<?xml version="1.0" encoding="UTF-8"?>
<!DOCTYPE html PUBLIC "-//W3C//DTD XHTML 1.0 Transitional//EN"
    "http://www.w3.org/TR/xhtml1/DTD/xhtml1-transitional.dtd">
<html xmlns="http://www.w3.org/1999/xhtml" xml:lang="en" lang="en">
 <head>
  <title>
</title>
<meta http-equiv="Content-Type" content="text/html;charset=utf-8" />
  <meta name='ocr-system' content='tesseract 3.04.00' />
  <meta name='ocr-capabilities' content='ocr_page ocr_carea ocr_par ocr_line ocrx_word'/>
</head>
<body>
  <div class='ocr_page' id='page_1' title='image "./fderaconventione01ryme_0301.png"; bbox 0 0 2570 4261; ppageno 0'>
   <div class='ocr_carea' id='block_1_1' title="bbox 0 265 137 418">
    <p class='ocr_par' dir='ltr' id='par_1_1' title="bbox 0 265 137 418">
     <span class='ocr_line' id='line_1_1' title="bbox 0 265 135 300; baseline -0.015 0"><span class='ocrx_word' id='word_1_1' title='bbox 0 269 78 300; x_wconf 73' lang='lat' dir='ltr'>Arm.</span> <span class='ocrx_word' id='word_1_2' title='bbox 93 265 135 298; x_wconf 89' lang='lat' dir='ltr'>D-</span> 
     </span>
     <span class='ocr_line' id='line_1_2' title="bbox 4 314 87 346; baseline -0.012 -8"><span class='ocrx_word' id='word_1_3' title='bbox 4 314 87 346; x_wconf 83' lang='lat'>1257-</span> 
     </span>
     <span class='ocr_line' id='line_1_3' title="bbox 0 352 106 381; baseline -0.028 -6"><span class='ocrx_word' id='word_1_4' title='bbox 0 352 64 375; x_wconf 72' lang='lat' dir='ltr'>Heri.</span> <span class='ocrx_word' id='word_1_5' title='bbox 80 354 106 381; x_wconf 82' lang='lat'>3-</span> 
     </span>
     <span class='ocr_line' id='line_1_4' title="bbox 0 385 137 418; baseline -0.022 -5"><span class='ocrx_word' id='word_1_6' title='bbox 0 390 19 408; x_wconf 67' lang='lat'>⁴*</span> <span class='ocrx_word' id='word_1_7' title='bbox 34 386 59 413; x_wconf 85' lang='lat'>1.</span> <span class='ocrx_word' id='word_1_8' title='bbox 73 385 137 418; x_wconf 72' lang='lat'>647.</span> 
     </span>
    </p>
   </div>
   <div class='ocr_carea' id='block_1_2' title="bbox 27 2442 164 2674">
    <p class='ocr_par' dir='ltr' id='par_1_2' title="bbox 30 2442 164 2626">
     <span class='ocr_line' id='line_1_5' title="bbox 30 2442 164 2478; baseline 0 -5"><span class='ocrx_word' id='word_1_9' title='bbox 30 2445 108 2478; x_wconf 83' lang='lat' dir='ltr'>Ann.</span> <span class='ocrx_word' id='word_1_10' title='bbox 122 2442 164 2474; x_wconf 92' lang='lat' dir='ltr'>D.</span> 
     </span>
     <span class='ocr_line' id='line_1_6' title="bbox 52 2491 135 2521; baseline 0 -9"><span class='ocrx_word' id='word_1_11' title='bbox 52 2491 135 2521; x_wconf 89' lang='lat'>1257.</span> 
     </span>
     <span class='ocr_line' id='line_1_7' title="bbox 32 2525 150 2557; baseline 0 -8"><span class='ocrx_word' id='word_1_12' title='bbox 32 2525 85 2551; x_wconf 75' lang='lat' dir='ltr'>Aa.</span> <span class='ocrx_word' id='word_1_13' title='bbox 103 2531 150 2557; x_wconf 88' lang='lat'>42.</span> 
     </span>
     <span class='ocr_line' id='line_1_8' title="bbox 33 2565 115 2597; baseline 0.024 -10"><span class='ocrx_word' id='word_1_14' title='bbox 33 2565 69 2588; x_wconf 82' lang='lat' dir='ltr'>H.</span> <span class='ocrx_word' id='word_1_15' title='bbox 91 2569 115 2597; x_wconf 82' lang='lat'>3.</span> 
     </span>
     <span class='ocr_line' id='line_1_9' title="bbox 33 2601 146 2626; baseline -0.009 0"><span class='ocrx_word' id='word_1_16' title='bbox 33 2603 75 2626; x_wconf 82' lang='lat' dir='ltr'>Ex</span> <span class='ocrx_word' id='word_1_17' title='bbox 88 2601 116 2625; x_wconf 89' lang='lat' dir='ltr'><em>A</em></span> <span class='ocrx_word' id='word_1_18' title='bbox 134 2614 146 2620; x_wconf 96' lang='lat'>-</span> 
     </span>
    </p>

    <p class='ocr_par' dir='ltr' id='par_1_3' title="bbox 27 2643 96 2674">
     <span class='ocr_line' id='line_1_10' title="bbox 27 2643 96 2674; baseline -0.014 -8"><span class='ocrx_word' id='word_1_19' title='bbox 27 2643 96 2674; x_wconf 57' lang='lat' dir='ltr'>frog.</span> 
     </span>
    </p>
   </div>
   <div class='ocr_carea' id='block_1_3' title="bbox 43 3135 183 3174">
    <p class='ocr_par' dir='ltr' id='par_1_4' title="bbox 43 3135 183 3174">
     <span class='ocr_line' id='line_1_11' title="bbox 43 3135 183 3174; baseline 0.036 -12"><span class='ocrx_word' id='word_1_20' title='bbox 43 3143 60 3162; x_wconf 63' lang='grc' dir='ltr'><strong>ι</strong></span> <span class='ocrx_word' id='word_1_21' title='bbox 77 3139 101 3167; x_wconf 89' lang='lat'>1.</span> <span class='ocrx_word' id='word_1_22' title='bbox 117 3135 183 3174; x_wconf 85' lang='lat'>648.</span> 
     </span>
    </p>
   </div>
   <div class='ocr_carea' id='block_1_4' title="bbox 747 156 1205 199">
    <p class='ocr_par' dir='ltr' id='par_1_5' title="bbox 747 156 1205 199">
     <span class='ocr_line' id='line_1_12' title="bbox 747 156 1205 199; baseline 0.007 -3"><span class='ocrx_word' id='word_1_23' title='bbox 747 156 857 196; x_wconf 88' lang='lat' dir='ltr'>ET</span> <span class='ocrx_word' id='word_1_24' title='bbox 938 158 1205 199; x_wconf 85' lang='lat' dir='ltr'>ACTA</span> 
     </span>
    </p>
   </div>
   <div class='ocr_carea' id='block_1_5' title="bbox 148 239 1244 1968">
    <p class='ocr_par' dir='ltr' id='par_1_6' title="bbox 148 239 1211 325">
     <span class='ocr_line' id='line_1_13' title="bbox 148 239 1211 284; baseline 0.003 -12"><span class='ocrx_word' id='word_1_25' title='bbox 148 240 252 272; x_wconf 33' lang='lat' dir='ltr'>*benter</span> <span class='ocrx_word' id='word_1_26' title='bbox 264 240 385 272; x_wconf 87' lang='lat' dir='ltr'>honoras</span> <span class='ocrx_word' id='word_1_27' title='bbox 399 240 569 280; x_wconf 83' lang='lat' dir='ltr'>Ecclesiam,</span> <span class='ocrx_word' id='word_1_28' title='bbox 588 240 608 262; x_wconf 52' lang='grc' dir='ltr'>ἦ*</span> <span class='ocrx_word' id='word_1_29' title='bbox 622 240 656 273; x_wconf 87' lang='lat'>&amp;</span> <span class='ocrx_word' id='word_1_30' title='bbox 670 239 795 278; x_wconf 83' lang='lat' dir='ltr'>personas</span> <span class='ocrx_word' id='word_1_31' title='bbox 808 241 858 279; x_wconf 86' lang='lat' dir='ltr'>ipfi</span> <span class='ocrx_word' id='word_1_32' title='bbox 871 241 984 274; x_wconf 88' lang='lat' dir='ltr'>devotas</span> <span class='ocrx_word' id='word_1_33' title='bbox 999 243 1117 284; x_wconf 83' lang='lat' dir='ltr'>gratioso</span> <span class='ocrx_word' id='word_1_34' title='bbox 1132 243 1211 275; x_wconf 83' lang='lat' dir='ltr'>favo-</span> 
     </span>
     <span class='ocr_line' id='line_1_14' title="bbox 153 279 1196 325; baseline -0.001 -15"><span class='ocrx_word' id='word_1_35' title='bbox 153 291 183 311; x_wconf 87' lang='lat' dir='ltr'>re</span> <span class='ocrx_word' id='word_1_36' title='bbox 197 280 382 320; x_wconf 83' lang='lat' dir='ltr'>prosequeris,</span> <span class='ocrx_word' id='word_1_37' title='bbox 399 281 433 311; x_wconf 86' lang='lat'>&amp;</span> <span class='ocrx_word' id='word_1_38' title='bbox 447 280 572 311; x_wconf 86' lang='lat' dir='ltr'>laudibus</span> <span class='ocrx_word' id='word_1_39' title='bbox 585 280 710 311; x_wconf 81' lang='lat' dir='ltr'>attollere</span> <span class='ocrx_word' id='word_1_40' title='bbox 721 279 872 322; x_wconf 55' lang='lat' dir='ltr'>deleritaris.</span> <span class='ocrx_word' id='word_1_41' title='bbox 1192 321 1196 325; x_wconf 37' lang='grc' dir='ltr'>Ι</span> 
     </span>
    </p>

    <p class='ocr_par' dir='ltr' id='par_1_7' title="bbox 152 317 1223 1039">
     <span class='ocr_line' id='line_1_15' title="bbox 194 317 1213 358; baseline 0.001 -9"><span class='ocrx_word' id='word_1_42' title='bbox 194 319 283 357; x_wconf 89' lang='lat' dir='ltr'>Sane,</span> <span class='ocrx_word' id='word_1_43' title='bbox 302 319 372 349; x_wconf 90' lang='lat' dir='ltr'>inter</span> <span class='ocrx_word' id='word_1_44' title='bbox 385 320 452 349; x_wconf 84' lang='lat' dir='ltr'>alios</span> <span class='ocrx_word' id='word_1_45' title='bbox 466 319 588 349; x_wconf 84' lang='lat' dir='ltr'>Nobiles</span> <span class='ocrx_word' id='word_1_46' title='bbox 604 318 698 358; x_wconf 85' lang='lat' dir='ltr'>Regni</span> <span class='ocrx_word' id='word_1_47' title='bbox 712 317 831 356; x_wconf 82' lang='lat' dir='ltr'>Siciliae,</span> <span class='ocrx_word' id='word_1_48' title='bbox 848 317 963 349; x_wconf 61' lang='lat' dir='ltr'>dilectus</span> <span class='ocrx_word' id='word_1_49' title='bbox 976 319 1046 350; x_wconf 88' lang='lat' dir='ltr'>filius</span> <span class='ocrx_word' id='word_1_50' title='bbox 1059 320 1159 351; x_wconf 92' lang='lat' dir='ltr'>nobilis</span> <span class='ocrx_word' id='word_1_51' title='bbox 1169 330 1213 350; x_wconf 88' lang='lat' dir='ltr'>vir</span> 
     </span>
     <span class='ocr_line' id='line_1_16' title="bbox 156 355 1215 400; baseline 0.001 -13"><span class='ocrx_word' id='word_1_52' title='bbox 156 356 297 400; x_wconf 81' lang='lat' dir='ltr'>Rogeiius</span> <span class='ocrx_word' id='word_1_53' title='bbox 313 357 336 386; x_wconf 91' lang='lat' dir='ltr'>F</span> <span class='ocrx_word' id='word_1_54' title='bbox 337 358 427 387; x_wconf 89' lang='lat' dir='ltr'>iinetti</span> <span class='ocrx_word' id='word_1_55' title='bbox 442 357 477 386; x_wconf 92' lang='lat' dir='ltr'>de</span> <span class='ocrx_word' id='word_1_56' title='bbox 492 356 616 387; x_wconf 81' lang='lat' dir='ltr'>Lentino</span> <span class='ocrx_word' id='word_1_57' title='bbox 649 356 731 386; x_wconf 90' lang='lat' dir='ltr'>nobis</span> <span class='ocrx_word' id='word_1_58' title='bbox 745 356 779 386; x_wconf 88' lang='lat'>&amp;</span> <span class='ocrx_word' id='word_1_59' title='bbox 795 355 928 387; x_wconf 83' lang='lat' dir='ltr'>Ecclesiae</span> <span class='ocrx_word' id='word_1_60' title='bbox 943 358 1085 389; x_wconf 82' lang='lat' dir='ltr'>Romanae</span> <span class='ocrx_word' id='word_1_61' title='bbox 1096 359 1215 390; x_wconf 92' lang='lat' dir='ltr'>devotus</span> 
     </span>
     <span class='ocr_line' id='line_1_17' title="bbox 155 380 1214 437; baseline 0 -11"><span class='ocrx_word' id='word_1_62' title='bbox 155 399 230 435; x_wconf 68' lang='lat' dir='ltr'>quali</span> <span class='ocrx_word' id='word_1_63' title='bbox 244 395 397 434; x_wconf 79' lang='lat' dir='ltr'>singularis,</span> <span class='ocrx_word' id='word_1_64' title='bbox 416 395 450 425; x_wconf 90' lang='lat' dir='ltr'>ad</span> <span class='ocrx_word' id='word_1_65' title='bbox 463 392 592 433; x_wconf 88' lang='lat' dir='ltr'>obsequia</span> <span class='ocrx_word' id='word_1_66' title='bbox 608 380 675 426; x_wconf 65' lang='lat' dir='ltr'>sedis</span> <span class='ocrx_word' id='word_1_67' title='bbox 695 394 869 437; x_wconf 60' lang='lat' dir='ltr'>Apostolicge</span> <span class='ocrx_word' id='word_1_68' title='bbox 882 396 1000 426; x_wconf 87' lang='lat' dir='ltr'>totaliter</span> <span class='ocrx_word' id='word_1_69' title='bbox 1018 397 1044 427; x_wconf 88' lang='lat' dir='ltr'>se</span> <span class='ocrx_word' id='word_1_70' title='bbox 1057 406 1214 434; x_wconf 75' lang='lat' dir='ltr'>exponens,</span> 
     </span>
     <span class='ocr_line' id='line_1_18' title="bbox 154 432 1215 474; baseline 0 -10"><span class='ocrx_word' id='word_1_71' title='bbox 154 444 209 474; x_wconf 88' lang='lat' dir='ltr'>pro</span> <span class='ocrx_word' id='word_1_72' title='bbox 222 443 254 464; x_wconf 76' lang='lat' dir='ltr'>ea</span> <span class='ocrx_word' id='word_1_73' title='bbox 264 432 443 471; x_wconf 88' lang='lat' dir='ltr'>expensarum</span> <span class='ocrx_word' id='word_1_74' title='bbox 458 432 547 462; x_wconf 90' lang='lat' dir='ltr'>subire</span> <span class='ocrx_word' id='word_1_75' title='bbox 560 442 645 463; x_wconf 89' lang='lat' dir='ltr'>onera</span> <span class='ocrx_word' id='word_1_76' title='bbox 657 456 666 470; x_wconf 89' lang='lat'>,</span> <span class='ocrx_word' id='word_1_77' title='bbox 691 432 875 470; x_wconf 79' lang='lat' dir='ltr'>dispendioios</span> <span class='ocrx_word' id='word_1_78' title='bbox 893 434 999 464; x_wconf 88' lang='lat' dir='ltr'>labores</span> <span class='ocrx_word' id='word_1_79' title='bbox 1011 458 1019 473; x_wconf 86' lang='lat'>,</span> <span class='ocrx_word' id='word_1_80' title='bbox 1040 437 1074 466; x_wconf 90' lang='lat'>&amp;</span> <span class='ocrx_word' id='word_1_81' title='bbox 1090 435 1215 473; x_wconf 80' lang='lat' dir='ltr'>personce</span> 
     </span>
     <span class='ocr_line' id='line_1_19' title="bbox 153 470 1214 510; baseline 0 -7"><span class='ocrx_word' id='word_1_82' title='bbox 153 472 273 510; x_wconf 85' lang='lat' dir='ltr'>pericula</span> <span class='ocrx_word' id='word_1_83' title='bbox 293 470 413 500; x_wconf 85' lang='lat' dir='ltr'>minime</span> <span class='ocrx_word' id='word_1_84' title='bbox 431 470 616 507; x_wconf 71' lang='lat' dir='ltr'>formidavit,</span> <span class='ocrx_word' id='word_1_85' title='bbox 640 473 674 502; x_wconf 91' lang='lat'>&amp;</span> <span class='ocrx_word' id='word_1_86' title='bbox 693 471 783 509; x_wconf 90' lang='lat' dir='ltr'>ipsum</span> <span class='ocrx_word' id='word_1_87' title='bbox 806 480 822 500; x_wconf 89' lang='lat' dir='ltr'>a</span> <span class='ocrx_word' id='word_1_88' title='bbox 839 471 990 503; x_wconf 88' lang='lat' dir='ltr'>devotione</span> <span class='ocrx_word' id='word_1_89' title='bbox 1012 473 1079 503; x_wconf 88' lang='lat' dir='ltr'>sedis</span> <span class='ocrx_word' id='word_1_90' title='bbox 1094 473 1214 510; x_wconf 86' lang='lat' dir='ltr'>ejusdem</span> 
     </span>
     <span class='ocr_line' id='line_1_20' title="bbox 152 508 1213 550; baseline 0 -8"><span class='ocrx_word' id='word_1_91' title='bbox 152 519 207 542; x_wconf 92' lang='lat' dir='ltr'>nec</span> <span class='ocrx_word' id='word_1_92' title='bbox 222 509 425 548; x_wconf 71' lang='lat' dir='ltr'>tribulationes,</span> <span class='ocrx_word' id='word_1_93' title='bbox 440 519 494 540; x_wconf 92' lang='lat' dir='ltr'>nec</span> <span class='ocrx_word' id='word_1_94' title='bbox 509 508 661 548; x_wconf 78' lang='lat' dir='ltr'>angustiae,</span> <span class='ocrx_word' id='word_1_95' title='bbox 679 518 771 547; x_wconf 86' lang='lat' dir='ltr'>neque</span> <span class='ocrx_word' id='word_1_96' title='bbox 781 509 984 548; x_wconf 82' lang='lat' dir='ltr'>persecutiones</span> <span class='ocrx_word' id='word_1_97' title='bbox 996 512 1095 550; x_wconf 84' lang='lat' dir='ltr'>aliquae</span> <span class='ocrx_word' id='word_1_98' title='bbox 1107 520 1213 543; x_wconf 88' lang='lat' dir='ltr'>averte-</span> 
     </span>
     <span class='ocr_line' id='line_1_21' title="bbox 155 555 365 578; baseline -0.01 0"><span class='ocrx_word' id='word_1_99' title='bbox 155 555 157 557; x_wconf 83' lang='grc'><strong>’</strong></span> <span class='ocrx_word' id='word_1_100' title='bbox 218 555 365 578; x_wconf 89' lang='lat' dir='ltr'>otuerunt·</span> 
     </span>
     <span class='ocr_line' id='line_1_22' title="bbox 154 559 1214 624; baseline 0.003 -8"><span class='ocrx_word' id='word_1_101' title='bbox 154 559 185 581; x_wconf 65' lang='lat' dir='ltr'>re</span> <span class='ocrx_word' id='word_1_102' title='bbox 212 587 271 616; x_wconf 92' lang='lat' dir='ltr'>icut</span> <span class='ocrx_word' id='word_1_103' title='bbox 284 571 369 615; x_wconf 81' lang='lat' dir='ltr'>enim⁷</span> <span class='ocrx_word' id='word_1_104' title='bbox 376 585 510 624; x_wconf 86' lang='lat' dir='ltr'>probatur</span> <span class='ocrx_word' id='word_1_105' title='bbox 522 595 620 615; x_wconf 88' lang='lat' dir='ltr'>aurum</span> <span class='ocrx_word' id='word_1_106' title='bbox 633 587 663 616; x_wconf 92' lang='lat' dir='ltr'>in</span> <span class='ocrx_word' id='word_1_107' title='bbox 680 585 793 616; x_wconf 88' lang='lat' dir='ltr'>fornace</span> <span class='ocrx_word' id='word_1_108' title='bbox 807 610 817 624; x_wconf 83' lang='lat'>,</span> <span class='ocrx_word' id='word_1_109' title='bbox 837 586 874 617; x_wconf 82' lang='lat' dir='ltr'>sic</span> <span class='ocrx_word' id='word_1_110' title='bbox 893 588 922 617; x_wconf 92' lang='lat' dir='ltr'>in</span> <span class='ocrx_word' id='word_1_111' title='bbox 940 588 1151 618; x_wconf 85' lang='lat' dir='ltr'>tribulationum</span> <span class='ocrx_word' id='word_1_112' title='bbox 1167 598 1214 619; x_wconf 85' lang='lat' dir='ltr'>ca-</span> 
     </span>
     <span class='ocr_line' id='line_1_23' title="bbox 154 623 1213 663; baseline 0.002 -8"><span class='ocrx_word' id='word_1_113' title='bbox 154 625 252 661; x_wconf 81' lang='lat' dir='ltr'>mino,</span> <span class='ocrx_word' id='word_1_114' title='bbox 268 625 344 654; x_wconf 88' lang='lat' dir='ltr'>circa</span> <span class='ocrx_word' id='word_1_115' title='bbox 355 624 466 663; x_wconf 88' lang='lat' dir='ltr'>negotia</span> <span class='ocrx_word' id='word_1_116' title='bbox 484 623 570 654; x_wconf 69' lang='lat' dir='ltr'>dietae</span> <span class='ocrx_word' id='word_1_117' title='bbox 588 623 656 653; x_wconf 88' lang='lat' dir='ltr'>sedis</span> <span class='ocrx_word' id='word_1_118' title='bbox 670 624 699 653; x_wconf 87' lang='lat' dir='ltr'>in</span> <span class='ocrx_word' id='word_1_119' title='bbox 714 623 808 655; x_wconf 69' lang='lat' dir='ltr'>Sicilia</span> <span class='ocrx_word' id='word_1_120' title='bbox 821 648 830 663; x_wconf 83' lang='lat'>,</span> <span class='ocrx_word' id='word_1_121' title='bbox 855 625 977 663; x_wconf 78' lang='lat' dir='ltr'>ejusdem</span> <span class='ocrx_word' id='word_1_122' title='bbox 995 627 1095 656; x_wconf 82' lang='lat' dir='ltr'>nobilis</span> <span class='ocrx_word' id='word_1_123' title='bbox 1112 627 1213 657; x_wconf 86' lang='lat' dir='ltr'>devota</span> 
     </span>
     <span class='ocr_line' id='line_1_24' title="bbox 153 661 1214 702; baseline 0.001 -7"><span class='ocrx_word' id='word_1_124' title='bbox 153 664 292 695; x_wconf 81' lang='lat' dir='ltr'>sinceritas</span> <span class='ocrx_word' id='word_1_125' title='bbox 306 664 339 693; x_wconf 70' lang='grc' dir='ltr'>ὅς</span> <span class='ocrx_word' id='word_1_126' title='bbox 352 661 437 692; x_wconf 88' lang='lat' dir='ltr'>fidelis</span> <span class='ocrx_word' id='word_1_127' title='bbox 452 661 567 692; x_wconf 90' lang='lat' dir='ltr'>devotio</span> <span class='ocrx_word' id='word_1_128' title='bbox 581 661 622 691; x_wconf 90' lang='lat' dir='ltr'>est</span> <span class='ocrx_word' id='word_1_129' title='bbox 641 662 756 702; x_wconf 77' lang='lat' dir='ltr'>probata</span> <span class='ocrx_word' id='word_1_130' title='bbox 769 673 775 691; x_wconf 82' lang='lat' dir='ltr'>z</span> <span class='ocrx_word' id='word_1_131' title='bbox 801 662 886 700; x_wconf 86' lang='lat' dir='ltr'>Ipsius</span> <span class='ocrx_word' id='word_1_132' title='bbox 900 665 983 694; x_wconf 82' lang='lat' dir='ltr'>etiam</span> <span class='ocrx_word' id='word_1_133' title='bbox 999 665 1069 695; x_wconf 87' lang='lat' dir='ltr'>clara</span> <span class='ocrx_word' id='word_1_134' title='bbox 1084 675 1169 702; x_wconf 86' lang='lat' dir='ltr'>opera</span> <span class='ocrx_word' id='word_1_135' title='bbox 1186 676 1214 695; x_wconf 82' lang='lat' dir='ltr'>a-</span> 
     </span>
     <span class='ocr_line' id='line_1_25' title="bbox 154 699 1214 742; baseline 0.001 -10"><span class='ocrx_word' id='word_1_136' title='bbox 154 702 211 732; x_wconf 92' lang='lat' dir='ltr'>deo</span> <span class='ocrx_word' id='word_1_137' title='bbox 225 701 397 737; x_wconf 91' lang='lat' dir='ltr'>claruerunt,</span> <span class='ocrx_word' id='word_1_138' title='bbox 416 699 494 737; x_wconf 85' lang='lat' dir='ltr'>quod</span> <span class='ocrx_word' id='word_1_139' title='bbox 508 699 584 730; x_wconf 90' lang='lat' dir='ltr'>idem</span> <span class='ocrx_word' id='word_1_140' title='bbox 597 709 703 737; x_wconf 83' lang='lat' dir='ltr'>partem</span> <span class='ocrx_word' id='word_1_141' title='bbox 716 700 886 732; x_wconf 90' lang='lat' dir='ltr'>devotorum</span> <span class='ocrx_word' id='word_1_142' title='bbox 899 703 984 732; x_wconf 69' lang='lat' dir='ltr'>diftce</span> <span class='ocrx_word' id='word_1_143' title='bbox 999 703 1066 733; x_wconf 83' lang='lat' dir='ltr'>sedis</span> <span class='ocrx_word' id='word_1_144' title='bbox 1080 705 1088 737; x_wconf 60' lang='grc' dir='ltr'>ἴ</span> <span class='ocrx_word' id='word_1_145' title='bbox 1091 713 1214 742; x_wconf 90' lang='lat' dir='ltr'>quorum</span> 
     </span>
     <span class='ocr_line' id='line_1_26' title="bbox 156 738 1218 781; baseline 0 -10"><span class='ocrx_word' id='word_1_146' title='bbox 156 748 240 781; x_wconf 87' lang='lat' dir='ltr'>caput</span> <span class='ocrx_word' id='word_1_147' title='bbox 253 740 287 771; x_wconf 72' lang='grc' dir='ltr'>δε</span> <span class='ocrx_word' id='word_1_148' title='bbox 306 740 461 776; x_wconf 84' lang='lat' dir='ltr'>capitaneus</span> <span class='ocrx_word' id='word_1_149' title='bbox 479 738 546 775; x_wconf 89' lang='lat' dir='ltr'>erat)</span> <span class='ocrx_word' id='word_1_150' title='bbox 569 748 667 768; x_wconf 87' lang='lat' dir='ltr'>contra</span> <span class='ocrx_word' id='word_1_151' title='bbox 685 740 740 776; x_wconf 89' lang='lat' dir='ltr'>ejus</span> <span class='ocrx_word' id='word_1_152' title='bbox 759 739 922 770; x_wconf 85' lang='lat' dir='ltr'>adversarios</span> <span class='ocrx_word' id='word_1_153' title='bbox 940 742 972 771; x_wconf 83' lang='lat'>&amp;</span> <span class='ocrx_word' id='word_1_154' title='bbox 993 741 1104 771; x_wconf 74' lang='lat' dir='ltr'><strong>rebelles</strong></span> <span class='ocrx_word' id='word_1_155' title='bbox 1122 743 1151 770; x_wconf 91' lang='lat' dir='ltr'>in</span> <span class='ocrx_word' id='word_1_156' title='bbox 1170 751 1218 771; x_wconf 83' lang='lat' dir='ltr'>ex-</span> 
     </span>
     <span class='ocr_line' id='line_1_27' title="bbox 156 776 1217 818; baseline 0 -9"><span class='ocrx_word' id='word_1_157' title='bbox 156 778 246 817; x_wconf 86' lang='lat' dir='ltr'>pensis</span> <span class='ocrx_word' id='word_1_158' title='bbox 259 778 390 817; x_wconf 79' lang='lat' dir='ltr'>propriis,</span> <span class='ocrx_word' id='word_1_159' title='bbox 405 777 484 814; x_wconf 78' lang='lat' dir='ltr'>juxta</span> <span class='ocrx_word' id='word_1_160' title='bbox 497 776 596 815; x_wconf 76' lang='lat' dir='ltr'>polse,</span> <span class='ocrx_word' id='word_1_161' title='bbox 621 786 681 806; x_wconf 92' lang='lat' dir='ltr'>non</span> <span class='ocrx_word' id='word_1_162' title='bbox 697 777 753 808; x_wconf 83' lang='lat' dir='ltr'>sine</span> <span class='ocrx_word' id='word_1_163' title='bbox 773 778 928 809; x_wconf 88' lang='lat' dir='ltr'>multorum</span> <span class='ocrx_word' id='word_1_164' title='bbox 947 779 1217 818; x_wconf 80' lang='lat' dir='ltr'>conianguineorum</span> 
     </span>
     <span class='ocr_line' id='line_1_28' title="bbox 158 813 1219 855; baseline -0.001 -8"><span class='ocrx_word' id='word_1_165' title='bbox 158 817 272 848; x_wconf 90' lang='lat' dir='ltr'>suorum</span> <span class='ocrx_word' id='word_1_166' title='bbox 283 815 416 853; x_wconf 81' lang='lat' dir='ltr'>sanguinis</span> <span class='ocrx_word' id='word_1_167' title='bbox 433 813 568 845; x_wconf 74' lang='lat' dir='ltr'>effusione</span> <span class='ocrx_word' id='word_1_168' title='bbox 581 838 590 853; x_wconf 86' lang='lat'>,</span> <span class='ocrx_word' id='word_1_169' title='bbox 613 817 786 846; x_wconf 86' lang='lat' dir='ltr'>manutenuit</span> <span class='ocrx_word' id='word_1_170' title='bbox 805 816 839 847; x_wconf 62' lang='grc' dir='ltr'>ὃς</span> <span class='ocrx_word' id='word_1_171' title='bbox 856 815 1002 855; x_wconf 72' lang='lat' dir='ltr'>defendit,</span> <span class='ocrx_word' id='word_1_172' title='bbox 1026 827 1059 847; x_wconf 87' lang='lat' dir='ltr'>ac</span> <span class='ocrx_word' id='word_1_173' title='bbox 1077 816 1194 846; x_wconf 88' lang='lat' dir='ltr'>demum</span> <span class='ocrx_word' id='word_1_174' title='bbox 1209 840 1219 855; x_wconf 95' lang='lat'>,</span> 
     </span>
     <span class='ocr_line' id='line_1_29' title="bbox 159 852 1218 895; baseline -0.001 -10"><span class='ocrx_word' id='word_1_175' title='bbox 159 862 276 895; x_wconf 86' lang='lat' dir='ltr'>propter</span> <span class='ocrx_word' id='word_1_176' title='bbox 289 853 346 884; x_wconf 93' lang='lat' dir='ltr'>hoc</span> <span class='ocrx_word' id='word_1_177' title='bbox 358 852 440 883; x_wconf 85' lang='lat' dir='ltr'>bonis</span> <span class='ocrx_word' id='word_1_178' title='bbox 453 853 586 883; x_wconf 84' lang='lat' dir='ltr'>omnibus</span> <span class='ocrx_word' id='word_1_179' title='bbox 599 853 742 884; x_wconf 84' lang='lat' dir='ltr'>destitutus</span> <span class='ocrx_word' id='word_1_180' title='bbox 755 877 764 892; x_wconf 82' lang='lat'>,</span> <span class='ocrx_word' id='word_1_181' title='bbox 787 863 861 884; x_wconf 79' lang='lat' dir='ltr'>extra</span> <span class='ocrx_word' id='word_1_182' title='bbox 878 855 967 886; x_wconf 90' lang='lat' dir='ltr'>solum</span> <span class='ocrx_word' id='word_1_183' title='bbox 981 856 1126 893; x_wconf 88' lang='lat' dir='ltr'>proprium</span> <span class='ocrx_word' id='word_1_184' title='bbox 1139 856 1218 893; x_wconf 82' lang='lat' dir='ltr'>cogi-</span> 
     </span>
     <span class='ocr_line' id='line_1_30' title="bbox 159 891 1221 932; baseline -0.001 -9"><span class='ocrx_word' id='word_1_185' title='bbox 159 902 205 923; x_wconf 87' lang='lat' dir='ltr'>tur</span> <span class='ocrx_word' id='word_1_186' title='bbox 218 891 343 929; x_wconf 73' lang='lat' dir='ltr'>exulare,</span> <span class='ocrx_word' id='word_1_187' title='bbox 362 901 430 922; x_wconf 90' lang='lat' dir='ltr'>cum</span> <span class='ocrx_word' id='word_1_188' title='bbox 445 891 494 922; x_wconf 85' lang='lat' dir='ltr'>suis</span> <span class='ocrx_word' id='word_1_189' title='bbox 510 892 612 930; x_wconf 87' lang='lat' dir='ltr'>eligens</span> <span class='ocrx_word' id='word_1_190' title='bbox 624 902 654 921; x_wconf 91' lang='lat' dir='ltr'>m</span> <span class='ocrx_word' id='word_1_191' title='bbox 671 893 711 922; x_wconf 78' lang='lat' dir='ltr'>ois</span> <span class='ocrx_word' id='word_1_192' title='bbox 725 893 874 923; x_wconf 72' lang='lat' dir='ltr'>acerbitate</span> <span class='ocrx_word' id='word_1_193' title='bbox 889 916 899 932; x_wconf 82' lang='lat'>,</span> <span class='ocrx_word' id='word_1_194' title='bbox 922 904 974 931; x_wconf 87' lang='lat' dir='ltr'>pro</span> <span class='ocrx_word' id='word_1_195' title='bbox 994 893 1048 923; x_wconf 87' lang='lat' dir='ltr'>fide</span> <span class='ocrx_word' id='word_1_196' title='bbox 1070 893 1221 930; x_wconf 71' lang='lat' dir='ltr'>Ecclesiae,</span> 
     </span>
     <span class='ocr_line' id='line_1_31' title="bbox 157 930 1222 974; baseline 0 -13"><span class='ocrx_word' id='word_1_197' title='bbox 157 931 306 969; x_wconf 80' lang='lat' dir='ltr'>exasperari</span> <span class='ocrx_word' id='word_1_198' title='bbox 318 930 411 968; x_wconf 82' lang='lat' dir='ltr'>exilii,</span> <span class='ocrx_word' id='word_1_199' title='bbox 427 930 513 969; x_wconf 74' lang='lat' dir='ltr'>quam</span> <span class='ocrx_word' id='word_1_200' title='bbox 534 930 628 960; x_wconf 81' lang='lat' dir='ltr'>natalis</span> <span class='ocrx_word' id='word_1_201' title='bbox 643 930 672 960; x_wconf 92' lang='lat' dir='ltr'>so</span> <span class='ocrx_word' id='word_1_202' title='bbox 685 932 689 936; x_wconf 94' lang='lat'>&#39;</span> <span class='ocrx_word' id='word_1_203' title='bbox 705 953 714 969; x_wconf 89' lang='lat'>,</span> <span class='ocrx_word' id='word_1_204' title='bbox 740 941 808 961; x_wconf 88' lang='lat' dir='ltr'>cum</span> <span class='ocrx_word' id='word_1_205' title='bbox 820 932 875 968; x_wconf 89' lang='lat' dir='ltr'>ejus</span> <span class='ocrx_word' id='word_1_206' title='bbox 892 931 1055 969; x_wconf 84' lang='lat' dir='ltr'>rebellibus,</span> <span class='ocrx_word' id='word_1_207' title='bbox 1072 930 1222 974; x_wconf 74' lang='lat' dir='ltr'>dulcedine</span> 
     </span>
     <span class='ocr_line' id='line_1_32' title="bbox 158 968 1223 1009; baseline -0.002 -8"><span class='ocrx_word' id='word_1_208' title='bbox 158 969 330 1001; x_wconf 84' lang='lat' dir='ltr'>demulceri:</span> <span class='ocrx_word' id='word_1_209' title='bbox 350 979 382 999; x_wconf 92' lang='lat' dir='ltr'>ac</span> <span class='ocrx_word' id='word_1_210' title='bbox 395 968 541 1006; x_wconf 82' lang='lat' dir='ltr'>inexpertis</span> <span class='ocrx_word' id='word_1_211' title='bbox 554 969 645 1006; x_wconf 86' lang='lat' dir='ltr'>potius</span> <span class='ocrx_word' id='word_1_212' title='bbox 658 969 818 1000; x_wconf 86' lang='lat' dir='ltr'>incomodis</span> <span class='ocrx_word' id='word_1_213' title='bbox 830 969 921 1008; x_wconf 85' lang='lat' dir='ltr'>affici,</span> <span class='ocrx_word' id='word_1_214' title='bbox 937 971 1021 1009; x_wconf 75' lang='lat' dir='ltr'>quam</span> <span class='ocrx_word' id='word_1_215' title='bbox 1035 969 1164 1000; x_wconf 82' lang='lat' dir='ltr'>comodis</span> <span class='ocrx_word' id='word_1_216' title='bbox 1179 979 1223 999; x_wconf 91' lang='lat' dir='ltr'>re-</span> 
     </span>
     <span class='ocr_line' id='line_1_33' title="bbox 159 1007 364 1039; baseline -0.005 -1"><span class='ocrx_word' id='word_1_217' title='bbox 159 1008 206 1039; x_wconf 87' lang='lat' dir='ltr'>fici</span> <span class='ocrx_word' id='word_1_218' title='bbox 220 1007 364 1038; x_wconf 72' lang='lat' dir='ltr'>consuens.</span> 
     </span>
    </p>

    <p class='ocr_par' dir='ltr' id='par_1_8' title="bbox 158 1045 1228 1200">
     <span class='ocr_line' id='line_1_34' title="bbox 196 1045 1224 1087; baseline 0 -11"><span class='ocrx_word' id='word_1_219' title='bbox 196 1046 295 1085; x_wconf 79' lang='lat' dir='ltr'>Digne</span> <span class='ocrx_word' id='word_1_220' title='bbox 312 1047 395 1086; x_wconf 89' lang='lat' dir='ltr'>igitur</span> <span class='ocrx_word' id='word_1_221' title='bbox 413 1055 464 1085; x_wconf 89' lang='lat' dir='ltr'>pro</span> <span class='ocrx_word' id='word_1_222' title='bbox 483 1045 542 1086; x_wconf 88' lang='lat' dir='ltr'>ipso</span> <span class='ocrx_word' id='word_1_223' title='bbox 556 1069 565 1084; x_wconf 93' lang='lat'>,</span> <span class='ocrx_word' id='word_1_224' title='bbox 591 1046 626 1077; x_wconf 92' lang='lat' dir='ltr'>de</span> <span class='ocrx_word' id='word_1_225' title='bbox 638 1047 727 1077; x_wconf 86' lang='lat' dir='ltr'>nobili</span> <span class='ocrx_word' id='word_1_226' title='bbox 741 1056 806 1077; x_wconf 91' lang='lat' dir='ltr'>orto</span> <span class='ocrx_word' id='word_1_227' title='bbox 825 1048 959 1087; x_wconf 88' lang='lat' dir='ltr'>progenie</span> <span class='ocrx_word' id='word_1_228' title='bbox 973 1069 983 1085; x_wconf 85' lang='lat'>‚</span> <span class='ocrx_word' id='word_1_229' title='bbox 1010 1055 1096 1084; x_wconf 88' lang='lat' dir='ltr'>quem</span> <span class='ocrx_word' id='word_1_230' title='bbox 1110 1046 1224 1077; x_wconf 86' lang='lat' dir='ltr'>decorat</span> 
     </span>
     <span class='ocr_line' id='line_1_35' title="bbox 161 1084 1226 1128; baseline -0.003 -12"><span class='ocrx_word' id='word_1_231' title='bbox 161 1085 289 1116; x_wconf 74' lang='lat' dir='ltr'>nobilitas</span> <span class='ocrx_word' id='word_1_232' title='bbox 305 1108 315 1123; x_wconf 93' lang='lat'>,</span> <span class='ocrx_word' id='word_1_233' title='bbox 343 1095 457 1115; x_wconf 87' lang='lat' dir='ltr'>morum</span> <span class='ocrx_word' id='word_1_234' title='bbox 478 1085 607 1125; x_wconf 81' lang='lat' dir='ltr'>praeclara</span> <span class='ocrx_word' id='word_1_235' title='bbox 626 1085 735 1125; x_wconf 75' lang='lat' dir='ltr'>insignit</span> <span class='ocrx_word' id='word_1_236' title='bbox 753 1085 865 1116; x_wconf 87' lang='lat' dir='ltr'>fidelitas</span> <span class='ocrx_word' id='word_1_237' title='bbox 880 1109 889 1124; x_wconf 92' lang='lat'>,</span> <span class='ocrx_word' id='word_1_238' title='bbox 915 1087 948 1116; x_wconf 70' lang='grc' dir='ltr'>ὅ(</span> <span class='ocrx_word' id='word_1_239' title='bbox 972 1084 1122 1123; x_wconf 85' lang='lat' dir='ltr'>magnifice</span> <span class='ocrx_word' id='word_1_240' title='bbox 1140 1094 1226 1128; x_wconf 80' lang='lat' dir='ltr'>opera</span> 
     </span>
     <span class='ocr_line' id='line_1_36' title="bbox 158 1121 1228 1163; baseline -0.001 -9"><span class='ocrx_word' id='word_1_241' title='bbox 158 1123 306 1162; x_wconf 72' lang='lat' dir='ltr'>probitatis</span> <span class='ocrx_word' id='word_1_242' title='bbox 319 1121 470 1161; x_wconf 84' lang='lat' dir='ltr'>extollunt,</span> <span class='ocrx_word' id='word_1_243' title='bbox 490 1121 652 1154; x_wconf 85' lang='lat' dir='ltr'>Celsitudini</span> <span class='ocrx_word' id='word_1_244' title='bbox 667 1132 724 1154; x_wconf 79' lang='lat' dir='ltr'>tuae</span> <span class='ocrx_word' id='word_1_245' title='bbox 746 1125 891 1162; x_wconf 71' lang='lat' dir='ltr'>possumus</span> <span class='ocrx_word' id='word_1_246' title='bbox 905 1124 939 1155; x_wconf 89' lang='lat'>&amp;</span> <span class='ocrx_word' id='word_1_247' title='bbox 952 1121 1086 1153; x_wconf 83' lang='lat' dir='ltr'>debemus</span> <span class='ocrx_word' id='word_1_248' title='bbox 1103 1132 1228 1163; x_wconf 83' lang='lat' dir='ltr'>porrige-</span> 
     </span>
     <span class='ocr_line' id='line_1_37' title="bbox 161 1161 427 1200; baseline -0.004 -8"><span class='ocrx_word' id='word_1_249' title='bbox 161 1172 192 1192; x_wconf 93' lang='lat' dir='ltr'>re</span> <span class='ocrx_word' id='word_1_250' title='bbox 203 1172 299 1200; x_wconf 87' lang='lat' dir='ltr'>preces</span> <span class='ocrx_word' id='word_1_251' title='bbox 312 1161 427 1192; x_wconf 87' lang='lat' dir='ltr'>nostras.</span> 
     </span>
    </p>

    <p class='ocr_par' dir='ltr' id='par_1_9' title="bbox 165 1199 1235 1510">
     <span class='ocr_line' id='line_1_38' title="bbox 201 1199 1229 1243; baseline -0.002 -12"><span class='ocrx_word' id='word_1_252' title='bbox 201 1201 350 1239; x_wconf 84' lang='lat' dir='ltr'>roirca</span> <span class='ocrx_word' id='word_1_253' title='bbox 362 1199 545 1231; x_wconf 88' lang='lat' dir='ltr'>Serenitatem</span> <span class='ocrx_word' id='word_1_254' title='bbox 560 1200 683 1240; x_wconf 81' lang='lat' dir='ltr'>Regiam</span> <span class='ocrx_word' id='word_1_255' title='bbox 697 1209 828 1240; x_wconf 87' lang='lat' dir='ltr'>rogamus</span> <span class='ocrx_word' id='word_1_256' title='bbox 843 1200 876 1231; x_wconf 74' lang='grc' dir='ltr'>δε</span> <span class='ocrx_word' id='word_1_257' title='bbox 891 1200 1034 1243; x_wconf 82' lang='lat' dir='ltr'>hortamur</span> <span class='ocrx_word' id='word_1_258' title='bbox 1046 1207 1149 1230; x_wconf 88' lang='lat' dir='ltr'>attente</span> <span class='ocrx_word' id='word_1_259' title='bbox 1161 1209 1229 1239; x_wconf 90' lang='lat' dir='ltr'>qua-</span> 
     </span>
     <span class='ocr_line' id='line_1_39' title="bbox 165 1236 1229 1279; baseline -0.002 -10"><span class='ocrx_word' id='word_1_260' title='bbox 165 1239 254 1277; x_wconf 81' lang='lat' dir='ltr'>tinus,</span> <span class='ocrx_word' id='word_1_261' title='bbox 274 1239 308 1269; x_wconf 90' lang='lat' dir='ltr'>ad</span> <span class='ocrx_word' id='word_1_262' title='bbox 322 1236 461 1276; x_wconf 79' lang='lat' dir='ltr'>praemissa</span> <span class='ocrx_word' id='word_1_263' title='bbox 474 1239 630 1279; x_wconf 71' lang='lat' dir='ltr'>respectum</span> <span class='ocrx_word' id='word_1_264' title='bbox 644 1238 936 1276; x_wconf 68' lang='lat' dir='ltr'>habens‚praedi&amp;um</span> <span class='ocrx_word' id='word_1_265' title='bbox 950 1238 1077 1268; x_wconf 90' lang='lat' dir='ltr'>nobilem</span> <span class='ocrx_word' id='word_1_266' title='bbox 1086 1261 1095 1276; x_wconf 81' lang='lat'>,</span> <span class='ocrx_word' id='word_1_267' title='bbox 1110 1238 1144 1268; x_wconf 89' lang='lat' dir='ltr'>ad</span> <span class='ocrx_word' id='word_1_268' title='bbox 1157 1248 1229 1277; x_wconf 84' lang='lat' dir='ltr'>prae-</span> 
     </span>
     <span class='ocr_line' id='line_1_40' title="bbox 165 1275 1231 1316; baseline -0.001 -9"><span class='ocrx_word' id='word_1_269' title='bbox 165 1278 282 1308; x_wconf 81' lang='lat' dir='ltr'>sentiam</span> <span class='ocrx_word' id='word_1_270' title='bbox 303 1286 379 1307; x_wconf 84' lang='lat' dir='ltr'>tuam</span> <span class='ocrx_word' id='word_1_271' title='bbox 399 1277 584 1308; x_wconf 88' lang='lat' dir='ltr'>accedentem</span> <span class='ocrx_word' id='word_1_272' title='bbox 597 1299 608 1315; x_wconf 86' lang='lat'>,</span> <span class='ocrx_word' id='word_1_273' title='bbox 634 1278 682 1314; x_wconf 88' lang='lat' dir='ltr'>qui</span> <span class='ocrx_word' id='word_1_274' title='bbox 701 1276 752 1306; x_wconf 91' lang='lat' dir='ltr'>tibi</span> <span class='ocrx_word' id='word_1_275' title='bbox 771 1277 843 1306; x_wconf 90' lang='lat' dir='ltr'>utilis</span> <span class='ocrx_word' id='word_1_276' title='bbox 860 1277 916 1305; x_wconf 85' lang='lat' dir='ltr'>effe</span> <span class='ocrx_word' id='word_1_277' title='bbox 933 1275 1026 1316; x_wconf 85' lang='lat' dir='ltr'>potest</span> <span class='ocrx_word' id='word_1_278' title='bbox 1044 1276 1077 1306; x_wconf 90' lang='lat' dir='ltr'>ad</span> <span class='ocrx_word' id='word_1_279' title='bbox 1096 1285 1177 1306; x_wconf 88' lang='lat' dir='ltr'>tuum</span> <span class='ocrx_word' id='word_1_280' title='bbox 1196 1277 1231 1306; x_wconf 91' lang='lat' dir='ltr'>de</span> 
     </span>
     <span class='ocr_line' id='line_1_41' title="bbox 166 1314 1232 1356; baseline -0.002 -10"><span class='ocrx_word' id='word_1_281' title='bbox 166 1315 306 1356; x_wconf 62' lang='lat' dir='ltr'>praedicto</span> <span class='ocrx_word' id='word_1_282' title='bbox 321 1315 425 1355; x_wconf 88' lang='lat' dir='ltr'>Regno</span> <span class='ocrx_word' id='word_1_283' title='bbox 438 1315 612 1354; x_wconf 91' lang='lat' dir='ltr'>propositum</span> <span class='ocrx_word' id='word_1_284' title='bbox 625 1314 837 1350; x_wconf 65' lang='lat' dir='ltr'>obtinendum,</span> <span class='ocrx_word' id='word_1_285' title='bbox 864 1323 912 1351; x_wconf 87' lang='lat' dir='ltr'>per</span> <span class='ocrx_word' id='word_1_286' title='bbox 933 1323 1019 1353; x_wconf 88' lang='lat' dir='ltr'>quem</span> <span class='ocrx_word' id='word_1_287' title='bbox 1038 1315 1122 1345; x_wconf 83' lang='lat' dir='ltr'>etiam</span> <span class='ocrx_word' id='word_1_288' title='bbox 1138 1338 1147 1354; x_wconf 85' lang='lat'>,</span> <span class='ocrx_word' id='word_1_289' title='bbox 1171 1324 1232 1344; x_wconf 85' lang='lat' dir='ltr'>tan-</span> 
     </span>
     <span class='ocr_line' id='line_1_42' title="bbox 165 1351 1233 1392; baseline -0.001 -8"><span class='ocrx_word' id='word_1_290' title='bbox 165 1364 253 1392; x_wconf 85' lang='lat' dir='ltr'>quam</span> <span class='ocrx_word' id='word_1_291' title='bbox 288 1364 316 1383; x_wconf 88' lang='lat' dir='ltr'>et</span> <span class='ocrx_word' id='word_1_292' title='bbox 330 1356 367 1384; x_wconf 88' lang='lat' dir='ltr'>rei</span> <span class='ocrx_word' id='word_1_293' title='bbox 380 1353 463 1390; x_wconf 84' lang='lat' dir='ltr'>plene</span> <span class='ocrx_word' id='word_1_294' title='bbox 475 1352 640 1390; x_wconf 86' lang='lat' dir='ltr'>conscium,</span> <span class='ocrx_word' id='word_1_295' title='bbox 658 1353 691 1382; x_wconf 89' lang='lat'>&amp;</span> <span class='ocrx_word' id='word_1_296' title='bbox 707 1352 855 1382; x_wconf 86' lang='lat' dir='ltr'>hominem</span> <span class='ocrx_word' id='word_1_297' title='bbox 870 1351 924 1382; x_wconf 89' lang='lat' dir='ltr'>fide</span> <span class='ocrx_word' id='word_1_298' title='bbox 940 1352 1059 1391; x_wconf 89' lang='lat' dir='ltr'>dignum</span> <span class='ocrx_word' id='word_1_299' title='bbox 1073 1376 1082 1390; x_wconf 86' lang='lat'>,</span> <span class='ocrx_word' id='word_1_300' title='bbox 1108 1354 1138 1383; x_wconf 91' lang='lat' dir='ltr'>in</span> <span class='ocrx_word' id='word_1_301' title='bbox 1156 1353 1233 1383; x_wconf 62' lang='lat' dir='ltr'>facto</span> 
     </span>
     <span class='ocr_line' id='line_1_43' title="bbox 167 1390 1234 1432; baseline -0.002 -9"><span class='ocrx_word' id='word_1_302' title='bbox 167 1393 248 1432; x_wconf 81' lang='lat' dir='ltr'>ipfius</span> <span class='ocrx_word' id='word_1_303' title='bbox 294 1402 309 1422; x_wconf 89' lang='lat' dir='ltr'>e</span> <span class='ocrx_word' id='word_1_304' title='bbox 328 1393 404 1422; x_wconf 89' lang='lat' dir='ltr'>ni&amp;</span> <span class='ocrx_word' id='word_1_305' title='bbox 417 1390 566 1431; x_wconf 88' lang='lat' dir='ltr'>specialiter</span> <span class='ocrx_word' id='word_1_306' title='bbox 579 1390 682 1421; x_wconf 73' lang='lat' dir='ltr'>Siciliae</span> <span class='ocrx_word' id='word_1_307' title='bbox 704 1391 744 1428; x_wconf 92' lang='lat' dir='ltr'>(in</span> <span class='ocrx_word' id='word_1_308' title='bbox 758 1400 812 1429; x_wconf 88' lang='lat' dir='ltr'>qua</span> <span class='ocrx_word' id='word_1_309' title='bbox 830 1390 935 1420; x_wconf 90' lang='lat' dir='ltr'>multos</span> <span class='ocrx_word' id='word_1_310' title='bbox 952 1391 1036 1422; x_wconf 83' lang='lat' dir='ltr'>habet</span> <span class='ocrx_word' id='word_1_311' title='bbox 1055 1390 1145 1422; x_wconf 86' lang='lat' dir='ltr'>adhuc</span> <span class='ocrx_word' id='word_1_312' title='bbox 1163 1394 1234 1422; x_wconf 88' lang='lat' dir='ltr'>arni-</span> 
     </span>
     <span class='ocr_line' id='line_1_44' title="bbox 169 1428 1235 1469; baseline -0.001 -8"><span class='ocrx_word' id='word_1_313' title='bbox 169 1441 237 1469; x_wconf 91' lang='lat' dir='ltr'>cos,</span> <span class='ocrx_word' id='word_1_314' title='bbox 255 1441 311 1461; x_wconf 91' lang='lat' dir='ltr'>con</span> <span class='ocrx_word' id='word_1_315' title='bbox 323 1431 490 1469; x_wconf 85' lang='lat' dir='ltr'>anguineos,</span> <span class='ocrx_word' id='word_1_316' title='bbox 509 1429 541 1459; x_wconf 67' lang='grc' dir='ltr'>ὃς</span> <span class='ocrx_word' id='word_1_317' title='bbox 554 1429 697 1467; x_wconf 79' lang='lat' dir='ltr'>sequaces,</span> <span class='ocrx_word' id='word_1_318' title='bbox 716 1429 764 1466; x_wconf 87' lang='lat' dir='ltr'>qui</span> <span class='ocrx_word' id='word_1_319' title='bbox 779 1430 810 1458; x_wconf 91' lang='lat' dir='ltr'>in</span> <span class='ocrx_word' id='word_1_320' title='bbox 824 1428 879 1459; x_wconf 85' lang='lat' dir='ltr'>fide</span> <span class='ocrx_word' id='word_1_321' title='bbox 893 1428 1029 1460; x_wconf 71' lang='lat' dir='ltr'>Ecclesiae</span> <span class='ocrx_word' id='word_1_322' title='bbox 1043 1429 1154 1469; x_wconf 88' lang='lat' dir='ltr'>eidem,</span> <span class='ocrx_word' id='word_1_323' title='bbox 1174 1439 1235 1461; x_wconf 86' lang='lat' dir='ltr'>tan-</span> 
     </span>
     <span class='ocr_line' id='line_1_45' title="bbox 168 1466 1075 1510; baseline -0.002 -10"><span class='ocrx_word' id='word_1_324' title='bbox 168 1471 255 1510; x_wconf 74' lang='lat' dir='ltr'>quam</span> <span class='ocrx_word' id='word_1_325' title='bbox 269 1470 370 1509; x_wconf 89' lang='lat' dir='ltr'>capiti,</span> <span class='ocrx_word' id='word_1_326' title='bbox 387 1467 568 1504; x_wconf 78' lang='lat' dir='ltr'>adhaeserunt)</span> <span class='ocrx_word' id='word_1_327' title='bbox 602 1468 665 1497; x_wconf 91' lang='lat' dir='ltr'>lene</span> <span class='ocrx_word' id='word_1_328' title='bbox 679 1477 712 1497; x_wconf 93' lang='lat' dir='ltr'>ac</span> <span class='ocrx_word' id='word_1_329' title='bbox 727 1466 843 1497; x_wconf 84' lang='lat' dir='ltr'>fideliter</span> <span class='ocrx_word' id='word_1_330' title='bbox 856 1467 954 1497; x_wconf 89' lang='lat' dir='ltr'>instrui</span> <span class='ocrx_word' id='word_1_331' title='bbox 965 1469 1075 1508; x_wconf 91' lang='lat' dir='ltr'>poteris.</span> 
     </span>
    </p>

    <p class='ocr_par' dir='ltr' id='par_1_10' title="bbox 170 1505 1244 1968">
     <span class='ocr_line' id='line_1_46' title="bbox 215 1505 1238 1546; baseline 0 -9"><span class='ocrx_word' id='word_1_332' title='bbox 215 1508 292 1538; x_wconf 88' lang='lat' dir='ltr'>Alios</span> <span class='ocrx_word' id='word_1_333' title='bbox 306 1507 388 1536; x_wconf 84' lang='lat' dir='ltr'>etiarn</span> <span class='ocrx_word' id='word_1_334' title='bbox 403 1505 511 1536; x_wconf 89' lang='lat' dir='ltr'>nobiles</span> <span class='ocrx_word' id='word_1_335' title='bbox 525 1506 560 1535; x_wconf 93' lang='lat' dir='ltr'>de</span> <span class='ocrx_word' id='word_1_336' title='bbox 596 1505 813 1544; x_wconf 71' lang='lat' dir='ltr'>icilia‚ejusdem</span> <span class='ocrx_word' id='word_1_337' title='bbox 828 1506 1050 1546; x_wconf 86' lang='lat' dir='ltr'>consanguineos</span> <span class='ocrx_word' id='word_1_338' title='bbox 1062 1507 1095 1537; x_wconf 69' lang='grc' dir='ltr'>ὃ(</span> <span class='ocrx_word' id='word_1_339' title='bbox 1113 1508 1238 1546; x_wconf 83' lang='lat' dir='ltr'>amieos,</span> 
     </span>
     <span class='ocr_line' id='line_1_47' title="bbox 170 1543 1235 1587; baseline 0 -11"><span class='ocrx_word' id='word_1_340' title='bbox 170 1545 265 1577; x_wconf 89' lang='lat' dir='ltr'>fideles</span> <span class='ocrx_word' id='word_1_341' title='bbox 279 1544 424 1575; x_wconf 84' lang='lat' dir='ltr'>Romanae</span> <span class='ocrx_word' id='word_1_342' title='bbox 436 1543 570 1574; x_wconf 76' lang='lat' dir='ltr'>Ecclesiae</span> <span class='ocrx_word' id='word_1_343' title='bbox 581 1554 614 1574; x_wconf 89' lang='lat' dir='ltr'>ac</span> <span class='ocrx_word' id='word_1_344' title='bbox 630 1543 748 1575; x_wconf 90' lang='lat' dir='ltr'>devotos</span> <span class='ocrx_word' id='word_1_345' title='bbox 763 1567 772 1582; x_wconf 90' lang='lat'>,</span> <span class='ocrx_word' id='word_1_346' title='bbox 798 1545 846 1587; x_wconf 86' lang='lat' dir='ltr'>qui</span> <span class='ocrx_word' id='word_1_347' title='bbox 857 1544 970 1575; x_wconf 86' lang='lat' dir='ltr'>fuerunt</span> <span class='ocrx_word' id='word_1_348' title='bbox 986 1546 1019 1576; x_wconf 68' lang='grc' dir='ltr'>ὃς</span> <span class='ocrx_word' id='word_1_349' title='bbox 1034 1545 1096 1576; x_wconf 90' lang='lat' dir='ltr'>sunt</span> <span class='ocrx_word' id='word_1_350' title='bbox 1113 1545 1235 1583; x_wconf 84' lang='lat' dir='ltr'>ejusdem</span> 
     </span>
     <span class='ocr_line' id='line_1_48' title="bbox 172 1581 1239 1623; baseline -0.001 -8"><span class='ocrx_word' id='word_1_351' title='bbox 172 1584 226 1615; x_wconf 90' lang='lat' dir='ltr'>Ro</span> <span class='ocrx_word' id='word_1_352' title='bbox 245 1584 311 1622; x_wconf 90' lang='lat' dir='ltr'>erii,</span> <span class='ocrx_word' id='word_1_353' title='bbox 325 1583 355 1613; x_wconf 92' lang='lat' dir='ltr'>in</span> <span class='ocrx_word' id='word_1_354' title='bbox 367 1582 421 1612; x_wconf 88' lang='lat' dir='ltr'>fide</span> <span class='ocrx_word' id='word_1_355' title='bbox 435 1583 469 1613; x_wconf 90' lang='lat'>&amp;</span> <span class='ocrx_word' id='word_1_356' title='bbox 481 1582 591 1613; x_wconf 91' lang='lat' dir='ltr'>servitio</span> <span class='ocrx_word' id='word_1_357' title='bbox 612 1583 692 1622; x_wconf 89' lang='lat' dir='ltr'>ipsius</span> <span class='ocrx_word' id='word_1_358' title='bbox 712 1581 847 1613; x_wconf 85' lang='lat' dir='ltr'>Eccleiiae</span> <span class='ocrx_word' id='word_1_359' title='bbox 860 1606 870 1621; x_wconf 87' lang='lat'>,</span> <span class='ocrx_word' id='word_1_360' title='bbox 895 1583 1057 1622; x_wconf 59' lang='lat' dir='ltr'>sedtarooes,</span> <span class='ocrx_word' id='word_1_361' title='bbox 1076 1585 1109 1615; x_wconf 71' lang='grc' dir='ltr'>ὃς</span> <span class='ocrx_word' id='word_1_362' title='bbox 1126 1586 1190 1623; x_wconf 92' lang='lat' dir='ltr'>qui,</span> <span class='ocrx_word' id='word_1_363' title='bbox 1209 1595 1239 1614; x_wconf 89' lang='lat' dir='ltr'>a-</span> 
     </span>
     <span class='ocr_line' id='line_1_49' title="bbox 172 1621 761 1691; baseline -0.003 -38"><span class='ocrx_word' id='word_1_364' title='bbox 172 1624 213 1653; x_wconf 90' lang='lat' dir='ltr'>mi</span> <span class='ocrx_word' id='word_1_365' title='bbox 237 1629 386 1691; x_wconf 58' lang='lat' dir='ltr'>isgropter</span> <span class='ocrx_word' id='word_1_366' title='bbox 397 1621 455 1651; x_wconf 92' lang='lat' dir='ltr'>hoc</span> <span class='ocrx_word' id='word_1_367' title='bbox 469 1621 519 1651; x_wconf 89' lang='lat' dir='ltr'>suis</span> <span class='ocrx_word' id='word_1_368' title='bbox 532 1621 614 1651; x_wconf 88' lang='lat' dir='ltr'>bonis</span> <span class='ocrx_word' id='word_1_369' title='bbox 628 1622 761 1651; x_wconf 85' lang='lat' dir='ltr'>omnibus</span> 
     </span>
     <span class='ocr_line' id='line_1_50' title="bbox 172 1660 337 1692; baseline -0.006 0"><span class='ocrx_word' id='word_1_370' title='bbox 172 1669 249 1692; x_wconf 90' lang='lat' dir='ltr'>tuam</span> <span class='ocrx_word' id='word_1_371' title='bbox 294 1660 337 1691; x_wconf 89' lang='lat' dir='ltr'>eli</span> 
     </span>
     <span class='ocr_line' id='line_1_51' title="bbox 173 1697 1239 1736; baseline 0 -6"><span class='ocrx_word' id='word_1_372' title='bbox 173 1709 238 1730; x_wconf 89' lang='lat' dir='ltr'>rum</span> <span class='ocrx_word' id='word_1_373' title='bbox 264 1699 426 1730; x_wconf 89' lang='lat' dir='ltr'>Dominum</span> <span class='ocrx_word' id='word_1_374' title='bbox 445 1697 648 1736; x_wconf 65' lang='lat' dir='ltr'>recognostant</span> <span class='ocrx_word' id='word_1_375' title='bbox 663 1720 673 1735; x_wconf 88' lang='lat'>,</span> <span class='ocrx_word' id='word_1_376' title='bbox 700 1698 741 1727; x_wconf 92' lang='lat' dir='ltr'>ob</span> <span class='ocrx_word' id='word_1_377' title='bbox 760 1700 943 1729; x_wconf 89' lang='lat' dir='ltr'>reverentiam</span> <span class='ocrx_word' id='word_1_378' title='bbox 969 1699 1089 1736; x_wconf 85' lang='lat' dir='ltr'>ejusdem</span> <span class='ocrx_word' id='word_1_379' title='bbox 1115 1700 1182 1730; x_wconf 81' lang='lat' dir='ltr'>sedis</span> <span class='ocrx_word' id='word_1_380' title='bbox 1205 1701 1239 1730; x_wconf 90' lang='lat'>&amp;</span> 
     </span>
     <span class='ocr_line' id='line_1_52' title="bbox 173 1736 1240 1778; baseline 0.001 -10"><span class='ocrx_word' id='word_1_381' title='bbox 173 1737 301 1768; x_wconf 89' lang='lat' dir='ltr'>nostram</span> <span class='ocrx_word' id='word_1_382' title='bbox 310 1737 432 1775; x_wconf 87' lang='lat' dir='ltr'>benigne</span> <span class='ocrx_word' id='word_1_383' title='bbox 447 1736 579 1774; x_wconf 83' lang='lat' dir='ltr'>recipias,</span> <span class='ocrx_word' id='word_1_384' title='bbox 597 1745 631 1766; x_wconf 89' lang='lat' dir='ltr'>ac</span> <span class='ocrx_word' id='word_1_385' title='bbox 645 1744 673 1766; x_wconf 88' lang='lat' dir='ltr'>te</span> <span class='ocrx_word' id='word_1_386' title='bbox 692 1736 730 1765; x_wconf 87' lang='lat' dir='ltr'>eis</span> <span class='ocrx_word' id='word_1_387' title='bbox 745 1737 879 1767; x_wconf 88' lang='lat' dir='ltr'>omnibus</span> <span class='ocrx_word' id='word_1_388' title='bbox 899 1737 1026 1768; x_wconf 84' lang='lat' dir='ltr'>exhibeas</span> <span class='ocrx_word' id='word_1_389' title='bbox 1040 1739 1070 1769; x_wconf 92' lang='lat' dir='ltr'>in</span> <span class='ocrx_word' id='word_1_390' title='bbox 1085 1739 1182 1778; x_wconf 90' lang='lat' dir='ltr'>Regio</span> <span class='ocrx_word' id='word_1_391' title='bbox 1200 1739 1240 1768; x_wconf 73' lang='lat' dir='ltr'>fa-</span> 
     </span>
     <span class='ocr_line' id='line_1_53' title="bbox 173 1774 1241 1817; baseline 0.001 -10"><span class='ocrx_word' id='word_1_392' title='bbox 173 1786 245 1807; x_wconf 88' lang='lat' dir='ltr'>vore</span> <span class='ocrx_word' id='word_1_393' title='bbox 257 1774 426 1805; x_wconf 89' lang='lat' dir='ltr'>munificum</span> <span class='ocrx_word' id='word_1_394' title='bbox 434 1796 443 1812; x_wconf 86' lang='lat'>‚</span> <span class='ocrx_word' id='word_1_395' title='bbox 463 1774 496 1804; x_wconf 86' lang='lat'>&amp;</span> <span class='ocrx_word' id='word_1_396' title='bbox 509 1774 540 1804; x_wconf 90' lang='lat' dir='ltr'>in</span> <span class='ocrx_word' id='word_1_397' title='bbox 552 1774 663 1804; x_wconf 71' lang='lat' dir='ltr'>cunffis</span> <span class='ocrx_word' id='word_1_398' title='bbox 674 1775 907 1812; x_wconf 84' lang='lat' dir='ltr'>oportunitatibus</span> <span class='ocrx_word' id='word_1_399' title='bbox 919 1776 1086 1814; x_wconf 71' lang='lat' dir='ltr'>gratiosum,</span> <span class='ocrx_word' id='word_1_400' title='bbox 1100 1778 1136 1807; x_wconf 92' lang='lat' dir='ltr'>ita</span> <span class='ocrx_word' id='word_1_401' title='bbox 1148 1776 1241 1817; x_wconf 87' lang='lat' dir='ltr'>quod,</span> 
     </span>
     <span class='ocr_line' id='line_1_54' title="bbox 174 1811 1240 1855; baseline 0.002 -11"><span class='ocrx_word' id='word_1_402' title='bbox 174 1813 315 1852; x_wconf 60' lang='lat' dir='ltr'>praedfflo</span> <span class='ocrx_word' id='word_1_403' title='bbox 329 1813 435 1851; x_wconf 82' lang='lat' dir='ltr'>nobili,</span> <span class='ocrx_word' id='word_1_404' title='bbox 451 1822 521 1843; x_wconf 87' lang='lat' dir='ltr'>curn</span> <span class='ocrx_word' id='word_1_405' title='bbox 535 1811 676 1850; x_wconf 60' lang='lat' dir='ltr'>praedietis</span> <span class='ocrx_word' id='word_1_406' title='bbox 689 1813 755 1849; x_wconf 82' lang='lat' dir='ltr'>suis,</span> <span class='ocrx_word' id='word_1_407' title='bbox 770 1813 908 1852; x_wconf 84' lang='lat' dir='ltr'>gaudente</span> <span class='ocrx_word' id='word_1_408' title='bbox 922 1815 952 1844; x_wconf 91' lang='lat' dir='ltr'>in</span> <span class='ocrx_word' id='word_1_409' title='bbox 966 1822 993 1844; x_wconf 88' lang='lat' dir='ltr'>te</span> <span class='ocrx_word' id='word_1_410' title='bbox 1007 1838 1017 1853; x_wconf 85' lang='lat'>‚</span> <span class='ocrx_word' id='word_1_411' title='bbox 1039 1825 1124 1855; x_wconf 92' lang='lat' dir='ltr'>quam</span> <span class='ocrx_word' id='word_1_412' title='bbox 1137 1816 1240 1853; x_wconf 80' lang='lat' dir='ltr'>sperat,</span> 
     </span>
     <span class='ocr_line' id='line_1_55' title="bbox 175 1851 1243 1892; baseline 0.002 -10"><span class='ocrx_word' id='word_1_413' title='bbox 175 1851 313 1883; x_wconf 87' lang='lat' dir='ltr'>invenisse</span> <span class='ocrx_word' id='word_1_414' title='bbox 324 1852 441 1891; x_wconf 87' lang='lat' dir='ltr'>gratiam</span> <span class='ocrx_word' id='word_1_415' title='bbox 456 1851 490 1881; x_wconf 90' lang='lat'>&amp;</span> <span class='ocrx_word' id='word_1_416' title='bbox 503 1851 648 1890; x_wconf 90' lang='lat' dir='ltr'>favorem,</span> <span class='ocrx_word' id='word_1_417' title='bbox 663 1851 709 1882; x_wconf 86' lang='lat' dir='ltr'>alii</span> <span class='ocrx_word' id='word_1_418' title='bbox 722 1852 778 1889; x_wconf 87' lang='lat' dir='ltr'>ejus</span> <span class='ocrx_word' id='word_1_419' title='bbox 793 1853 924 1890; x_wconf 82' lang='lat' dir='ltr'>exemplo</span> <span class='ocrx_word' id='word_1_420' title='bbox 938 1852 972 1882; x_wconf 89' lang='lat' dir='ltr'>ad</span> <span class='ocrx_word' id='word_1_421' title='bbox 985 1854 1179 1892; x_wconf 80' lang='lat' dir='ltr'>exequendum</span> <span class='ocrx_word' id='word_1_422' title='bbox 1193 1854 1243 1884; x_wconf 90' lang='lat' dir='ltr'>de-</span> 
     </span>
     <span class='ocr_line' id='line_1_56' title="bbox 174 1889 1240 1930; baseline 0.002 -9"><span class='ocrx_word' id='word_1_423' title='bbox 174 1899 244 1921; x_wconf 90' lang='lat' dir='ltr'>vote</span> <span class='ocrx_word' id='word_1_424' title='bbox 257 1891 308 1920; x_wconf 90' lang='lat' dir='ltr'>tibi</span> <span class='ocrx_word' id='word_1_425' title='bbox 320 1899 354 1920; x_wconf 91' lang='lat' dir='ltr'>ac</span> <span class='ocrx_word' id='word_1_426' title='bbox 368 1889 484 1920; x_wconf 85' lang='lat' dir='ltr'>fideliter</span> <span class='ocrx_word' id='word_1_427' title='bbox 497 1890 655 1920; x_wconf 88' lang='lat' dir='ltr'>animentur</span> <span class='ocrx_word' id='word_1_428' title='bbox 669 1901 679 1927; x_wconf 88' lang='lat'>;</span> <span class='ocrx_word' id='word_1_429' title='bbox 705 1890 739 1920; x_wconf 90' lang='lat'>&amp;</span> <span class='ocrx_word' id='word_1_430' title='bbox 759 1899 810 1920; x_wconf 89' lang='lat' dir='ltr'>nos</span> <span class='ocrx_word' id='word_1_431' title='bbox 824 1891 925 1929; x_wconf 85' lang='lat' dir='ltr'>etiam,</span> <span class='ocrx_word' id='word_1_432' title='bbox 941 1892 990 1929; x_wconf 87' lang='lat' dir='ltr'>qui</span> <span class='ocrx_word' id='word_1_433' title='bbox 1003 1892 1038 1922; x_wconf 92' lang='lat' dir='ltr'>de</span> <span class='ocrx_word' id='word_1_434' title='bbox 1050 1892 1177 1930; x_wconf 81' lang='lat' dir='ltr'>impenso</span> <span class='ocrx_word' id='word_1_435' title='bbox 1190 1893 1240 1923; x_wconf 88' lang='lat' dir='ltr'>sibi</span> 
     </span>
     <span class='ocr_line' id='line_1_57' title="bbox 175 1927 1244 1968; baseline 0.002 -9"><span class='ocrx_word' id='word_1_436' title='bbox 175 1928 274 1960; x_wconf 83' lang='lat' dir='ltr'>favore</span> <span class='ocrx_word' id='word_1_437' title='bbox 284 1928 411 1959; x_wconf 84' lang='lat' dir='ltr'>laetitiam</span> <span class='ocrx_word' id='word_1_438' title='bbox 424 1927 570 1966; x_wconf 87' lang='lat' dir='ltr'>specialem</span> <span class='ocrx_word' id='word_1_439' title='bbox 585 1928 777 1965; x_wconf 88' lang='lat' dir='ltr'>concipiemus</span> <span class='ocrx_word' id='word_1_440' title='bbox 792 1951 802 1966; x_wconf 89' lang='lat'>,</span> <span class='ocrx_word' id='word_1_441' title='bbox 826 1930 901 1959; x_wconf 87' lang='lat' dir='ltr'>circa</span> <span class='ocrx_word' id='word_1_442' title='bbox 914 1938 991 1959; x_wconf 86' lang='lat' dir='ltr'>tuam</span> <span class='ocrx_word' id='word_1_443' title='bbox 1005 1930 1037 1960; x_wconf 89' lang='lat'>&amp;</span> <span class='ocrx_word' id='word_1_444' title='bbox 1051 1939 1164 1961; x_wconf 89' lang='lat' dir='ltr'>tuorum</span> <span class='ocrx_word' id='word_1_445' title='bbox 1180 1941 1244 1968; x_wconf 81' lang='lat' dir='ltr'>per-</span> 
     </span>
    </p>
   </div>
   <div class='ocr_carea' id='block_1_6' title="bbox 174 1965 1244 2045">
    <p class='ocr_par' dir='ltr' id='par_1_11' title="bbox 174 1965 1244 2045">
     <span class='ocr_line' id='line_1_58' title="bbox 174 1965 1244 2008; baseline 0.003 -11"><span class='ocrx_word' id='word_1_446' title='bbox 174 1967 269 2005; x_wconf 80' lang='lat' dir='ltr'>sonas,</span> <span class='ocrx_word' id='word_1_447' title='bbox 286 1967 433 2005; x_wconf 79' lang='lat' dir='ltr'>0p01tunis</span> <span class='ocrx_word' id='word_1_448' title='bbox 445 1974 504 1997; x_wconf 91' lang='lat' dir='ltr'>tem</span> <span class='ocrx_word' id='word_1_449' title='bbox 525 1966 635 2006; x_wconf 80' lang='lat' dir='ltr'>oribuS,</span> <span class='ocrx_word' id='word_1_450' title='bbox 652 1965 798 1998; x_wconf 89' lang='lat' dir='ltr'>affluenter</span> <span class='ocrx_word' id='word_1_451' title='bbox 811 1976 952 2007; x_wconf 82' lang='lat' dir='ltr'>exponere</span> <span class='ocrx_word' id='word_1_452' title='bbox 965 1977 1110 2000; x_wconf 86' lang='lat' dir='ltr'>teneamur</span> <span class='ocrx_word' id='word_1_453' title='bbox 1117 1970 1244 2008; x_wconf 74' lang='lat' dir='ltr'>Aposto-</span> 
     </span>
     <span class='ocr_line' id='line_1_59' title="bbox 174 2003 585 2045; baseline -0.002 -9"><span class='ocrx_word' id='word_1_454' title='bbox 174 2005 239 2036; x_wconf 82' lang='lat' dir='ltr'>iicae</span> <span class='ocrx_word' id='word_1_455' title='bbox 254 2005 429 2045; x_wconf 81' lang='lat' dir='ltr'>benignitatis</span> <span class='ocrx_word' id='word_1_456' title='bbox 440 2003 495 2036; x_wconf 85' lang='lat' dir='ltr'>affe</span> <span class='ocrx_word' id='word_1_457' title='bbox 528 2014 585 2035; x_wconf 87' lang='lat' dir='ltr'>um.</span> 
     </span>
    </p>
   </div>
   <div class='ocr_carea' id='block_1_7' title="bbox 340 1622 1239 1697">
    <p class='ocr_par' dir='ltr' id='par_1_12' title="bbox 340 1622 1239 1697">
     <span class='ocr_line' id='line_1_60' title="bbox 810 1622 1237 1662; baseline 0.002 -11"><span class='ocrx_word' id='word_1_458' title='bbox 810 1630 884 1651; x_wconf 86' lang='lat' dir='ltr'>extra</span> <span class='ocrx_word' id='word_1_459' title='bbox 896 1622 1013 1661; x_wconf 88' lang='lat' dir='ltr'>patriam</span> <span class='ocrx_word' id='word_1_460' title='bbox 1028 1623 1184 1662; x_wconf 83' lang='lat' dir='ltr'>exulantes,</span> <span class='ocrx_word' id='word_1_461' title='bbox 1203 1622 1237 1653; x_wconf 88' lang='lat' dir='ltr'>ad</span> 
     </span>
     <span class='ocr_line' id='line_1_61' title="bbox 340 1643 1239 1697; baseline 0.002 -7"><span class='ocrx_word' id='word_1_462' title='bbox 340 1659 466 1690; x_wconf 88' lang='lat' dir='ltr'>tudinem</span> <span class='ocrx_word' id='word_1_463' title='bbox 486 1669 555 1689; x_wconf 92' lang='lat' dir='ltr'>curn</span> <span class='ocrx_word' id='word_1_464' title='bbox 571 1659 674 1690; x_wconf 90' lang='lat' dir='ltr'>eodem</span> <span class='ocrx_word' id='word_1_465' title='bbox 694 1643 833 1690; x_wconf 75' lang='lat' dir='ltr'>accedunt</span> <span class='ocrx_word' id='word_1_466' title='bbox 846 1682 855 1697; x_wconf 88' lang='lat'>‚</span> <span class='ocrx_word' id='word_1_467' title='bbox 880 1669 911 1690; x_wconf 90' lang='lat' dir='ltr'>ut</span> <span class='ocrx_word' id='word_1_468' title='bbox 931 1668 1012 1691; x_wconf 89' lang='lat' dir='ltr'>tuum</span> <span class='ocrx_word' id='word_1_469' title='bbox 1026 1670 1123 1692; x_wconf 89' lang='lat' dir='ltr'>natum</span> <span class='ocrx_word' id='word_1_470' title='bbox 1141 1663 1170 1691; x_wconf 90' lang='lat' dir='ltr'>in</span> <span class='ocrx_word' id='word_1_471' title='bbox 1188 1671 1239 1692; x_wconf 90' lang='lat' dir='ltr'>eo-</span> 
     </span>
    </p>
   </div>
   <div class='ocr_carea' id='block_1_8' title="bbox 211 2082 1169 2126">
    <p class='ocr_par' dir='ltr' id='par_1_13' title="bbox 211 2082 1169 2126">
     <span class='ocr_line' id='line_1_62' title="bbox 211 2082 1169 2126; baseline 0.006 -10"><span class='ocrx_word' id='word_1_472' title='bbox 211 2084 283 2117; x_wconf 89' lang='lat' dir='ltr'>Dat.</span> <span class='ocrx_word' id='word_1_473' title='bbox 299 2085 436 2126; x_wconf 82' lang='lat' dir='ltr'>Viterbii‚</span> <span class='ocrx_word' id='word_1_474' title='bbox 453 2084 495 2117; x_wconf 93' lang='lat' dir='ltr'>Id.</span> <span class='ocrx_word' id='word_1_475' title='bbox 509 2085 667 2118; x_wconf 89' lang='lat' dir='ltr'>Decembr.</span> <span class='ocrx_word' id='word_1_476' title='bbox 683 2082 869 2120; x_wconf 78' lang='lat' dir='ltr'>Pontificati&#39;is</span> <span class='ocrx_word' id='word_1_477' title='bbox 884 2088 972 2122; x_wconf 87' lang='lat' dir='ltr'>nostri</span> <span class='ocrx_word' id='word_1_478' title='bbox 987 2099 1064 2121; x_wconf 84' lang='lat' dir='ltr'>anno</span> <span class='ocrx_word' id='word_1_479' title='bbox 1078 2091 1169 2122; x_wconf 88' lang='lat' dir='ltr'>tertio.</span> 
     </span>
    </p>
   </div>
   <div class='ocr_carea' id='block_1_9' title="bbox 659 2167 1108 2211">
    <p class='ocr_par' dir='ltr' id='par_1_14' title="bbox 659 2167 1108 2211">
     <span class='ocr_line' id='line_1_63' title="bbox 659 2167 1108 2211; baseline 0.004 -12"><span class='ocrx_word' id='word_1_480' title='bbox 659 2167 877 2211; x_wconf 80' lang='lat' dir='ltr'>Plumbeofigillo</span> <span class='ocrx_word' id='word_1_481' title='bbox 891 2182 909 2200; x_wconf 87' lang='lat' dir='ltr'>a</span> <span class='ocrx_word' id='word_1_482' title='bbox 919 2170 968 2211; x_wconf 84' lang='lat' dir='ltr'>filo</span> <span class='ocrx_word' id='word_1_483' title='bbox 983 2170 1108 2202; x_wconf 79' lang='lat' dir='ltr'>canabeo.</span> 
     </span>
    </p>
   </div>
   <div class='ocr_carea' id='block_1_10' title="bbox 182 2246 1243 2259">
    <p class='ocr_par' dir='ltr' id='par_1_15' title="bbox 182 2246 1243 2259">
     <span class='ocr_line' id='line_1_64' title="bbox 182 2246 1243 2259; baseline 0 2002"><span class='ocrx_word' id='word_1_484' title='bbox 182 2246 1243 2259; x_wconf 95' lang='lat' dir='ltr'> </span> 
     </span>
    </p>
   </div>
   <div class='ocr_carea' id='block_1_11' title="bbox 213 2298 1216 2398">
    <p class='ocr_par' dir='ltr' id='par_1_16' title="bbox 213 2298 1216 2398">
     <span class='ocr_line' id='line_1_65' title="bbox 213 2298 1216 2350; baseline 0.001 -15"><span class='ocrx_word' id='word_1_485' title='bbox 213 2301 304 2335; x_wconf 73' lang='lat' dir='ltr'>Bulla</span> <span class='ocrx_word' id='word_1_486' title='bbox 322 2298 405 2346; x_wconf 81' lang='lat' dir='ltr'>qnod</span> <span class='ocrx_word' id='word_1_487' title='bbox 419 2302 486 2333; x_wconf 83' lang='lat' dir='ltr'>Rex</span> <span class='ocrx_word' id='word_1_488' title='bbox 508 2310 626 2334; x_wconf 82' lang='lat' dir='ltr'>revocet</span> <span class='ocrx_word' id='word_1_489' title='bbox 642 2302 803 2349; x_wconf 74' lang='lat' dir='ltr'>procefficm</span> <span class='ocrx_word' id='word_1_490' title='bbox 820 2300 1074 2350; x_wconf 79' lang='lat' dir='ltr'>Justiciariorum</span> <span class='ocrx_word' id='word_1_491' title='bbox 1086 2302 1216 2350; x_wconf 72' lang='lat' dir='ltr'>sitorum</span> 
     </span>
     <span class='ocr_line' id='line_1_66' title="bbox 422 2349 1015 2398; baseline 0.003 -16"><span class='ocrx_word' id='word_1_492' title='bbox 422 2359 526 2384; x_wconf 87' lang='lat' dir='ltr'>contra</span> <span class='ocrx_word' id='word_1_493' title='bbox 542 2349 807 2398; x_wconf 75' lang='lat' dir='ltr'>Archiepiftopum</span> <span class='ocrx_word' id='word_1_494' title='bbox 820 2350 1015 2385; x_wconf 74' lang='lat' dir='ltr'>Armachan.</span> 
     </span>
    </p>
   </div>
   <div class='ocr_carea' id='block_1_12' title="bbox 187 2437 1273 4063">
    <p class='ocr_par' dir='ltr' id='par_1_17' title="bbox 187 2437 1257 2708">
     <span class='ocr_line' id='line_1_67' title="bbox 246 2437 1253 2478; baseline 0.001 -8"><span class='ocrx_word' id='word_1_495' title='bbox 246 2438 393 2471; x_wconf 80' lang='lat' dir='ltr'>Lexander</span> <span class='ocrx_word' id='word_1_496' title='bbox 404 2438 574 2478; x_wconf 80' lang='lat' dir='ltr'>Episcopus,</span> <span class='ocrx_word' id='word_1_497' title='bbox 593 2437 685 2471; x_wconf 76' lang='lat' dir='ltr'>servus</span> <span class='ocrx_word' id='word_1_498' title='bbox 698 2439 842 2471; x_wconf 88' lang='lat' dir='ltr'>servorum</span> <span class='ocrx_word' id='word_1_499' title='bbox 849 2439 923 2478; x_wconf 88' lang='lat' dir='ltr'>Dei,</span> <span class='ocrx_word' id='word_1_500' title='bbox 940 2440 1082 2472; x_wconf 80' lang='lat' dir='ltr'>carissimo</span> <span class='ocrx_word' id='word_1_501' title='bbox 1098 2442 1126 2472; x_wconf 88' lang='lat' dir='ltr'>in</span> <span class='ocrx_word' id='word_1_502' title='bbox 1135 2439 1253 2472; x_wconf 85' lang='lat' dir='ltr'>Christo</span> 
     </span>
     <span class='ocr_line' id='line_1_68' title="bbox 187 2477 1252 2546; baseline 0.003 -38"><span class='ocrx_word' id='word_1_503' title='bbox 187 2478 314 2546; x_wconf 44' lang='lat' dir='ltr'>dstfilio</span> <span class='ocrx_word' id='word_1_504' title='bbox 435 2477 532 2508; x_wconf 88' lang='lat' dir='ltr'>illustri</span> <span class='ocrx_word' id='word_1_505' title='bbox 544 2478 622 2518; x_wconf 87' lang='lat' dir='ltr'>Regi</span> <span class='ocrx_word' id='word_1_506' title='bbox 638 2478 767 2518; x_wconf 82' lang='lat' dir='ltr'>Angliae,</span> <span class='ocrx_word' id='word_1_507' title='bbox 784 2478 896 2509; x_wconf 81' lang='lat' dir='ltr'>salutem</span> <span class='ocrx_word' id='word_1_508' title='bbox 911 2479 1150 2518; x_wconf 78' lang='lat' dir='ltr'>&amp;Apostolicam</span> <span class='ocrx_word' id='word_1_509' title='bbox 1165 2481 1252 2511; x_wconf 87' lang='lat' dir='ltr'>bene-</span> 
     </span>
     <span class='ocr_line' id='line_1_69' title="bbox 208 2526 353 2547; baseline 0 -2"><span class='ocrx_word' id='word_1_510' title='bbox 208 2526 216 2545; x_wconf 91' lang='lat'><strong>1</strong></span> <span class='ocrx_word' id='word_1_511' title='bbox 248 2526 353 2547; x_wconf 79' lang='lat' dir='ltr'>Ionem.</span> 
     </span>
     <span class='ocr_line' id='line_1_70' title="bbox 228 2554 1256 2589; baseline 0.004 -5"><span class='ocrx_word' id='word_1_512' title='bbox 228 2554 339 2585; x_wconf 85' lang='lat' dir='ltr'>Gloriae</span> <span class='ocrx_word' id='word_1_513' title='bbox 372 2554 479 2585; x_wconf 87' lang='lat' dir='ltr'>erennis</span> <span class='ocrx_word' id='word_1_514' title='bbox 490 2555 609 2586; x_wconf 86' lang='lat' dir='ltr'>obtentu</span> <span class='ocrx_word' id='word_1_515' title='bbox 632 2555 666 2586; x_wconf 90' lang='lat' dir='ltr'>ad</span> <span class='ocrx_word' id='word_1_516' title='bbox 682 2555 741 2587; x_wconf 90' lang='lat' dir='ltr'>hoc</span> <span class='ocrx_word' id='word_1_517' title='bbox 760 2557 865 2588; x_wconf 87' lang='lat' dir='ltr'>intenta</span> <span class='ocrx_word' id='word_1_518' title='bbox 881 2565 927 2589; x_wconf 84' lang='lat' dir='ltr'>tua</span> <span class='ocrx_word' id='word_1_519' title='bbox 946 2556 1030 2588; x_wconf 89' lang='lat' dir='ltr'>debet</span> <span class='ocrx_word' id='word_1_520' title='bbox 1047 2556 1142 2588; x_wconf 85' lang='lat' dir='ltr'>haberi</span> <span class='ocrx_word' id='word_1_521' title='bbox 1161 2557 1256 2588; x_wconf 89' lang='lat' dir='ltr'>Subli-</span> 
     </span>
     <span class='ocr_line' id='line_1_71' title="bbox 191 2592 1256 2636; baseline 0.004 -13"><span class='ocrx_word' id='word_1_522' title='bbox 191 2593 289 2631; x_wconf 81' lang='lat' dir='ltr'>miras,</span> <span class='ocrx_word' id='word_1_523' title='bbox 307 2600 340 2623; x_wconf 93' lang='lat' dir='ltr'>ut</span> <span class='ocrx_word' id='word_1_524' title='bbox 364 2593 462 2622; x_wconf 89' lang='lat' dir='ltr'>ibertas</span> <span class='ocrx_word' id='word_1_525' title='bbox 474 2592 665 2624; x_wconf 81' lang='lat' dir='ltr'>Ecclesiastica</span> <span class='ocrx_word' id='word_1_526' title='bbox 682 2596 790 2633; x_wconf 64' lang='lat' dir='ltr'>vigeat,</span> <span class='ocrx_word' id='word_1_527' title='bbox 808 2596 860 2634; x_wconf 63' lang='grc' dir='ltr'>ὃς,</span> <span class='ocrx_word' id='word_1_528' title='bbox 878 2596 898 2625; x_wconf 91' lang='lat' dir='ltr'>si</span> <span class='ocrx_word' id='word_1_529' title='bbox 914 2605 1012 2627; x_wconf 91' lang='lat' dir='ltr'>contra</span> <span class='ocrx_word' id='word_1_530' title='bbox 1025 2596 1099 2626; x_wconf 92' lang='lat' dir='ltr'>illam</span> <span class='ocrx_word' id='word_1_531' title='bbox 1115 2597 1151 2626; x_wconf 90' lang='lat' dir='ltr'>ab</span> <span class='ocrx_word' id='word_1_532' title='bbox 1161 2596 1256 2636; x_wconf 87' lang='lat' dir='ltr'>aliquo</span> 
     </span>
     <span class='ocr_line' id='line_1_72' title="bbox 189 2631 1257 2674; baseline 0.003 -13"><span class='ocrx_word' id='word_1_533' title='bbox 189 2631 365 2662; x_wconf 90' lang='lat' dir='ltr'>subditorum</span> <span class='ocrx_word' id='word_1_534' title='bbox 378 2638 492 2661; x_wconf 87' lang='lat' dir='ltr'>tuorum</span> <span class='ocrx_word' id='word_1_535' title='bbox 506 2633 614 2662; x_wconf 82' lang='lat' dir='ltr'>temere</span> <span class='ocrx_word' id='word_1_536' title='bbox 632 2632 786 2672; x_wconf 85' lang='lat' dir='ltr'>quicquam</span> <span class='ocrx_word' id='word_1_537' title='bbox 800 2633 991 2674; x_wconf 81' lang='lat' dir='ltr'>praesumitur,</span> <span class='ocrx_word' id='word_1_538' title='bbox 1009 2634 1075 2665; x_wconf 88' lang='lat' dir='ltr'>illud</span> <span class='ocrx_word' id='word_1_539' title='bbox 1091 2643 1147 2666; x_wconf 86' lang='lat' dir='ltr'>tuae</span> <span class='ocrx_word' id='word_1_540' title='bbox 1161 2636 1257 2674; x_wconf 88' lang='lat' dir='ltr'>provi-</span> 
     </span>
     <span class='ocr_line' id='line_1_73' title="bbox 189 2669 606 2708; baseline -0.002 -8"><span class='ocrx_word' id='word_1_541' title='bbox 189 2669 294 2701; x_wconf 82' lang='lat' dir='ltr'>dentiae</span> <span class='ocrx_word' id='word_1_542' title='bbox 307 2669 429 2700; x_wconf 91' lang='lat' dir='ltr'>subsidio</span> <span class='ocrx_word' id='word_1_543' title='bbox 443 2670 606 2708; x_wconf 82' lang='lat' dir='ltr'>corrigatur.</span> 
     </span>
    </p>

    <p class='ocr_par' dir='ltr' id='par_1_18' title="bbox 187 2707 1264 3163">
     <span class='ocr_line' id='line_1_74' title="bbox 228 2707 1257 2748; baseline 0.005 -10"><span class='ocrx_word' id='word_1_544' title='bbox 228 2708 302 2740; x_wconf 85' lang='lat' dir='ltr'>Sane</span> <span class='ocrx_word' id='word_1_545' title='bbox 313 2707 475 2739; x_wconf 88' lang='lat' dir='ltr'>venerabilis</span> <span class='ocrx_word' id='word_1_546' title='bbox 488 2707 570 2738; x_wconf 88' lang='lat' dir='ltr'>frater</span> <span class='ocrx_word' id='word_1_547' title='bbox 581 2708 679 2739; x_wconf 92' lang='lat' dir='ltr'>noster</span> <span class='ocrx_word' id='word_1_548' title='bbox 692 2731 701 2747; x_wconf 89' lang='lat'>,</span> <span class='ocrx_word' id='word_1_549' title='bbox 730 2708 767 2740; x_wconf 93' lang='lat' dir='ltr'>A.</span> <span class='ocrx_word' id='word_1_550' title='bbox 782 2707 965 2748; x_wconf 82' lang='lat' dir='ltr'>Archiepisco</span> <span class='ocrx_word' id='word_1_551' title='bbox 986 2721 1016 2741; x_wconf 90' lang='lat' dir='ltr'>us</span> <span class='ocrx_word' id='word_1_552' title='bbox 1029 2711 1200 2743; x_wconf 86' lang='lat' dir='ltr'>Armachan.</span> <span class='ocrx_word' id='word_1_553' title='bbox 1214 2722 1257 2743; x_wconf 64' lang='lat' dir='ltr'>re⁴</span> 
     </span>
     <span class='ocr_line' id='line_1_75' title="bbox 187 2746 1258 2782; baseline 0.003 -4"><span class='ocrx_word' id='word_1_554' title='bbox 187 2747 253 2778; x_wconf 86' lang='lat' dir='ltr'>tulit</span> <span class='ocrx_word' id='word_1_555' title='bbox 265 2757 363 2778; x_wconf 89' lang='lat' dir='ltr'>coram</span> <span class='ocrx_word' id='word_1_556' title='bbox 375 2746 457 2776; x_wconf 89' lang='lat' dir='ltr'>nobis</span> <span class='ocrx_word' id='word_1_557' title='bbox 490 2746 548 2776; x_wconf 90' lang='lat' dir='ltr'>uod</span> <span class='ocrx_word' id='word_1_558' title='bbox 597 2756 665 2777; x_wconf 89' lang='lat' dir='ltr'>curn</span> <span class='ocrx_word' id='word_1_559' title='bbox 686 2748 773 2778; x_wconf 81' lang='lat' dir='ltr'>bonae</span> <span class='ocrx_word' id='word_1_560' title='bbox 791 2750 938 2780; x_wconf 81' lang='lat' dir='ltr'>memoriae</span> <span class='ocrx_word' id='word_1_561' title='bbox 995 2772 1000 2777; x_wconf 88' lang='lat'>.</span> <span class='ocrx_word' id='word_1_562' title='bbox 1015 2751 1186 2781; x_wconf 88' lang='lat' dir='ltr'>Armachan.</span> <span class='ocrx_word' id='word_1_563' title='bbox 1203 2751 1258 2782; x_wconf 85' lang='lat' dir='ltr'>Ar-</span> 
     </span>
     <span class='ocr_line' id='line_1_76' title="bbox 188 2769 1259 2828; baseline 0.006 -13"><span class='ocrx_word' id='word_1_564' title='bbox 188 2785 255 2816; x_wconf 89' lang='lat' dir='ltr'>chie</span> <span class='ocrx_word' id='word_1_565' title='bbox 274 2786 399 2824; x_wconf 87' lang='lat' dir='ltr'>iscopus,</span> <span class='ocrx_word' id='word_1_566' title='bbox 416 2793 473 2822; x_wconf 86' lang='lat' dir='ltr'>prae</span> <span class='ocrx_word' id='word_1_567' title='bbox 495 2769 600 2815; x_wconf 68' lang='lat' dir='ltr'>eceisor</span> <span class='ocrx_word' id='word_1_568' title='bbox 621 2785 721 2824; x_wconf 81' lang='lat' dir='ltr'>ipsius,</span> <span class='ocrx_word' id='word_1_569' title='bbox 738 2795 792 2825; x_wconf 89' lang='lat' dir='ltr'>pro</span> <span class='ocrx_word' id='word_1_570' title='bbox 808 2784 955 2826; x_wconf 85' lang='lat' dir='ltr'>Primatia,</span> <span class='ocrx_word' id='word_1_571' title='bbox 971 2788 1007 2818; x_wconf 91' lang='lat' dir='ltr'>de</span> <span class='ocrx_word' id='word_1_572' title='bbox 1021 2788 1075 2828; x_wconf 67' lang='lat' dir='ltr'>qua</span> <span class='ocrx_word' id='word_1_573' title='bbox 1091 2799 1159 2821; x_wconf 91' lang='lat' dir='ltr'>curn</span> <span class='ocrx_word' id='word_1_574' title='bbox 1173 2800 1259 2820; x_wconf 89' lang='lat' dir='ltr'>vene-</span> 
     </span>
     <span class='ocr_line' id='line_1_77' title="bbox 190 2794 1259 2868; baseline 0.006 -14"><span class='ocrx_word' id='word_1_575' title='bbox 190 2794 273 2854; x_wconf 69' lang='lat' dir='ltr'>rabisi</span> <span class='ocrx_word' id='word_1_576' title='bbox 285 2824 369 2855; x_wconf 88' lang='lat' dir='ltr'>fratre</span> <span class='ocrx_word' id='word_1_577' title='bbox 381 2822 480 2853; x_wconf 88' lang='lat' dir='ltr'>nostro</span> <span class='ocrx_word' id='word_1_578' title='bbox 586 2823 742 2855; x_wconf 91' lang='lat' dir='ltr'>Tuamenfi</span> <span class='ocrx_word' id='word_1_579' title='bbox 764 2825 986 2867; x_wconf 87' lang='lat' dir='ltr'>Archiepiscopo</span> <span class='ocrx_word' id='word_1_580' title='bbox 1002 2829 1208 2868; x_wconf 77' lang='lat' dir='ltr'>contendebat,</span> <span class='ocrx_word' id='word_1_581' title='bbox 1225 2830 1259 2859; x_wconf 89' lang='lat'>&amp;</span> 
     </span>
     <span class='ocr_line' id='line_1_78' title="bbox 192 2861 1259 2905; baseline 0.005 -13"><span class='ocrx_word' id='word_1_582' title='bbox 192 2861 357 2902; x_wconf 88' lang='lat' dir='ltr'>quibusdam</span> <span class='ocrx_word' id='word_1_583' title='bbox 369 2862 424 2892; x_wconf 89' lang='lat' dir='ltr'>aliis</span> <span class='ocrx_word' id='word_1_584' title='bbox 437 2862 504 2899; x_wconf 86' lang='lat' dir='ltr'>suis,</span> <span class='ocrx_word' id='word_1_585' title='bbox 518 2862 552 2893; x_wconf 90' lang='lat'>&amp;</span> <span class='ocrx_word' id='word_1_586' title='bbox 567 2861 702 2893; x_wconf 78' lang='lat' dir='ltr'>Ecclesiae</span> <span class='ocrx_word' id='word_1_587' title='bbox 723 2862 859 2895; x_wconf 88' lang='lat' dir='ltr'>Armach.</span> <span class='ocrx_word' id='word_1_588' title='bbox 880 2866 1016 2905; x_wconf 81' lang='lat' dir='ltr'>negotiis,</span> <span class='ocrx_word' id='word_1_589' title='bbox 1034 2866 1070 2896; x_wconf 90' lang='lat' dir='ltr'>de</span> <span class='ocrx_word' id='word_1_590' title='bbox 1084 2867 1194 2898; x_wconf 87' lang='lat' dir='ltr'>licentia</span> <span class='ocrx_word' id='word_1_591' title='bbox 1212 2876 1259 2897; x_wconf 89' lang='lat' dir='ltr'>tua</span> 
     </span>
     <span class='ocr_line' id='line_1_79' title="bbox 193 2900 1260 2946; baseline 0.007 -16"><span class='ocrx_word' id='word_1_592' title='bbox 193 2901 245 2931; x_wconf 89' lang='lat' dir='ltr'>iter</span> <span class='ocrx_word' id='word_1_593' title='bbox 257 2902 386 2942; x_wconf 83' lang='lat' dir='ltr'>arripiens</span> <span class='ocrx_word' id='word_1_594' title='bbox 399 2900 434 2931; x_wconf 89' lang='lat' dir='ltr'>ad</span> <span class='ocrx_word' id='word_1_595' title='bbox 446 2900 537 2931; x_wconf 89' lang='lat' dir='ltr'>sedem</span> <span class='ocrx_word' id='word_1_596' title='bbox 553 2900 752 2939; x_wconf 87' lang='lat' dir='ltr'>Apostolicam</span> <span class='ocrx_word' id='word_1_597' title='bbox 766 2902 919 2942; x_wconf 80' lang='lat' dir='ltr'>veniendi,</span> <span class='ocrx_word' id='word_1_598' title='bbox 945 2904 1130 2936; x_wconf 84' lang='lat' dir='ltr'>constituisset</span> <span class='ocrx_word' id='word_1_599' title='bbox 1143 2914 1260 2946; x_wconf 86' lang='lat' dir='ltr'>quatuor</span> 
     </span>
     <span class='ocr_line' id='line_1_80' title="bbox 194 2938 1261 2982; baseline 0.005 -12"><span class='ocrx_word' id='word_1_600' title='bbox 194 2938 394 2971; x_wconf 83' lang='lat' dir='ltr'>Procuratores</span> <span class='ocrx_word' id='word_1_601' title='bbox 402 2938 462 2979; x_wconf 89' lang='lat' dir='ltr'>(qui</span> <span class='ocrx_word' id='word_1_602' title='bbox 471 2939 621 2982; x_wconf 73' lang='lat' dir='ltr'>vulgariter</span> <span class='ocrx_word' id='word_1_603' title='bbox 635 2941 665 2970; x_wconf 90' lang='lat' dir='ltr'>in</span> <span class='ocrx_word' id='word_1_604' title='bbox 680 2941 802 2979; x_wconf 88' lang='lat' dir='ltr'>partibus</span> <span class='ocrx_word' id='word_1_605' title='bbox 817 2942 867 2972; x_wconf 87' lang='lat' dir='ltr'>illis</span> <span class='ocrx_word' id='word_1_606' title='bbox 879 2945 1010 2974; x_wconf 87' lang='lat' dir='ltr'>attornati</span> <span class='ocrx_word' id='word_1_607' title='bbox 1021 2946 1170 2982; x_wconf 88' lang='lat' dir='ltr'>vocantur)</span> <span class='ocrx_word' id='word_1_608' title='bbox 1189 2955 1261 2975; x_wconf 83' lang='lat' dir='ltr'>con—</span> 
     </span>
     <span class='ocr_line' id='line_1_81' title="bbox 196 2977 1260 3023; baseline 0.006 -15"><span class='ocrx_word' id='word_1_609' title='bbox 196 2978 271 3009; x_wconf 77' lang='lat' dir='ltr'>cessa</span> <span class='ocrx_word' id='word_1_610' title='bbox 285 2979 338 3016; x_wconf 87' lang='lat' dir='ltr'>eis,</span> <span class='ocrx_word' id='word_1_611' title='bbox 353 2979 383 3007; x_wconf 90' lang='lat' dir='ltr'>in</span> <span class='ocrx_word' id='word_1_612' title='bbox 397 2977 531 3008; x_wconf 90' lang='lat' dir='ltr'>omnibus</span> <span class='ocrx_word' id='word_1_613' title='bbox 543 2979 627 3009; x_wconf 85' lang='lat' dir='ltr'>causis</span> <span class='ocrx_word' id='word_1_614' title='bbox 640 2980 725 3010; x_wconf 90' lang='lat' dir='ltr'>moris</span> <span class='ocrx_word' id='word_1_615' title='bbox 739 3002 748 3018; x_wconf 83' lang='grc'>,</span> <span class='ocrx_word' id='word_1_616' title='bbox 774 2980 808 3011; x_wconf 87' lang='lat'>&amp;</span> <span class='ocrx_word' id='word_1_617' title='bbox 822 2981 970 3012; x_wconf 86' lang='lat' dir='ltr'>movendis</span> <span class='ocrx_word' id='word_1_618' title='bbox 983 2990 1082 3014; x_wconf 88' lang='lat' dir='ltr'>contra</span> <span class='ocrx_word' id='word_1_619' title='bbox 1099 2983 1207 3023; x_wconf 88' lang='lat' dir='ltr'>ipsum,</span> <span class='ocrx_word' id='word_1_620' title='bbox 1226 2993 1260 3014; x_wconf 83' lang='lat' dir='ltr'>ac</span> 
     </span>
     <span class='ocr_line' id='line_1_82' title="bbox 197 3015 1261 3059; baseline 0.007 -14"><span class='ocrx_word' id='word_1_621' title='bbox 197 3016 317 3047; x_wconf 90' lang='lat' dir='ltr'>eandem</span> <span class='ocrx_word' id='word_1_622' title='bbox 331 3015 504 3053; x_wconf 76' lang='lat' dir='ltr'>Ecclesiam,</span> <span class='ocrx_word' id='word_1_623' title='bbox 523 3016 553 3047; x_wconf 91' lang='lat' dir='ltr'>in</span> <span class='ocrx_word' id='word_1_624' title='bbox 568 3024 630 3056; x_wconf 87' lang='lat' dir='ltr'>tua,</span> <span class='ocrx_word' id='word_1_625' title='bbox 647 3017 693 3048; x_wconf 84' lang='lat' dir='ltr'>seu</span> <span class='ocrx_word' id='word_1_626' title='bbox 704 3016 922 3057; x_wconf 88' lang='lat' dir='ltr'>justiciariorum</span> <span class='ocrx_word' id='word_1_627' title='bbox 936 3043 946 3058; x_wconf 94' lang='lat'>,</span> <span class='ocrx_word' id='word_1_628' title='bbox 968 3021 1002 3052; x_wconf 88' lang='lat'>&amp;</span> <span class='ocrx_word' id='word_1_629' title='bbox 1015 3022 1205 3059; x_wconf 86' lang='lat' dir='ltr'>quorumlibet</span> <span class='ocrx_word' id='word_1_630' title='bbox 1217 3022 1261 3052; x_wconf 92' lang='lat' dir='ltr'>of-</span> 
     </span>
     <span class='ocr_line' id='line_1_83' title="bbox 199 3054 1264 3100; baseline 0.008 -16"><span class='ocrx_word' id='word_1_631' title='bbox 199 3054 334 3086; x_wconf 91' lang='lat' dir='ltr'>ficialium</span> <span class='ocrx_word' id='word_1_632' title='bbox 349 3063 462 3086; x_wconf 88' lang='lat' dir='ltr'>tuorum</span> <span class='ocrx_word' id='word_1_633' title='bbox 472 3055 562 3092; x_wconf 84' lang='lat' dir='ltr'>curia,</span> <span class='ocrx_word' id='word_1_634' title='bbox 581 3055 699 3095; x_wconf 82' lang='lat' dir='ltr'>agendi,</span> <span class='ocrx_word' id='word_1_635' title='bbox 715 3057 899 3099; x_wconf 78' lang='lat' dir='ltr'>respondendi·</span> <span class='ocrx_word' id='word_1_636' title='bbox 909 3081 920 3098; x_wconf 83' lang='grc'>,</span> <span class='ocrx_word' id='word_1_637' title='bbox 938 3059 973 3091; x_wconf 88' lang='lat'>&amp;</span> <span class='ocrx_word' id='word_1_638' title='bbox 993 3058 1178 3100; x_wconf 83' lang='lat' dir='ltr'>defendendi,</span> <span class='ocrx_word' id='word_1_639' title='bbox 1196 3061 1264 3091; x_wconf 90' lang='lat' dir='ltr'>libe-</span> 
     </span>
     <span class='ocr_line' id='line_1_84' title="bbox 202 3091 580 3163; baseline -0.008 -38"><span class='ocrx_word' id='word_1_640' title='bbox 202 3103 231 3125; x_wconf 86' lang='lat' dir='ltr'>ra</span> <span class='ocrx_word' id='word_1_641' title='bbox 245 3094 413 3163; x_wconf 59' lang='lat' dir='ltr'>&amp;Iglenaria</span> <span class='ocrx_word' id='word_1_642' title='bbox 427 3091 580 3137; x_wconf 76' lang='lat' dir='ltr'>potestate,</span> 
     </span>
    </p>

    <p class='ocr_par' dir='ltr' id='par_1_19' title="bbox 202 3130 1267 3437">
     <span class='ocr_line' id='line_1_85' title="bbox 242 3130 1162 3171; baseline 0.005 -8"><span class='ocrx_word' id='word_1_643' title='bbox 242 3133 262 3153; x_wconf 64' lang='lat'>³*</span> <span class='ocrx_word' id='word_1_644' title='bbox 312 3132 383 3164; x_wconf 57' lang='lat' dir='ltr'>iiius</span> <span class='ocrx_word' id='word_1_645' title='bbox 390 3130 570 3171; x_wconf 87' lang='lat' dir='ltr'>Archiepisco</span> <span class='ocrx_word' id='word_1_646' title='bbox 591 3131 768 3166; x_wconf 89' lang='lat' dir='ltr'>usTuamen.</span> <span class='ocrx_word' id='word_1_647' title='bbox 781 3136 815 3168; x_wconf 91' lang='lat'>&amp;</span> <span class='ocrx_word' id='word_1_648' title='bbox 828 3137 958 3168; x_wconf 86' lang='lat' dir='ltr'>venerab.</span> <span class='ocrx_word' id='word_1_649' title='bbox 971 3136 1054 3168; x_wconf 87' lang='lat' dir='ltr'>frater</span> <span class='ocrx_word' id='word_1_650' title='bbox 1065 3137 1162 3169; x_wconf 90' lang='lat' dir='ltr'>noster</span> 
     </span>
     <span class='ocr_line' id='line_1_86' title="bbox 203 3170 1266 3216; baseline 0.005 -13"><span class='ocrx_word' id='word_1_651' title='bbox 203 3171 362 3210; x_wconf 88' lang='lat' dir='ltr'>Episcopus</span> <span class='ocrx_word' id='word_1_652' title='bbox 375 3170 553 3202; x_wconf 88' lang='lat' dir='ltr'>Clochoren.</span> <span class='ocrx_word' id='word_1_653' title='bbox 581 3171 684 3201; x_wconf 87' lang='lat' dir='ltr'>cientes</span> <span class='ocrx_word' id='word_1_654' title='bbox 703 3174 780 3212; x_wconf 91' lang='lat' dir='ltr'>quod</span> <span class='ocrx_word' id='word_1_655' title='bbox 797 3186 853 3206; x_wconf 88' lang='lat' dir='ltr'>nec</span> <span class='ocrx_word' id='word_1_656' title='bbox 868 3176 955 3206; x_wconf 90' lang='lat' dir='ltr'>iidem</span> <span class='ocrx_word' id='word_1_657' title='bbox 974 3175 1173 3208; x_wconf 87' lang='lat' dir='ltr'>Procuratores</span> <span class='ocrx_word' id='word_1_658' title='bbox 1186 3200 1196 3216; x_wconf 90' lang='lat'>,</span> <span class='ocrx_word' id='word_1_659' title='bbox 1221 3176 1266 3207; x_wconf 83' lang='lat' dir='ltr'>vel</span> 
     </span>
     <span class='ocr_line' id='line_1_87' title="bbox 202 3209 1265 3255; baseline 0.006 -15"><span class='ocrx_word' id='word_1_660' title='bbox 202 3211 332 3241; x_wconf 87' lang='lat' dir='ltr'>attornati</span> <span class='ocrx_word' id='word_1_661' title='bbox 351 3210 462 3241; x_wconf 69' lang='lat' dir='ltr'>dictum</span> <span class='ocrx_word' id='word_1_662' title='bbox 478 3209 517 3240; x_wconf 89' lang='lat' dir='ltr'>R.</span> <span class='ocrx_word' id='word_1_663' title='bbox 536 3209 790 3253; x_wconf 83' lang='lat' dir='ltr'>Archiepiscopum</span> <span class='ocrx_word' id='word_1_664' title='bbox 804 3236 814 3251; x_wconf 88' lang='lat'>,</span> <span class='ocrx_word' id='word_1_665' title='bbox 838 3214 991 3246; x_wconf 90' lang='lat' dir='ltr'>secundum</span> <span class='ocrx_word' id='word_1_666' title='bbox 1017 3216 1157 3255; x_wconf 89' lang='lat' dir='ltr'>quandam</span> <span class='ocrx_word' id='word_1_667' title='bbox 1173 3216 1265 3255; x_wconf 86' lang='lat' dir='ltr'>legem</span> 
     </span>
     <span class='ocr_line' id='line_1_88' title="bbox 207 3248 1265 3292; baseline 0.005 -13"><span class='ocrx_word' id='word_1_668' title='bbox 207 3248 306 3288; x_wconf 89' lang='lat' dir='ltr'>Regni</span> <span class='ocrx_word' id='word_1_669' title='bbox 318 3250 374 3286; x_wconf 88' lang='lat' dir='ltr'>tui,</span> <span class='ocrx_word' id='word_1_670' title='bbox 394 3258 453 3279; x_wconf 91' lang='lat' dir='ltr'>non</span> <span class='ocrx_word' id='word_1_671' title='bbox 467 3248 523 3278; x_wconf 88' lang='lat' dir='ltr'>fine</span> <span class='ocrx_word' id='word_1_672' title='bbox 532 3248 598 3286; x_wconf 84' lang='lat' dir='ltr'>juris</span> <span class='ocrx_word' id='word_1_673' title='bbox 610 3249 710 3286; x_wconf 77' lang='lat' dir='ltr'>injuria</span> <span class='ocrx_word' id='word_1_674' title='bbox 725 3250 828 3282; x_wconf 84' lang='lat' dir='ltr'>editam</span> <span class='ocrx_word' id='word_1_675' title='bbox 837 3275 847 3292; x_wconf 85' lang='lat'>,</span> <span class='ocrx_word' id='word_1_676' title='bbox 865 3253 894 3283; x_wconf 90' lang='lat' dir='ltr'>in</span> <span class='ocrx_word' id='word_1_677' title='bbox 909 3253 994 3284; x_wconf 89' lang='lat' dir='ltr'>causis</span> <span class='ocrx_word' id='word_1_678' title='bbox 1006 3254 1154 3284; x_wconf 90' lang='lat' dir='ltr'>movendis</span> <span class='ocrx_word' id='word_1_679' title='bbox 1168 3254 1265 3284; x_wconf 90' lang='lat' dir='ltr'>defen—</span> 
     </span>
     <span class='ocr_line' id='line_1_89' title="bbox 202 3285 1266 3332; baseline 0.006 -15"><span class='ocrx_word' id='word_1_680' title='bbox 202 3287 286 3325; x_wconf 82' lang='lat' dir='ltr'>dere,</span> <span class='ocrx_word' id='word_1_681' title='bbox 304 3297 358 3317; x_wconf 92' lang='lat' dir='ltr'>nec</span> <span class='ocrx_word' id='word_1_682' title='bbox 372 3287 446 3325; x_wconf 85' lang='lat' dir='ltr'>ipse,</span> <span class='ocrx_word' id='word_1_683' title='bbox 461 3287 511 3316; x_wconf 90' lang='lat' dir='ltr'>nisi</span> <span class='ocrx_word' id='word_1_684' title='bbox 525 3285 643 3324; x_wconf 67' lang='lat' dir='ltr'>praesens</span> <span class='ocrx_word' id='word_1_685' title='bbox 657 3286 726 3317; x_wconf 81' lang='lat' dir='ltr'>effer</span> <span class='ocrx_word' id='word_1_686' title='bbox 736 3298 833 3320; x_wconf 86' lang='lat' dir='ltr'>coram</span> <span class='ocrx_word' id='word_1_687' title='bbox 847 3301 876 3321; x_wconf 91' lang='lat' dir='ltr'>te</span> <span class='ocrx_word' id='word_1_688' title='bbox 889 3315 898 3330; x_wconf 91' lang='lat'>,</span> <span class='ocrx_word' id='word_1_689' title='bbox 921 3293 965 3323; x_wconf 93' lang='lat' dir='ltr'>vel</span> <span class='ocrx_word' id='word_1_690' title='bbox 987 3292 1069 3323; x_wconf 67' lang='lat' dir='ltr'>dietis</span> <span class='ocrx_word' id='word_1_691' title='bbox 1085 3292 1266 3332; x_wconf 87' lang='lat' dir='ltr'>Justiciariis,</span> 
     </span>
     <span class='ocr_line' id='line_1_90' title="bbox 203 3324 1267 3374; baseline 0.006 -19"><span class='ocrx_word' id='word_1_692' title='bbox 203 3325 422 3355; x_wconf 84' lang='lat' dir='ltr'>Procuratorem</span> <span class='ocrx_word' id='word_1_693' title='bbox 436 3324 605 3355; x_wconf 87' lang='lat' dir='ltr'>constituere</span> <span class='ocrx_word' id='word_1_694' title='bbox 618 3333 746 3363; x_wconf 85' lang='lat' dir='ltr'>poterant</span> <span class='ocrx_word' id='word_1_695' title='bbox 762 3338 772 3365; x_wconf 78' lang='lat'>3</span> <span class='ocrx_word' id='word_1_696' title='bbox 797 3337 894 3360; x_wconf 90' lang='lat' dir='ltr'>contra</span> <span class='ocrx_word' id='word_1_697' title='bbox 908 3331 1031 3361; x_wconf 91' lang='lat' dir='ltr'>eundern</span> <span class='ocrx_word' id='word_1_698' title='bbox 1046 3331 1085 3361; x_wconf 90' lang='lat' dir='ltr'>R.</span> <span class='ocrx_word' id='word_1_699' title='bbox 1101 3331 1180 3374; x_wconf 85' lang='lat' dir='ltr'>super</span> <span class='ocrx_word' id='word_1_700' title='bbox 1194 3332 1267 3361; x_wconf 87' lang='lat' dir='ltr'>Tar-</span> 
     </span>
     <span class='ocr_line' id='line_1_91' title="bbox 202 3361 1266 3410; baseline 0.006 -16"><span class='ocrx_word' id='word_1_701' title='bbox 202 3363 384 3403; x_wconf 88' lang='lat' dir='ltr'>menfethyn,</span> <span class='ocrx_word' id='word_1_702' title='bbox 402 3361 629 3406; x_wconf 31' lang='lat' dir='ltr'>Kilchocaru&amp;</span> <span class='ocrx_word' id='word_1_703' title='bbox 639 3363 804 3408; x_wconf 78' lang='lat' dir='ltr'>quibusdam</span> <span class='ocrx_word' id='word_1_704' title='bbox 817 3367 874 3398; x_wconf 87' lang='lat' dir='ltr'>aliis</span> <span class='ocrx_word' id='word_1_705' title='bbox 891 3370 968 3400; x_wconf 86' lang='lat' dir='ltr'>terris</span> <span class='ocrx_word' id='word_1_706' title='bbox 989 3379 1022 3400; x_wconf 93' lang='lat' dir='ltr'>ac</span> <span class='ocrx_word' id='word_1_707' title='bbox 1037 3369 1266 3410; x_wconf 76' lang='lat' dir='ltr'>possessionibus,</span> 
     </span>
     <span class='ocr_line' id='line_1_92' title="bbox 203 3400 948 3437; baseline 0.005 -4"><span class='ocrx_word' id='word_1_708' title='bbox 203 3409 355 3433; x_wconf 90' lang='lat' dir='ltr'>moverunt</span> <span class='ocrx_word' id='word_1_709' title='bbox 367 3401 505 3432; x_wconf 77' lang='lat' dir='ltr'>malitiose</span> <span class='ocrx_word' id='word_1_710' title='bbox 516 3402 547 3431; x_wconf 90' lang='lat' dir='ltr'>in</span> <span class='ocrx_word' id='word_1_711' title='bbox 559 3400 634 3432; x_wconf 66' lang='lat' dir='ltr'>didra</span> <span class='ocrx_word' id='word_1_712' title='bbox 648 3400 736 3433; x_wconf 79' lang='lat' dir='ltr'>Curia</span> <span class='ocrx_word' id='word_1_713' title='bbox 767 3404 948 3437; x_wconf 87' lang='lat' dir='ltr'>uaestionem:</span> 
     </span>
    </p>

    <p class='ocr_par' dir='ltr' id='par_1_20' title="bbox 202 3438 1267 3601">
     <span class='ocr_line' id='line_1_93' title="bbox 242 3438 1266 3478; baseline 0.006 -7"><span class='ocrx_word' id='word_1_714' title='bbox 242 3441 280 3471; x_wconf 91' lang='lat' dir='ltr'>Et</span> <span class='ocrx_word' id='word_1_715' title='bbox 300 3441 366 3471; x_wconf 91' lang='lat' dir='ltr'>licet</span> <span class='ocrx_word' id='word_1_716' title='bbox 386 3439 494 3478; x_wconf 74' lang='lat' dir='ltr'>praefati</span> <span class='ocrx_word' id='word_1_717' title='bbox 510 3438 727 3478; x_wconf 86' lang='lat' dir='ltr'>Procuratores,</span> <span class='ocrx_word' id='word_1_718' title='bbox 760 3452 795 3473; x_wconf 91' lang='lat' dir='ltr'>eu</span> <span class='ocrx_word' id='word_1_719' title='bbox 812 3445 941 3475; x_wconf 84' lang='lat' dir='ltr'>attornati</span> <span class='ocrx_word' id='word_1_720' title='bbox 987 3446 1119 3477; x_wconf 85' lang='lat' dir='ltr'>habentes</span> <span class='ocrx_word' id='word_1_721' title='bbox 1139 3446 1266 3477; x_wconf 88' lang='lat' dir='ltr'>mandata</span> 
     </span>
     <span class='ocr_line' id='line_1_94' title="bbox 202 3468 1267 3523; baseline 0.004 -13"><span class='ocrx_word' id='word_1_722' title='bbox 202 3479 366 3511; x_wconf 84' lang='lat' dir='ltr'>sufficientia</span> <span class='ocrx_word' id='word_1_723' title='bbox 379 3478 414 3509; x_wconf 91' lang='lat' dir='ltr'>ad</span> <span class='ocrx_word' id='word_1_724' title='bbox 427 3477 566 3518; x_wconf 73' lang='lat' dir='ltr'>praemissa</span> <span class='ocrx_word' id='word_1_725' title='bbox 577 3479 692 3517; x_wconf 86' lang='lat' dir='ltr'>omnia,</span> <span class='ocrx_word' id='word_1_726' title='bbox 710 3478 738 3509; x_wconf 90' lang='lat' dir='ltr'>se</span> <span class='ocrx_word' id='word_1_727' title='bbox 749 3480 774 3511; x_wconf 89' lang='lat' dir='ltr'>fr</span> <span class='ocrx_word' id='word_1_728' title='bbox 810 3491 906 3513; x_wconf 89' lang='lat' dir='ltr'>uenter</span> <span class='ocrx_word' id='word_1_729' title='bbox 927 3468 963 3514; x_wconf 68' lang='lat' dir='ltr'>ad’</span> <span class='ocrx_word' id='word_1_730' title='bbox 974 3484 1166 3516; x_wconf 78' lang='lat' dir='ltr'>defensionem</span> <span class='ocrx_word' id='word_1_731' title='bbox 1184 3485 1267 3523; x_wconf 87' lang='lat' dir='ltr'>ipsius</span> 
     </span>
     <span class='ocr_line' id='line_1_95' title="bbox 204 3517 1267 3560; baseline 0.004 -11"><span class='ocrx_word' id='word_1_732' title='bbox 204 3519 245 3549; x_wconf 88' lang='lat' dir='ltr'>R.</span> <span class='ocrx_word' id='word_1_733' title='bbox 262 3520 339 3556; x_wconf 89' lang='lat' dir='ltr'>super</span> <span class='ocrx_word' id='word_1_734' title='bbox 353 3517 404 3547; x_wconf 88' lang='lat' dir='ltr'>hiis</span> <span class='ocrx_word' id='word_1_735' title='bbox 416 3525 539 3557; x_wconf 83' lang='lat' dir='ltr'>paratos,</span> <span class='ocrx_word' id='word_1_736' title='bbox 553 3525 607 3547; x_wconf 91' lang='lat' dir='ltr'>nec</span> <span class='ocrx_word' id='word_1_737' title='bbox 621 3526 684 3560; x_wconf 80' lang='lat' dir='ltr'>non</span> <span class='ocrx_word' id='word_1_738' title='bbox 695 3517 732 3547; x_wconf 91' lang='lat' dir='ltr'>de</span> <span class='ocrx_word' id='word_1_739' title='bbox 745 3520 794 3549; x_wconf 85' lang='lat' dir='ltr'>rati</span> <span class='ocrx_word' id='word_1_740' title='bbox 815 3521 938 3552; x_wconf 89' lang='lat' dir='ltr'>abitione</span> <span class='ocrx_word' id='word_1_741' title='bbox 951 3522 986 3552; x_wconf 88' lang='lat' dir='ltr'>ad</span> <span class='ocrx_word' id='word_1_742' title='bbox 1003 3523 1189 3555; x_wconf 85' lang='lat' dir='ltr'>exhibendam</span> <span class='ocrx_word' id='word_1_743' title='bbox 1204 3523 1267 3554; x_wconf 89' lang='lat' dir='ltr'>ido-</span> 
     </span>
     <span class='ocr_line' id='line_1_96' title="bbox 204 3554 1057 3601; baseline 0.006 -13"><span class='ocrx_word' id='word_1_744' title='bbox 204 3567 289 3588; x_wconf 86' lang='lat' dir='ltr'>neam</span> <span class='ocrx_word' id='word_1_745' title='bbox 303 3557 464 3587; x_wconf 89' lang='lat' dir='ltr'>cautionem</span> <span class='ocrx_word' id='word_1_746' title='bbox 472 3579 482 3594; x_wconf 83' lang='lat'>,</span> <span class='ocrx_word' id='word_1_747' title='bbox 501 3564 600 3586; x_wconf 86' lang='lat' dir='ltr'>coram</span> <span class='ocrx_word' id='word_1_748' title='bbox 613 3554 696 3598; x_wconf 61' lang='lat' dir='ltr'>dietis</span> <span class='ocrx_word' id='word_1_749' title='bbox 704 3554 864 3594; x_wconf 84' lang='lat' dir='ltr'>Justiciariis</span> <span class='ocrx_word' id='word_1_750' title='bbox 876 3559 1057 3601; x_wconf 71' lang='lat' dir='ltr'>obtuliffent3</span> 
     </span>
    </p>

    <p class='ocr_par' dir='ltr' id='par_1_21' title="bbox 242 3592 1267 3640">
     <span class='ocr_line' id='line_1_97' title="bbox 242 3592 1267 3640; baseline 0.005 -14"><span class='ocrx_word' id='word_1_751' title='bbox 242 3595 296 3633; x_wconf 89' lang='lat' dir='ltr'>Ipsi</span> <span class='ocrx_word' id='word_1_752' title='bbox 307 3603 401 3626; x_wconf 89' lang='lat' dir='ltr'>tamen</span> <span class='ocrx_word' id='word_1_753' title='bbox 412 3593 563 3632; x_wconf 84' lang='lat' dir='ltr'>Justiciarii</span> <span class='ocrx_word' id='word_1_754' title='bbox 575 3616 585 3631; x_wconf 88' lang='lat'>,</span> <span class='ocrx_word' id='word_1_755' title='bbox 602 3592 637 3623; x_wconf 91' lang='lat' dir='ltr'>ad</span> <span class='ocrx_word' id='word_1_756' title='bbox 653 3593 810 3626; x_wconf 86' lang='lat' dir='ltr'>instantiam</span> <span class='ocrx_word' id='word_1_757' title='bbox 825 3598 908 3634; x_wconf 86' lang='lat' dir='ltr'>partis</span> <span class='ocrx_word' id='word_1_758' title='bbox 920 3598 1041 3630; x_wconf 73' lang='lat' dir='ltr'>adversae</span> <span class='ocrx_word' id='word_1_759' title='bbox 1056 3624 1066 3639; x_wconf 88' lang='lat'>‚</span> <span class='ocrx_word' id='word_1_760' title='bbox 1092 3600 1185 3640; x_wconf 89' lang='lat' dir='ltr'>legem</span> <span class='ocrx_word' id='word_1_761' title='bbox 1202 3600 1267 3631; x_wconf 86' lang='lat' dir='ltr'>alle-</span> 
     </span>
    </p>

    <p class='ocr_par' dir='ltr' id='par_1_22' title="bbox 204 3632 1272 3932">
     <span class='ocr_line' id='line_1_98' title="bbox 225 3632 1268 3677; baseline 0.006 -13"><span class='ocrx_word' id='word_1_762' title='bbox 225 3642 300 3664; x_wconf 87' lang='lat' dir='ltr'>antes</span> <span class='ocrx_word' id='word_1_763' title='bbox 312 3633 429 3664; x_wconf 82' lang='lat' dir='ltr'>eandem</span> <span class='ocrx_word' id='word_1_764' title='bbox 437 3655 446 3671; x_wconf 87' lang='lat'>,</span> <span class='ocrx_word' id='word_1_765' title='bbox 460 3632 552 3664; x_wconf 76' lang='lat' dir='ltr'>diCtos</span> <span class='ocrx_word' id='word_1_766' title='bbox 564 3632 763 3664; x_wconf 78' lang='lat' dir='ltr'>Procuratores</span> <span class='ocrx_word' id='word_1_767' title='bbox 775 3633 920 3667; x_wconf 88' lang='lat' dir='ltr'>admittere</span> <span class='ocrx_word' id='word_1_768' title='bbox 933 3636 968 3667; x_wconf 88' lang='lat' dir='ltr'>ad</span> <span class='ocrx_word' id='word_1_769' title='bbox 988 3640 1100 3677; x_wconf 83' lang='lat' dir='ltr'>praefata</span> <span class='ocrx_word' id='word_1_770' title='bbox 1113 3647 1212 3669; x_wconf 87' lang='lat' dir='ltr'>contra</span> <span class='ocrx_word' id='word_1_771' title='bbox 1226 3641 1268 3677; x_wconf 88' lang='lat' dir='ltr'>ju-</span> 
     </span>
     <span class='ocr_line' id='line_1_99' title="bbox 204 3642 1269 3720; baseline 0.005 -17"><span class='ocrx_word' id='word_1_772' title='bbox 204 3642 310 3704; x_wconf 55' lang='lat' dir='ltr'>stiriam</span> <span class='ocrx_word' id='word_1_773' title='bbox 321 3672 502 3712; x_wconf 80' lang='lat' dir='ltr'>denegantes,</span> <span class='ocrx_word' id='word_1_774' title='bbox 517 3681 551 3702; x_wconf 91' lang='lat' dir='ltr'>ac</span> <span class='ocrx_word' id='word_1_775' title='bbox 565 3670 656 3710; x_wconf 90' lang='lat' dir='ltr'>ipsum</span> <span class='ocrx_word' id='word_1_776' title='bbox 674 3670 713 3701; x_wconf 94' lang='lat' dir='ltr'>R.</span> <span class='ocrx_word' id='word_1_777' title='bbox 728 3671 914 3704; x_wconf 86' lang='lat' dir='ltr'>constitutum</span> <span class='ocrx_word' id='word_1_778' title='bbox 933 3676 1006 3715; x_wconf 87' lang='lat' dir='ltr'>apud</span> <span class='ocrx_word' id='word_1_779' title='bbox 1017 3677 1110 3708; x_wconf 85' lang='lat' dir='ltr'>sedem</span> <span class='ocrx_word' id='word_1_780' title='bbox 1125 3677 1269 3720; x_wconf 80' lang='lat' dir='ltr'>Apostoli-</span> 
     </span>
     <span class='ocr_line' id='line_1_100' title="bbox 206 3709 1268 3754; baseline 0.005 -12"><span class='ocrx_word' id='word_1_781' title='bbox 206 3720 271 3742; x_wconf 88' lang='lat' dir='ltr'>cam</span> <span class='ocrx_word' id='word_1_782' title='bbox 286 3734 297 3750; x_wconf 90' lang='lat'>‚</span> <span class='ocrx_word' id='word_1_783' title='bbox 319 3718 476 3749; x_wconf 86' lang='lat' dir='ltr'>reputantes</span> <span class='ocrx_word' id='word_1_784' title='bbox 490 3709 590 3740; x_wconf 90' lang='lat' dir='ltr'>exinde</span> <span class='ocrx_word' id='word_1_785' title='bbox 622 3719 656 3739; x_wconf 91' lang='lat' dir='ltr'>ro</span> <span class='ocrx_word' id='word_1_786' title='bbox 675 3709 724 3739; x_wconf 91' lang='lat' dir='ltr'>suo</span> <span class='ocrx_word' id='word_1_787' title='bbox 745 3710 826 3741; x_wconf 91' lang='lat' dir='ltr'>libito</span> <span class='ocrx_word' id='word_1_788' title='bbox 839 3720 1041 3744; x_wconf 84' lang='lat' dir='ltr'>contumacem</span> <span class='ocrx_word' id='word_1_789' title='bbox 1055 3739 1066 3754; x_wconf 83' lang='lat'>,</span> <span class='ocrx_word' id='word_1_790' title='bbox 1091 3716 1268 3753; x_wconf 81' lang='lat' dir='ltr'>praeientibus</span> 
     </span>
     <span class='ocr_line' id='line_1_101' title="bbox 205 3748 1270 3788; baseline 0.006 -9"><span class='ocrx_word' id='word_1_791' title='bbox 205 3749 309 3780; x_wconf 89' lang='lat' dir='ltr'>eisdem</span> <span class='ocrx_word' id='word_1_792' title='bbox 320 3748 550 3780; x_wconf 86' lang='lat' dir='ltr'>Procuratoribus</span> <span class='ocrx_word' id='word_1_793' title='bbox 563 3771 573 3786; x_wconf 93' lang='lat'>,</span> <span class='ocrx_word' id='word_1_794' title='bbox 607 3748 759 3788; x_wconf 70' lang='lat' dir='ltr'>upradietas</span> <span class='ocrx_word' id='word_1_795' title='bbox 779 3748 961 3788; x_wconf 72' lang='lat' dir='ltr'>possessiones</span> <span class='ocrx_word' id='word_1_796' title='bbox 979 3755 1137 3784; x_wconf 89' lang='lat' dir='ltr'>memoratis</span> <span class='ocrx_word' id='word_1_797' title='bbox 1151 3754 1270 3785; x_wconf 87' lang='lat' dir='ltr'>Archie-</span> 
     </span>
     <span class='ocr_line' id='line_1_102' title="bbox 206 3785 1270 3832; baseline 0.008 -15"><span class='ocrx_word' id='word_1_798' title='bbox 206 3788 470 3827; x_wconf 86' lang='lat' dir='ltr'>piscopoTuamen.</span> <span class='ocrx_word' id='word_1_799' title='bbox 483 3787 516 3818; x_wconf 91' lang='lat'>&amp;</span> <span class='ocrx_word' id='word_1_800' title='bbox 531 3785 674 3824; x_wconf 85' lang='lat' dir='ltr'>Episcopo</span> <span class='ocrx_word' id='word_1_801' title='bbox 686 3786 840 3825; x_wconf 84' lang='lat' dir='ltr'>adjudicare</span> <span class='ocrx_word' id='word_1_802' title='bbox 851 3787 976 3819; x_wconf 76' lang='lat' dir='ltr'>indebite</span> <span class='ocrx_word' id='word_1_803' title='bbox 991 3792 1193 3832; x_wconf 75' lang='lat' dir='ltr'>procurarunt,</span> <span class='ocrx_word' id='word_1_804' title='bbox 1208 3803 1270 3824; x_wconf 86' lang='lat' dir='ltr'>eos-</span> 
     </span>
     <span class='ocr_line' id='line_1_103' title="bbox 206 3824 1270 3869; baseline 0.008 -15"><span class='ocrx_word' id='word_1_805' title='bbox 206 3826 305 3865; x_wconf 88' lang='lat' dir='ltr'>quein</span> <span class='ocrx_word' id='word_1_806' title='bbox 318 3826 516 3867; x_wconf 75' lang='lat' dir='ltr'>possessionem</span> <span class='ocrx_word' id='word_1_807' title='bbox 529 3824 643 3855; x_wconf 90' lang='lat' dir='ltr'>illorum</span> <span class='ocrx_word' id='word_1_808' title='bbox 657 3824 783 3856; x_wconf 88' lang='lat' dir='ltr'>fecerunt</span> <span class='ocrx_word' id='word_1_809' title='bbox 803 3824 918 3869; x_wconf 81' lang='lat' dir='ltr'>induci,</span> <span class='ocrx_word' id='word_1_810' title='bbox 932 3827 962 3856; x_wconf 91' lang='lat' dir='ltr'>in</span> <span class='ocrx_word' id='word_1_811' title='bbox 976 3827 1056 3866; x_wconf 85' lang='lat' dir='ltr'>ipfius</span> <span class='ocrx_word' id='word_1_812' title='bbox 1068 3830 1202 3862; x_wconf 83' lang='lat' dir='ltr'>Ecclesiae</span> <span class='ocrx_word' id='word_1_813' title='bbox 1215 3832 1270 3862; x_wconf 91' lang='lat' dir='ltr'>Ar-</span> 
     </span>
     <span class='ocr_line' id='line_1_104' title="bbox 209 3862 1272 3903; baseline 0.008 -10"><span class='ocrx_word' id='word_1_814' title='bbox 209 3863 304 3894; x_wconf 87' lang='lat' dir='ltr'>mach.</span> <span class='ocrx_word' id='word_1_815' title='bbox 317 3865 528 3903; x_wconf 74' lang='lat' dir='ltr'>praejudicium,</span> <span class='ocrx_word' id='word_1_816' title='bbox 544 3864 578 3896; x_wconf 89' lang='lat'>&amp;</span> <span class='ocrx_word' id='word_1_817' title='bbox 592 3862 722 3895; x_wconf 82' lang='lat' dir='ltr'>libertatis</span> <span class='ocrx_word' id='word_1_818' title='bbox 736 3863 940 3895; x_wconf 85' lang='lat' dir='ltr'>Ecclesiasticae</span> <span class='ocrx_word' id='word_1_819' title='bbox 953 3874 1013 3897; x_wconf 91' lang='lat' dir='ltr'>non</span> <span class='ocrx_word' id='word_1_820' title='bbox 1027 3869 1176 3900; x_wconf 80' lang='lat' dir='ltr'>modicum</span> <span class='ocrx_word' id='word_1_821' title='bbox 1187 3870 1272 3902; x_wconf 91' lang='lat' dir='ltr'>detri-</span> 
     </span>
     <span class='ocr_line' id='line_1_105' title="bbox 211 3909 350 3932; baseline 0 0"><span class='ocrx_word' id='word_1_822' title='bbox 211 3909 350 3932; x_wconf 89' lang='lat' dir='ltr'>mentum.</span> 
     </span>
    </p>

    <p class='ocr_par' dir='ltr' id='par_1_23' title="bbox 211 3939 1273 4063">
     <span class='ocr_line' id='line_1_106' title="bbox 249 3939 1272 3986; baseline 0.008 -17"><span class='ocrx_word' id='word_1_823' title='bbox 249 3939 329 3969; x_wconf 90' lang='lat' dir='ltr'>Cum</span> <span class='ocrx_word' id='word_1_824' title='bbox 339 3941 430 3981; x_wconf 86' lang='lat' dir='ltr'>itaque</span> <span class='ocrx_word' id='word_1_825' title='bbox 444 3951 493 3980; x_wconf 86' lang='lat' dir='ltr'>per</span> <span class='ocrx_word' id='word_1_826' title='bbox 505 3950 532 3973; x_wconf 90' lang='lat' dir='ltr'>te</span> <span class='ocrx_word' id='word_1_827' title='bbox 544 3941 621 3981; x_wconf 89' lang='lat' dir='ltr'>super</span> <span class='ocrx_word' id='word_1_828' title='bbox 633 3943 691 3973; x_wconf 91' lang='lat' dir='ltr'>hoc</span> <span class='ocrx_word' id='word_1_829' title='bbox 700 3964 710 3979; x_wconf 87' lang='lat'>‚</span> <span class='ocrx_word' id='word_1_830' title='bbox 727 3942 775 3981; x_wconf 89' lang='lat' dir='ltr'>qui</span> <span class='ocrx_word' id='word_1_831' title='bbox 790 3941 888 3972; x_wconf 89' lang='lat' dir='ltr'>Deum</span> <span class='ocrx_word' id='word_1_832' title='bbox 903 3942 938 3974; x_wconf 70' lang='grc' dir='ltr'>ὃς</span> <span class='ocrx_word' id='word_1_833' title='bbox 958 3941 1086 3975; x_wconf 87' lang='lat' dir='ltr'>&#39;ustitiam</span> <span class='ocrx_word' id='word_1_834' title='bbox 1102 3945 1190 3986; x_wconf 86' lang='lat' dir='ltr'>diligis</span> <span class='ocrx_word' id='word_1_835' title='bbox 1199 3969 1210 3985; x_wconf 87' lang='lat'>,</span> <span class='ocrx_word' id='word_1_836' title='bbox 1223 3945 1272 3977; x_wconf 90' lang='lat' dir='ltr'>ad-</span> 
     </span>
     <span class='ocr_line' id='line_1_107' title="bbox 211 3977 1272 4020; baseline 0.007 -12"><span class='ocrx_word' id='word_1_837' title='bbox 211 3977 309 4008; x_wconf 79' lang='lat' dir='ltr'>hibere</span> <span class='ocrx_word' id='word_1_838' title='bbox 322 3978 418 4010; x_wconf 86' lang='lat' dir='ltr'>deceat</span> <span class='ocrx_word' id='word_1_839' title='bbox 430 3981 597 4020; x_wconf 75' lang='lat' dir='ltr'>provisionis</span> <span class='ocrx_word' id='word_1_840' title='bbox 607 3980 762 4012; x_wconf 89' lang='lat' dir='ltr'>remedium</span> <span class='ocrx_word' id='word_1_841' title='bbox 776 3979 892 4011; x_wconf 79' lang='lat' dir='ltr'>salutaris</span> <span class='ocrx_word' id='word_1_842' title='bbox 905 4003 915 4019; x_wconf 87' lang='lat'><strong>‚</strong></span> <span class='ocrx_word' id='word_1_843' title='bbox 964 3983 1125 4014; x_wconf 87' lang='lat' dir='ltr'>erenitatem</span> <span class='ocrx_word' id='word_1_844' title='bbox 1139 3993 1217 4015; x_wconf 89' lang='lat' dir='ltr'>tuam</span> <span class='ocrx_word' id='word_1_845' title='bbox 1230 3993 1272 4015; x_wconf 90' lang='lat' dir='ltr'>at-</span> 
     </span>
     <span class='ocr_line' id='line_1_108' title="bbox 212 4017 1273 4063; baseline 0.006 -15"><span class='ocrx_word' id='word_1_846' title='bbox 212 4017 290 4048; x_wconf 79' lang='lat' dir='ltr'>tente</span> <span class='ocrx_word' id='word_1_847' title='bbox 304 4017 456 4055; x_wconf 83' lang='lat' dir='ltr'>rogandam</span> <span class='ocrx_word' id='word_1_848' title='bbox 468 4020 596 4050; x_wconf 82' lang='lat' dir='ltr'>duximus</span> <span class='ocrx_word' id='word_1_849' title='bbox 610 4022 643 4052; x_wconf 91' lang='lat'>&amp;</span> <span class='ocrx_word' id='word_1_850' title='bbox 656 4017 830 4051; x_wconf 87' lang='lat' dir='ltr'>monendam</span> <span class='ocrx_word' id='word_1_851' title='bbox 843 4027 998 4063; x_wconf 76' lang='lat' dir='ltr'>quatenus,</span> <span class='ocrx_word' id='word_1_852' title='bbox 1016 4023 1135 4058; x_wconf 81' lang='lat' dir='ltr'>provide</span> <span class='ocrx_word' id='word_1_853' title='bbox 1147 4022 1273 4053; x_wconf 89' lang='lat' dir='ltr'>conside-</span> 
     </span>
    </p>
   </div>
   <div class='ocr_carea' id='block_1_13' title="bbox 214 4055 1276 4125">
    <p class='ocr_par' dir='ltr' id='par_1_24' title="bbox 214 4055 1276 4125">
     <span class='ocr_line' id='line_1_109' title="bbox 214 4055 1276 4125; baseline 0.008 -40"><span class='ocrx_word' id='word_1_854' title='bbox 214 4063 287 4123; x_wconf 50' lang='lat' dir='ltr'>ranisb</span> <span class='ocrx_word' id='word_1_855' title='bbox 287 4055 369 4123; x_wconf 57' lang='grc' dir='ltr'>31ιέοῗ</span> <span class='ocrx_word' id='word_1_856' title='bbox 382 4055 536 4125; x_wconf 40' lang='lat' dir='ltr'>{lprfjdidta</span> <span class='ocrx_word' id='word_1_857' title='bbox 549 4058 610 4090; x_wconf 81' lang='lat' dir='ltr'>Lex</span> <span class='ocrx_word' id='word_1_858' title='bbox 622 4056 767 4092; x_wconf 83' lang='lat' dir='ltr'>manifeste</span> <span class='ocrx_word' id='word_1_859' title='bbox 781 4058 878 4090; x_wconf 84' lang='lat' dir='ltr'>obviat</span> <span class='ocrx_word' id='word_1_860' title='bbox 888 4056 1019 4091; x_wconf 80' lang='lat' dir='ltr'>institutis</span> <span class='ocrx_word' id='word_1_861' title='bbox 1033 4057 1187 4094; x_wconf 77' lang='lat' dir='ltr'>canonicis</span> <span class='ocrx_word' id='word_1_862' title='bbox 1195 4084 1207 4101; x_wconf 81' lang='lat'>,</span> <span class='ocrx_word' id='word_1_863' title='bbox 1223 4062 1276 4100; x_wconf 87' lang='lat'>&amp;,</span> 
     </span>
    </p>
   </div>
   <div class='ocr_carea' id='block_1_14' title="bbox 1288 144 2310 229">
    <p class='ocr_par' dir='ltr' id='par_1_25' title="bbox 1288 144 2310 229">
     <span class='ocr_line' id='line_1_110' title="bbox 1288 144 2310 229; baseline 0.013 -29"><span class='ocrx_word' id='word_1_864' title='bbox 1288 144 1760 207; x_wconf 61' lang='lat' dir='ltr'>poetica.</span> <span class='ocrx_word' id='word_1_865' title='bbox 2255 189 2310 229; x_wconf 81' lang='lat'>35</span> 
     </span>
    </p>
   </div>
   <div class='ocr_carea' id='block_1_15' title="bbox 1252 246 2458 329">
    <p class='ocr_par' dir='ltr' id='par_1_26' title="bbox 1252 246 2458 329">
     <span class='ocr_line' id='line_1_111' title="bbox 1252 246 2458 299; baseline 0.016 -25"><span class='ocrx_word' id='word_1_866' title='bbox 1252 252 1372 290; x_wconf 72' lang='lat' dir='ltr'>propter</span> <span class='ocrx_word' id='word_1_867' title='bbox 1382 246 1520 292; x_wconf 30' lang='lat' dir='ltr'>hoc,-ea,</span> <span class='ocrx_word' id='word_1_868' title='bbox 1538 260 1602 294; x_wconf 82' lang='lat' dir='ltr'>quae</span> <span class='ocrx_word' id='word_1_869' title='bbox 1614 251 1695 288; x_wconf 85' lang='lat' dir='ltr'>ipsius</span> <span class='ocrx_word' id='word_1_870' title='bbox 1709 260 1844 297; x_wconf 80' lang='lat' dir='ltr'>praetextu</span> <span class='ocrx_word' id='word_1_871' title='bbox 1853 253 1929 297; x_wconf 32' lang='lat' dir='ltr'>*fiunt</span> <span class='ocrx_word' id='word_1_872' title='bbox 1941 278 1952 294; x_wconf 94' lang='lat'>,</span> <span class='ocrx_word' id='word_1_873' title='bbox 1975 265 2068 288; x_wconf 86' lang='lat' dir='ltr'>carere</span> <span class='ocrx_word' id='word_1_874' title='bbox 2079 253 2183 289; x_wconf 88' lang='lat' dir='ltr'>debent</span> <span class='ocrx_word' id='word_1_875' title='bbox 2201 259 2304 291; x_wconf 90' lang='lat' dir='ltr'>robore</span> <span class='ocrx_word' id='word_1_876' title='bbox 2326 269 2402 299; x_wconf 62' lang='lat' dir='ltr'>Anu,</span> <span class='ocrx_word' id='word_1_877' title='bbox 2418 267 2458 299; x_wconf 76' lang='lat' dir='ltr'>D¹</span> 
     </span>
     <span class='ocr_line' id='line_1_112' title="bbox 1252 286 2237 329; baseline 0.016 -17"><span class='ocrx_word' id='word_1_878' title='bbox 1252 286 1401 323; x_wconf 74' lang='lat' dir='ltr'>firmitatis,</span> <span class='ocrx_word' id='word_1_879' title='bbox 1423 286 1577 324; x_wconf 74' lang='lat' dir='ltr'>hujusmodi</span> <span class='ocrx_word' id='word_1_880' title='bbox 1590 290 1749 328; x_wconf 81' lang='lat' dir='ltr'>processum</span> <span class='ocrx_word' id='word_1_881' title='bbox 1759 291 1980 329; x_wconf 88' lang='lat' dir='ltr'>Justiciariorum</span> <span class='ocrx_word' id='word_1_882' title='bbox 1995 304 2109 326; x_wconf 88' lang='lat' dir='ltr'>tuorum</span> <span class='ocrx_word' id='word_1_883' title='bbox 2122 306 2237 327; x_wconf 89' lang='lat' dir='ltr'>revoces</span> 
     </span>
    </p>
   </div>
   <div class='ocr_carea' id='block_1_16' title="bbox 1254 299 2429 405">
    <p class='ocr_par' dir='ltr' id='par_1_27' title="bbox 1254 299 2429 405">
     <span class='ocr_line' id='line_1_113' title="bbox 1254 299 2429 384; baseline 0.014 -33"><span class='ocrx_word' id='word_1_884' title='bbox 1254 325 1380 366; x_wconf 75' lang='lat' dir='ltr'>revocari</span> <span class='ocrx_word' id='word_1_885' title='bbox 1399 323 1496 362; x_wconf 83' lang='lat' dir='ltr'>facias,</span> <span class='ocrx_word' id='word_1_886' title='bbox 1512 335 1544 356; x_wconf 91' lang='lat' dir='ltr'>ac</span> <span class='ocrx_word' id='word_1_887' title='bbox 1567 326 1746 364; x_wconf 63' lang='lat' dir='ltr'>supradictam</span> <span class='ocrx_word' id='word_1_888' title='bbox 1766 329 1918 362; x_wconf 81' lang='lat' dir='ltr'>Ecclesiam</span> <span class='ocrx_word' id='word_1_889' title='bbox 1941 333 2110 365; x_wconf 83' lang='lat' dir='ltr'>Armachan.</span> <span class='ocrx_word' id='word_1_890' title='bbox 2129 335 2163 365; x_wconf 93' lang='lat' dir='ltr'>ad</span> <span class='ocrx_word' id='word_1_891' title='bbox 2173 299 2308 366; x_wconf 36' lang='lat' dir='ltr'>eumq&amp;-</span> <span class='ocrx_word' id='word_1_892' title='bbox 2327 315 2429 384; x_wconf 37' lang='lat'>1325}</span> 
     </span>
     <span class='ocr_line' id='line_1_114' title="bbox 1254 367 2308 405; baseline 0.016 -16"><span class='ocrx_word' id='word_1_893' title='bbox 1254 367 1315 390; x_wconf 90' lang='lat' dir='ltr'>tum</span> <span class='ocrx_word' id='word_1_894' title='bbox 1337 370 1367 390; x_wconf 86' lang='lat' dir='ltr'>in</span> <span class='ocrx_word' id='word_1_895' title='bbox 1386 371 1445 400; x_wconf 92' lang='lat' dir='ltr'>quo</span> <span class='ocrx_word' id='word_1_896' title='bbox 1463 371 1520 393; x_wconf 85' lang='lat' dir='ltr'>erat</span> <span class='ocrx_word' id='word_1_897' title='bbox 1556 372 1682 403; x_wconf 88' lang='lat' dir='ltr'>ternpore</span> <span class='ocrx_word' id='word_1_898' title='bbox 1701 376 1759 404; x_wconf 93' lang='lat' dir='ltr'>quo</span> <span class='ocrx_word' id='word_1_899' title='bbox 1779 369 1855 398; x_wconf 90' lang='lat' dir='ltr'>idern</span> <span class='ocrx_word' id='word_1_900' title='bbox 1876 370 1914 400; x_wconf 90' lang='lat' dir='ltr'>R.</span> <span class='ocrx_word' id='word_1_901' title='bbox 1932 371 1968 401; x_wconf 92' lang='lat' dir='ltr'>de</span> <span class='ocrx_word' id='word_1_902' title='bbox 1985 371 2098 403; x_wconf 70' lang='lat' dir='ltr'>licentia</span> <span class='ocrx_word' id='word_1_903' title='bbox 2112 373 2161 405; x_wconf 63' lang='lat' dir='ltr'>tufi</span> <span class='ocrx_word' id='word_1_904' title='bbox 2176 375 2226 404; x_wconf 87' lang='lat' dir='ltr'>iter</span> <span class='ocrx_word' id='word_1_905' title='bbox 2240 376 2308 405; x_wconf 89' lang='lat' dir='ltr'>arri-</span> 
     </span>
    </p>
   </div>
   <div class='ocr_carea' id='block_1_17' title="bbox 1255 399 2092 484">
    <p class='ocr_par' dir='ltr' id='par_1_28' title="bbox 1255 399 2092 484">
     <span class='ocr_line' id='line_1_115' title="bbox 1255 399 2062 446; baseline 0.019 -19"><span class='ocrx_word' id='word_1_906' title='bbox 1255 399 1315 436; x_wconf 86' lang='lat' dir='ltr'>puit</span> <span class='ocrx_word' id='word_1_907' title='bbox 1328 400 1456 429; x_wconf 87' lang='lat' dir='ltr'>veniendi</span> <span class='ocrx_word' id='word_1_908' title='bbox 1468 401 1502 430; x_wconf 93' lang='lat' dir='ltr'>ad</span> <span class='ocrx_word' id='word_1_909' title='bbox 1524 401 1605 431; x_wconf 85' lang='lat' dir='ltr'>edem</span> <span class='ocrx_word' id='word_1_910' title='bbox 1619 403 1828 444; x_wconf 81' lang='lat' dir='ltr'>Apostolicam‚</span> <span class='ocrx_word' id='word_1_911' title='bbox 1849 408 1929 446; x_wconf 84' lang='lat' dir='ltr'>plene</span> <span class='ocrx_word' id='word_1_912' title='bbox 1942 410 2062 441; x_wconf 86' lang='lat' dir='ltr'>reducas.</span> 
     </span>
     <span class='ocr_line' id='line_1_116' title="bbox 1293 436 2092 484; baseline 0.018 -18"><span class='ocrx_word' id='word_1_913' title='bbox 1293 436 1392 467; x_wconf 86' lang='lat' dir='ltr'>Preces</span> <span class='ocrx_word' id='word_1_914' title='bbox 1407 438 1512 468; x_wconf 89' lang='lat' dir='ltr'>nostras</span> <span class='ocrx_word' id='word_1_915' title='bbox 1525 441 1554 468; x_wconf 92' lang='lat' dir='ltr'>in</span> <span class='ocrx_word' id='word_1_916' title='bbox 1566 440 1617 470; x_wconf 89' lang='lat' dir='ltr'>hac</span> <span class='ocrx_word' id='word_1_917' title='bbox 1633 450 1707 478; x_wconf 86' lang='lat' dir='ltr'>parte</span> <span class='ocrx_word' id='word_1_918' title='bbox 1721 442 1807 472; x_wconf 85' lang='lat' dir='ltr'>taliter</span> <span class='ocrx_word' id='word_1_919' title='bbox 1822 446 1983 484; x_wconf 89' lang='lat' dir='ltr'>impleturus</span> <span class='ocrx_word' id='word_1_920' title='bbox 1998 456 2026 479; x_wconf 83' lang='lat' dir='ltr'>ut</span> <span class='ocrx_word' id='word_1_921' title='bbox 2042 459 2092 480; x_wconf 89' lang='lat' dir='ltr'>nos</span> 
     </span>
    </p>
   </div>
   <div class='ocr_carea' id='block_1_18' title="bbox 1255 475 2091 545">
    <p class='ocr_par' dir='ltr' id='par_1_29' title="bbox 1255 475 2091 545">
     <span class='ocr_line' id='line_1_117' title="bbox 1255 475 2091 542; baseline 0.018 -38"><span class='ocrx_word' id='word_1_922' title='bbox 1255 484 1303 542; x_wconf 61' lang='lat' dir='ltr'>eierf</span> <span class='ocrx_word' id='word_1_923' title='bbox 1311 475 1406 506; x_wconf 85' lang='lat' dir='ltr'>cordis</span> <span class='ocrx_word' id='word_1_924' title='bbox 1419 475 1522 508; x_wconf 54' lang='lat' dir='ltr'>affeetu</span> <span class='ocrx_word' id='word_1_925' title='bbox 1535 477 1691 518; x_wconf 81' lang='lat' dir='ltr'>dirigimus,</span> <span class='ocrx_word' id='word_1_926' title='bbox 1716 480 1844 517; x_wconf 86' lang='lat' dir='ltr'>speciales</span> <span class='ocrx_word' id='word_1_927' title='bbox 1857 491 1912 514; x_wconf 85' lang='lat' dir='ltr'>tuae</span> <span class='ocrx_word' id='word_1_928' title='bbox 1927 484 2091 518; x_wconf 85' lang='lat' dir='ltr'>Celfitudini</span> 
     </span>
     <span class='ocr_line' id='line_1_118' title="bbox 1257 523 1413 545; baseline 0.006 -3"><span class='ocrx_word' id='word_1_929' title='bbox 1257 523 1270 542; x_wconf 91' lang='lat' dir='ltr'>r</span> <span class='ocrx_word' id='word_1_930' title='bbox 1299 523 1413 545; x_wconf 88' lang='lat' dir='ltr'>eramus.</span> 
     </span>
    </p>
   </div>
   <div class='ocr_carea' id='block_1_19' title="bbox 2104 451 2314 529">
    <p class='ocr_par' dir='ltr' id='par_1_30' title="bbox 2104 451 2314 529">
     <span class='ocr_line' id='line_1_119' title="bbox 2108 451 2312 490; baseline 0.005 -10"><span class='ocrx_word' id='word_1_931' title='bbox 2108 473 2118 488; x_wconf 91' lang='lat'>,</span> <span class='ocrx_word' id='word_1_932' title='bbox 2141 452 2189 490; x_wconf 87' lang='lat' dir='ltr'>qui</span> <span class='ocrx_word' id='word_1_933' title='bbox 2204 461 2247 481; x_wconf 84' lang='lat' dir='ltr'>eas</span> <span class='ocrx_word' id='word_1_934' title='bbox 2260 451 2312 482; x_wconf 89' lang='lat' dir='ltr'>tibi</span> 
     </span>
     <span class='ocr_line' id='line_1_120' title="bbox 2104 490 2314 529; baseline 0.01 -10"><span class='ocrx_word' id='word_1_935' title='bbox 2104 490 2203 520; x_wconf 84' lang='lat' dir='ltr'>exinde</span> <span class='ocrx_word' id='word_1_936' title='bbox 2218 491 2314 529; x_wconf 70' lang='lat' dir='ltr'>gratian</span> 
     </span>
    </p>
   </div>
   <div class='ocr_carea' id='block_1_20' title="bbox 1293 594 2071 637">
    <p class='ocr_par' dir='ltr' id='par_1_31' title="bbox 1293 594 2071 637">
     <span class='ocr_line' id='line_1_121' title="bbox 1293 594 2071 637; baseline 0.014 -11"><span class='ocrx_word' id='word_1_937' title='bbox 1293 594 1360 626; x_wconf 85' lang='lat' dir='ltr'>Dat.</span> <span class='ocrx_word' id='word_1_938' title='bbox 1379 595 1511 634; x_wconf 85' lang='lat' dir='ltr'>Viterbii,</span> <span class='ocrx_word' id='word_1_939' title='bbox 1530 596 1570 628; x_wconf 90' lang='lat' dir='ltr'>Id.</span> <span class='ocrx_word' id='word_1_940' title='bbox 1591 596 1666 628; x_wconf 92' lang='lat' dir='ltr'>Dec.</span> <span class='ocrx_word' id='word_1_941' title='bbox 1686 596 1771 630; x_wconf 80' lang='lat' dir='ltr'>Pont.</span> <span class='ocrx_word' id='word_1_942' title='bbox 1791 600 1879 632; x_wconf 85' lang='lat' dir='ltr'>nostri</span> <span class='ocrx_word' id='word_1_943' title='bbox 1890 612 1964 634; x_wconf 85' lang='lat' dir='ltr'>anno</span> <span class='ocrx_word' id='word_1_944' title='bbox 1979 607 2071 637; x_wconf 89' lang='lat' dir='ltr'>tertio.</span> 
     </span>
    </p>
   </div>
   <div class='ocr_carea' id='block_1_21' title="bbox 1980 685 2183 728">
    <p class='ocr_par' dir='ltr' id='par_1_32' title="bbox 1980 685 2183 728">
     <span class='ocr_line' id='line_1_122' title="bbox 1980 685 2183 728; baseline 0.02 -14"><span class='ocrx_word' id='word_1_945' title='bbox 1980 685 2070 724; x_wconf 71' lang='lat' dir='ltr'>sigillo</span> <span class='ocrx_word' id='word_1_946' title='bbox 2080 687 2183 728; x_wconf 74' lang='lat' dir='ltr'>avulsb.</span> 
     </span>
    </p>
   </div>
   <div class='ocr_carea' id='block_1_22' title="bbox 1262 767 2315 785">
    <p class='ocr_par' dir='ltr' id='par_1_33' title="bbox 1262 767 2315 785">
     <span class='ocr_line' id='line_1_123' title="bbox 1262 767 2315 785; baseline 0 3476"><span class='ocrx_word' id='word_1_947' title='bbox 1262 767 2315 785; x_wconf 95' lang='lat' dir='ltr'> </span> 
     </span>
    </p>
   </div>
   <div class='ocr_carea' id='block_1_23' title="bbox 1322 818 2272 875">
    <p class='ocr_par' dir='ltr' id='par_1_34' title="bbox 1322 818 2272 875">
     <span class='ocr_line' id='line_1_124' title="bbox 1322 818 2272 875; baseline 0.018 -27"><span class='ocrx_word' id='word_1_948' title='bbox 1322 818 1413 850; x_wconf 81' lang='lat' dir='ltr'>Bulla</span> <span class='ocrx_word' id='word_1_949' title='bbox 1432 818 1468 851; x_wconf 84' lang='lat' dir='ltr'>de</span> <span class='ocrx_word' id='word_1_950' title='bbox 1484 820 1616 852; x_wconf 62' lang='lat' dir='ltr'>eleffione</span> <span class='ocrx_word' id='word_1_951' title='bbox 1632 819 1779 855; x_wconf 63' lang='lat' dir='ltr'>Abraam</span> <span class='ocrx_word' id='word_1_952' title='bbox 1797 823 2016 874; x_wconf 69' lang='lat' dir='ltr'>Archiepisbopi</span> <span class='ocrx_word' id='word_1_953' title='bbox 2033 830 2272 875; x_wconf 83' lang='lat' dir='ltr'>Armacanenfis.</span> 
     </span>
    </p>
   </div>
   <div class='ocr_carea' id='block_1_24' title="bbox 1263 914 2470 1270">
    <p class='ocr_par' dir='ltr' id='par_1_35' title="bbox 1263 914 2470 1270">
     <span class='ocr_line' id='line_1_125' title="bbox 1263 914 2470 975; baseline 0.013 -32"><span class='ocrx_word' id='word_1_954' title='bbox 1263 914 1469 975; x_wconf 80' lang='lat' dir='ltr'>ALexander</span> <span class='ocrx_word' id='word_1_955' title='bbox 1483 916 1652 963; x_wconf 74' lang='lat' dir='ltr'>Episcopus,</span> <span class='ocrx_word' id='word_1_956' title='bbox 1669 919 1760 964; x_wconf 32' lang='lat' dir='ltr'>servus.</span> <span class='ocrx_word' id='word_1_957' title='bbox 1773 921 1915 954; x_wconf 78' lang='lat' dir='ltr'>servorum</span> <span class='ocrx_word' id='word_1_958' title='bbox 1929 924 1984 955; x_wconf 76' lang='lat' dir='ltr'>Dei</span> <span class='ocrx_word' id='word_1_959' title='bbox 1994 949 2003 964; x_wconf 83' lang='lat'>‚</span> <span class='ocrx_word' id='word_1_960' title='bbox 2021 928 2162 959; x_wconf 85' lang='lat' dir='ltr'>carissimo</span> <span class='ocrx_word' id='word_1_961' title='bbox 2176 932 2204 960; x_wconf 90' lang='lat' dir='ltr'>in</span> <span class='ocrx_word' id='word_1_962' title='bbox 2222 930 2318 961; x_wconf 84' lang='lat' dir='ltr'>Chris·</span> <span class='ocrx_word' id='word_1_963' title='bbox 2336 927 2413 959; x_wconf 86' lang='lat' dir='ltr'>Ann.</span> <span class='ocrx_word' id='word_1_964' title='bbox 2430 923 2470 957; x_wconf 76' lang='lat' dir='ltr'>D-</span> 
     </span>
     <span class='ocr_line' id='line_1_126' title="bbox 1339 953 2423 1006; baseline 0.018 -24"><span class='ocrx_word' id='word_1_965' title='bbox 1339 961 1371 996; x_wconf 81' lang='lat' dir='ltr'>to</span> <span class='ocrx_word' id='word_1_966' title='bbox 1389 953 1447 998; x_wconf 66' lang='lat' dir='ltr'>{filio</span> <span class='ocrx_word' id='word_1_967' title='bbox 1578 955 1654 997; x_wconf 82' lang='lat' dir='ltr'>Regi</span> <span class='ocrx_word' id='word_1_968' title='bbox 1678 958 1788 997; x_wconf 64' lang='lat' dir='ltr'>Anglii-2</span> <span class='ocrx_word' id='word_1_969' title='bbox 1808 961 1903 995; x_wconf 76' lang='lat' dir='ltr'>inusti-i</span> <span class='ocrx_word' id='word_1_970' title='bbox 1919 986 1927 1000; x_wconf 92' lang='lat'>,</span> <span class='ocrx_word' id='word_1_971' title='bbox 1950 964 2064 996; x_wconf 86' lang='lat' dir='ltr'>salutem</span> <span class='ocrx_word' id='word_1_972' title='bbox 2083 967 2116 997; x_wconf 70' lang='grc' dir='ltr'>δε</span> <span class='ocrx_word' id='word_1_973' title='bbox 2136 968 2318 1006; x_wconf 88' lang='lat' dir='ltr'>apostolicam</span> <span class='ocrx_word' id='word_1_974' title='bbox 2340 975 2423 1004; x_wconf 89' lang='lat'>1257·</span> 
     </span>
     <span class='ocr_line' id='line_1_127' title="bbox 1264 989 2450 1040; baseline 0.013 -22"><span class='ocrx_word' id='word_1_975' title='bbox 1264 989 1501 1022; x_wconf 65' lang='grc' dir='ltr'>ὺεηεεάιὸἲιοηεκῃ.</span> <span class='ocrx_word' id='word_1_976' title='bbox 2337 1010 2390 1033; x_wconf 74' lang='lat' dir='ltr'>An.</span> <span class='ocrx_word' id='word_1_977' title='bbox 2402 1012 2450 1040; x_wconf 61' lang='lat'>42.</span> 
     </span>
     <span class='ocr_line' id='line_1_128' title="bbox 1301 1027 2413 1084; baseline 0.019 -27"><span class='ocrx_word' id='word_1_978' title='bbox 1301 1027 1366 1072; x_wconf 63' lang='lat' dir='ltr'>Suae</span> <span class='ocrx_word' id='word_1_979' title='bbox 1386 1029 1461 1073; x_wconf 80' lang='lat' dir='ltr'>dona</span> <span class='ocrx_word' id='word_1_980' title='bbox 1474 1031 1567 1074; x_wconf 75' lang='lat' dir='ltr'>gratiae</span> <span class='ocrx_word' id='word_1_981' title='bbox 1582 1033 1656 1062; x_wconf 92' lang='lat' dir='ltr'>circa</span> <span class='ocrx_word' id='word_1_982' title='bbox 1669 1042 1696 1063; x_wconf 88' lang='lat' dir='ltr'>te</span> <span class='ocrx_word' id='word_1_983' title='bbox 1713 1035 1844 1065; x_wconf 85' lang='lat' dir='ltr'>virtutem</span> <span class='ocrx_word' id='word_1_984' title='bbox 1861 1035 2004 1070; x_wconf 89' lang='lat' dir='ltr'>Dominus</span> <span class='ocrx_word' id='word_1_985' title='bbox 2016 1042 2052 1071; x_wconf 83' lang='lat' dir='ltr'>ita</span> <span class='ocrx_word' id='word_1_986' title='bbox 2066 1042 2200 1074; x_wconf 76' lang='lat' dir='ltr'>munifice</span> <span class='ocrx_word' id='word_1_987' title='bbox 2214 1042 2322 1084; x_wconf 84' lang='lat' dir='ltr'>dispen-</span> <span class='ocrx_word' id='word_1_988' title='bbox 2338 1048 2371 1071; x_wconf 75' lang='lat' dir='ltr'>H.</span> <span class='ocrx_word' id='word_1_989' title='bbox 2387 1053 2413 1079; x_wconf 85' lang='lat'>3·</span> 
     </span>
     <span class='ocr_line' id='line_1_129' title="bbox 1266 1065 2447 1121; baseline 0.018 -26"><span class='ocrx_word' id='word_1_990' title='bbox 1266 1065 1350 1110; x_wconf 74' lang='lat' dir='ltr'>sawt,</span> <span class='ocrx_word' id='word_1_991' title='bbox 1367 1075 1399 1097; x_wconf 92' lang='lat' dir='ltr'>ut</span> <span class='ocrx_word' id='word_1_992' title='bbox 1418 1068 1617 1113; x_wconf 32' lang='lat' dir='ltr'>idpotiffime-</span> <span class='ocrx_word' id='word_1_993' title='bbox 1628 1078 1679 1100; x_wconf 87' lang='lat' dir='ltr'>tuo</span> <span class='ocrx_word' id='word_1_994' title='bbox 1695 1072 1726 1101; x_wconf 92' lang='lat' dir='ltr'>sit</span> <span class='ocrx_word' id='word_1_995' title='bbox 1740 1073 1819 1103; x_wconf 89' lang='lat' dir='ltr'>cordi</span> <span class='ocrx_word' id='word_1_996' title='bbox 1830 1074 1990 1107; x_wconf 65' lang='lat' dir='ltr'>delectabile</span> <span class='ocrx_word' id='word_1_997' title='bbox 2005 1080 2082 1116; x_wconf 88' lang='lat' dir='ltr'>quod</span> <span class='ocrx_word' id='word_1_998' title='bbox 2097 1081 2151 1111; x_wconf 80' lang='lat' dir='ltr'>suae</span> <span class='ocrx_word' id='word_1_999' title='bbox 2163 1081 2248 1121; x_wconf 80' lang='lat' dir='ltr'>possit</span> <span class='ocrx_word' id='word_1_1000' title='bbox 2263 1093 2322 1113; x_wconf 87' lang='lat' dir='ltr'>ma·</span> <span class='ocrx_word' id='word_1_1001' title='bbox 2340 1087 2378 1109; x_wconf 74' lang='lat' dir='ltr'>Ex</span> <span class='ocrx_word' id='word_1_1002' title='bbox 2387 1084 2447 1114; x_wconf 68' lang='lat' dir='ltr'>Au«,</span> 
     </span>
     <span class='ocr_line' id='line_1_130' title="bbox 1266 1104 2406 1156; baseline 0.018 -23"><span class='ocrx_word' id='word_1_1003' title='bbox 1266 1104 1364 1142; x_wconf 82' lang='lat' dir='ltr'>Jestatis</span> <span class='ocrx_word' id='word_1_1004' title='bbox 1384 1106 1473 1149; x_wconf 77' lang='lat' dir='ltr'>oculis</span> <span class='ocrx_word' id='word_1_1005' title='bbox 1486 1129 1496 1144; x_wconf 86' lang='lat'>,</span> <span class='ocrx_word' id='word_1_1006' title='bbox 1530 1107 1563 1137; x_wconf 74' lang='grc' dir='ltr'>δε</span> <span class='ocrx_word' id='word_1_1007' title='bbox 1580 1116 1665 1138; x_wconf 83' lang='lat' dir='ltr'>etiarn</span> <span class='ocrx_word' id='word_1_1008' title='bbox 1686 1109 1811 1141; x_wconf 86' lang='lat' dir='ltr'>humano</span> <span class='ocrx_word' id='word_1_1009' title='bbox 1831 1113 1990 1153; x_wconf 61' lang='lat' dir='ltr'>conspeffitui</span> <span class='ocrx_word' id='word_1_1010' title='bbox 2011 1119 2195 1156; x_wconf 86' lang='lat' dir='ltr'>complacere.</span> <span class='ocrx_word' id='word_1_1011' title='bbox 2341 1129 2406 1156; x_wconf 54' lang='grc' dir='ltr'>ἰθεῖ-</span> 
     </span>
     <span class='ocr_line' id='line_1_131' title="bbox 1308 1143 2328 1193; baseline 0.018 -21"><span class='ocrx_word' id='word_1_1012' title='bbox 1308 1143 1376 1173; x_wconf 90' lang='lat' dir='ltr'>Nos</span> <span class='ocrx_word' id='word_1_1013' title='bbox 1396 1145 1548 1182; x_wconf 76' lang='lat' dir='ltr'>siquidem,</span> <span class='ocrx_word' id='word_1_1014' title='bbox 1567 1156 1601 1175; x_wconf 85' lang='lat' dir='ltr'>ex</span> <span class='ocrx_word' id='word_1_1015' title='bbox 1620 1146 1677 1177; x_wconf 92' lang='lat' dir='ltr'>hoc</span> <span class='ocrx_word' id='word_1_1016' title='bbox 1697 1149 1848 1180; x_wconf 79' lang='lat' dir='ltr'>exultantes</span> <span class='ocrx_word' id='word_1_1017' title='bbox 1868 1152 1896 1180; x_wconf 93' lang='lat' dir='ltr'>in</span> <span class='ocrx_word' id='word_1_1018' title='bbox 1916 1152 2066 1193; x_wconf 86' lang='lat' dir='ltr'>Domino,</span> <span class='ocrx_word' id='word_1_1019' title='bbox 2085 1156 2118 1186; x_wconf 91' lang='lat'>&amp;</span> <span class='ocrx_word' id='word_1_1020' title='bbox 2136 1157 2214 1187; x_wconf 89' lang='lat' dir='ltr'>illum</span> <span class='ocrx_word' id='word_1_1021' title='bbox 2235 1157 2328 1189; x_wconf 86' lang='lat' dir='ltr'>cordis</span> 
     </span>
     <span class='ocr_line' id='line_1_132' title="bbox 1271 1181 2330 1236; baseline 0.016 -26"><span class='ocrx_word' id='word_1_1022' title='bbox 1271 1181 1473 1220; x_wconf 87' lang='lat' dir='ltr'>consequentes</span> <span class='ocrx_word' id='word_1_1023' title='bbox 1493 1184 1626 1214; x_wconf 56' lang='lat' dir='ltr'>affectum</span> <span class='ocrx_word' id='word_1_1024' title='bbox 1641 1194 1672 1215; x_wconf 88' lang='lat' dir='ltr'>ut</span> <span class='ocrx_word' id='word_1_1025' title='bbox 1684 1195 1711 1216; x_wconf 85' lang='lat' dir='ltr'>te</span> <span class='ocrx_word' id='word_1_1026' title='bbox 1725 1188 1754 1217; x_wconf 92' lang='lat' dir='ltr'>in</span> <span class='ocrx_word' id='word_1_1027' title='bbox 1769 1189 1885 1219; x_wconf 85' lang='lat' dir='ltr'>caritatis</span> <span class='ocrx_word' id='word_1_1028' title='bbox 1900 1190 2048 1222; x_wconf 80' lang='lat' dir='ltr'>visceribus</span> <span class='ocrx_word' id='word_1_1029' title='bbox 2067 1195 2140 1232; x_wconf 75' lang='lat' dir='ltr'>quasi</span> <span class='ocrx_word' id='word_1_1030' title='bbox 2154 1197 2330 1236; x_wconf 74' lang='lat' dir='ltr'>praecipuum</span> 
     </span>
     <span class='ocr_line' id='line_1_133' title="bbox 1271 1220 2218 1270; baseline 0.015 -21"><span class='ocrx_word' id='word_1_1031' title='bbox 1271 1220 1437 1259; x_wconf 81' lang='lat' dir='ltr'>habeamus,</span> <span class='ocrx_word' id='word_1_1032' title='bbox 1456 1222 1579 1252; x_wconf 85' lang='lat' dir='ltr'>securam</span> <span class='ocrx_word' id='word_1_1033' title='bbox 1592 1225 1770 1262; x_wconf 85' lang='lat' dir='ltr'>concipimus</span> <span class='ocrx_word' id='word_1_1034' title='bbox 1783 1226 1818 1256; x_wconf 88' lang='lat' dir='ltr'>de</span> <span class='ocrx_word' id='word_1_1035' title='bbox 1831 1235 1876 1257; x_wconf 86' lang='lat' dir='ltr'>tua</span> <span class='ocrx_word' id='word_1_1036' title='bbox 1891 1229 2005 1267; x_wconf 88' lang='lat' dir='ltr'>persona</span> <span class='ocrx_word' id='word_1_1037' title='bbox 2017 1229 2164 1270; x_wconf 82' lang='lat' dir='ltr'>fiduciam,</span> <span class='ocrx_word' id='word_1_1038' title='bbox 2188 1242 2218 1263; x_wconf 89' lang='lat' dir='ltr'>ut</span> 
     </span>
    </p>
   </div>
   <div class='ocr_carea' id='block_1_25' title="bbox 1272 1244 2356 2350">
    <p class='ocr_par' dir='ltr' id='par_1_36' title="bbox 1272 1244 2332 1337">
     <span class='ocr_line' id='line_1_134' title="bbox 2231 1244 2331 1264; baseline 0.02 -1"><span class='ocrx_word' id='word_1_1039' title='bbox 2231 1244 2298 1264; x_wconf 90' lang='lat' dir='ltr'>acce</span> <span class='ocrx_word' id='word_1_1040' title='bbox 2318 1252 2331 1259; x_wconf 92' lang='lat'><em>-</em></span> 
     </span>
     <span class='ocr_line' id='line_1_135' title="bbox 1273 1244 2332 1309; baseline 0.015 -22"><span class='ocrx_word' id='word_1_1041' title='bbox 1273 1265 1344 1302; x_wconf 42' lang='lat' dir='ltr'>tum·</span> <span class='ocrx_word' id='word_1_1042' title='bbox 1356 1260 1389 1289; x_wconf 85' lang='lat'>&amp;</span> <span class='ocrx_word' id='word_1_1043' title='bbox 1402 1268 1513 1299; x_wconf 88' lang='lat' dir='ltr'>gratum</span> <span class='ocrx_word' id='word_1_1044' title='bbox 1529 1262 1579 1290; x_wconf 85' lang='lat' dir='ltr'>tibi</span> <span class='ocrx_word' id='word_1_1045' title='bbox 1592 1270 1699 1300; x_wconf 83' lang='lat' dir='ltr'>reputes</span> <span class='ocrx_word' id='word_1_1046' title='bbox 1714 1265 1792 1304; x_wconf 88' lang='lat' dir='ltr'>quod</span> <span class='ocrx_word' id='word_1_1047' title='bbox 1806 1274 1838 1294; x_wconf 84' lang='lat' dir='ltr'>ex</span> <span class='ocrx_word' id='word_1_1048' title='bbox 1852 1266 2025 1304; x_wconf 70' lang='lat' dir='ltr'>providentia</span> <span class='ocrx_word' id='word_1_1049' title='bbox 2037 1268 2103 1299; x_wconf 85' lang='lat' dir='ltr'>sedis</span> <span class='ocrx_word' id='word_1_1050' title='bbox 2117 1270 2280 1309; x_wconf 74' lang='lat' dir='ltr'>apostolicae</span> <span class='ocrx_word' id='word_1_1051' title='bbox 2293 1244 2332 1303; x_wconf 52' lang='lat' dir='ltr'>s}-</span> 
     </span>
     <span class='ocr_line' id='line_1_136' title="bbox 1272 1297 1702 1337; baseline 0.012 -11"><span class='ocrx_word' id='word_1_1052' title='bbox 1272 1297 1388 1327; x_wconf 85' lang='lat' dir='ltr'>lubriter</span> <span class='ocrx_word' id='word_1_1053' title='bbox 1403 1298 1525 1329; x_wconf 86' lang='lat' dir='ltr'>noscitur</span> <span class='ocrx_word' id='word_1_1054' title='bbox 1539 1300 1702 1337; x_wconf 71' lang='lat' dir='ltr'>proceiiil&#39;ie.</span> 
     </span>
    </p>

    <p class='ocr_par' dir='ltr' id='par_1_37' title="bbox 1276 1335 2341 1686">
     <span class='ocr_line' id='line_1_137' title="bbox 1314 1335 2334 1380; baseline 0.015 -16"><span class='ocrx_word' id='word_1_1055' title='bbox 1314 1335 1386 1365; x_wconf 86' lang='lat' dir='ltr'>Sane</span> <span class='ocrx_word' id='word_1_1056' title='bbox 1407 1338 1537 1374; x_wconf 67' lang='lat' dir='ltr'>praesenta</span> <span class='ocrx_word' id='word_1_1057' title='bbox 1559 1339 1642 1368; x_wconf 88' lang='lat' dir='ltr'>nobis</span> <span class='ocrx_word' id='word_1_1058' title='bbox 1665 1340 1818 1378; x_wconf 68' lang='lat' dir='ltr'>elee‘tione,</span> <span class='ocrx_word' id='word_1_1059' title='bbox 1835 1352 1898 1380; x_wconf 83' lang='lat' dir='ltr'>quae</span> <span class='ocrx_word' id='word_1_1060' title='bbox 1918 1342 1954 1374; x_wconf 90' lang='lat' dir='ltr'>de</span> <span class='ocrx_word' id='word_1_1061' title='bbox 1968 1345 2118 1376; x_wconf 89' lang='lat' dir='ltr'>venerabili</span> <span class='ocrx_word' id='word_1_1062' title='bbox 2132 1346 2213 1377; x_wconf 88' lang='lat' dir='ltr'>fratre</span> <span class='ocrx_word' id='word_1_1063' title='bbox 2235 1347 2334 1379; x_wconf 91' lang='lat' dir='ltr'>nostro</span> 
     </span>
     <span class='ocr_line' id='line_1_138' title="bbox 1276 1373 2336 1427; baseline 0.013 -23"><span class='ocrx_word' id='word_1_1064' title='bbox 1276 1373 1399 1404; x_wconf 82' lang='lat' dir='ltr'>Abraam</span> <span class='ocrx_word' id='word_1_1065' title='bbox 1414 1375 1596 1414; x_wconf 88' lang='lat' dir='ltr'>Archiepisco</span> <span class='ocrx_word' id='word_1_1066' title='bbox 1616 1388 1650 1416; x_wconf 88' lang='lat' dir='ltr'>o,</span> <span class='ocrx_word' id='word_1_1067' title='bbox 1669 1387 1736 1409; x_wconf 88' lang='lat' dir='ltr'>tunc</span> <span class='ocrx_word' id='word_1_1068' title='bbox 1753 1379 2002 1423; x_wconf 79' lang='lat' dir='ltr'>Archipresbytero</span> <span class='ocrx_word' id='word_1_1069' title='bbox 2018 1384 2211 1424; x_wconf 80' lang='lat' dir='ltr'>Armachano‚</span> <span class='ocrx_word' id='word_1_1070' title='bbox 2231 1385 2336 1427; x_wconf 85' lang='lat' dir='ltr'>Capel-</span> 
     </span>
     <span class='ocr_line' id='line_1_139' title="bbox 1277 1413 2335 1464; baseline 0.014 -23"><span class='ocrx_word' id='word_1_1071' title='bbox 1277 1414 1341 1442; x_wconf 80' lang='lat' dir='ltr'>iano</span> <span class='ocrx_word' id='word_1_1072' title='bbox 1362 1413 1457 1444; x_wconf 74' lang='lat' dir='ltr'>dileffl</span> <span class='ocrx_word' id='word_1_1073' title='bbox 1475 1414 1522 1445; x_wconf 88' lang='lat' dir='ltr'>filii</span> <span class='ocrx_word' id='word_1_1074' title='bbox 1544 1426 1584 1445; x_wconf 92' lang='lat' dir='ltr'>no</span> <span class='ocrx_word' id='word_1_1075' title='bbox 1609 1417 1630 1446; x_wconf 87' lang='lat' dir='ltr'>ri</span> <span class='ocrx_word' id='word_1_1076' title='bbox 1650 1417 1685 1447; x_wconf 85' lang='lat' dir='ltr'>A.</span> <span class='ocrx_word' id='word_1_1077' title='bbox 1705 1418 1808 1448; x_wconf 88' lang='lat' dir='ltr'>Titulo</span> <span class='ocrx_word' id='word_1_1078' title='bbox 1821 1420 1921 1450; x_wconf 52' lang='lat' dir='ltr'>sanetae</span> <span class='ocrx_word' id='word_1_1079' title='bbox 1934 1420 2062 1461; x_wconf 73' lang='lat' dir='ltr'>Sabinae,</span> <span class='ocrx_word' id='word_1_1080' title='bbox 2079 1422 2233 1464; x_wconf 79' lang='lat' dir='ltr'>Presbyteri</span> <span class='ocrx_word' id='word_1_1081' title='bbox 2249 1425 2335 1456; x_wconf 86' lang='lat' dir='ltr'>Card.</span> 
     </span>
     <span class='ocr_line' id='line_1_140' title="bbox 1277 1450 2337 1501; baseline 0.014 -21"><span class='ocrx_word' id='word_1_1082' title='bbox 1277 1453 1305 1481; x_wconf 91' lang='lat' dir='ltr'>in</span> <span class='ocrx_word' id='word_1_1083' title='bbox 1326 1450 1499 1496; x_wconf 73' lang='lat' dir='ltr'>Armachan.</span> <span class='ocrx_word' id='word_1_1084' title='bbox 1517 1455 1645 1491; x_wconf 87' lang='lat' dir='ltr'>ecclesia,</span> <span class='ocrx_word' id='word_1_1085' title='bbox 1663 1456 1733 1486; x_wconf 91' lang='lat' dir='ltr'>olim</span> <span class='ocrx_word' id='word_1_1086' title='bbox 1755 1457 1863 1496; x_wconf 87' lang='lat' dir='ltr'>pastore</span> <span class='ocrx_word' id='word_1_1087' title='bbox 1874 1469 2004 1498; x_wconf 84' lang='lat' dir='ltr'>vacante,</span> <span class='ocrx_word' id='word_1_1088' title='bbox 2022 1471 2038 1490; x_wconf 89' lang='lat' dir='ltr'>a</span> <span class='ocrx_word' id='word_1_1089' title='bbox 2050 1460 2182 1501; x_wconf 86' lang='lat' dir='ltr'>Capitulo</span> <span class='ocrx_word' id='word_1_1090' title='bbox 2193 1463 2275 1500; x_wconf 85' lang='lat' dir='ltr'>ipsius</span> <span class='ocrx_word' id='word_1_1091' title='bbox 2289 1474 2337 1495; x_wconf 90' lang='lat' dir='ltr'>ce-</span> 
     </span>
     <span class='ocr_line' id='line_1_141' title="bbox 1278 1490 2340 1541; baseline 0.013 -22"><span class='ocrx_word' id='word_1_1092' title='bbox 1278 1490 1507 1535; x_wconf 32' lang='lat' dir='ltr'>lebrata—extitit,</span> <span class='ocrx_word' id='word_1_1093' title='bbox 1525 1493 1558 1522; x_wconf 90' lang='lat'>&amp;</span> <span class='ocrx_word' id='word_1_1094' title='bbox 1578 1503 1608 1523; x_wconf 84' lang='lat' dir='ltr'>ea</span> <span class='ocrx_word' id='word_1_1095' title='bbox 1625 1494 1740 1533; x_wconf 71' lang='lat' dir='ltr'>cassata,</span> <span class='ocrx_word' id='word_1_1096' title='bbox 1758 1506 1809 1533; x_wconf 88' lang='lat' dir='ltr'>pro</span> <span class='ocrx_word' id='word_1_1097' title='bbox 1823 1506 1858 1526; x_wconf 86' lang='lat' dir='ltr'>eo</span> <span class='ocrx_word' id='word_1_1098' title='bbox 1870 1497 1947 1535; x_wconf 88' lang='lat' dir='ltr'>quod</span> <span class='ocrx_word' id='word_1_1099' title='bbox 1961 1499 1991 1528; x_wconf 90' lang='lat' dir='ltr'>in</span> <span class='ocrx_word' id='word_1_1100' title='bbox 2005 1499 2059 1536; x_wconf 78' lang='lat' dir='ltr'>ipsa</span> <span class='ocrx_word' id='word_1_1101' title='bbox 2071 1500 2192 1531; x_wconf 84' lang='lat' dir='ltr'>formam</span> <span class='ocrx_word' id='word_1_1102' title='bbox 2206 1503 2340 1541; x_wconf 84' lang='lat' dir='ltr'>generalis</span> 
     </span>
     <span class='ocr_line' id='line_1_142' title="bbox 1279 1529 2339 1572; baseline 0.014 -15"><span class='ocrx_word' id='word_1_1103' title='bbox 1279 1529 1394 1559; x_wconf 84' lang='lat' dir='ltr'>concilii</span> <span class='ocrx_word' id='word_1_1104' title='bbox 1413 1539 1473 1560; x_wconf 92' lang='lat' dir='ltr'>non</span> <span class='ocrx_word' id='word_1_1105' title='bbox 1491 1531 1649 1561; x_wconf 89' lang='lat' dir='ltr'>invenimus</span> <span class='ocrx_word' id='word_1_1106' title='bbox 1670 1533 1859 1572; x_wconf 81' lang='lat' dir='ltr'>observatam,</span> <span class='ocrx_word' id='word_1_1107' title='bbox 1876 1536 1984 1566; x_wconf 63' lang='lat' dir='ltr'>dietum</span> <span class='ocrx_word' id='word_1_1108' title='bbox 2006 1538 2041 1567; x_wconf 85' lang='lat' dir='ltr'>A.</span> <span class='ocrx_word' id='word_1_1109' title='bbox 2060 1540 2107 1568; x_wconf 90' lang='lat' dir='ltr'>cui</span> <span class='ocrx_word' id='word_1_1110' title='bbox 2129 1539 2202 1569; x_wconf 85' lang='lat' dir='ltr'>clara</span> <span class='ocrx_word' id='word_1_1111' title='bbox 2223 1549 2339 1572; x_wconf 77' lang='lat' dir='ltr'>monim</span> 
     </span>
     <span class='ocr_line' id='line_1_143' title="bbox 1280 1568 2341 1611; baseline 0.013 -15"><span class='ocrx_word' id='word_1_1112' title='bbox 1280 1568 1314 1598; x_wconf 90' lang='lat'>&amp;</span> <span class='ocrx_word' id='word_1_1113' title='bbox 1328 1568 1394 1598; x_wconf 75' lang='lat' dir='ltr'>vitae</span> <span class='ocrx_word' id='word_1_1114' title='bbox 1406 1578 1438 1599; x_wconf 84' lang='lat' dir='ltr'>ac</span> <span class='ocrx_word' id='word_1_1115' title='bbox 1451 1568 1573 1599; x_wconf 74' lang='lat' dir='ltr'>scientiae</span> <span class='ocrx_word' id='word_1_1116' title='bbox 1584 1572 1679 1602; x_wconf 88' lang='lat' dir='ltr'>merita</span> <span class='ocrx_word' id='word_1_1117' title='bbox 1693 1571 1888 1611; x_wconf 84' lang='lat' dir='ltr'>suffragantur,</span> <span class='ocrx_word' id='word_1_1118' title='bbox 1902 1574 2017 1605; x_wconf 82' lang='lat' dir='ltr'>fratrum</span> <span class='ocrx_word' id='word_1_1119' title='bbox 2031 1576 2193 1608; x_wconf 89' lang='lat' dir='ltr'>nostrorum</span> <span class='ocrx_word' id='word_1_1120' title='bbox 2206 1588 2341 1609; x_wconf 89' lang='lat' dir='ltr'>commu-</span> 
     </span>
     <span class='ocr_line' id='line_1_144' title="bbox 1280 1607 2341 1652; baseline 0.013 -17"><span class='ocrx_word' id='word_1_1121' title='bbox 1280 1607 1375 1649; x_wconf 78' lang='lat' dir='ltr'>nicato</span> <span class='ocrx_word' id='word_1_1122' title='bbox 1391 1607 1508 1638; x_wconf 89' lang='lat' dir='ltr'>consilio</span> <span class='ocrx_word' id='word_1_1123' title='bbox 1524 1631 1533 1645; x_wconf 85' lang='lat'>‚</span> <span class='ocrx_word' id='word_1_1124' title='bbox 1560 1608 1650 1639; x_wconf 88' lang='lat' dir='ltr'>eidem</span> <span class='ocrx_word' id='word_1_1125' title='bbox 1667 1610 1791 1641; x_wconf 74' lang='lat' dir='ltr'>ecclesiae</span> <span class='ocrx_word' id='word_1_1126' title='bbox 1805 1612 1833 1642; x_wconf 90' lang='lat' dir='ltr'>in</span> <span class='ocrx_word' id='word_1_1127' title='bbox 1848 1612 1986 1649; x_wconf 78' lang='lat' dir='ltr'>pastorem</span> <span class='ocrx_word' id='word_1_1128' title='bbox 1994 1615 2170 1652; x_wconf 75' lang='lat' dir='ltr'>praefecimus</span> <span class='ocrx_word' id='word_1_1129' title='bbox 2184 1617 2220 1647; x_wconf 89' lang='lat' dir='ltr'>de</span> <span class='ocrx_word' id='word_1_1130' title='bbox 2234 1616 2341 1649; x_wconf 77' lang='lat' dir='ltr'>nostrae</span> 
     </span>
     <span class='ocr_line' id='line_1_145' title="bbox 1281 1644 1623 1686; baseline 0.012 -13"><span class='ocrx_word' id='word_1_1131' title='bbox 1281 1644 1452 1683; x_wconf 78' lang='lat' dir='ltr'>plenitudine</span> <span class='ocrx_word' id='word_1_1132' title='bbox 1465 1645 1623 1686; x_wconf 72' lang='lat' dir='ltr'>potestatis3</span> 
     </span>
    </p>

    <p class='ocr_par' dir='ltr' id='par_1_38' title="bbox 1281 1682 2344 1879">
     <span class='ocr_line' id='line_1_146' title="bbox 1320 1682 2344 1727; baseline 0.013 -15"><span class='ocrx_word' id='word_1_1133' title='bbox 1320 1682 1412 1714; x_wconf 58' lang='lat' dir='ltr'>Fini—a</span> <span class='ocrx_word' id='word_1_1134' title='bbox 1434 1694 1572 1725; x_wconf 86' lang='lat' dir='ltr'>concepta</span> <span class='ocrx_word' id='word_1_1135' title='bbox 1595 1686 1695 1717; x_wconf 85' lang='lat' dir='ltr'>fiducia</span> <span class='ocrx_word' id='word_1_1136' title='bbox 1716 1688 1811 1727; x_wconf 90' lang='lat' dir='ltr'>quod,</span> <span class='ocrx_word' id='word_1_1137' title='bbox 1830 1699 1897 1719; x_wconf 91' lang='lat' dir='ltr'>cum</span> <span class='ocrx_word' id='word_1_1138' title='bbox 1919 1689 1993 1722; x_wconf 88' lang='lat' dir='ltr'>idem</span> <span class='ocrx_word' id='word_1_1139' title='bbox 2016 1690 2051 1722; x_wconf 87' lang='lat' dir='ltr'>A.</span> <span class='ocrx_word' id='word_1_1140' title='bbox 2068 1692 2100 1723; x_wconf 90' lang='lat' dir='ltr'>sit</span> <span class='ocrx_word' id='word_1_1141' title='bbox 2120 1692 2149 1723; x_wconf 91' lang='lat' dir='ltr'>in</span> <span class='ocrx_word' id='word_1_1142' title='bbox 2164 1693 2181 1724; x_wconf 95' lang='lat' dir='ltr'>s</span> <span class='ocrx_word' id='word_1_1143' title='bbox 2194 1694 2344 1725; x_wconf 63' lang='lat' dir='ltr'>ifitualibus</span> 
     </span>
     <span class='ocr_line' id='line_1_147' title="bbox 1281 1722 2339 1771; baseline 0.012 -20"><span class='ocrx_word' id='word_1_1144' title='bbox 1281 1722 1430 1761; x_wconf 83' lang='lat' dir='ltr'>providus,</span> <span class='ocrx_word' id='word_1_1145' title='bbox 1449 1724 1482 1754; x_wconf 72' lang='grc' dir='ltr'>ὃς</span> <span class='ocrx_word' id='word_1_1146' title='bbox 1495 1725 1693 1762; x_wconf 69' lang='lat' dir='ltr'>temporalibus</span> <span class='ocrx_word' id='word_1_1147' title='bbox 1707 1727 1941 1766; x_wconf 64' lang='lat' dir='ltr'>circumspectus,</span> <span class='ocrx_word' id='word_1_1148' title='bbox 1960 1739 2007 1766; x_wconf 86' lang='lat' dir='ltr'>per</span> <span class='ocrx_word' id='word_1_1149' title='bbox 2023 1731 2077 1768; x_wconf 86' lang='lat' dir='ltr'>ejus</span> <span class='ocrx_word' id='word_1_1150' title='bbox 2090 1732 2159 1762; x_wconf 88' lang='lat' dir='ltr'>mini</span> <span class='ocrx_word' id='word_1_1151' title='bbox 2186 1734 2275 1763; x_wconf 82' lang='lat' dir='ltr'>etium</span> <span class='ocrx_word' id='word_1_1152' title='bbox 2289 1734 2339 1771; x_wconf 76' lang='lat' dir='ltr'>ipsi</span> 
     </span>
     <span class='ocr_line' id='line_1_148' title="bbox 1281 1760 2344 1811; baseline 0.011 -21"><span class='ocrx_word' id='word_1_1153' title='bbox 1281 1760 1405 1791; x_wconf 74' lang='lat' dir='ltr'>ecclesiae</span> <span class='ocrx_word' id='word_1_1154' title='bbox 1424 1762 1607 1801; x_wconf 83' lang='lat' dir='ltr'>prosperitatis</span> <span class='ocrx_word' id='word_1_1155' title='bbox 1626 1765 1660 1795; x_wconf 73' lang='grc' dir='ltr'>ὃς</span> <span class='ocrx_word' id='word_1_1156' title='bbox 1684 1764 1811 1803; x_wconf 86' lang='lat' dir='ltr'>honoris,</span> <span class='ocrx_word' id='word_1_1157' title='bbox 1830 1766 1897 1796; x_wconf 89' lang='lat' dir='ltr'>Deo</span> <span class='ocrx_word' id='word_1_1158' title='bbox 1917 1769 2056 1807; x_wconf 79' lang='lat' dir='ltr'>propitiO,</span> <span class='ocrx_word' id='word_1_1159' title='bbox 2071 1769 2254 1801; x_wconf 80' lang='lat' dir='ltr'>desideratum</span> <span class='ocrx_word' id='word_1_1160' title='bbox 2276 1781 2344 1811; x_wconf 88' lang='lat' dir='ltr'>pro-</span> 
     </span>
     <span class='ocr_line' id='line_1_149' title="bbox 1282 1800 2344 1848; baseline 0.013 -21"><span class='ocrx_word' id='word_1_1161' title='bbox 1282 1800 1374 1843; x_wconf 66' lang='lat' dir='ltr'>veniat</span> <span class='ocrx_word' id='word_1_1162' title='bbox 1399 1801 1626 1840; x_wconf 66' lang='lat' dir='ltr'>incrementum,</span> <span class='ocrx_word' id='word_1_1163' title='bbox 1644 1804 1768 1834; x_wconf 84' lang='lat' dir='ltr'>maxime</span> <span class='ocrx_word' id='word_1_1164' title='bbox 1787 1805 1808 1834; x_wconf 89' lang='lat' dir='ltr'>si</span> <span class='ocrx_word' id='word_1_1165' title='bbox 1825 1805 1916 1835; x_wconf 70' lang='lat' dir='ltr'>dictus</span> <span class='ocrx_word' id='word_1_1166' title='bbox 1934 1805 2166 1848; x_wconf 82' lang='lat' dir='ltr'>Archiepiscopus</span> <span class='ocrx_word' id='word_1_1167' title='bbox 2185 1810 2219 1840; x_wconf 91' lang='lat' dir='ltr'>ad</span> <span class='ocrx_word' id='word_1_1168' title='bbox 2232 1809 2288 1840; x_wconf 90' lang='lat' dir='ltr'>hoc</span> <span class='ocrx_word' id='word_1_1169' title='bbox 2304 1811 2344 1840; x_wconf 89' lang='lat' dir='ltr'>tui</span> 
     </span>
     <span class='ocr_line' id='line_1_150' title="bbox 1284 1839 1681 1879; baseline 0.01 -12"><span class='ocrx_word' id='word_1_1170' title='bbox 1284 1840 1385 1870; x_wconf 69' lang='lat' dir='ltr'>favoris</span> <span class='ocrx_word' id='word_1_1171' title='bbox 1400 1839 1500 1868; x_wconf 84' lang='lat' dir='ltr'>auxilio</span> <span class='ocrx_word' id='word_1_1172' title='bbox 1513 1840 1681 1879; x_wconf 73' lang='lat' dir='ltr'>roboretur3</span> 
     </span>
    </p>

    <p class='ocr_par' dir='ltr' id='par_1_39' title="bbox 1282 1877 2348 2037">
     <span class='ocr_line' id='line_1_151' title="bbox 1322 1877 2345 1926; baseline 0.011 -20"><span class='ocrx_word' id='word_1_1173' title='bbox 1322 1877 1420 1915; x_wconf 86' lang='lat' dir='ltr'>Qiem</span> <span class='ocrx_word' id='word_1_1174' title='bbox 1441 1879 1470 1907; x_wconf 90' lang='lat' dir='ltr'>in</span> <span class='ocrx_word' id='word_1_1175' title='bbox 1490 1877 1542 1908; x_wconf 90' lang='lat' dir='ltr'>hac</span> <span class='ocrx_word' id='word_1_1176' title='bbox 1557 1887 1632 1917; x_wconf 88' lang='lat' dir='ltr'>parte</span> <span class='ocrx_word' id='word_1_1177' title='bbox 1645 1881 1747 1910; x_wconf 86' lang='lat' dir='ltr'>meruit</span> <span class='ocrx_word' id='word_1_1178' title='bbox 1763 1881 1887 1912; x_wconf 89' lang='lat' dir='ltr'>invenire</span> <span class='ocrx_word' id='word_1_1179' title='bbox 1900 1882 2158 1922; x_wconf 86' lang='lat' dir='ltr'>promptiffimum,</span> <span class='ocrx_word' id='word_1_1180' title='bbox 2181 1886 2214 1916; x_wconf 90' lang='lat'>&amp;</span> <span class='ocrx_word' id='word_1_1181' title='bbox 2228 1893 2345 1926; x_wconf 85' lang='lat' dir='ltr'>oportu-</span> 
     </span>
     <span class='ocr_line' id='line_1_152' title="bbox 1282 1915 2346 1962; baseline 0.01 -18"><span class='ocrx_word' id='word_1_1182' title='bbox 1282 1915 1324 1945; x_wconf 69' lang='lat' dir='ltr'>ni3</span> <span class='ocrx_word' id='word_1_1183' title='bbox 1342 1917 1459 1954; x_wconf 80' lang='lat' dir='ltr'>experiri</span> <span class='ocrx_word' id='word_1_1184' title='bbox 1477 1918 1651 1953; x_wconf 83' lang='lat' dir='ltr'>temporibus</span> <span class='ocrx_word' id='word_1_1185' title='bbox 1668 1918 1841 1949; x_wconf 68' lang='lat' dir='ltr'>frutftuosum</span> <span class='ocrx_word' id='word_1_1186' title='bbox 1856 1943 1866 1958; x_wconf 87' lang='lat'>,</span> <span class='ocrx_word' id='word_1_1187' title='bbox 1892 1930 1943 1957; x_wconf 88' lang='lat' dir='ltr'>pro</span> <span class='ocrx_word' id='word_1_1188' title='bbox 1964 1931 2000 1951; x_wconf 90' lang='lat' dir='ltr'>eo</span> <span class='ocrx_word' id='word_1_1189' title='bbox 2014 1922 2091 1961; x_wconf 90' lang='lat' dir='ltr'>quod</span> <span class='ocrx_word' id='word_1_1190' title='bbox 2111 1924 2166 1960; x_wconf 90' lang='lat' dir='ltr'>ipse</span> <span class='ocrx_word' id='word_1_1191' title='bbox 2178 1947 2187 1960; x_wconf 79' lang='lat'>,</span> <span class='ocrx_word' id='word_1_1192' title='bbox 2212 1935 2294 1962; x_wconf 86' lang='lat' dir='ltr'>purus</span> <span class='ocrx_word' id='word_1_1193' title='bbox 2312 1927 2346 1955; x_wconf 86' lang='lat'>&amp;</span> 
     </span>
     <span class='ocr_line' id='line_1_153' title="bbox 1282 1954 2348 1998; baseline 0.009 -14"><span class='ocrx_word' id='word_1_1194' title='bbox 1282 1954 1392 1984; x_wconf 85' lang='lat' dir='ltr'>fervens</span> <span class='ocrx_word' id='word_1_1195' title='bbox 1409 1962 1516 1984; x_wconf 83' lang='lat' dir='ltr'>amator</span> <span class='ocrx_word' id='word_1_1196' title='bbox 1535 1955 1574 1985; x_wconf 89' lang='lat' dir='ltr'>tui</span> <span class='ocrx_word' id='word_1_1197' title='bbox 1593 1957 1716 1987; x_wconf 85' lang='lat' dir='ltr'>nominis</span> <span class='ocrx_word' id='word_1_1198' title='bbox 1728 1980 1737 1995; x_wconf 79' lang='lat'>,</span> <span class='ocrx_word' id='word_1_1199' title='bbox 1759 1956 1806 1987; x_wconf 88' lang='lat' dir='ltr'>dili</span> <span class='ocrx_word' id='word_1_1200' title='bbox 1826 1959 1929 1988; x_wconf 77' lang='lat' dir='ltr'>entiam</span> <span class='ocrx_word' id='word_1_1201' title='bbox 1950 1960 2111 1998; x_wconf 77' lang='lat' dir='ltr'>vigilantem</span> <span class='ocrx_word' id='word_1_1202' title='bbox 2127 1963 2156 1992; x_wconf 89' lang='lat' dir='ltr'>in</span> <span class='ocrx_word' id='word_1_1203' title='bbox 2177 1962 2229 1993; x_wconf 89' lang='lat' dir='ltr'>hiis</span> <span class='ocrx_word' id='word_1_1204' title='bbox 2248 1963 2348 1994; x_wconf 77' lang='lat' dir='ltr'>habuit:</span> 
     </span>
     <span class='ocr_line' id='line_1_154' title="bbox 1284 1992 2076 2037; baseline 0.009 -16"><span class='ocrx_word' id='word_1_1205' title='bbox 1284 2001 1350 2032; x_wconf 72' lang='lat' dir='ltr'>quse</span> <span class='ocrx_word' id='word_1_1206' title='bbox 1363 1992 1413 2022; x_wconf 89' lang='lat' dir='ltr'>tibi</span> <span class='ocrx_word' id='word_1_1207' title='bbox 1427 1993 1460 2023; x_wconf 88' lang='lat' dir='ltr'>ad</span> <span class='ocrx_word' id='word_1_1208' title='bbox 1475 1993 1616 2024; x_wconf 88' lang='lat' dir='ltr'>honorem</span> <span class='ocrx_word' id='word_1_1209' title='bbox 1631 1995 1664 2026; x_wconf 89' lang='lat'>&amp;</span> <span class='ocrx_word' id='word_1_1210' title='bbox 1678 2005 1800 2028; x_wconf 87' lang='lat' dir='ltr'>commo</span> <span class='ocrx_word' id='word_1_1211' title='bbox 1821 2006 1868 2025; x_wconf 89' lang='lat' dir='ltr'>um</span> <span class='ocrx_word' id='word_1_1212' title='bbox 1884 1992 2076 2037; x_wconf 83' lang='lat' dir='ltr'>redundarent.</span> 
     </span>
    </p>

    <p class='ocr_par' dir='ltr' id='par_1_40' title="bbox 1286 2030 2353 2308">
     <span class='ocr_line' id='line_1_155' title="bbox 1323 2030 2346 2076; baseline 0.011 -16"><span class='ocrx_word' id='word_1_1213' title='bbox 1323 2030 1422 2070; x_wconf 85' lang='lat' dir='ltr'>Digne</span> <span class='ocrx_word' id='word_1_1214' title='bbox 1436 2032 1528 2069; x_wconf 87' lang='lat' dir='ltr'>itaque</span> <span class='ocrx_word' id='word_1_1215' title='bbox 1541 2032 1725 2064; x_wconf 85' lang='lat' dir='ltr'>Serenitatem</span> <span class='ocrx_word' id='word_1_1216' title='bbox 1739 2042 1814 2064; x_wconf 86' lang='lat' dir='ltr'>tuam</span> <span class='ocrx_word' id='word_1_1217' title='bbox 1829 2034 1982 2066; x_wconf 75' lang='lat' dir='ltr'>affectuose</span> <span class='ocrx_word' id='word_1_1218' title='bbox 2000 2038 2151 2076; x_wconf 84' lang='lat' dir='ltr'>rogandam</span> <span class='ocrx_word' id='word_1_1219' title='bbox 2170 2039 2299 2071; x_wconf 81' lang='lat' dir='ltr'>duximus</span> <span class='ocrx_word' id='word_1_1220' title='bbox 2312 2041 2346 2071; x_wconf 71' lang='grc' dir='ltr'>δε</span> 
     </span>
     <span class='ocr_line' id='line_1_156' title="bbox 1286 2069 2348 2118; baseline 0.01 -20"><span class='ocrx_word' id='word_1_1221' title='bbox 1286 2069 1474 2108; x_wconf 83' lang='lat' dir='ltr'>monendam,</span> <span class='ocrx_word' id='word_1_1222' title='bbox 1487 2071 1516 2100; x_wconf 89' lang='lat' dir='ltr'>in</span> <span class='ocrx_word' id='word_1_1223' title='bbox 1531 2070 1722 2102; x_wconf 77' lang='lat' dir='ltr'>remissionem</span> <span class='ocrx_word' id='word_1_1224' title='bbox 1737 2073 1785 2103; x_wconf 90' lang='lat' dir='ltr'>tibi</span> <span class='ocrx_word' id='word_1_1225' title='bbox 1799 2076 1999 2111; x_wconf 81' lang='lat' dir='ltr'>peccaminum</span> <span class='ocrx_word' id='word_1_1226' title='bbox 2013 2077 2069 2115; x_wconf 86' lang='lat' dir='ltr'>inju</span> <span class='ocrx_word' id='word_1_1227' title='bbox 2110 2086 2202 2117; x_wconf 88' lang='lat' dir='ltr'>entes,</span> <span class='ocrx_word' id='word_1_1228' title='bbox 2221 2080 2348 2118; x_wconf 83' lang='lat' dir='ltr'>quatinus</span> 
     </span>
     <span class='ocr_line' id='line_1_157' title="bbox 1287 2108 2350 2150; baseline 0.007 -11"><span class='ocrx_word' id='word_1_1229' title='bbox 1287 2116 1315 2139; x_wconf 84' lang='lat' dir='ltr'>te</span> <span class='ocrx_word' id='word_1_1230' title='bbox 1327 2108 1395 2146; x_wconf 88' lang='lat' dir='ltr'>sibi,</span> <span class='ocrx_word' id='word_1_1231' title='bbox 1417 2118 1469 2147; x_wconf 87' lang='lat' dir='ltr'>pro</span> <span class='ocrx_word' id='word_1_1232' title='bbox 1480 2109 1575 2139; x_wconf 91' lang='lat' dir='ltr'>divina</span> <span class='ocrx_word' id='word_1_1233' title='bbox 1590 2110 1623 2141; x_wconf 90' lang='lat'>&amp;</span> <span class='ocrx_word' id='word_1_1234' title='bbox 1639 2110 1733 2141; x_wconf 89' lang='lat' dir='ltr'>nostra</span> <span class='ocrx_word' id='word_1_1235' title='bbox 1746 2113 1913 2150; x_wconf 89' lang='lat' dir='ltr'>reverentia,</span> <span class='ocrx_word' id='word_1_1236' title='bbox 1932 2114 2047 2144; x_wconf 85' lang='lat' dir='ltr'>reddens</span> <span class='ocrx_word' id='word_1_1237' title='bbox 2060 2126 2075 2145; x_wconf 91' lang='lat' dir='ltr'>a</span> <span class='ocrx_word' id='word_1_1238' title='bbox 2101 2116 2166 2146; x_wconf 62' lang='lat' dir='ltr'>estu</span> <span class='ocrx_word' id='word_1_1239' title='bbox 2177 2116 2350 2148; x_wconf 83' lang='lat' dir='ltr'>benevolum</span> 
     </span>
     <span class='ocr_line' id='line_1_158' title="bbox 1287 2147 2352 2193; baseline 0.008 -15"><span class='ocrx_word' id='word_1_1240' title='bbox 1287 2147 1321 2178; x_wconf 75' lang='grc' dir='ltr'>ὃ(</span> <span class='ocrx_word' id='word_1_1241' title='bbox 1333 2156 1420 2184; x_wconf 86' lang='lat' dir='ltr'>opere</span> <span class='ocrx_word' id='word_1_1242' title='bbox 1431 2147 1582 2187; x_wconf 85' lang='lat' dir='ltr'>gratiosum</span> <span class='ocrx_word' id='word_1_1243' title='bbox 1593 2172 1603 2187; x_wconf 79' lang='lat'>,</span> <span class='ocrx_word' id='word_1_1244' title='bbox 1624 2149 1650 2179; x_wconf 88' lang='lat' dir='ltr'>ei</span> <span class='ocrx_word' id='word_1_1245' title='bbox 1666 2149 1741 2180; x_wconf 86' lang='lat' dir='ltr'>bona</span> <span class='ocrx_word' id='word_1_1246' title='bbox 1754 2149 1874 2189; x_wconf 88' lang='lat' dir='ltr'>ejusdem</span> <span class='ocrx_word' id='word_1_1247' title='bbox 1893 2151 2028 2182; x_wconf 87' lang='lat' dir='ltr'>Ecclesiae</span> <span class='ocrx_word' id='word_1_1248' title='bbox 2042 2176 2052 2191; x_wconf 84' lang='lat'>,</span> <span class='ocrx_word' id='word_1_1249' title='bbox 2075 2163 2140 2192; x_wconf 70' lang='lat' dir='ltr'>quae</span> <span class='ocrx_word' id='word_1_1250' title='bbox 2154 2177 2164 2193; x_wconf 84' lang='lat'>,</span> <span class='ocrx_word' id='word_1_1251' title='bbox 2189 2155 2271 2192; x_wconf 88' lang='lat' dir='ltr'>ipsius</span> <span class='ocrx_word' id='word_1_1252' title='bbox 2289 2154 2352 2185; x_wconf 82' lang='lat' dir='ltr'>sede</span> 
     </span>
     <span class='ocr_line' id='line_1_159' title="bbox 1287 2186 2353 2229; baseline 0.008 -14"><span class='ocrx_word' id='word_1_1253' title='bbox 1287 2193 1419 2224; x_wconf 84' lang='lat' dir='ltr'>vacante,</span> <span class='ocrx_word' id='word_1_1254' title='bbox 1437 2186 1471 2216; x_wconf 86' lang='lat' dir='ltr'>ad</span> <span class='ocrx_word' id='word_1_1255' title='bbox 1486 2196 1584 2217; x_wconf 86' lang='lat' dir='ltr'>manus</span> <span class='ocrx_word' id='word_1_1256' title='bbox 1597 2195 1655 2218; x_wconf 84' lang='lat' dir='ltr'>tuas</span> <span class='ocrx_word' id='word_1_1257' title='bbox 1667 2188 1815 2219; x_wconf 86' lang='lat' dir='ltr'>dinosceris</span> <span class='ocrx_word' id='word_1_1258' title='bbox 1830 2188 1944 2220; x_wconf 85' lang='lat' dir='ltr'>tenuisse</span> <span class='ocrx_word' id='word_1_1259' title='bbox 1959 2213 1969 2229; x_wconf 92' lang='lat'>,</span> <span class='ocrx_word' id='word_1_1260' title='bbox 1993 2191 2050 2221; x_wconf 87' lang='lat' dir='ltr'>sine</span> <span class='ocrx_word' id='word_1_1261' title='bbox 2062 2192 2200 2223; x_wconf 89' lang='lat' dir='ltr'>dilationis</span> <span class='ocrx_word' id='word_1_1262' title='bbox 2216 2193 2262 2224; x_wconf 91' lang='lat' dir='ltr'>seu</span> <span class='ocrx_word' id='word_1_1263' title='bbox 2278 2192 2353 2223; x_wconf 85' lang='lat' dir='ltr'>diffi-</span> 
     </span>
     <span class='ocr_line' id='line_1_160' title="bbox 1289 2223 2353 2268; baseline 0.008 -14"><span class='ocrx_word' id='word_1_1264' title='bbox 1289 2223 1394 2255; x_wconf 88' lang='lat' dir='ltr'>cultatis</span> <span class='ocrx_word' id='word_1_1265' title='bbox 1407 2224 1555 2256; x_wconf 80' lang='lat' dir='ltr'>obstaculo</span> <span class='ocrx_word' id='word_1_1266' title='bbox 1567 2224 1719 2266; x_wconf 82' lang='lat' dir='ltr'>restitutas,</span> <span class='ocrx_word' id='word_1_1267' title='bbox 1735 2227 1768 2257; x_wconf 87' lang='lat'>&amp;</span> <span class='ocrx_word' id='word_1_1268' title='bbox 1783 2226 1886 2258; x_wconf 92' lang='lat' dir='ltr'>restitui</span> <span class='ocrx_word' id='word_1_1269' title='bbox 1903 2228 1983 2259; x_wconf 84' lang='lat' dir='ltr'>facias</span> <span class='ocrx_word' id='word_1_1270' title='bbox 1999 2241 2007 2267; x_wconf 89' lang='lat'>·‚</span> <span class='ocrx_word' id='word_1_1271' title='bbox 2030 2240 2064 2260; x_wconf 89' lang='lat' dir='ltr'>ac</span> <span class='ocrx_word' id='word_1_1272' title='bbox 2081 2230 2201 2268; x_wconf 91' lang='lat' dir='ltr'>ejusdem</span> <span class='ocrx_word' id='word_1_1273' title='bbox 2220 2231 2353 2263; x_wconf 73' lang='lat' dir='ltr'>Ecclesiae</span> 
     </span>
     <span class='ocr_line' id='line_1_161' title="bbox 1287 2263 2295 2308; baseline 0.008 -15"><span class='ocrx_word' id='word_1_1274' title='bbox 1287 2263 1347 2301; x_wconf 71' lang='lat' dir='ltr'>jura</span> <span class='ocrx_word' id='word_1_1275' title='bbox 1360 2271 1496 2301; x_wconf 81' lang='lat' dir='ltr'>quantum</span> <span class='ocrx_word' id='word_1_1276' title='bbox 1511 2265 1540 2294; x_wconf 91' lang='lat' dir='ltr'>in</span> <span class='ocrx_word' id='word_1_1277' title='bbox 1554 2272 1581 2294; x_wconf 92' lang='lat' dir='ltr'>te</span> <span class='ocrx_word' id='word_1_1278' title='bbox 1595 2266 1676 2295; x_wconf 85' lang='lat' dir='ltr'>fuerit</span> <span class='ocrx_word' id='word_1_1279' title='bbox 1692 2271 1704 2284; x_wconf 86' lang='grc'><em>·</em></span> <span class='ocrx_word' id='word_1_1280' title='bbox 1721 2266 1787 2296; x_wconf 91' lang='lat' dir='ltr'>beni</span> <span class='ocrx_word' id='word_1_1281' title='bbox 1827 2276 1847 2296; x_wconf 95' lang='lat' dir='ltr'>o</span> <span class='ocrx_word' id='word_1_1282' title='bbox 1859 2266 1957 2297; x_wconf 87' lang='lat' dir='ltr'>favore</span> <span class='ocrx_word' id='word_1_1283' title='bbox 1970 2276 2096 2308; x_wconf 83' lang='lat' dir='ltr'>protegas</span> <span class='ocrx_word' id='word_1_1284' title='bbox 2110 2270 2143 2299; x_wconf 88' lang='lat'>&amp;</span> <span class='ocrx_word' id='word_1_1285' title='bbox 2156 2269 2295 2301; x_wconf 86' lang='lat' dir='ltr'>defendas.</span> 
     </span>
    </p>

    <p class='ocr_par' dir='ltr' id='par_1_41' title="bbox 1327 2301 2356 2350">
     <span class='ocr_line' id='line_1_162' title="bbox 1327 2301 2356 2350; baseline 0.007 -19"><span class='ocrx_word' id='word_1_1286' title='bbox 1327 2301 1369 2332; x_wconf 88' lang='lat' dir='ltr'>Ita</span> <span class='ocrx_word' id='word_1_1287' title='bbox 1382 2302 1459 2346; x_wconf 83' lang='lat' dir='ltr'>quod</span> <span class='ocrx_word' id='word_1_1288' title='bbox 1473 2302 1524 2332; x_wconf 88' lang='lat' dir='ltr'>tibi</span> <span class='ocrx_word' id='word_1_1289' title='bbox 1536 2312 1651 2341; x_wconf 86' lang='lat' dir='ltr'>propter</span> <span class='ocrx_word' id='word_1_1290' title='bbox 1665 2303 1722 2334; x_wconf 92' lang='lat' dir='ltr'>hoc</span> <span class='ocrx_word' id='word_1_1291' title='bbox 1736 2315 1751 2335; x_wconf 88' lang='lat' dir='ltr'>a</span> <span class='ocrx_word' id='word_1_1292' title='bbox 1771 2314 1787 2335; x_wconf 94' lang='lat' dir='ltr'>c</span> <span class='ocrx_word' id='word_1_1293' title='bbox 1800 2306 1920 2336; x_wconf 87' lang='lat' dir='ltr'>ementia</span> <span class='ocrx_word' id='word_1_1294' title='bbox 1940 2306 2026 2345; x_wconf 87' lang='lat' dir='ltr'>Regis</span> <span class='ocrx_word' id='word_1_1295' title='bbox 2040 2309 2140 2350; x_wconf 41' lang='lat' dir='ltr'>aterni</span> <span class='ocrx_word' id='word_1_1296' title='bbox 2153 2310 2301 2346; x_wconf 89' lang='lat' dir='ltr'>proveniat</span> <span class='ocrx_word' id='word_1_1297' title='bbox 2313 2310 2356 2341; x_wconf 83' lang='lat' dir='ltr'>vi-</span> 
     </span>
    </p>
   </div>
   <div class='ocr_carea' id='block_1_26' title="bbox 1290 2339 2358 2410">
    <p class='ocr_par' dir='ltr' id='par_1_42' title="bbox 1290 2339 2358 2410">
     <span class='ocr_line' id='line_1_163' title="bbox 1290 2339 2358 2410; baseline 0.009 -41"><span class='ocrx_word' id='word_1_1298' title='bbox 1290 2348 1328 2410; x_wconf 55' lang='grc' dir='ltr'>ἓξ</span> <span class='ocrx_word' id='word_1_1299' title='bbox 1343 2339 1427 2371; x_wconf 88' lang='lat' dir='ltr'>felicis</span> <span class='ocrx_word' id='word_1_1300' title='bbox 1439 2350 1472 2373; x_wconf 89' lang='lat' dir='ltr'>ac</span> <span class='ocrx_word' id='word_1_1301' title='bbox 1487 2341 1582 2383; x_wconf 84' lang='lat' dir='ltr'>longae</span> <span class='ocrx_word' id='word_1_1302' title='bbox 1597 2342 1731 2382; x_wconf 81' lang='lat' dir='ltr'>spatium,</span> <span class='ocrx_word' id='word_1_1303' title='bbox 1747 2343 1780 2374; x_wconf 88' lang='lat'>&amp;</span> <span class='ocrx_word' id='word_1_1304' title='bbox 1794 2343 1907 2375; x_wconf 86' lang='lat' dir='ltr'>tandem</span> <span class='ocrx_word' id='word_1_1305' title='bbox 1921 2354 2067 2383; x_wconf 85' lang='lat' dir='ltr'>perceptio</span> <span class='ocrx_word' id='word_1_1306' title='bbox 2080 2347 2277 2385; x_wconf 86' lang='lat' dir='ltr'>perempnium</span> <span class='ocrx_word' id='word_1_1307' title='bbox 2291 2355 2358 2388; x_wconf 80' lang='lat' dir='ltr'>gau-</span> 
     </span>
     <span class='ocr_line' id='line_1_164' title="bbox 1321 2388 1412 2410; baseline -0.011 -1"><span class='ocrx_word' id='word_1_1308' title='bbox 1321 2388 1412 2410; x_wconf 87' lang='lat' dir='ltr'>orum.</span> 
     </span>
    </p>
   </div>
   <div class='ocr_carea' id='block_1_27' title="bbox 2377 2301 2509 2337">
    <p class='ocr_par' dir='ltr' id='par_1_43' title="bbox 2377 2301 2509 2337">
     <span class='ocr_line' id='line_1_165' title="bbox 2377 2301 2509 2337; baseline -0.015 0"><span class='ocrx_word' id='word_1_1309' title='bbox 2377 2301 2509 2337; x_wconf 67' lang='lat'><strong>*1·649.</strong></span> 
     </span>
    </p>
   </div>
   <div class='ocr_carea' id='block_1_28' title="bbox 1329 2459 2304 2502">
    <p class='ocr_par' dir='ltr' id='par_1_44' title="bbox 1329 2459 2304 2502">
     <span class='ocr_line' id='line_1_166' title="bbox 1329 2459 2304 2502; baseline 0.004 -8"><span class='ocrx_word' id='word_1_1310' title='bbox 1329 2460 1398 2494; x_wconf 81' lang='lat' dir='ltr'>Dat.</span> <span class='ocrx_word' id='word_1_1311' title='bbox 1415 2459 1550 2501; x_wconf 87' lang='lat' dir='ltr'>Viterbii,</span> <span class='ocrx_word' id='word_1_1312' title='bbox 1572 2470 1604 2501; x_wconf 86' lang='lat'>15</span> <span class='ocrx_word' id='word_1_1313' title='bbox 1621 2462 1685 2494; x_wconf 86' lang='lat' dir='ltr'>Kal.</span> <span class='ocrx_word' id='word_1_1314' title='bbox 1695 2460 1807 2502; x_wconf 83' lang='lat' dir='ltr'>Januar.</span> <span class='ocrx_word' id='word_1_1315' title='bbox 1822 2464 2008 2496; x_wconf 74' lang='lat' dir='ltr'>Pontificatus</span> <span class='ocrx_word' id='word_1_1316' title='bbox 2022 2465 2110 2498; x_wconf 87' lang='lat' dir='ltr'>nostri</span> <span class='ocrx_word' id='word_1_1317' title='bbox 2124 2477 2201 2500; x_wconf 84' lang='lat' dir='ltr'>anno</span> <span class='ocrx_word' id='word_1_1318' title='bbox 2212 2468 2304 2500; x_wconf 84' lang='lat' dir='ltr'>tertio.</span> 
     </span>
    </p>
   </div>
   <div class='ocr_carea' id='block_1_29' title="bbox 1945 2545 2178 2589">
    <p class='ocr_par' dir='ltr' id='par_1_45' title="bbox 1945 2545 2178 2589">
     <span class='ocr_line' id='line_1_167' title="bbox 1945 2545 2178 2589; baseline 0.009 -13"><span class='ocrx_word' id='word_1_1319' title='bbox 1945 2546 1999 2576; x_wconf 85' lang='lat' dir='ltr'>Sub</span> <span class='ocrx_word' id='word_1_1320' title='bbox 2004 2545 2058 2589; x_wconf 79' lang='lat' dir='ltr'>filo</span> <span class='ocrx_word' id='word_1_1321' title='bbox 2072 2547 2178 2578; x_wconf 77' lang='lat' dir='ltr'>canabi.</span> 
     </span>
    </p>
   </div>
   <div class='ocr_carea' id='block_1_30' title="bbox 1427 2632 1567 2637">
    <p class='ocr_par' dir='ltr' id='par_1_46' title="bbox 1427 2632 1567 2637">
     <span class='ocr_line' id='line_1_168' title="bbox 1427 2632 1567 2637; baseline 0 0"><span class='ocrx_word' id='word_1_1322' title='bbox 1427 2632 1567 2637; x_wconf 95' lang='lat' dir='ltr'> </span> 
     </span>
    </p>
   </div>
   <div class='ocr_carea' id='block_1_31' title="bbox 1342 2682 2317 2780">
    <p class='ocr_par' dir='ltr' id='par_1_47' title="bbox 1342 2682 2317 2780">
     <span class='ocr_line' id='line_1_169' title="bbox 1342 2682 2317 2776; baseline 0.005 -61"><span class='ocrx_word' id='word_1_1323' title='bbox 1342 2683 1430 2719; x_wconf 69' lang='lat' dir='ltr'>Bulla</span> <span class='ocrx_word' id='word_1_1324' title='bbox 1443 2682 1534 2730; x_wconf 70' lang='lat' dir='ltr'>siaper&#39;</span> <span class='ocrx_word' id='word_1_1325' title='bbox 1554 2683 1724 2717; x_wconf 64' lang='lat' dir='ltr'>Collenione</span> <span class='ocrx_word' id='word_1_1326' title='bbox 1742 2687 1872 2776; x_wconf 34' lang='lat' dir='ltr'>&amp;Cim</span> <span class='ocrx_word' id='word_1_1327' title='bbox 1886 2697 1941 2733; x_wconf 83' lang='lat' dir='ltr'>pro</span> <span class='ocrx_word' id='word_1_1328' title='bbox 1963 2688 2094 2720; x_wconf 85' lang='lat' dir='ltr'>Henrico</span> <span class='ocrx_word' id='word_1_1329' title='bbox 2113 2689 2191 2734; x_wconf 79' lang='lat' dir='ltr'>Rege</span> <span class='ocrx_word' id='word_1_1330' title='bbox 2207 2689 2317 2721; x_wconf 81' lang='lat' dir='ltr'>Cruce-</span> 
     </span>
     <span class='ocr_line' id='line_1_170' title="bbox 1779 2745 1891 2780; baseline 0.027 -15"><span class='ocrx_word' id='word_1_1331' title='bbox 1779 2745 1891 2780; x_wconf 71' lang='lat' dir='ltr'>ignato.</span> 
     </span>
    </p>
   </div>
   <div class='ocr_carea' id='block_1_32' title="bbox 1299 2829 2519 3792">
    <p class='ocr_par' dir='ltr' id='par_1_48' title="bbox 1299 2829 2519 3792">
     <span class='ocr_line' id='line_1_171' title="bbox 1300 2829 2362 2894; baseline 0.003 -33"><span class='ocrx_word' id='word_1_1332' title='bbox 1300 2830 1503 2894; x_wconf 78' lang='lat' dir='ltr'>ALexander</span> <span class='ocrx_word' id='word_1_1333' title='bbox 1522 2829 1692 2869; x_wconf 81' lang='lat' dir='ltr'>Episcopus,</span> <span class='ocrx_word' id='word_1_1334' title='bbox 1707 2831 1798 2863; x_wconf 86' lang='lat' dir='ltr'>servus</span> <span class='ocrx_word' id='word_1_1335' title='bbox 1810 2832 1952 2864; x_wconf 87' lang='lat' dir='ltr'>servorum</span> <span class='ocrx_word' id='word_1_1336' title='bbox 1967 2833 2025 2864; x_wconf 86' lang='lat' dir='ltr'>Dei</span> <span class='ocrx_word' id='word_1_1337' title='bbox 2074 2830 2276 2864; x_wconf 83' lang='lat' dir='ltr'>venerabilibus</span> <span class='ocrx_word' id='word_1_1338' title='bbox 2294 2832 2318 2863; x_wconf 92' lang='lat' dir='ltr'>F</span> <span class='ocrx_word' id='word_1_1339' title='bbox 2319 2844 2362 2864; x_wconf 85' lang='lat' dir='ltr'>ra·-</span> 
     </span>
     <span class='ocr_line' id='line_1_172' title="bbox 1366 2857 2519 2912; baseline 0 -12"><span class='ocrx_word' id='word_1_1340' title='bbox 1366 2871 1452 2901; x_wconf 87' lang='lat' dir='ltr'>tribus</span> <span class='ocrx_word' id='word_1_1341' title='bbox 1568 2869 1792 2908; x_wconf 87' lang='lat' dir='ltr'>Archiepiscopo</span> <span class='ocrx_word' id='word_1_1342' title='bbox 1806 2870 1926 2903; x_wconf 83' lang='lat' dir='ltr'>Eborac.</span> <span class='ocrx_word' id='word_1_1343' title='bbox 1938 2873 1971 2904; x_wconf 69' lang='grc' dir='ltr'>ὅς</span> <span class='ocrx_word' id='word_1_1344' title='bbox 1984 2857 2166 2912; x_wconf 60' lang='lat' dir='ltr'>Suffraganeis</span> <span class='ocrx_word' id='word_1_1345' title='bbox 2181 2872 2233 2903; x_wconf 87' lang='lat' dir='ltr'>suis</span> <span class='ocrx_word' id='word_1_1346' title='bbox 2244 2871 2360 2903; x_wconf 83' lang='lat' dir='ltr'>salutern</span> <span class='ocrx_word' id='word_1_1347' title='bbox 2383 2868 2458 2900; x_wconf 83' lang='lat' dir='ltr'>Anti.</span> <span class='ocrx_word' id='word_1_1348' title='bbox 2474 2868 2519 2901; x_wconf 80' lang='lat' dir='ltr'>D.</span> 
     </span>
     <span class='ocr_line' id='line_1_173' title="bbox 1299 2907 2465 2948; baseline -0.002 -8"><span class='ocrx_word' id='word_1_1349' title='bbox 1299 2909 1333 2940; x_wconf 90' lang='lat'>&amp;</span> <span class='ocrx_word' id='word_1_1350' title='bbox 1344 2920 1358 2939; x_wconf 87' lang='lat' dir='ltr'>a</span> <span class='ocrx_word' id='word_1_1351' title='bbox 1379 2908 1528 2940; x_wconf 91' lang='lat' dir='ltr'>ostolicam</span> <span class='ocrx_word' id='word_1_1352' title='bbox 1542 2907 1784 2939; x_wconf 60' lang='lat' dir='ltr'>benedictionem.</span> <span class='ocrx_word' id='word_1_1353' title='bbox 2382 2918 2465 2948; x_wconf 80' lang='lat'>1257.</span> 
     </span>
     <span class='ocr_line' id='line_1_174' title="bbox 1368 2946 2494 2989; baseline 0.002 -11"><span class='ocrx_word' id='word_1_1354' title='bbox 1368 2958 1419 2977; x_wconf 92' lang='lat' dir='ltr'>um</span> <span class='ocrx_word' id='word_1_1355' title='bbox 1435 2948 1544 2978; x_wconf 87' lang='lat' dir='ltr'>decima</span> <span class='ocrx_word' id='word_1_1356' title='bbox 1563 2946 1822 2978; x_wconf 88' lang='lat' dir='ltr'>Ecclesiasticorum</span> <span class='ocrx_word' id='word_1_1357' title='bbox 1863 2958 2031 2980; x_wconf 88' lang='lat' dir='ltr'>roventuum</span> <span class='ocrx_word' id='word_1_1358' title='bbox 2054 2949 2150 2988; x_wconf 85' lang='lat' dir='ltr'>Regni</span> <span class='ocrx_word' id='word_1_1359' title='bbox 2165 2947 2277 2989; x_wconf 82' lang='lat' dir='ltr'>Angliae</span> <span class='ocrx_word' id='word_1_1360' title='bbox 2292 2973 2301 2988; x_wconf 86' lang='lat'>,</span> <span class='ocrx_word' id='word_1_1361' title='bbox 2327 2948 2361 2980; x_wconf 87' lang='lat'>&amp;</span> <span class='ocrx_word' id='word_1_1362' title='bbox 2380 2954 2431 2976; x_wconf 44' lang='lat' dir='ltr'>Aa.</span> <span class='ocrx_word' id='word_1_1363' title='bbox 2447 2957 2494 2984; x_wconf 73' lang='lat'>42·</span> 
     </span>
     <span class='ocr_line' id='line_1_175' title="bbox 1300 2985 2456 3024; baseline 0.002 -8"><span class='ocrx_word' id='word_1_1364' title='bbox 1300 2986 1414 3016; x_wconf 87' lang='lat' dir='ltr'>aliarum</span> <span class='ocrx_word' id='word_1_1365' title='bbox 1428 2994 1560 3016; x_wconf 88' lang='lat' dir='ltr'>terrarum</span> <span class='ocrx_word' id='word_1_1366' title='bbox 1574 2985 1704 3016; x_wconf 82' lang='lat' dir='ltr'>cariffirni</span> <span class='ocrx_word' id='word_1_1367' title='bbox 1720 2987 1748 3016; x_wconf 90' lang='lat' dir='ltr'>in</span> <span class='ocrx_word' id='word_1_1368' title='bbox 1763 2986 1845 3017; x_wconf 86' lang='lat' dir='ltr'>Chri1</span> <span class='ocrx_word' id='word_1_1369' title='bbox 1861 2998 1881 3018; x_wconf 92' lang='lat' dir='ltr'>o</span> <span class='ocrx_word' id='word_1_1370' title='bbox 1900 2988 1946 3018; x_wconf 86' lang='lat' dir='ltr'>filii</span> <span class='ocrx_word' id='word_1_1371' title='bbox 1961 2987 2048 3018; x_wconf 89' lang='lat' dir='ltr'>nostri</span> <span class='ocrx_word' id='word_1_1372' title='bbox 2178 2988 2287 3018; x_wconf 90' lang='lat' dir='ltr'>illustris</span> <span class='ocrx_word' id='word_1_1373' title='bbox 2302 2988 2363 3018; x_wconf 69' lang='lat' dir='ltr'>Re-</span> <span class='ocrx_word' id='word_1_1374' title='bbox 2379 2991 2413 3015; x_wconf 68' lang='lat' dir='ltr'>H·</span> <span class='ocrx_word' id='word_1_1375' title='bbox 2431 2996 2456 3024; x_wconf 78' lang='grc'>3-</span> 
     </span>
     <span class='ocr_line' id='line_1_176' title="bbox 1302 3023 2489 3066; baseline -0.003 -13"><span class='ocrx_word' id='word_1_1376' title='bbox 1302 3026 1342 3064; x_wconf 85' lang='lat' dir='ltr'>gis</span> <span class='ocrx_word' id='word_1_1377' title='bbox 1356 3024 1466 3064; x_wconf 83' lang='lat' dir='ltr'>Angliae</span> <span class='ocrx_word' id='word_1_1378' title='bbox 1482 3023 1661 3063; x_wconf 85' lang='lat' dir='ltr'>crucesignati</span> <span class='ocrx_word' id='word_1_1379' title='bbox 1674 3043 1683 3061; x_wconf 90' lang='lat'>-,</span> <span class='ocrx_word' id='word_1_1380' title='bbox 1706 3024 1799 3055; x_wconf 87' lang='lat' dir='ltr'>eidem</span> <span class='ocrx_word' id='word_1_1381' title='bbox 1820 3026 1893 3066; x_wconf 88' lang='lat' dir='ltr'>Regi</span> <span class='ocrx_word' id='word_1_1382' title='bbox 1908 3036 1955 3064; x_wconf 86' lang='lat' dir='ltr'>per</span> <span class='ocrx_word' id='word_1_1383' title='bbox 1973 3027 2214 3065; x_wconf 81' lang='lat' dir='ltr'>Qiinquennium</span> <span class='ocrx_word' id='word_1_1384' title='bbox 2228 3037 2243 3056; x_wconf 92' lang='lat' dir='ltr'>a</span> <span class='ocrx_word' id='word_1_1385' title='bbox 2257 3025 2320 3057; x_wconf 90' lang='lat' dir='ltr'>sede</span> <span class='ocrx_word' id='word_1_1386' title='bbox 2333 3037 2362 3057; x_wconf 84' lang='lat' dir='ltr'>a-</span> <span class='ocrx_word' id='word_1_1387' title='bbox 2383 3031 2422 3053; x_wconf 75' lang='lat' dir='ltr'>Ex</span> <span class='ocrx_word' id='word_1_1388' title='bbox 2430 3029 2489 3051; x_wconf 79' lang='lat' dir='ltr'>Au-</span> 
     </span>
     <span class='ocr_line' id='line_1_177' title="bbox 1302 3062 2446 3105; baseline 0.002 -12"><span class='ocrx_word' id='word_1_1389' title='bbox 1302 3062 1440 3103; x_wconf 88' lang='lat' dir='ltr'>postolica</span> <span class='ocrx_word' id='word_1_1390' title='bbox 1452 3063 1485 3093; x_wconf 88' lang='lat' dir='ltr'>sit</span> <span class='ocrx_word' id='word_1_1391' title='bbox 1498 3062 1647 3100; x_wconf 68' lang='lat' dir='ltr'>concessa,</span> <span class='ocrx_word' id='word_1_1392' title='bbox 1664 3072 1732 3101; x_wconf 85' lang='lat' dir='ltr'>nos,</span> <span class='ocrx_word' id='word_1_1393' title='bbox 1747 3064 1871 3094; x_wconf 89' lang='lat' dir='ltr'>volentes</span> <span class='ocrx_word' id='word_1_1394' title='bbox 1884 3067 2005 3096; x_wconf 91' lang='lat' dir='ltr'>omnino</span> <span class='ocrx_word' id='word_1_1395' title='bbox 2024 3065 2100 3105; x_wconf 89' lang='lat' dir='ltr'>quod</span> <span class='ocrx_word' id='word_1_1396' title='bbox 2115 3065 2271 3102; x_wconf 89' lang='lat' dir='ltr'>hujusmodi</span> <span class='ocrx_word' id='word_1_1397' title='bbox 2285 3065 2364 3096; x_wconf 80' lang='lat' dir='ltr'>deci·</span> <span class='ocrx_word' id='word_1_1398' title='bbox 2381 3072 2446 3101; x_wconf 62' lang='lat' dir='ltr'>xogri</span> 
     </span>
     <span class='ocr_line' id='line_1_178' title="bbox 1303 3100 2366 3141; baseline 0.002 -10"><span class='ocrx_word' id='word_1_1399' title='bbox 1303 3111 1350 3131; x_wconf 88' lang='lat' dir='ltr'>ma</span> <span class='ocrx_word' id='word_1_1400' title='bbox 1370 3102 1406 3132; x_wconf 91' lang='lat' dir='ltr'>ab</span> <span class='ocrx_word' id='word_1_1401' title='bbox 1426 3102 1558 3131; x_wconf 80' lang='lat' dir='ltr'>omnibus</span> <span class='ocrx_word' id='word_1_1402' title='bbox 1576 3100 1696 3130; x_wconf 84' lang='lat' dir='ltr'>Praelatis</span> <span class='ocrx_word' id='word_1_1403' title='bbox 1715 3103 1748 3132; x_wconf 93' lang='lat'>&amp;</span> <span class='ocrx_word' id='word_1_1404' title='bbox 1769 3102 1824 3132; x_wconf 80' lang='lat' dir='ltr'>&#39;aliis</span> <span class='ocrx_word' id='word_1_1405' title='bbox 1842 3104 1966 3141; x_wconf 89' lang='lat' dir='ltr'>personis</span> <span class='ocrx_word' id='word_1_1406' title='bbox 1987 3103 2178 3134; x_wconf 71' lang='lat' dir='ltr'>ecclesiasticis</span> <span class='ocrx_word' id='word_1_1407' title='bbox 2199 3103 2366 3134; x_wconf 76' lang='lat' dir='ltr'>eorumdem</span> 
     </span>
     <span class='ocr_line' id='line_1_179' title="bbox 1306 3140 2368 3181; baseline 0.001 -11"><span class='ocrx_word' id='word_1_1408' title='bbox 1306 3140 1445 3179; x_wconf 85' lang='lat' dir='ltr'>Regni&amp;</span> <span class='ocrx_word' id='word_1_1409' title='bbox 1459 3148 1592 3170; x_wconf 86' lang='lat' dir='ltr'>terrarum</span> <span class='ocrx_word' id='word_1_1410' title='bbox 1607 3141 1714 3179; x_wconf 86' lang='lat' dir='ltr'>integre</span> <span class='ocrx_word' id='word_1_1411' title='bbox 1731 3140 1918 3180; x_wconf 83' lang='lat' dir='ltr'>persolvatur,</span> <span class='ocrx_word' id='word_1_1412' title='bbox 1934 3143 2094 3173; x_wconf 82' lang='lat' dir='ltr'>fraternitati</span> <span class='ocrx_word' id='word_1_1413' title='bbox 2109 3142 2209 3173; x_wconf 79' lang='lat' dir='ltr'>vestrae</span> <span class='ocrx_word' id='word_1_1414' title='bbox 2223 3152 2272 3181; x_wconf 86' lang='lat' dir='ltr'>per</span> <span class='ocrx_word' id='word_1_1415' title='bbox 2287 3151 2368 3181; x_wconf 80' lang='lat' dir='ltr'>apos-</span> 
     </span>
     <span class='ocr_line' id='line_1_180' title="bbox 1305 3178 2366 3223; baseline 0 -14"><span class='ocrx_word' id='word_1_1416' title='bbox 1305 3179 1388 3209; x_wconf 89' lang='lat' dir='ltr'>tolica</span> <span class='ocrx_word' id='word_1_1417' title='bbox 1409 3179 1507 3216; x_wconf 90' lang='lat' dir='ltr'>scripta</span> <span class='ocrx_word' id='word_1_1418' title='bbox 1519 3201 1530 3216; x_wconf 84' lang='lat'>,</span> <span class='ocrx_word' id='word_1_1419' title='bbox 1555 3179 1583 3208; x_wconf 87' lang='lat' dir='ltr'>in</span> <span class='ocrx_word' id='word_1_1420' title='bbox 1601 3179 1703 3207; x_wconf 90' lang='lat' dir='ltr'>virtute</span> <span class='ocrx_word' id='word_1_1421' title='bbox 1720 3178 1888 3210; x_wconf 83' lang='lat' dir='ltr'>obedientiae</span> <span class='ocrx_word' id='word_1_1422' title='bbox 1907 3182 1940 3212; x_wconf 85' lang='lat'>&amp;</span> <span class='ocrx_word' id='word_1_1423' title='bbox 1964 3181 2013 3211; x_wconf 91' lang='lat' dir='ltr'>sub</span> <span class='ocrx_word' id='word_1_1424' title='bbox 2032 3190 2117 3221; x_wconf 80' lang='lat' dir='ltr'>poena</span> <span class='ocrx_word' id='word_1_1425' title='bbox 2138 3180 2315 3218; x_wconf 85' lang='lat' dir='ltr'>suspensionis</span> <span class='ocrx_word' id='word_1_1426' title='bbox 2326 3180 2366 3223; x_wconf 26' lang='lat' dir='ltr'>‘ab</span> 
     </span>
     <span class='ocr_line' id='line_1_181' title="bbox 1303 3216 2368 3258; baseline 0 -11"><span class='ocrx_word' id='word_1_1427' title='bbox 1303 3216 1552 3247; x_wconf 79' lang='lat' dir='ltr'>amministratione</span> <span class='ocrx_word' id='word_1_1428' title='bbox 1564 3216 1741 3254; x_wconf 88' lang='lat' dir='ltr'>spiritualium</span> <span class='ocrx_word' id='word_1_1429' title='bbox 1754 3218 1787 3248; x_wconf 69' lang='grc' dir='ltr'>ὃ(</span> <span class='ocrx_word' id='word_1_1430' title='bbox 1801 3220 2016 3258; x_wconf 87' lang='lat' dir='ltr'>temporalium,</span> <span class='ocrx_word' id='word_1_1431' title='bbox 2034 3229 2119 3258; x_wconf 84' lang='lat' dir='ltr'>quam</span> <span class='ocrx_word' id='word_1_1432' title='bbox 2135 3228 2171 3248; x_wconf 91' lang='lat' dir='ltr'>eo</span> <span class='ocrx_word' id='word_1_1433' title='bbox 2186 3219 2244 3257; x_wconf 85' lang='lat' dir='ltr'>ipso</span> <span class='ocrx_word' id='word_1_1434' title='bbox 2259 3228 2309 3248; x_wconf 80' lang='lat' dir='ltr'>vos</span> <span class='ocrx_word' id='word_1_1435' title='bbox 2323 3229 2368 3247; x_wconf 57' lang='lat' dir='ltr'>iii-a</span> 
     </span>
     <span class='ocr_line' id='line_1_182' title="bbox 1304 3255 2371 3296; baseline 0 -10"><span class='ocrx_word' id='word_1_1436' title='bbox 1304 3266 1416 3286; x_wconf 88' lang='lat' dir='ltr'>currere</span> <span class='ocrx_word' id='word_1_1437' title='bbox 1431 3255 1562 3285; x_wconf 90' lang='lat' dir='ltr'>volumus</span> <span class='ocrx_word' id='word_1_1438' title='bbox 1574 3277 1583 3292; x_wconf 89' lang='lat'>,</span> <span class='ocrx_word' id='word_1_1439' title='bbox 1608 3255 1628 3285; x_wconf 82' lang='lat' dir='ltr'>si</span> <span class='ocrx_word' id='word_1_1440' title='bbox 1647 3256 1678 3284; x_wconf 91' lang='lat' dir='ltr'>in</span> <span class='ocrx_word' id='word_1_1441' title='bbox 1692 3257 1827 3294; x_wconf 74' lang='lat' dir='ltr'>praecepti</span> <span class='ocrx_word' id='word_1_1442' title='bbox 1842 3257 1930 3288; x_wconf 91' lang='lat' dir='ltr'>nostri</span> <span class='ocrx_word' id='word_1_1443' title='bbox 1949 3259 2113 3288; x_wconf 87' lang='lat' dir='ltr'>executione</span> <span class='ocrx_word' id='word_1_1444' title='bbox 2126 3257 2296 3296; x_wconf 83' lang='lat' dir='ltr'>negligentes</span> <span class='ocrx_word' id='word_1_1445' title='bbox 2309 3256 2371 3286; x_wconf 66' lang='lat' dir='ltr'>fue⁴</span> 
     </span>
     <span class='ocr_line' id='line_1_183' title="bbox 1305 3292 2234 3330; baseline -0.001 -6"><span class='ocrx_word' id='word_1_1446' title='bbox 1305 3295 1363 3324; x_wconf 86' lang='lat' dir='ltr'>ritis</span> <span class='ocrx_word' id='word_1_1447' title='bbox 1374 3294 1419 3324; x_wconf 88' lang='lat' dir='ltr'>vel</span> <span class='ocrx_word' id='word_1_1448' title='bbox 1432 3292 1534 3323; x_wconf 85' lang='lat' dir='ltr'>remiffi</span> <span class='ocrx_word' id='word_1_1449' title='bbox 1543 3315 1552 3330; x_wconf 89' lang='lat'>,</span> <span class='ocrx_word' id='word_1_1450' title='bbox 2232 3328 2234 3330; x_wconf 37' lang='grc'>,</span> 
     </span>
     <span class='ocr_line' id='line_1_184' title="bbox 1343 3329 2368 3373; baseline 0.001 -11"><span class='ocrx_word' id='word_1_1451' title='bbox 1343 3331 1479 3362; x_wconf 74' lang='lat' dir='ltr'>Distriete</span> <span class='ocrx_word' id='word_1_1452' title='bbox 1500 3329 1691 3369; x_wconf 60' lang='lat' dir='ltr'>praecipiendo</span> <span class='ocrx_word' id='word_1_1453' title='bbox 1715 3331 1880 3364; x_wconf 81' lang='lat' dir='ltr'>mandamus</span> <span class='ocrx_word' id='word_1_1454' title='bbox 1900 3335 2029 3373; x_wconf 84' lang='lat' dir='ltr'>quatinus</span> <span class='ocrx_word' id='word_1_1455' title='bbox 2045 3334 2079 3364; x_wconf 88' lang='lat' dir='ltr'>ad</span> <span class='ocrx_word' id='word_1_1456' title='bbox 2100 3332 2292 3372; x_wconf 77' lang='lat' dir='ltr'>colligendum</span> <span class='ocrx_word' id='word_1_1457' title='bbox 2309 3332 2368 3363; x_wconf 70' lang='lat' dir='ltr'>tam</span> 
     </span>
     <span class='ocr_line' id='line_1_185' title="bbox 1305 3370 2369 3412; baseline 0 -11"><span class='ocrx_word' id='word_1_1458' title='bbox 1305 3370 1469 3409; x_wconf 69' lang='lat' dir='ltr'>praedictam</span> <span class='ocrx_word' id='word_1_1459' title='bbox 1483 3370 1621 3400; x_wconf 87' lang='lat' dir='ltr'>decimam</span> <span class='ocrx_word' id='word_1_1460' title='bbox 1629 3392 1639 3407; x_wconf 89' lang='lat'>,</span> <span class='ocrx_word' id='word_1_1461' title='bbox 1647 3379 1731 3407; x_wconf 92' lang='lat' dir='ltr'>quam</span> <span class='ocrx_word' id='word_1_1462' title='bbox 1740 3371 1945 3412; x_wconf 75' lang='lat' dir='ltr'>redemptiones</span> <span class='ocrx_word' id='word_1_1463' title='bbox 1952 3380 2087 3402; x_wconf 86' lang='lat' dir='ltr'>votorum</span> <span class='ocrx_word' id='word_1_1464' title='bbox 2097 3377 2187 3402; x_wconf 82' lang='lat' dir='ltr'>crucci</span> <span class='ocrx_word' id='word_1_1465' title='bbox 2194 3379 2369 3410; x_wconf 81' lang='lat' dir='ltr'>ignatorum,</span> 
     </span>
     <span class='ocr_line' id='line_1_186' title="bbox 1305 3408 2370 3449; baseline 0 -9"><span class='ocrx_word' id='word_1_1466' title='bbox 1305 3411 1393 3449; x_wconf 81' lang='lat' dir='ltr'>legata</span> <span class='ocrx_word' id='word_1_1467' title='bbox 1407 3408 1584 3444; x_wconf 71' lang='lat' dir='ltr'>indistinete,</span> <span class='ocrx_word' id='word_1_1468' title='bbox 1604 3417 1636 3437; x_wconf 85' lang='lat' dir='ltr'>ac</span> <span class='ocrx_word' id='word_1_1469' title='bbox 1652 3409 1756 3439; x_wconf 68' lang='lat' dir='ltr'>fruetus</span> <span class='ocrx_word' id='word_1_1470' title='bbox 1768 3409 1971 3440; x_wconf 79' lang='lat' dir='ltr'>beneficiorum</span> <span class='ocrx_word' id='word_1_1471' title='bbox 1985 3411 2159 3446; x_wconf 79' lang='lat' dir='ltr'>vacantium,</span> <span class='ocrx_word' id='word_1_1472' title='bbox 2174 3410 2207 3439; x_wconf 86' lang='lat'>&amp;</span> <span class='ocrx_word' id='word_1_1473' title='bbox 2222 3409 2370 3448; x_wconf 62' lang='lat' dir='ltr'>quascum⁴</span> 
     </span>
     <span class='ocr_line' id='line_1_187' title="bbox 1327 3447 2366 3488; baseline 0.002 -11"><span class='ocrx_word' id='word_1_1474' title='bbox 1327 3459 1361 3477; x_wconf 87' lang='lat' dir='ltr'>ue</span> <span class='ocrx_word' id='word_1_1475' title='bbox 1374 3448 1436 3478; x_wconf 84' lang='lat' dir='ltr'>alias</span> <span class='ocrx_word' id='word_1_1476' title='bbox 1448 3448 1649 3483; x_wconf 84' lang='lat' dir='ltr'>obventiones,</span> <span class='ocrx_word' id='word_1_1477' title='bbox 1664 3447 1755 3477; x_wconf 88' lang='lat' dir='ltr'>eidem</span> <span class='ocrx_word' id='word_1_1478' title='bbox 1771 3448 1845 3488; x_wconf 82' lang='lat' dir='ltr'>Regi</span> <span class='ocrx_word' id='word_1_1479' title='bbox 1857 3450 1885 3478; x_wconf 93' lang='lat' dir='ltr'>in</span> <span class='ocrx_word' id='word_1_1480' title='bbox 1900 3449 2040 3487; x_wconf 67' lang='lat' dir='ltr'>praedictis</span> <span class='ocrx_word' id='word_1_1481' title='bbox 2054 3448 2158 3487; x_wconf 80' lang='lat' dir='ltr'>Regno</span> <span class='ocrx_word' id='word_1_1482' title='bbox 2174 3448 2208 3478; x_wconf 89' lang='lat'>&amp;</span> <span class='ocrx_word' id='word_1_1483' title='bbox 2222 3449 2298 3478; x_wconf 88' lang='lat' dir='ltr'>terris</span> <span class='ocrx_word' id='word_1_1484' title='bbox 2312 3457 2366 3488; x_wconf 88' lang='lat' dir='ltr'>pro</span> 
     </span>
     <span class='ocr_line' id='line_1_188' title="bbox 1306 3458 1954 3525; baseline -0.002 -8"><span class='ocrx_word' id='word_1_1485' title='bbox 1306 3458 1347 3517; x_wconf 56' lang='lat' dir='ltr'>sui</span> <span class='ocrx_word' id='word_1_1486' title='bbox 1361 3487 1421 3517; x_wconf 88' lang='lat' dir='ltr'>voti</span> <span class='ocrx_word' id='word_1_1487' title='bbox 1436 3485 1629 3524; x_wconf 86' lang='lat' dir='ltr'>prosecutione</span> <span class='ocrx_word' id='word_1_1488' title='bbox 1643 3486 1774 3516; x_wconf 73' lang='lat' dir='ltr'>concessa</span> <span class='ocrx_word' id='word_1_1489' title='bbox 1783 3509 1793 3525; x_wconf 91' lang='lat'>,</span> <span class='ocrx_word' id='word_1_1490' title='bbox 1951 3522 1954 3524; x_wconf 19' lang='grc' dir='ltr'><strong>Α</strong></span> 
     </span>
     <span class='ocr_line' id='line_1_189' title="bbox 1347 3520 2367 3561; baseline 0 -6"><span class='ocrx_word' id='word_1_1491' title='bbox 1347 3524 1401 3555; x_wconf 90' lang='lat' dir='ltr'>Per</span> <span class='ocrx_word' id='word_1_1492' title='bbox 1415 3533 1482 3561; x_wconf 83' lang='lat' dir='ltr'>vos,</span> <span class='ocrx_word' id='word_1_1493' title='bbox 1500 3524 1543 3553; x_wconf 88' lang='lat' dir='ltr'>vel</span> <span class='ocrx_word' id='word_1_1494' title='bbox 1560 3532 1607 3561; x_wconf 87' lang='lat' dir='ltr'>per</span> <span class='ocrx_word' id='word_1_1495' title='bbox 1621 3522 1688 3553; x_wconf 85' lang='lat' dir='ltr'>alios</span> <span class='ocrx_word' id='word_1_1496' title='bbox 1700 3548 1710 3560; x_wconf 74' lang='lat'>,</span> <span class='ocrx_word' id='word_1_1497' title='bbox 1734 3526 1763 3554; x_wconf 89' lang='lat' dir='ltr'>in</span> <span class='ocrx_word' id='word_1_1498' title='bbox 1778 3524 1873 3554; x_wconf 86' lang='lat' dir='ltr'>vestris</span> <span class='ocrx_word' id='word_1_1499' title='bbox 1893 3524 2060 3555; x_wconf 84' lang='lat' dir='ltr'>Civitatibus</span> <span class='ocrx_word' id='word_1_1500' title='bbox 2074 3533 2106 3553; x_wconf 83' lang='lat' dir='ltr'>ac</span> <span class='ocrx_word' id='word_1_1501' title='bbox 2122 3521 2290 3555; x_wconf 86' lang='lat' dir='ltr'>Di0cefibus</span> <span class='ocrx_word' id='word_1_1502' title='bbox 2304 3520 2367 3555; x_wconf 71' lang='lat' dir='ltr'>effi-</span> 
     </span>
     <span class='ocr_line' id='line_1_190' title="bbox 1308 3560 2367 3603; baseline 0 -9"><span class='ocrx_word' id='word_1_1503' title='bbox 1308 3565 1410 3594; x_wconf 86' lang='lat' dir='ltr'>caciter</span> <span class='ocrx_word' id='word_1_1504' title='bbox 1425 3561 1577 3603; x_wconf 84' lang='lat' dir='ltr'>procedere</span> <span class='ocrx_word' id='word_1_1505' title='bbox 1593 3560 1734 3597; x_wconf 76' lang='lat' dir='ltr'>studeatis,</span> <span class='ocrx_word' id='word_1_1506' title='bbox 1749 3565 1827 3602; x_wconf 81' lang='lat' dir='ltr'>juxta</span> <span class='ocrx_word' id='word_1_1507' title='bbox 1839 3564 1961 3593; x_wconf 86' lang='lat' dir='ltr'>formam</span> <span class='ocrx_word' id='word_1_1508' title='bbox 1994 3571 2215 3599; x_wconf 79' lang='lat' dir='ltr'>uarumcumque</span> <span class='ocrx_word' id='word_1_1509' title='bbox 2227 3563 2367 3594; x_wconf 87' lang='lat' dir='ltr'>literarum</span> 
     </span>
     <span class='ocr_line' id='line_1_191' title="bbox 1307 3599 2366 3642; baseline 0 -10"><span class='ocrx_word' id='word_1_1510' title='bbox 1307 3600 1539 3642; x_wconf 80' lang='lat' dir='ltr'>apostolicarum,</span> <span class='ocrx_word' id='word_1_1511' title='bbox 1556 3599 1589 3629; x_wconf 91' lang='lat' dir='ltr'>ad</span> <span class='ocrx_word' id='word_1_1512' title='bbox 1606 3601 1792 3631; x_wconf 83' lang='lat' dir='ltr'>venerabilem</span> <span class='ocrx_word' id='word_1_1513' title='bbox 1811 3602 1922 3631; x_wconf 85' lang='lat' dir='ltr'>fratrem</span> <span class='ocrx_word' id='word_1_1514' title='bbox 1935 3611 1974 3630; x_wconf 91' lang='lat' dir='ltr'>no</span> <span class='ocrx_word' id='word_1_1515' title='bbox 2002 3610 2062 3630; x_wconf 84' lang='lat' dir='ltr'>rum</span> <span class='ocrx_word' id='word_1_1516' title='bbox 2168 3600 2273 3632; x_wconf 85' lang='lat' dir='ltr'>Arc&#39;liie</span> <span class='ocrx_word' id='word_1_1517' title='bbox 2295 3602 2366 3632; x_wconf 59' lang='lat' dir='ltr'>isco⁴</span> 
     </span>
     <span class='ocr_line' id='line_1_192' title="bbox 1309 3637 2370 3678; baseline 0.001 -8"><span class='ocrx_word' id='word_1_1518' title='bbox 1309 3651 1379 3678; x_wconf 85' lang='lat' dir='ltr'>pum</span> <span class='ocrx_word' id='word_1_1519' title='bbox 1393 3639 1570 3670; x_wconf 85' lang='lat' dir='ltr'>Cantuarien.</span> <span class='ocrx_word' id='word_1_1520' title='bbox 1585 3639 1618 3668; x_wconf 88' lang='lat'>&amp;</span> <span class='ocrx_word' id='word_1_1521' title='bbox 1631 3638 1766 3669; x_wconf 74' lang='lat' dir='ltr'>dilec‘tum</span> <span class='ocrx_word' id='word_1_1522' title='bbox 1783 3640 1870 3670; x_wconf 76' lang='lat' dir='ltr'>filium</span> <span class='ocrx_word' id='word_1_1523' title='bbox 1887 3638 2057 3678; x_wconf 84' lang='lat' dir='ltr'>Magistrum</span> <span class='ocrx_word' id='word_1_1524' title='bbox 2072 3637 2252 3670; x_wconf 85' lang='lat' dir='ltr'>Rostandum</span> <span class='ocrx_word' id='word_1_1525' title='bbox 2286 3638 2309 3671; x_wconf 64' lang='lat' dir='ltr'>*a</span> <span class='ocrx_word' id='word_1_1526' title='bbox 2330 3641 2370 3670; x_wconf 72' lang='lat' dir='ltr'>el-</span> 
     </span>
     <span class='ocr_line' id='line_1_193' title="bbox 1308 3676 2370 3717; baseline 0.001 -9"><span class='ocrx_word' id='word_1_1527' title='bbox 1308 3680 1405 3709; x_wconf 88' lang='lat' dir='ltr'>lanum</span> <span class='ocrx_word' id='word_1_1528' title='bbox 1421 3677 1548 3707; x_wconf 87' lang='lat' dir='ltr'>nostrum</span> <span class='ocrx_word' id='word_1_1529' title='bbox 1564 3677 1770 3716; x_wconf 87' lang='lat' dir='ltr'>communiter,</span> <span class='ocrx_word' id='word_1_1530' title='bbox 1788 3679 1820 3709; x_wconf 88' lang='lat'>&amp;</span> <span class='ocrx_word' id='word_1_1531' title='bbox 1835 3678 1868 3708; x_wconf 89' lang='lat' dir='ltr'>ad</span> <span class='ocrx_word' id='word_1_1532' title='bbox 1889 3678 2011 3708; x_wconf 88' lang='lat' dir='ltr'>eundem</span> <span class='ocrx_word' id='word_1_1533' title='bbox 2027 3676 2213 3717; x_wconf 78' lang='lat' dir='ltr'>Capelianum</span> <span class='ocrx_word' id='word_1_1534' title='bbox 2225 3678 2304 3717; x_wconf 87' lang='lat' dir='ltr'>super</span> <span class='ocrx_word' id='word_1_1535' title='bbox 2339 3680 2370 3709; x_wconf 67' lang='lat' dir='ltr'>iis</span> 
     </span>
     <span class='ocr_line' id='line_1_194' title="bbox 1310 3715 1676 3756; baseline -0.008 -9"><span class='ocrx_word' id='word_1_1536' title='bbox 1310 3717 1478 3756; x_wconf 85' lang='lat' dir='ltr'>singulariter</span> <span class='ocrx_word' id='word_1_1537' title='bbox 1490 3715 1676 3753; x_wconf 62' lang='lat' dir='ltr'>direcstarum3</span> 
     </span>
     <span class='ocr_line' id='line_1_195' title="bbox 1351 3751 2368 3792; baseline -0.001 -7"><span class='ocrx_word' id='word_1_1538' title='bbox 1351 3755 1425 3785; x_wconf 92' lang='lat' dir='ltr'>Non</span> <span class='ocrx_word' id='word_1_1539' title='bbox 1439 3753 1566 3784; x_wconf 84' lang='lat' dir='ltr'>obstante</span> <span class='ocrx_word' id='word_1_1540' title='bbox 1581 3752 1658 3792; x_wconf 90' lang='lat' dir='ltr'>quod</span> <span class='ocrx_word' id='word_1_1541' title='bbox 1679 3751 1881 3783; x_wconf 58' lang='lat' dir='ltr'>collectionem</span> <span class='ocrx_word' id='word_1_1542' title='bbox 1899 3752 2019 3783; x_wconf 86' lang='lat' dir='ltr'>decimae</span> <span class='ocrx_word' id='word_1_1543' title='bbox 2031 3754 2064 3784; x_wconf 87' lang='lat'>&amp;</span> <span class='ocrx_word' id='word_1_1544' title='bbox 2085 3754 2204 3785; x_wconf 85' lang='lat' dir='ltr'>aliorum</span> <span class='ocrx_word' id='word_1_1545' title='bbox 2217 3754 2368 3792; x_wconf 61' lang='lat' dir='ltr'>praedicto-</span> 
     </span>
    </p>
   </div>
   <div class='ocr_carea' id='block_1_33' title="bbox 1310 3790 2370 3824">
    <p class='ocr_par' dir='ltr' id='par_1_49' title="bbox 1310 3790 2370 3824">
     <span class='ocr_line' id='line_1_196' title="bbox 1310 3790 2370 3824; baseline -0.003 0"><span class='ocrx_word' id='word_1_1546' title='bbox 1310 3804 1375 3824; x_wconf 80' lang='lat' dir='ltr'>rum</span> <span class='ocrx_word' id='word_1_1547' title='bbox 1394 3790 1602 3824; x_wconf 75' lang='lat' dir='ltr'>venerabilibus</span> <span class='ocrx_word' id='word_1_1548' title='bbox 1625 3790 1763 3822; x_wconf 85' lang='lat' dir='ltr'>Fratribus</span> <span class='ocrx_word' id='word_1_1549' title='bbox 1784 3791 1883 3822; x_wconf 83' lang='lat' dir='ltr'>nostris</span> <span class='ocrx_word' id='word_1_1550' title='bbox 1986 3791 2076 3822; x_wconf 87' lang='lat' dir='ltr'>Elien.</span> <span class='ocrx_word' id='word_1_1551' title='bbox 2203 3793 2370 3824; x_wconf 73' lang='lat' dir='ltr'>Bathonien.</span> 
     </span>
    </p>
   </div>
   <div class='ocr_carea' id='block_1_34' title="bbox 2133 3886 2260 3893">
    <p class='ocr_par' dir='ltr' id='par_1_50' title="bbox 2133 3886 2260 3893">
     <span class='ocr_line' id='line_1_197' title="bbox 2133 3886 2260 3893; baseline 0 368"><span class='ocrx_word' id='word_1_1552' title='bbox 2133 3886 2260 3893; x_wconf 95' lang='lat' dir='ltr'> </span> 
     </span>
    </p>
   </div>
   <div class='ocr_carea' id='block_1_35' title="bbox 1310 3828 2372 3945">
    <p class='ocr_par' dir='ltr' id='par_1_51' title="bbox 1310 3828 2372 3945">
     <span class='ocr_line' id='line_1_198' title="bbox 1310 3828 2369 3872; baseline 0.002 -12"><span class='ocrx_word' id='word_1_1553' title='bbox 1310 3835 1345 3864; x_wconf 68' lang='grc' dir='ltr'>ὅ(</span> <span class='ocrx_word' id='word_1_1554' title='bbox 1452 3830 1570 3861; x_wconf 85' lang='lat' dir='ltr'>Roffen.</span> <span class='ocrx_word' id='word_1_1555' title='bbox 1586 3828 1745 3869; x_wconf 82' lang='lat' dir='ltr'>Episcopis,</span> <span class='ocrx_word' id='word_1_1556' title='bbox 1763 3830 1847 3868; x_wconf 91' lang='lat' dir='ltr'>usque</span> <span class='ocrx_word' id='word_1_1557' title='bbox 1861 3829 1894 3860; x_wconf 85' lang='lat' dir='ltr'>ad</span> <span class='ocrx_word' id='word_1_1558' title='bbox 1908 3828 2048 3860; x_wconf 85' lang='lat' dir='ltr'>summam</span> <span class='ocrx_word' id='word_1_1559' title='bbox 2065 3831 2189 3872; x_wconf 89' lang='lat' dir='ltr'>quinque</span> <span class='ocrx_word' id='word_1_1560' title='bbox 2202 3832 2321 3862; x_wconf 86' lang='lat' dir='ltr'>millium</span> <span class='ocrx_word' id='word_1_1561' title='bbox 2334 3830 2369 3861; x_wconf 82' lang='lat'>&amp;</span> 
     </span>
     <span class='ocr_line' id='line_1_199' title="bbox 1312 3867 2372 3913; baseline -0.004 -11"><span class='ocrx_word' id='word_1_1562' title='bbox 1312 3872 1527 3911; x_wconf 83' lang='lat' dir='ltr'>quingentarum</span> <span class='ocrx_word' id='word_1_1563' title='bbox 1542 3867 1723 3905; x_wconf 80' lang='lat' dir='ltr'>Marcamm,</span> <span class='ocrx_word' id='word_1_1564' title='bbox 1740 3868 1869 3913; x_wconf 80' lang='lat' dir='ltr'>duximus</span> <span class='ocrx_word' id='word_1_1565' title='bbox 1883 3869 2119 3913; x_wconf 77' lang='lat' dir='ltr'>committendam</span> <span class='ocrx_word' id='word_1_1566' title='bbox 2275 3871 2372 3906; x_wconf 82' lang='lat' dir='ltr'>utique</span> 
     </span>
     <span class='ocr_line' id='line_1_200' title="bbox 1312 3907 2372 3945; baseline -0.004 -4"><span class='ocrx_word' id='word_1_1567' title='bbox 1312 3907 1469 3941; x_wconf 84' lang='lat' dir='ltr'>commissis</span> <span class='ocrx_word' id='word_1_1568' title='bbox 1693 3908 1859 3938; x_wconf 67' lang='lat' dir='ltr'>auctoritate</span> <span class='ocrx_word' id='word_1_1569' title='bbox 1888 3907 2066 3945; x_wconf 85' lang='lat' dir='ltr'>praesentium</span> <span class='ocrx_word' id='word_1_1570' title='bbox 2098 3908 2229 3939; x_wconf 88' lang='lat' dir='ltr'>nolumus</span> <span class='ocrx_word' id='word_1_1571' title='bbox 2257 3907 2372 3945; x_wconf 74' lang='lat' dir='ltr'>dei-oga—</span> 
     </span>
    </p>
   </div>
   <div class='ocr_carea' id='block_1_36' title="bbox 1503 3923 1660 3932">
    <p class='ocr_par' dir='ltr' id='par_1_52' title="bbox 1503 3923 1660 3932">
     <span class='ocr_line' id='line_1_201' title="bbox 1503 3923 1660 3932; baseline 0 329"><span class='ocrx_word' id='word_1_1572' title='bbox 1503 3923 1660 3932; x_wconf 95' lang='lat' dir='ltr'> </span> 
     </span>
    </p>
   </div>
   <div class='ocr_carea' id='block_1_37' title="bbox 1315 3959 2377 4135">
    <p class='ocr_par' dir='ltr' id='par_1_53' title="bbox 1315 3959 2373 4131">
     <span class='ocr_line' id='line_1_202' title="bbox 1315 3959 2373 4024; baseline -0.003 -8"><span class='ocrx_word' id='word_1_1573' title='bbox 1315 3959 1404 4022; x_wconf 41' lang='lat' dir='ltr'>rl&#39;Et,</span> <span class='ocrx_word' id='word_1_1574' title='bbox 1422 3993 1452 4015; x_wconf 88' lang='lat' dir='ltr'>ut</span> <span class='ocrx_word' id='word_1_1575' title='bbox 1471 3984 1499 4014; x_wconf 91' lang='lat' dir='ltr'>in</span> <span class='ocrx_word' id='word_1_1576' title='bbox 1519 3982 1570 4013; x_wconf 90' lang='lat' dir='ltr'>hiis</span> <span class='ocrx_word' id='word_1_1577' title='bbox 1589 3992 1625 4013; x_wconf 90' lang='lat' dir='ltr'>eo</span> <span class='ocrx_word' id='word_1_1578' title='bbox 1645 3982 1787 4013; x_wconf 84' lang='lat' dir='ltr'>efficacius</span> <span class='ocrx_word' id='word_1_1579' title='bbox 1802 3982 1955 4023; x_wconf 89' lang='lat' dir='ltr'>procedere</span> <span class='ocrx_word' id='word_1_1580' title='bbox 1971 3981 2081 4015; x_wconf 84' lang='lat' dir='ltr'>valeatis</span> <span class='ocrx_word' id='word_1_1581' title='bbox 2092 4008 2102 4024; x_wconf 85' lang='lat'>‚</span> <span class='ocrx_word' id='word_1_1582' title='bbox 2128 3995 2186 4023; x_wconf 88' lang='lat' dir='ltr'>quo</span> <span class='ocrx_word' id='word_1_1583' title='bbox 2208 3982 2307 4022; x_wconf 82' lang='lat' dir='ltr'>majori</span> <span class='ocrx_word' id='word_1_1584' title='bbox 2324 3991 2373 4023; x_wconf 87' lang='lat' dir='ltr'>per</span> 
     </span>
     <span class='ocr_line' id='line_1_203' title="bbox 1317 4021 2372 4065; baseline -0.004 -10"><span class='ocrx_word' id='word_1_1585' title='bbox 1317 4035 1369 4056; x_wconf 88' lang='lat' dir='ltr'>nos</span> <span class='ocrx_word' id='word_1_1586' title='bbox 1383 4024 1486 4054; x_wconf 89' lang='lat' dir='ltr'>fueritis</span> <span class='ocrx_word' id='word_1_1587' title='bbox 1499 4022 1664 4053; x_wconf 70' lang='lat' dir='ltr'>auetoritate</span> <span class='ocrx_word' id='word_1_1588' title='bbox 1676 4021 1778 4052; x_wconf 89' lang='lat' dir='ltr'>muniti</span> <span class='ocrx_word' id='word_1_1589' title='bbox 1790 4045 1800 4060; x_wconf 90' lang='lat'>,</span> <span class='ocrx_word' id='word_1_1590' title='bbox 1824 4022 1884 4052; x_wconf 74' lang='lat' dir='ltr'>tam</span> <span class='ocrx_word' id='word_1_1591' title='bbox 1898 4022 2047 4063; x_wconf 86' lang='lat' dir='ltr'>colligendi</span> <span class='ocrx_word' id='word_1_1592' title='bbox 2060 4023 2195 4064; x_wconf 71' lang='lat' dir='ltr'>praemisfia</span> <span class='ocrx_word' id='word_1_1593' title='bbox 2207 4046 2217 4060; x_wconf 92' lang='lat'>‚</span> <span class='ocrx_word' id='word_1_1594' title='bbox 2240 4033 2258 4065; x_wconf 83' lang='lat' dir='ltr'>q</span> <span class='ocrx_word' id='word_1_1595' title='bbox 2262 4023 2324 4052; x_wconf 73' lang='lat' dir='ltr'>uam</span> <span class='ocrx_word' id='word_1_1596' title='bbox 2342 4031 2372 4051; x_wconf 82' lang='lat' dir='ltr'>e·-</span> 
     </span>
     <span class='ocr_line' id='line_1_204' title="bbox 1317 4059 2372 4131; baseline -0.006 -37"><span class='ocrx_word' id='word_1_1597' title='bbox 1317 4064 1386 4101; x_wconf 78' lang='lat' dir='ltr'>tiam</span> <span class='ocrx_word' id='word_1_1598' title='bbox 1400 4070 1494 4094; x_wconf 89' lang='lat' dir='ltr'>totum</span> <span class='ocrx_word' id='word_1_1599' title='bbox 1507 4061 1595 4093; x_wconf 88' lang='lat' dir='ltr'>crucis</span> <span class='ocrx_word' id='word_1_1600' title='bbox 1606 4060 1753 4100; x_wconf 78' lang='lat' dir='ltr'>negotium</span> <span class='ocrx_word' id='word_1_1601' title='bbox 1763 4061 1794 4092; x_wconf 87' lang='lat' dir='ltr'>in</span> <span class='ocrx_word' id='word_1_1602' title='bbox 1804 4059 1907 4131; x_wconf 52' lang='lat' dir='ltr'>eisgerp</span> <span class='ocrx_word' id='word_1_1603' title='bbox 1919 4060 2088 4096; x_wconf 83' lang='lat' dir='ltr'>Civitatibus</span> <span class='ocrx_word' id='word_1_1604' title='bbox 2099 4070 2133 4094; x_wconf 83' lang='lat' dir='ltr'>ac</span> <span class='ocrx_word' id='word_1_1605' title='bbox 2146 4061 2372 4128; x_wconf 53' lang='grc' dir='ltr'>Βὶοςείὼυενίξῐ</span> 
     </span>
    </p>

    <p class='ocr_par' dir='ltr' id='par_1_54' title="bbox 2365 4116 2377 4135">
     <span class='ocr_line' id='line_1_205' title="bbox 2365 4116 2377 4135; baseline 0 0"><span class='ocrx_word' id='word_1_1606' title='bbox 2365 4116 2377 4135; x_wconf 65' lang='lat'><strong><em>³</em></strong></span> 
     </span>
    </p>
   </div>
  </div>
 </body>
</html>
