2570 4261
67 243 146 278 Ann.
156 240 199 274 D.

87 291 175 322 1312.

65 324 133 351 Eav.
155 330 184 350 2.

62 471 119 501 'Am
132 478 162 506 5.

65 515 98 539 Ε.
117 519 144 537 2.

65 548 156 583 Claul'.
170 556 199 582 5.

64 590 97 613 Ε.
115 596 142 613 2.
153 595 192 614 m.

70 625 113 651 16.

65 663 84 679 ‘⁸
107 663 163 690 III.

67 709 131 738 303·

832 153 945 197 ET
1027 156 1298 199 ACTA
1380 142 1862 209 Puss'chA.

215 331 275 362 Pro
302 326 509 373 Elizabetha‚
537 331 641 363 Uxore
666 325 788 361 Roberti
808 326 844 359 de
863 329 962 371 Erus,
988 332 1020 361 in
1040 325 1140 371 Castro
1155 327 1280 361 Wnde-

595 379 669 424 Jbrae
685 375 881 419 custodienda.

281 460 358 501 EX,
376 460 484 494 dile&o
496 462 529 494 &
545 462 618 493 fideli
629 463 678 493 suo
688 485 697 500 ,
715 461 853 491 Warrino
866 460 903 491 de
919 459 1008 492 Insula
1025 485 1036 500 ,
1062 460 1282 493 Constabulario

299 500 392 531 Castri
409 502 446 532 sui
461 502 497 532 de
509 501 705 540 Wyndesore,
724 499 847 530 salutern.

254 539 332 578 Qia
353 539 546 570 ordinavimus
566 540 644 577 quod
666 538 830 569 Elizabetlia
846 562 856 577 ,
880 537 969 568 Uxor
991 538 1115 569 Roberti
1132 539 1169 569 de
1189 538 1259 569 Brus
1273 563 1282 578 ‚

215 577 328 608 inimici
344 579 377 609 &
392 578 542 616 proditoris
557 577 665 615 nostri,
685 587 796 607 moram
812 578 839 606 in
857 576 961 606 Castro
982 577 1120 614 praedid‘co
1143 578 1161 597 ²*
1183 577 1282 615 faciat,

216 626 284 685 gum
307 616 411 647 familia
432 617 493 655 sua,
512 616 660 655 quousque
679 615 752 646 aliud
773 615 810 645 de
825 615 896 646 statu
910 615 960 646 suo
974 615 1135 646 duxerimus
1149 615 1284 646 ordinan-

238 664 302 685 um:

254 692 348 724 Vobis
362 693 527 724 mandamus
543 692 623 731 quod
637 692 723 731 ipsam
739 691 954 729 Elizabetham,
973 702 1042 722 cum
1055 691 1158 722 familia
1173 692 1238 729 sua,
1252 693 1281 721 in

216 730 298 763 dieto
319 731 423 762 Castro
446 740 636 770 moraturam,
654 731 821 768 admittatiS,
840 732 872 761 &
895 732 999 760 domos
1013 730 1143 760 honestas
1160 731 1192 760 &
1207 730 1282 760 suffi-

213 771 322 801 cientes
342 771 393 800 sibi
414 770 568 810 affignetiS,
587 771 616 799 in
638 770 757 806 quibus,
777 780 844 799 cum
866 769 970 799 familia
990 768 1053 807 sua,
1073 769 1123 798 fibi
1147 768 1283 798 hactenus

213 808 345 847 provisa,
364 809 459 839 secure
474 809 576 839 morari
590 808 679 838 valeat
694 809 727 839 ὃ(
742 807 878 837 honeste:

253 846 292 878 Et
306 856 369 877 eam
381 848 418 877 ita
430 847 507 878 salvo
521 846 657 877 custodiri
669 845 771 877 faciatis
780 868 789 884 ,
805 846 883 884 quod
897 844 1003 884 poffitis
1016 844 1053 875 de
1073 844 1145 884 ipsa,
1160 846 1196 875 de
1216 854 1282 876 cor—

213 884 707 967 poffiffigagiiiiliigriiiiriaspfggaeniii
723 923 760 953 de
775 922 907 961 Bentele,
924 921 959 952 ad
972 921 1141 966 Custodiam
1157 921 1282 966 ejusdem

216 960 393 992 Elizabethae
404 962 539 1000 deputato
576 963 655 1000 quod
670 962 756 1000 ipsam
770 962 804 991 ad
823 971 876 991 vos
895 961 998 999 ducat,
1016 960 1230 998 custodiendam
1251 970 1281 990 in

215 999 311 1031 forma
324 1001 458 1039 praedieia
468 1011 473 1030 :
483 1001 516 1032 &
531 986 680 1031 Custodiae
693 1000 815 1038 ejusdem
830 999 1006 1030 Elizabethae
1021 999 1056 1029 de
1069 1009 1175 1029 caetero
1190 1000 1283 1029 inten-

213 1037 281 1077 dat,
299 1039 368 1070 ficut
382 1040 459 1078 prius
475 1040 570 1070 facere
583 1040 738 1070 consuevit.
1054 1077 1069 1082 ..
1166 1076 1171 1081 ι

254 1077 458 1109 Mandavimus
471 1079 555 1109 etiam
569 1079 676 1108 tenenti
688 1077 786 1108 locum
893 1077 1070 1107 Thesaurarn
1083 1075 1189 1113 nostri,
1204 1075 1282 1114 quod

214 1116 311 1147 eidem
330 1115 523 1156 Elizabethae,
546 1126 596 1154 per
616 1126 716 1147 manus
735 1115 864 1154 praediffi
881 1115 1034 1155 Johannis,
1057 1114 1161 1145 habere
1183 1115 1284 1153 faciat,

213 1164 270 1193 pro
284 1154 312 1186 se
325 1155 359 1187 &
373 1155 478 1186 familia
492 1155 540 1186 sua
553 1153 707 1194 praedicsta,
724 1156 852 1193 expensas
864 1155 921 1185 suas
935 1155 1069 1185 haetenus
1081 1153 1231 1184 ordinatas,

253 1232 346 1265 Teste
361 1232 449 1271 Rege
463 1232 537 1272 apud
550 1232 733 1271 Eboracum,
750 1232 827 1262 sexto
840 1230 886 1261 die
902 1229 1052 1262 Februarii.

216 1309 296 1366 ET
313 1309 478 1343 mandatum
494 1309 536 1340 est
547 1310 675 1349 Johanni
689 1310 724 1339 de
739 1309 871 1346 Bentele,
887 1307 964 1346 quod
979 1307 1065 1346 ipsam
1078 1305 1283 1346 Elizabetham,

283 1358 352 1379 cum
368 1347 484 1379 Familia
499 1348 545 1379 sua
562 1349 647 1387 usque
663 1348 698 1378 ad
713 1347 847 1378 Castrum
860 1347 1044 1387 praedictum,
1064 1346 1120 1377 sine
1133 1346 1284 1384 dilatione,

216 1383 252 1414 &
264 1386 340 1417 salvo
353 1387 387 1418 &
401 1387 498 1417 secure
510 1387 611 1426 ducat,
629 1387 735 1417 ibidem
752 1394 943 1423 moraturam,
956 1385 989 1416 &
1004 1385 1119 1422 ipsemet
1135 1384 1284 1414 Custodiae

215 1423 536 1494 ejusdemElizabethae
557 1424 594 1456 de
613 1434 719 1457 caetero
741 1424 882 1463 intendat,
900 1424 970 1455 sicut
988 1423 1123 1454 haetenus
1138 1423 1284 1454 intendere

215 1470 275 1494 con
287 1471 374 1494 ueV1t.

255 1539 348 1572 Teste
363 1547 394 1572 ut
408 1541 499 1580 supra.

265 1617 296 1649 T
316 1618 480 1650 mandatum
503 1619 544 1650 est
675 1618 782 1650 tenenti
804 1617 904 1648 locum
926 1615 1119 1655 Thesaurarii,
1145 1615 1225 1655 quod
1246 1617 1286 1646 ei-

283 1656 350 1688 dem
374 1655 551 1689 Elizabethae
571 1659 700 1696 expensas
714 1682 723 1696 ,
749 1667 803 1695 pro
826 1656 871 1686 sua
893 1656 926 1687 &
949 1656 1062 1687 familiae
1079 1656 1133 1686 suae
1154 1655 1286 1691 sustenta—

217 1692 316 1732 tione,
336 1696 471 1727 hacftenus
489 1696 644 1734 ordinatas,
662 1697 719 1726 iine
740 1694 889 1732 dilatione,
908 1704 958 1732 per
979 1704 1084 1738 manus
1093 1694 1230 1733 Johannis
1251 1692 1288 1724 de

179 1756 181 1759 <
216 1729 350 1773 Bemele,
369 1734 404 1766 ad
430 1733 601 1766 Custodiam
624 1734 748 1774 ejusdem
767 1733 943 1765 Elizabethae
962 1732 1104 1772 deputati,
1121 1732 1224 1763 habere
1247 1732 1288 1761 fa-

60 2075 139 2108 Ann.
153 2073 198 2108 D.

83 2124 171 2155 1312.

61 2158 116 2184 An.
133 2165 159 2190 5.

59 2197 92 2221 ΣΕ.
117 2202 144 2220 2.

60 2231 148 2266 Clausi
170 2240 196 2266 ς’.

59 2273 93 2298 ΣΕ.
111 2279 137 2299 2.
160 2280 196 2299 m.

58 2315 109 2347 ³4·

65 3343 142 3375 Ann.
154 3342 198 3376 D.

83 3392 170 3423 1312.

63 3427 109 3451 An
140 3432 168 3458 5⁴

64 3465 96 3489 E.
118 3471 144 3489 2.

61 3502 132 3527 Rom.
153 3500 187 3533 &-

61 3541 105 3565 ἲν.
131 3548 160 3574 5.

215 1773 282 1803 ciat.

251 1848 345 1880 Teste
358 1857 390 1882 ut
403 1848 492 1887 supra.

244 1985 305 2017 Pro
324 1980 453 2017 Davide
472 1984 585 2015 Comite
605 1980 750 2025 Atholiae,
777 1981 814 2016 de
833 1986 990 2016 Maneriis
1007 1982 1260 2028 Templariorum.

217 2066 357 2129 REX,
374 2066 484 2098 dileetis
497 2067 532 2098 &
547 2066 674 2099 fidelibus
686 2067 756 2107 suis,
775 2067 936 2098 Alexandro
952 2066 988 2098 de
1002 2066 1100 2107 Cave,
1117 2067 1151 2099 &
1172 2067 1287 2098 Rober-

299 2115 332 2137 to
353 2105 389 2136 de
411 2106 578 2144 Ametotes,
604 2105 781 2137 Custodibus
801 2106 958 2136 Terrarum
981 2107 1014 2137 &
1034 2105 1286 2148 Tenementorum

215 2143 455 2182 Templariorurn
466 2168 476 2184 ,
494 2146 523 2174 in
539 2144 689 2176 Comitatu
701 2145 844 2184 Eboraci,
860 2145 889 2174 in
903 2155 988 2175 manu
1002 2144 1099 2175 nostra
1119 2144 1287 2183 quibuidam

219 2181 257 2213 de
270 2183 356 2213 causis
371 2184 566 2222 existentium,
584 2184 708 2215 salutem.

255 2220 338 2252 Cum
351 2223 574 2253 concesserimus
591 2223 700 2253 dileeto
714 2223 748 2253 &
764 2222 838 2253 fideli
849 2221 949 2252 nostro
962 2221 1059 2251 David
1068 2221 1182 2252 Comiti
1192 2221 1287 2252 Atho-

216 2259 262 2290 liae
286 2259 456 2291 Custodiam
480 2261 681 2292 Maneriorum
703 2259 939 2299 Templariorum
961 2260 997 2290 de
1018 2260 1107 2290 Etton
1130 2261 1164 2290 &
1186 2259 1284 2299 Cave,

215 2308 284 2328 cum
305 2301 477 2337 pertinentiis
492 2319 502 2335 ,
526 2301 556 2325 in
578 2299 730 2327 comitatu
751 2299 889 2334 praedieto
904 2321 913 2335 ,
938 2298 1135 2328 HABENDAM
1158 2307 1202 2328 ET
1226 2307 1285 2329 TE-

216 2342 365 2367 NENDAM
377 2335 412 2365 ad
429 2335 658 2365 sustentationem
674 2334 769 2373 suam,
788 2335 922 2372 quamdiu
937 2336 1020 2365 nobis
1033 2336 1185 2374 placuerit,
1200 2345 1286 2373 prout

212 2376 243 2405 in
260 2375 343 2404 literis
357 2373 459 2405 nostris
472 2374 648 2411 patentibus,
666 2372 761 2403 eidem
778 2372 891 2404 Comiti
912 2373 978 2404 inde
999 2374 1158 2413 conferitis,
1176 2376 1285 2412 pienius

212 2421 376 2445 continetur
387 2423 393 2442 ;

251 2451 340 2490 Nos,
358 2450 486 2482 volentes
507 2450 601 2481 eidem
621 2449 734 2480 Comiti
757 2451 876 2488 gratiam
899 2451 926 2480 in
950 2450 1003 2481 hac
1025 2459 1105 2489 parte
1119 2451 1212 2482 facere
1223 2461 1286 2482 am—

214 2489 358 2530 pliorem,
376 2489 566 2521 concessimus
581 2490 608 2519 ei
619 2490 718 2520 omnia
733 2489 829 2528 blada,
847 2490 877 2519 in
891 2488 995 2519 eisdem
1011 2488 1148 2523 Maneriis
1161 2490 1283 2522 existen-

216 2530 254 2560 tia
291 2529 461 2559 HABENDA
474 2528 511 2558 de
523 2528 603 2559 dono
619 2527 735 2558 nostro:

257 2552 296 2598 Et
313 2567 448 2599 volumus
465 2567 544 2606 quod
563 2567 639 2597 idem
658 2565 769 2597 Comes
784 2566 885 2597 habeat
899 2566 1069 2598 Custodiam
1085 2567 1283 2601 Ornamento-

216 2614 282 2636 rum
303 2605 445 2645 Capellae,
465 2605 658 2642 Utenfilium,
676 2606 710 2636 ὃς
732 2607 865 2635 omnium
878 2606 997 2636 aliorum
1010 2604 1160 2636 Bonorum
1175 2608 1208 2638 &
1224 2606 1283 2637 Ca-

214 2645 368 2684 tallorum,
386 2646 415 2676 in
428 2645 531 2676 eisdem
546 2644 681 2676 Maneriis
695 2643 873 2674 existentium
888 2644 944 2675 una
956 2654 1024 2675 cum
1043 2644 1157 2684 Bobus,
1176 2646 1283 2685 Affris,

214 2683 251 2714 &
264 2683 397 2723 Carucis,
416 2684 523 2715 ibidem
539 2684 677 2721 inventis,
696 2683 842 2721 quousque
868 2683 999 2713 Manena
1020 2683 1154 2721 praedieta
1173 2685 1203 2714 in
1222 2694 1283 2714 ma-

213 2731 286 2753 num
302 2722 427 2753 nostram
442 2722 603 2753 duxerimus
617 2721 790 2752 resumenda.

257 2760 295 2794 Et
317 2761 384 2792 ideo
407 2762 488 2791 vobis
511 2761 677 2792 mandamus
697 2759 774 2799 quod
797 2759 888 2790 eidem
904 2759 1017 2790 Comiti
1033 2760 1116 2791 Blada
1129 2761 1283 2800 praedista,

216 2798 255 2829 de
270 2799 350 2831 dono
367 2800 479 2837 nostro,
501 2811 534 2830 ac
549 2802 633 2830 etiam
648 2807 814 2830 ornamenta
829 2798 972 2838 Capellae,
991 2799 1147 2839 Utenlilia,
1165 2801 1198 2830 δε
1217 2810 1284 2830 om-

216 2839 264 2868 nia
283 2839 333 2869 alia
354 2838 433 2869 Bona
452 2839 486 2869 &
506 2838 613 2869 Catalla
652 2837 785 2875 raedieca,
809 2839 865 2868 una
888 2847 955 2867 cum
976 2837 1090 2877 Bobus,
1111 2837 1223 2878 Affris,
1248 2840 1282 2870 &

215 2875 338 2907 Carucis
351 2877 511 2916 prcedietis,
528 2887 578 2917 per
593 2878 620 2907 in
643 2886 784 2915 enturam,
804 2877 876 2906 inter
892 2887 944 2906 vos
958 2877 991 2906 &
1015 2877 1104 2916 ipsum
1123 2876 1190 2907 inde
1211 2887 1284 2908 con-

216 2914 386 2953 ficiendam,
406 2916 526 2946 liberetis
548 2915 674 2946 habenda
693 2917 722 2945 in
742 2916 836 2945 forma
854 2915 1026 2953 supradieta,
1045 2916 1082 2945 ita
1103 2916 1181 2953 quod
1205 2916 1282 2946 idem

216 2952 330 2984 Comes
342 2953 378 2984 de
392 2954 495 2984 eisdem
509 2954 709 2991 Ornamentis,
728 2953 925 2991 Utensilibus,
943 2964 975 2984 ac
988 2954 1043 2983 aliis
1067 2953 1152 2983 Bonis
1171 2956 1204 2984 ὃ(
1226 2954 1284 2984 Ca—

212 2991 301 3061 gallis,
319 2991 433 3031 Bobus,
451 2992 558 3031 Affris,
576 2993 609 3024 &
629 2992 748 3024 Carucis
771 2993 853 3022 nobis
876 2991 1044 3030 respondere
1065 2992 1172 3031 valeat,
1189 3000 1219 3023 ut
1233 2993 1284 3024 de-

236 3040 251 3061 e
272 3039 303 3061 it.

253 3107 345 3139 Teste
359 3103 444 3147 Rege
456 3107 531 3147 apud
543 3106 708 3140 Eboracum
717 3132 728 3147 ,
745 3107 851 3139 ostavo
866 3107 912 3138 die
926 3107 1080 3140 Februarii.

445 3246 505 3282 Ad
517 3252 632 3295 Papam
643 3259 698 3296 pro
714 3249 814 3282 Elem
830 3247 1038 3294 Duandenfi.

214 3329 362 3393 PAPAE
377 3332 444 3363 Rex
457 3332 562 3364 devota
577 3332 683 3372 pedum
699 3333 792 3364 oscula
806 3335 965 3366 beatorum.

302 3371 386 3402 Dum
399 3370 533 3405 humanae
546 3371 718 3403 conditionis
731 3373 924 3412 fragilitatem,
943 3382 1056 3413 quanta:
1076 3371 1109 3405 sit
1128 3373 1281 3407 lubricitati

214 3409 370 3452 supposita,
387 3410 421 3441 ὅ(
441 3409 475 3440 ad
498 3410 606 3441 malum
629 3411 755 3441 obnoxia
777 3413 909 3449 pronitati
937 3413 1042 3444 intenta
1057 3413 1279 3444 consideratione

214 3452 377 3487 peniamus,
394 3448 429 3478 ad
445 3448 652 3480 refraenandum
670 3449 870 3481 malivolorum
884 3451 1054 3490 insolentias,
1074 3453 1122 3490 qui
1142 3453 1226 3482 nobis
1242 3454 1283 3484 &.

214 3487 320 3517 nostrae
333 3486 436 3526 Regiae
448 3487 609 3525 Dignitati,
629 3487 739 3518 sinistris
752 3488 991 3529 suggestionibus,
1009 3490 1121 3521 adversa
1143 3500 1276 3530 appetunt

213 3535 381 3566 procurare,
399 3526 436 3556 sic
459 3528 559 3556 mentis
580 3526 683 3557 nostrae
702 3529 794 3557 aciem
815 3529 947 3567 erigimus
962 3530 991 3558 in
1001 3529 1104 3568 justitia
1119 3530 1152 3560 &
1166 3531 1278 3570 rigore,

2301 184 2383 229 ²05³

1318 243 1407 276 Claro
1424 246 1523 278 Fratris
1538 250 1659 288 ejusdem
1675 251 1783 291 Eleffl,
1799 254 1977 293 aliorumque
1997 253 2033 286 de
2053 256 2290 296 consanguinitate
2308 261 2375 297 ejus-
2391 260 2466 292 Ann.
2480 257 2526 291 Di·

1316 281 1403 325 dein,
1415 284 1451 314 de
1467 288 1762 332 partibushantedic‘tis,
1779 294 1826 330 qui
1843 292 1978 323 haetenus
1992 294 2166 325 adhaeserunt
2180 296 2296 326 fideliter
2313 308 2374 334 par-

1314 328 1335 349 ti
1351 324 1470 362 nostrie,
1491 326 1524 356 &
1540 337 1612 356 varia
1629 338 1681 365 pro
1696 330 1778 359 nobis
1790 333 1820 359 in
1832 331 1934 361 eisdem
1951 333 2072 371 partibus
2085 333 2226 373 dispendia
2248 334 2281 364 &
2302 338 2375 372 peri-

1314 360 1378 402 cula
1394 363 1584 406 pertulerunt,
1602 367 1651 403 qui
1667 368 1816 403 praefatum
1831 367 1963 399 Eledtuni
1976 373 2188 409 manuceperint
2203 382 2302 402 coram
2322 384 2376 403 no-

1314 397 1374 435 bis,
1393 400 1470 442 quod
1485 401 1541 438 ipse
1554 412 1618 442 erga
1631 414 1683 445 nos
1705 405 1738 435 &
1758 405 1895 436 Haeredes
1916 407 2028 438 nostros
2050 409 2124 439 bene
2146 412 2179 441 &
2203 410 2323 441 fideliter
2343 412 2375 442 in

1315 437 1451 468 omnibus
1465 438 1500 469 de
1515 450 1618 472 cetero
1633 443 1659 472 ie
1671 442 1800 482 habebit,
1819 445 2039 483 indignationem
2055 449 2088 478 δε
2105 449 2191 478 animi
2208 459 2375 488 rancorem,

1315 484 1386 511 quos
1407 486 1628 514 conceperamus
1651 489 1715 519 erga
1738 492 1802 511 eum
1822 483 1974 513 occaiione
1995 486 2147 524 praedit-ia,
2171 487 2220 516 libi
2242 488 2375 518 duximus

1315 512 1538 560 coln-donandos,
1556 518 1704 556 ipsumque
1717 519 1752 549 ad
1767 520 1893 550 nostram
1907 523 2022 560 gratiam
2037 523 2070 552 &
2085 524 2307 556 benivolentiam
2324 527 2373 556 ad·-

1315 555 1440 582 milimus
1456 554 1611 591 ipecialem.

1354 589 1497 632 Nolentes
1518 594 1600 631 igitur
1624 594 1704 632 quod
1724 595 1846 633 ejusdem
1865 595 1957 627 Eleffi
1980 599 2128 635 promotio
2151 601 2179 629 in
2202 600 2374 640 Episcopum

1313 626 1447 672 Eccleliie
1463 640 1643 674 memoratae,
1662 634 1829 670 impediatur
1842 636 1944 665 intuitu
1959 637 2165 672 praemsssornm
2175 662 2184 675 ,
2196 639 2295 670 vestrae
2305 641 2375 671 Cle*

1316 675 1429 712 mentia:
1445 669 1543 711 humili
1561 670 1902 711 instantiaiupplicamus‚
1922 675 2066 712 quatinus,
2083 685 2150 705 cuni
2172 679 2287 713 praerato
2308 679 2373 709 Ele-³

1314 705 1363 733 cro
1385 705 1421 748 de
1439 705 1518 737 solita
1539 708 1709 750 benignitate
1725 710 1811 740 vestra
1824 720 1951 750 agentes,
1971 712 1990 741 fi
2004 713 2108 750 placet,
2127 717 2263 754 gratiose,
2282 717 2372 754 ipsum

1314 742 1463 787 praelibaltae
1475 744 1613 788 Eccleliae
1628 748 1782 785 dignemini
1797 749 1941 786 praeficere
1955 751 1982 779 in
1996 750 2157 781 Pastorem:
2179 752 2261 783 Dum
2277 763 2373 785 tamen

1314 781 1534 826 luggestionibus
1554 786 1605 814 iuis
1624 786 1785 824 praedicris,
1808 787 1852 817 seu
1877 787 2024 825 propositis
2047 799 2095 826 per
2117 791 2238 820 eundem
2254 816 2263 828 ,
2291 794 2374 823 nobis

1313 820 1563 859 praeJudicialibus,
1588 832 1617 853 ut
1637 823 1677 853 est
1698 824 1827 863 dietum,
1855 824 1922 855 fides
1943 826 2033 864 aliqua
2054 838 2069 856 a
2088 828 2182 859 vestra
2200 828 2375 862 Beatitudine

1315 856 1469 901 nullatenus
1484 861 1649 899 praebeatur.

1352 895 1398 939 Ut
1414 901 1451 927 iic
1466 899 1588 942 praefatae
1604 899 1753 939 Ecclesiae,
1772 909 1836 938 quae
1851 911 1899 938 per
1923 904 2100 933 vacationem
2120 903 2256 935 diutinam
2280 907 2374 944 gravia

1313 933 1439 964 noscitur
1454 936 1594 973 dupendia
1608 939 1765 976 pertulisse,
1784 941 1820 969 de
1833 940 1961 979 pastorali
1977 943 2129 980 regimine,
2145 953 2195 980 per
2208 943 2307 975 vestrae
2326 955 2377 983 pa-

1314 980 1402 1041 tergee
1416 973 1605 1045 slQHiCitUdgis
1616 977 1838 1016 providentiam,
1857 979 1984 1009 celeriter
2001 979 2165 1011 consulatur.
2370 978 2378 982 ⁴

1383 1021 1422 1041 on
1433 1021 1527 1051 ervet,
1580 1024 1606 1045 c.

1352 1086 1420 1119 Dat.
1439 1090 1512 1128 apud
1526 1090 1673 1132 Eborum,
1688 1093 1795 1125 octavo
1809 1093 1855 1124 die
1869 1093 2021 1125 Februarii.

1495 1228 1552 1258 Pro
1575 1229 1709 1259 Civitati:
1728 1225 1859 1261 London.
1884 1226 1920 1261 de
1929 1227 1963 1272 ft
1981 1225 2051 1260 bene
2059 1227 2200 1274 gerendo.

1315 1305 1454 1371 REX,
1471 1309 1579 1355 dileffls
1591 1312 1625 1342 &
1639 1310 1764 1342 fidelibus
1783 1312 1849 1355 suis,
1869 1310 1993 1355 Majori,
2012 1311 2257 1357 Viceeomitibus,
2277 1312 2384 1345 Alder-·

1397 1358 1522 1387 mannis,
1541 1349 1677 1389 Civibus,
1697 1351 1729 1381 &
1742 1359 1795 1381 toti
1808 1350 2022 1381 Communitati
2033 1350 2163 1382 CiVitatis
2178 1354 2234 1382 iuae
2255 1352 2375 1384 Londo-

1314 1387 1442 1425 niarum,
1461 1387 1583 1418 salutem.

1354 1424 1527 1456 Mandamus
1550 1426 1632 1456 vobis
1655 1427 1684 1456 in
1706 1425 1762 1457 fide
1775 1428 1808 1458 δε
1823 1427 1991 1466 dilestione,
2009 1429 2109 1465 quibus
2125 1430 2207 1459 nobis
2219 1431 2372 1469 tenemini,

2419 308 2504 338 1312.

2393 342 2456 366 Erlv.
2477 348 2506 374 λς

2394 1320 2526 1359 Ann.D,

2422 1370 2506 1399 13¹2·
2523 1363 2525 1365 ’

2393 1404 2445 1428 Atl-
2461 1412 2489 1437 5.

2396 1443 2423 1465 E.
2443 1450 2468 1467 2.

1315 1463 1348 1493 &
1370 1463 1419 1494 sub
1443 1465 1619 1509 forisfarstura
1639 1467 1706 1496 vitae
1725 1467 1758 1497 ὃς
1776 1466 2002 1509 membrorum,
2028 1468 2061 1497 ὃς
2083 1469 2215 1498 omnium
2236 1469 2374 1508 aliorum,
2391 1481 2446 1505 Pat.
2461 1488 2489 1514 5.

1315 1511 1381 1539 quae
1396 1503 1479 1533 nobis
1494 1504 1655 1547 forisfacere
1670 1506 1810 1544 poteritis,
1829 1504 1946 1534 firmiter
1962 1505 2150 1544 injungentes‘,
2166 1507 2244 1544 quod
2265 1507 2373 1538 Civita-
2389 1521 2417 1544 E.
2433 1525 2491 1554 24,-
2501 1528 2516 1545 2

1317 1548 1377 1570 tem
1395 1541 1520 1572 nostram
1544 1543 1727 1580 praedietim,
1745 1543 1779 1573 ad
1800 1553 1872 1581 opus
1890 1542 2037 1581 nostrum,
2055 1544 2088 1575 &
2102 1544 2248 1575 haeredum
2263 1545 2376 1576 nostro·
2394 1566 2430 1584 m,
2446 1565 2490 1584 22·

1317 1587 1381 1608 rum
1391 1602 1401 1618 ,
1417 1580 1492 1611 salvo
1508 1581 1541 1611 &
1555 1581 1649 1611 secure
1664 1581 1842 1611 custodiatis:

1356 1617 1406 1648 Ne
1422 1629 1471 1656 per
1492 1618 1745 1657 Convocationes,
1764 1619 1808 1650 seu
1831 1619 2071 1659 Congregationes
2091 1620 2298 1661 praelatorum,
2316 1622 2381 1654 Co-

1318 1657 1439 1695 mitum,
1461 1659 1494 1689 &
1516 1657 1678 1696 Baronum,
1703 1667 1750 1688 aut
1770 1658 1928 1696 aliquorum
1949 1659 2086 1698 aliorum,
2105 1661 2134 1689 in
2157 1662 2233 1690 dicia
2255 1661 2380 1692 Civitate

1317 1694 1472 1734 faciendas,
1498 1697 1579 1727 nobis
1603 1696 1814 1735 praejudicium,
1838 1705 1884 1727 aut
1907 1697 2003 1735 vobis,
2029 1698 2074 1727 seu
2098 1697 2213 1729 Civitati
2235 1700 2379 1736 praedietae

1318 1733 1510 1773 dispendium,
1528 1735 1573 1764 vel
1590 1735 1746 1771 periculum
1759 1735 1872 1772 aliquod
1887 1736 1996 1765 eveniat
2012 1746 2131 1774 quoquo
2147 1737 2245 1767 modo.

1342 1771 1395 1816 *Et
1410 1773 1468 1803 hoc
1478 1794 1487 1812 ,
1505 1774 1574 1803 ficut
1587 1773 1623 1803 de
1637 1774 1727 1804 vestra
1741 1773 1870 1804 fidelitate
1884 1773 2069 1812 confidimus,
2084 1775 2177 1805 modis
2192 1776 2326 1806 omnibus
2338 1776 2379 1807 faa

1321 1812 1415 1849 ciatis3
1433 1812 1607 1842 advertentes
1621 1812 1654 1843 &
1672 1813 1838 1843 memoriter
1858 1812 2026 1850 retinentes,
2045 1813 2161 1850 qualiter
2181 1814 2381 1845 Anteceffores

1320 1848 1419 1886 vestri,
1446 1860 1498 1887 pro
1519 1850 1545 1880 se
1567 1850 1600 1880 &
1620 1850 1790 1880 Haeredibus
1809 1851 1859 1881 suis
1874 1872 1884 1888 ,
1909 1851 2026 1881 celebris
2047 1853 2196 1882 memoriae
2209 1876 2219 1891 ,
2244 1852 2381 1884 Domino

1319 1887 1468 1926 Hendco,
1489 1889 1633 1925 quondam
1649 1889 1724 1928 Regi
1740 1889 1870 1928 Angliae,
1888 1889 1956 1919 Avo
1970 1889 2087 1928 nostro,
2105 1892 2133 1920 se
2146 1901 2196 1931 per
2208 1891 2264 1921 suas
2279 1891 2381 1930 literas,

1318 1926 1370 1957 sub
1389 1928 1470 1957 certis
1489 1928 1523 1957 &
1546 1928 1678 1964 gravibus
1699 1928 1809 1965 poenis,
1827 1929 1857 1957 in
1876 1927 1978 1960 eisdem
1995 1928 2079 1958 literis
2093 1931 2252 1967 contentis,
2269 1929 2381 1969 obliga-

1319 1973 1401 2004 runt,
1425 1965 1503 2003 quod
1525 1966 1593 2004 ipfi,
1618 1966 1651 1996 ὃς
1674 1975 1775 1996 eorum
1798 1965 1933 1996 Haeredes
1953 1974 2016 2004 erga
2039 1968 2187 2004 praefatum
2206 1968 2305 1999 Avum
2325 1978 2380 2004 noff

1319 2003 1423 2042 strum,
1440 2005 1473 2035 &
1488 2003 1625 2034 Haeredes
1639 2004 1701 2034 suos
1714 2005 1789 2035 bene
1805 2006 1838 2035 ὃς
1851 2003 1970 2035 fideliter
1982 2006 2009 2035 se
2022 2005 2166 2037 haberent.

1356 2080 1445 2112 Teste
1460 2081 1542 2123 Rege
1556 2081 1629 2121 apud
1643 2080 1827 2121 Eboracum,
1845 2081 1951 2114 offitavo
1965 2082 2012 2113 die
2026 2082 2177 2114 Februarii.

1986 2162 2039 2190 Per
2053 2151 2138 2199 ipsam⁸
2147 2163 2250 2198 Regem.

1364 2292 1412 2325 De
1431 2289 1541 2335 Castris
1558 2294 1595 2330 ὠ
1616 2290 1789 2326 Honoribus
1803 2292 2061 2340 Wzlingfhrd,&
2081 2294 2185 2326 Sanffl
2199 2292 2342 2328 Walerici

1595 2344 1683 2374 Petro
1700 2341 1736 2373 de
1754 2339 1906 2384 Gavaston
1923 2339 2097 2374 liberandis.

1380 2424 1458 2463 EX,
1476 2425 1582 2455 ἀίὶεᾶο
1603 2426 1637 2456 &
1657 2424 1733 2455 fideli
1754 2426 1821 2464 suo,
1839 2424 1995 2456 Edmundo
2017 2425 2131 2465 Bacun,
2151 2426 2274 2458 Custodi
2290 2425 2382 2457 Castri

1316 2499 1326 2529 l
1361 2502 1366 2506 η
1389 2463 1657 2532 ρεριλῐαΙγῃιέΐοτό,
1672 2465 1705 2495 ὅς
1719 2463 1880 2495 Honorum
1895 2465 2018 2502 ejusdem
2033 2464 2182 2505 Castri‚&
2199 2466 2295 2496 Sanffl
2309 2465 2383 2496 Wa-

1328 2510 1395 2532 erici
1440 2513 1454 2532 a
1467 2512 1554 2532 utem.

1355 2525 1436 2571 Lic'et
1452 2551 1542 2579 nuper
1558 2541 1788 2571 commiserimus
1804 2541 1886 2571 vobis
1900 2541 2052 2580 praedit‘ta,
2070 2541 2205 2573 Castrum
2223 2543 2256 2573 ὃς
2276 2542 2384 2573 Hono-

1316 2587 1375 2617 res,
1401 2589 1470 2610 cum
1490 2580 1666 2610 Pertinentiis
1682 2603 1691 2618 ,
1717 2579 1899 2610 custodienda
1918 2581 2053 2618 quamdiu
2074 2583 2156 2611 nobis
2178 2582 2324 2619 placeret,
2347 2583 2383 2612 ita

1316 2616 1395 2654 quod
1417 2618 1454 2648 de
1471 2619 1607 2656 exitibus,
1634 2618 1700 2648 inde
1722 2619 1967 2657 provenientibus,
1991 2619 2075 2650 nobis
2096 2620 2296 2657 responderetis
2314 2643 2324 2658 ,
2349 2620 2383 2652 ad

1315 2656 1496 2687 Scaccarium
1508 2656 1638 2687 nostrum
1648 2680 1657 2695 ,
1675 2666 1759 2695 prout
1773 2658 1804 2686 in
1817 2657 1901 2688 literis
1914 2657 2017 2688 nostris
2032 2659 2206 2698 patentibus,
2219 2660 2301 2689 vobis
2316 2659 2384 2690 inde

1314 2694 1454 2726 confectis
1463 2719 1472 2734 ,
1490 2695 1597 2733 plenius
1613 2697 1794 2726 continetur:

1357 2734 1435 2771 Qua
1459 2743 1573 2772 tamen,
1613 2734 1758 2764 uibusdam
1776 2735 1858 2766 certis
1880 2735 1916 2766 de
1935 2734 2037 2774 causis,
2055 2734 2258 2766 reddiderimus
2280 2734 2386 2767 dilct‘to

1319 2771 1352 2801 &
1375 2771 1449 2802 fideli
1472 2771 1570 2803 nostro
1579 2744 1693 2809 ,qutro
1713 2773 1750 2803 de
1763 2772 1927 2812 Gavaston,
1946 2773 2057 2804 Comiti
2071 2773 2248 2813 Cornubize,
2267 2774 2387 2814 Castra,

1318 2809 1419 2849 Villas,
1435 2811 1558 2849 Terras,
1579 2811 1734 2850 Redditus,
1752 2810 1957 2850 Posseffiones,
1975 2814 2008 2844 &
2019 2812 2069 2842 alia
2085 2812 2165 2842 Bona
2185 2813 2230 2843 sua
2250 2823 2386 2851 quaecun-

1319 2858 1374 2886 que
1412 2848 1430 2868 ²*
1449 2850 1504 2879 unii
1517 2860 1584 2880 cum
1601 2850 1738 2888 exitibus,
1753 2850 1819 2880 inde
1833 2853 1971 2888 perceptis
1990 2862 2006 2881 a
2021 2860 2153 2888 tempore
2174 2852 2312 2889 captionis
2334 2863 2385 2883 eo-

1318 2871 1440 2917 rundem
1458 2889 1487 2917 in
1502 2898 1618 2918 manum
1639 2887 1780 2927 nostram,
1799 2899 1863 2927 quae
1883 2891 1957 2927 prius
1976 2889 2013 2920 de
2033 2889 2166 2920 mandato
2188 2890 2286 2920 nostro
2306 2899 2386 2929 capta

1317 2925 1428 2955 fuerunt
1444 2927 1472 2955 in
1487 2936 1606 2956 manum
1620 2926 1761 2958 nostram:

1357 2963 1449 2994 Vobis
1463 2965 1628 2995 mandamus
1643 2966 1741 3004 quod,
1760 2965 1852 2996 eidem
1869 2965 1982 2996 Comiti
1995 2965 2086 3004 dieta,
2106 2965 2238 2997 Castrum
2261 2967 2295 2997 &
2317 2965 2386 2998 Ho-

1318 3011 1417 3040 nores,
1445 3013 1513 3034 cum
1536 3003 1712 3034 Pertinentiis
1727 3029 1737 3042 ,
1763 3005 1819 3034 una
1837 3015 1904 3035 cum
1922 3005 2080 3035 Armaturis
2096 3029 2105 3043 ,
2126 3005 2302 3036 Vittuahbus
2316 3030 2326 3044 ,
2351 3006 2386 3036 &

1317 3042 1452 3072 omnibus
1465 3042 1521 3072 aliis
1535 3041 1652 3081 Rebus,
1670 3043 1699 3072 in
1714 3041 1818 3073 eisdem
1833 3043 2031 3082 existentibus,
2049 3054 2164 3074 necnon
2180 3045 2214 3075 ὅ(
2238 3044 2294 3073 una⁴
2314 3054 2384 3075 cum

1317 3080 1454 3120 exitibus,
1474 3090 1523 3118 per
1543 3091 1595 3110 vos
1617 3081 1685 3111 inde
1704 3082 1858 3120 perceptis,
1877 3092 1892 3111 a
1912 3091 2043 3120 tempore
2068 3093 2126 3122 quo
2141 3081 2310 3113 Custodiam
2332 3092 2383 3111 eo-

1318 3118 1438 3149 rundem
1462 3118 1593 3149 habuistis
1607 3141 1617 3157 ,
1641 3130 1692 3157 per
1714 3119 1742 3150 C
1761 3120 1933 3166 rographum
1947 3142 1958 3159 ,
1983 3121 2053 3150 inter
2075 3131 2127 3152 vos
2149 3122 2183 3154 ὃς
2204 3120 2298 3159 ipsum
2316 3120 2384 3150 inde

1317 3156 1549 3196 conficiendum,
1567 3157 1688 3189 liberetis
1700 3159 1729 3188 in
1750 3159 1822 3189 ilate.

1351 3233 1440 3266 Teste
1455 3233 1537 3274 Rege
1549 3233 1624 3277 apud
1637 3232 1820 3273 Eboracum,
1842 3234 1959 3266 decimo
1972 3235 2019 3267 die
2032 3235 2183 3267 Februarii.

1975 3314 2034 3345 Per
2046 3315 2071 3350 ¹2⁷⁷
2085 3323 2130 3341 um
2144 3313 2249 3348 Regem.

1310 3449 1359 3481 De
1382 3446 1539 3481 Credentia
1552 3458 1608 3494 pro
1634 3446 1799 3481 Bertrando
1828 3449 1941 3481 comite
1963 3447 2128 3492 Campaniae
2154 3445 2267 3495 Nepote
2283 3435 2381 3490 Papaej

1394 3531 1464 3563 PAE
1487 3531 1550 3563 Rex
1562 3532 1664 3563 devota
1677 3532 1781 3570 pedum
1796 3531 1888 3562 oscula
1909 3531 2064 3561 beatorum.

2400 2425 2530 2462 Ann.Dl

2423 2476 2508 2506 1312,

2401 2509 2454 2533 An.
2469 2516 2499 2542 5.

2402 2549 2430 2571 E.
2453 2554 2480 2571 2.

2401 2586 2461 2610 Pat.
2479 2586 2511 2619 5.‘

2402 2625 2497 2658 13.2.p.
2508 2621 2537 2648 20*

2403 2669 2439 2688 m.
2457 2669 2504 2688 21.

2405 2865 2421 2882 ’¹⁸
2438 2867 2493 2894 1114

2406 2913 2453 2941 30)
2464 2924 2471 2931 .

2396 3542 2473 3574 Ann.
2486 3543 2530 3577 D.

1310 3533 1348 3588 P
1357 3533 1520 3602 ABenificia
1535 3572 1702 3602 multimoda
1711 3594 1720 3609 ,
1733 3571 1935 3610 gratiarumque
1949 3569 2023 3599 dona
2037 3568 2180 3607 largiflua,
2194 3577 2263 3612 'quae
2277 3575 2310 3598 ex
2327 3578 2376 3599 ve·
2413 3592 2499 3622 1312·

1309 3610 1372 3640 strae
1388 3609 1533 3640 paternalis
1548 3609 1705 3640 affectionis
1721 3607 1911 3639 munificentia
1934 3608 2090 3645 frequenter
2109 3617 2265 3650 recepimus
2281 3630 2292 3646 ,
2313 3615 2376 3637 ante
2392 3626 2445 3650 Aa.
2460 3633 2489 3658 5·

1312 3649 1411 3679 mentis
1423 3648 1523 3679 nostrae
1537 3648 1635 3678 oculos
1649 3646 1868 3685 reducentes,de
1884 3646 2002 3684 iplis,&
2017 3645 2167 3682 specialiter
2184 3646 2221 3675 de
2233 3655 2268 3675 eo
2284 3645 2359 3683 quod
2369 3667 2379 3683 ,
2396 3665 2425 3688 E.
2448 3670 2462 3687 2

1311 3688 1346 3718 ad
1364 3695 1489 3726 rogatum
1508 3687 1649 3724 nostrum,
1667 3686 1811 3716 Nobilem
1836 3686 1933 3715 Virum
1947 3685 1980 3715 ὃ(
2002 3684 2124 3714 fidelem
2141 3683 2267 3714 nostnim
2284 3706 2293 3721 ,
2315 3684 2380 3714 Ber-
2394 3684 2506 3732 Rom&

1311 3725 1438 3756 trandum
1453 3725 1489 3755 de
1504 3725 1652 3764 Salviaco,
1664 3724 1814 3754 Comitem
1830 3722 2012 3761 Campam-ae,
2032 3722 2177 3762 Nepotem
2190 3722 2376 3765 yelftrum,ad
2396 3742 2437 3765 Fr·
2449 3747 2478 3772 5·
2496 3740 2527 3765 E·

1310 3764 1434 3794 nostram
1452 3762 1623 3801 praesentiam
1638 3765 1667 3793 in
1682 3763 1788 3800 Angliii
1803 3761 1972 3800 destinastis,
1986 3760 2084 3792 vestrae
2100 3760 2245 3791 §meritati
2261 3760 2296 3790 ad
2310 3763 2380 3791 ube·
2397 3785 2423 3803 ,η
2438 3785 2474 3804 Μ,
2482 3784 2530 3802 ,h

1311 3813 1352 3833 res
1370 3803 1517 3838 gratiarum
1533 3801 1693 3840 ass'urgimus
1708 3801 1840 3831 ai‘ftiones.
2523 3806 2529 3810 ⁴

1347 3840 1449 3870 Eidem
1464 3841 1541 3869 enim
1551 3840 1661 3870 Comiti
1676 3839 1849 3870 ostendimus
1864 3840 1893 3869 in
1909 3847 2011 3879 genere
2024 3837 2153 3876 quaedam
2170 3839 2301 3876 negotia,
2313 3848 2377 3876 quae

1310 3889 1360 3909 nos
1376 3887 1506 3916 tangunt,
1522 3888 1571 3916 per
1586 3878 1675 3916 ipsum
1691 3878 1789 3908 vestrae
1803 3876 1972 3907 Clementiae
1988 3877 2110 3906 ieriolius
2124 3876 2378 3915 explicanda3cui,

1312 3918 1331 3947 si
1346 3917 1450 3955 placet,
1466 3919 1494 3946 in
1511 3917 1579 3954 liiis,
1595 3927 1656 3956 qua:
1672 3918 1753 3947 vobis
1774 3925 1807 3946 ex
1824 3925 1897 3954 parte
1912 3914 2006 3946 nostra
2021 3915 2128 3945 duxerit
2144 3915 2325 3954 exponenda,
2343 3915 2376 3945 fi-

1310 3956 1377 3985 dem
1395 3956 1540 3985 indubiam
1556 3955 1713 3994 dignemini
1729 3954 1867 3985 adhibere.

1349 3993 1402 4031 Et,
1419 3994 1482 4031 quia
1498 4002 1643 4031 tempore,
1655 4004 1711 4030 quo
1728 3993 1820 4023 dictus
1842 3992 1951 4022 Comes
1966 3991 2112 4021 nobiscum
2129 3990 2219 4031 stetit,
2232 3990 2379 4027 Praelatos‚

1312 4031 1464 4069 Proceres,
1478 4033 1510 4062 ὃ(
1525 4032 1591 4061 alios
1603 4032 1638 4061 de
1655 4031 1781 4062 Consilio
1796 4030 1893 4060 nostro
1906 4031 1981 4069 juxta
1993 4031 2059 4060 latus
2080 4029 2206 4060 nostrum
2229 4030 2379 4071 nullatenus

1311 4070 1499 4109 habebamus,
1510 4070 1561 4102 ali-a
1574 4069 1650 4109 plura
1665 4070 1698 4102 ὃς
1720 4069 1956 4139 ω·ἀυαὸιεςοῑία,
1975 4079 2026 4100 nos
2043 4069 2076 4100 &
2093 4068 2193 4101 statum
2216 4067 2309 4107 Regni
2324 4076 2377 4135 11]ὶῖ-

1842 4117 1859 4139 C
1880 4116 1894 4145 3
2365 4112 2376 4134 1

62 3579 129 3604 1:22.
140 3587 175 3604 m.
214 3573 244 3595 ut
264 3574 328 3603 eos,
347 3565 377 3594 in
399 3564 559 3595 humilitatis
582 3564 694 3602 spiritu,
717 3565 751 3595 ad
775 3566 900 3597 nostram
920 3576 1036 3606 gratiam
1055 3568 1213 3598 voluntarie
1233 3579 1277 3599 re-

64 3622 110 3649 ¹9-
123 3616 176 3644 dor.
213 3603 344 3642 deantes,
363 3603 487 3642 benigne
504 3604 622 3634 velimus
638 3604 790 3644 suscipere,
808 3606 841 3636 &
858 3615 926 3636 cum
942 3606 1154 3637 mansuetudine
1173 3615 1278 3644 pertra-

213 3643 308 3680 ctare,
324 3652 386 3680 quae
402 3641 558 3680 medentis,
576 3652 636 3673 non
650 3653 713 3681 quae
731 3642 886 3674 ulciscentis
908 3653 1034 3683 gerentes
1054 3645 1084 3674 in
1104 3646 1208 3675 intimis
1231 3655 1280 3676 ex-

208 3690 332 3714 cercere.

251 3721 270 3738 *
292 3719 511 3757 Qiamobrem,
536 3717 603 3750 licet
626 3718 745 3750 dile&us
766 3720 848 3751 nobis
870 3719 1027 3761 Magister,
1052 3721 1224 3753 Willielmus
1241 3723 1278 3754 de

214 3757 322 3788 Saneto
335 3757 440 3795 Claro,
458 3756 573 3788 Eleecus
589 3757 814 3798 Dunkeldeniis,
831 3758 940 3790 dudum
957 3760 1065 3799 aliqua,
1083 3762 1112 3790 in
1133 3760 1221 3791 nostri
1243 3763 1277 3792 &

214 3795 344 3827 Coronae
364 3795 469 3826 nostrae
491 3795 611 3836 Regiae,
630 3797 722 3834 quoad
742 3808 846 3830 terram
867 3798 990 3828 nostram
1005 3799 1129 3837 Scotiae,
1146 3800 1278 3837 praejudi-

212 3835 292 3865 cium
308 3835 435 3871 (credens
448 3834 538 3865 forliin
551 3844 600 3872 per
614 3835 671 3865 hoc
685 3835 741 3866 suae
759 3835 904 3866 electionis
922 3838 1072 3874 negotium
1089 3840 1275 3878 promovere)

211 3871 314 3904 vestrae
329 3872 496 3904 Beatitudini
509 3872 696 3912 suggeffiss'ct:

250 3909 371 3948 Nosque
395 3922 447 3952 pto
470 3912 549 3949 iplius
569 3912 738 3950 repullione,
757 3922 810 3950 pro
831 3922 866 3943 eo
890 3913 967 3950 quod
991 3915 1060 3951 parti
1085 3913 1276 3946 Inimicorum

212 3948 378 3990 nostrorum
404 3952 432 3980 in
456 3951 574 3988 partibus
599 3952 704 3981 beotia:
724 3951 869 3981 dicebatur
891 3952 1033 3982 adhaelisse
1050 3977 1059 3990 ,
1084 3953 1173 3990 aliqua
1194 3955 1277 3984 vobis

210 3987 399 4030 {eripierimus
421 3998 519 4030 contra
541 3999 607 4019 eum
622 4011 633 4027 ,
659 3997 792 4027 tanquam
812 3991 960 4028 praecipuis
978 3990 1171 4022 defensoribus
1192 3992 1277 4032 Regii

207 4026 275 4064 juris
287 4024 388 4055 nostri.

250 4061 299 4095 Ad
321 4062 482 4098 instantiam
501 4075 596 4098 tamen
620 4065 715 4098 dilesti
728 4066 762 4098 ὃς
777 4064 863 4098 fidelis
877 4066 967 4099 nostri
981 4066 1105 4100 Henrici
1119 4066 1156 4100 de
1168 4067 1275 4101 Sanno

58 3735 78 3752 ⁰
95 3737 151 3767 111.

61 3782 130 3811 304·
