2570 4261
102 197 178 228 'Anm
199 193 240 226 D.

132 243 216 273 1301.

104 274 172 304 [dv.
193 281 217 303 ι.

93 1716 190 1747 ΛΑ.»

104 2753 235 2792 ⁸11.875.

257 129 282 165 6

257 210 402 249 Johannes
424 211 561 246 Engaim,
581 209 709 237 Dominus
726 206 758 235 de
773 204 873 234 Colum.

258 251 337 287 Hugo
354 252 463 289 Poynz,
479 250 609 276 Dominus
627 245 658 273 de
676 242 847 284 Cory-malet.

255 289 371 325 Adam,
390 288 521 316 Dominus
536 282 626 313 Welle.

257 329 363 363 Simon,
381 327 513 354 Dominus
531 322 562 351 de
580 323 780 350 Monte-acuto.

259 363 421 402 Johannes,
440 364 571 391 Dominus
590 359 621 388 do
639 357 719 387 Sulle.

259 401 404 440 Johannes
423 400 454 428 de
472 397 572 427 Moeles
591 399 720 426 Dominus
742 395 774 425 de
791 394 963 425 Caudeburie.

259 439 435 475 Edmundus,
453 439 527 465 Baro
545 433 675 473 Stofford.

259 477 405 516 Johannes
424 473 531 511 Lovel,
551 476 683 503 Dominus
700 472 732 502 de
750 472 906 509 Berekingg.

261 515 417 545 Edmundus
435 514 466 543 de
483 512 631 552 Hastings,
649 515 781 542 Dominus
799 511 830 540 de
848 508 1085 539 Enchimchelmok.

261 551 512 620 Radusphursfilius
531 549 690 589 Willielmi,
707 553 839 580 Dominus
857 550 888 578 de
905 548 1087 589 Grymtloorpe.

260 592 393 621 Robertus
429 602 442 619 e
459 589 546 620 Scales
564 593 696 620 Dominus
715 589 746 618 de
764 586 897 627 Neufi’les.

262 629 422 660 Willselmus
439 628 571 667 Touchet,
588 631 721 658 Dominus
739 627 770 657 de
788 624 970 656 Levenhales.

260 668 404 707 Johannes
421 675 456 706 ap
473 668 588 706 Adam,
606 669 738 697 Dominus
756 665 787 694 de
804 663 973 703 Beverstone.

259 707 407 745 Johannes
424 707 455 735 de
473 708 662 743 Haveringes,
678 706 812 734 Dominus
829 703 861 731 de
878 700 1006 769 Gralfton.

261 745 393 775 Robertus
411 746 443 775 de
463 745 578 782 Warde,
597 745 728 773 Dominus
746 742 778 771 de
795 739 924 770 Alba-au
938 751 963 769 a.

262 783 411 814 Nicholaus
430 784 461 813 de
480 787 614 819 Segrave,
632 783 764 810 Dominus
784 781 816 810 de
835 783 936 809 stowe.

266 822 408 852 Walterus
427 823 459 851 de
477 825 542 860 72>st
582 823 716 850 Dominus
735 819 766 848 de
784 823 950 855 Stangrave.

262 861 407 900 Johannes
426 862 457 890 de
476 843 587 898 Insitfa,
605 861 738 888 Dominus
757 857 790 887 de
811 857 949 887 Woa'eton.

260 899 438 936 Eustachius,
457 901 587 928 Dominus
606 898 638 926 de
656 895 775 926 Hacche.

262 935 402 968 Gilbertus
422 936 537 974 Pecche,
555 939 687 966 Dominus
705 936 736 965 de
751 934 842 974 Corby.

265 975 425 1007 Willjelmux
445 974 564 1015 Paynel,
583 977 716 1005 Dominus
735 974 766 1003 de
782 976 957 1013 Tracyngton.

260 1019 333 1053 Rogo
347 1015 378 1044 de
397 1013 530 1052 Knovill,
549 1017 680 1044 Dominus
700 1013 731 1042 de
750 1011 826 1041 Albo
838 1009 1000 1050 monasterio.

263 1054 340 1084 Fulco
359 1052 384 1082 le
401 1057 553 1091 Straunge,
572 1055 705 1082 Dominus
723 1051 754 1080 de
771 1048 909 1088 Corfham.

263 1095 398 1122 Henricus
416 1092 448 1122 de
466 1091 606 1131 Pynkeny,
625 1092 757 1120 Dominus
774 1089 805 1118 de
825 1089 948 1118 Wdone.

263 1131 410 1170 Johannes
430 1131 461 1160 de
480 1129 658 1170 Hudlestone,
678 1131 811 1158 Dominus
829 1127 860 1156 de
879 1130 981 1160 Aneys.

262 1174 379 1207 Rogerus
397 1170 428 1200 de
445 1167 660 1208 Huntingfi’lde,
677 1169 808 1197 Dominus
825 1166 858 1195 de
875 1162 1060 1206 Bradenham.

263 1211 344 1246 Hugo
354 1207 432 1250 filius
449 1211 576 1246 Henrici,
595 1209 725 1237 Dominus
743 1205 776 1234 de
792 1201 998 1242 Ravenswath.

264 1247 411 1286 Johannes
428 1246 451 1276 Ie
469 1249 589 1285 Breton,
606 1247 738 1275 Dominus
756 1243 788 1273 de
806 1241 903 1282 Sporle.

264 1285 414 1316 Nicholaus
428 1286 459 1315 de
475 1289 580 1323 Carra,
598 1287 728 1314 Dominus
741 1282 772 1312 de
785 1280 946 1320 Alalesford.

265 1324 397 1362 Thomas,
414 1327 545 1354 Dominus
562 1324 593 1353 de
611 1322 640 1351 la
659 1321 753 1352 Roche.

267 1362 406 1393 Walterus
424 1363 455 1392 de
475 1366 584 1404 Moncy,
600 1364 732 1392 Dominus
750 1359 780 1388 de
797 1358 944 1389 Thornton.

264 1401 410 1440 Johannes
419 1400 497 1443 filius
516 1400 705 1437 Marmaduci,
724 1401 856 1428 Dominus
873 1398 904 1439 de
922 1395 1054 1426 Hordene.

262 1440 426 1480 Johannes,
443 1443 575 1470 Dominus
593 1439 624 1468 de
642 1436 795 1477 Kiugcston.

263 1479 393 1510 Robertus
411 1478 554 1516 Hastang,
572 1481 703 1508 Dominus
722 1477 753 1506 de
771 1474 886 1516 Defiree.

262 1517 434 1555 Radulphus,
452 1516 583 1548 Dominus
602 1516 634 1545 de
651 1515 799 1545 Grendone.

265 1555 445 1594 PVillielmus,
463 1559 594 1586 Dominus
613 1555 644 1584 de
664 1553 812 1594 Leyburne.

263 1594 406 1634 Johannes
423 1595 455 1624 de
472 1593 617 1634 Greystok,
634 1596 765 1623 Dominus
782 1592 814 1620 de
832 1589 970 1628 Morpeth.

265 1633 422 1663 Matthaeus
431 1631 511 1674 filius
532 1632 688 1670 Johannis,
705 1634 837 1661 Dominus
856 1630 888 1659 de
904 1625 1089 1658 Stokenhame.

265 1671 413 1702 Nicholaus
432 1667 563 1712 liseymil,
582 1674 713 1701 Dominus
731 1669 762 1698 de
781 1666 967 1705 Wherletone,
985 1664 1023 1700 ὠ*

265 1710 409 1749 Johannes
417 1709 529 1751 Paynel,
536 1713 667 1740 Dominus
676 1709 706 1738 de
713 1706 844 1747 Otteleye,
850 1705 950 1737 devota
957 1704 1061 1744 pedum
1068 1702 1160 1735 oscula
1165 1703 1319 1734 beatorum.

303 1787 402 1818 Sanun
420 1787 551 1818 Romana
565 1786 657 1818 Mater
672 1785 810 1823 Ecclesia,
827 1793 874 1822 per
889 1783 964 1821 cujus
976 1779 1158 1824 ministerium
1170 1779 1321 1825 Fides'Ca-

262 1825 366 1856 t'nolica
385 1827 550 1863 gubernatur
564 1849 574 1865 ,
597 1827 625 1856 in
640 1826 689 1856 suis
705 1824 812 1855 ac‘tibus
830 1831 897 1853 cum
912 1821 960 1859 ei,
978 1823 1045 1851 iicut
1058 1818 1171 1863 iirnuter
1183 1819 1321 1850 credimus

263 1865 296 1895 &
311 1873 451 1904 tenemus,
469 1867 619 1896 maturitate
632 1863 772 1902 procedit,
789 1860 864 1900 quod
875 1859 948 1904 ,num
958 1857 1148 1905 praejudicare,
1165 1857 1210 1888 sed
1227 1857 1322 1895 singu-

264 1903 354 1933 loriun
373 1904 447 1942 jura,
465 1914 521 1933 non
536 1904 627 1933 minsis
642 1904 670 1932 in
684 1902 758 1940 aliis,
776 1909 859 1940 quam
873 1909 902 1929 in
915 1898 1016 1936 seipsa,
1031 1905 1162 1936 tanquam
1174 1895 1268 1928 Mater
1281 1896 1320 1928 al-

263 1951 326 1980 ma,
344 1942 496 1972 conservari
514 1942 584 1973 valet
598 1941 686 1972 illaesa.
965 1976 970 1981 ,

299 1980 370 2011 Sane
383 2004 392 2019 ,
416 1989 575 2011 convocato
602 1990 651 2018 per
664 1976 862 2009 serenissimum
880 1975 1043 2019 Dominum
1060 1973 1185 2005 nostrum
1204 1973 1320 2019 Edwar-

261 2018 330 2049 dum
340 2042 349 2058 ,
367 2019 422 2049 Dei
437 2019 539 2058 gratia,
556 2018 670 2056 Regem
683 2017 795 2054 Angliae
809 2014 958 2052 illustrem,
977 2012 1159 2058 Parhameiito
1169 2013 1243 2051 apud
1250 2013 1319 2058 Lin-

262 2058 382 2087 colniam
397 2058 534 2097 generali,
551 2057 626 2087 idem
641 2056 782 2087 Dominus
792 2053 883 2086 noster
897 2052 1025 2091 quasdam
1037 2052 1123 2083 literas
1128 2051 1319 2097 Apostohcas,

260 2106 325 2134 quas
346 2096 421 2134 super
434 2098 513 2127 certis
523 2097 656 2134 negotiis,
673 2094 866 2126 conditionem
880 2093 913 2124 &
925 2090 1024 2135 statum
1039 2090 1252 2135 Regm·&onae
1259 2100 1320 2136 tan-

260 2136 413 2204 (gemibmff
436 2145 469 2165 ex
492 2143 566 2179 parte
587 2133 673 2165 vestra
695 2140 846 2171 receperat,
863 2133 893 2162 in
915 2129 1011 2162 medio
1022 2130 1164 2169 exhiberi,
1180 2129 1319 2162 &seriose

273 2182 328 2203 ecit
341 2184 380 2203 no
402 2184 422 2203 is
435 2183 467 2203 ex
508 2184 544 2203 ni.

301 2211 412 2251 Qubus
433 2183 547 2251 augins,
564 2212 596 2242 ὃς
609 2210 754 2248 diligenter
766 2208 909 2240 intellectis
922 2230 932 2247 ,
955 2216 1013 2238 tam
1027 2205 1126 2251 nostris
1137 2205 1254 2251 sensibus
1269 2208 1317 2239 ad-

262 2249 386 2294 miranda
399 2273 410 2289 ,
439 2251 522 2289 quam
548 2250 679 2281 haetenus
701 2247 820 2280 inaudita
833 2270 844 2287 ,
867 2248 897 2277 in
925 2245 1027 2277 eisdem
1051 2245 1205 2278 audivimus
1225 2249 1317 2278 conti-

258 2299 325 2319 neri.

296 2327 406 2358 Scimus
425 2329 500 2357 enim
530 2327 540 2361 (
543 2326 619 2358 Pater
639 2324 813 2361 sanffiffime)
827 2325 860 2356 &
872 2325 1012 2355 notorium
1025 2321 1066 2353 est
1079 2324 1109 2354 in
1122 2325 1241 2362 partibus
1255 2324 1316 2356 An-

260 2365 343 2404 gliae,
367 2366 401 2396 &
420 2366 556 2397 nonnullis
576 2366 632 2396 aliis
651 2376 709 2395 non
729 2366 878 2402 ignotum,
901 2362 996 2401 quod,
1011 2362 1027 2392 ἦ
1043 2363 1132 2400 prima
1145 2363 1315 2394 institutione

261 2402 357 2441 Regni
379 2405 509 2444 Angliae,
534 2404 628 2441 Reges
640 2403 763 2443 ejusdem
774 2403 887 2441 Regni,
904 2410 960 2432 tam
971 2401 1142 2438 temporibus
1155 2401 1314 2442 Britonum,

259 2444 342 2481 quirin
365 2443 541 2482 Anglorum,
558 2443 674 2481 superius
691 2443 724 2474 ὃς
743 2441 882 2472 directum
902 2439 1072 2470 Dominium
1094 2438 1191 2477 Regni
1210 2439 1315 2472 Scotiae

256 2482 425 2520 habuerunt,
448 2482 482 2513 &
503 2483 532 2512 in
547 2480 710 2520 possessione
723 2480 769 2511 vel
783 2479 856 2518 quasi
868 2477 1202 2516 superioritatis&direffi
1208 2478 1314 2511 Domi-

259 2521 297 2551 nii
306 2520 384 2557 ipsius
396 2520 496 2556 Regni
502 2520 604 2551 Scotiae
615 2518 770 2551 succeffivis
781 2519 951 2556 temporibus
958 2518 1101 2548 extiterunt
1107 2540 1117 2556 ,

294 2558 360 2589 Nec
374 2558 433 2589 ullis
446 2559 614 2597 temporibus
627 2558 715 2596 ipsum
729 2557 882 2595 Regnum,
896 2558 924 2587 in
939 2555 1151 2595 temporalibus,
1167 2558 1312 2598 pertinuit,

259 2597 303 2628 vel
317 2599 433 2635 pertinet
446 2600 544 2635 quovis
552 2599 612 2634 >iure
625 2597 661 2627 ad
675 2596 828 2627 Ecclesiam
841 2594 1042 2633 supradictam,

297 2635 438 2680 Qinimo
455 2636 530 2667 idem
551 2635 686 2675 Regnum
698 2634 801 2665 Scotiae
814 2632 1041 2670 Progenitoribus
1049 2632 1177 2672 praediffi
1189 2632 1310 2666 Domini

255 2674 341 2704 nostri
353 2673 479 2711 Regibus
491 2675 621 2712 Angliae,
637 2682 718 2712 atque
730 2673 779 2704 sibi
793 2672 899 2703 feodale
911 2674 998 2702 exiitit
1010 2673 1046 2703 ab
1057 2673 1180 2709 antiquo.

295 2713 362 2743 Nec
381 2714 465 2743 etiam
484 2712 579 2750 Reges
596 2713 762 2750 Scotorum,
785 2711 819 2742 &
838 2710 974 2748 Regnum
994 2711 1068 2749 aliis,
1085 2712 1169 2749 quam
1182 2709 1311 2749 Regibus

255 2750 384 2789 Auguria,
400 2751 571 2790 subfuerunt,
588 2752 607 2771 *
621 2750 665 2782 vel
677 2750 773 2788 subjici
785 2748 992 2780 consueverunt.

291 2789 396 2827 Neque
415 2789 509 2828 Reges
529 2789 642 2825 Angliae
654 2812 664 2828 ,
688 2788 765 2826 super
782 2788 888 2825 juribus
906 2787 972 2825 suis,
995 2789 1025 2817 in
1039 2786 1145 2824 Regno
1156 2787 1309 2828 praedicto,

253 2836 298 2859 aut
312 2828 369 2859 aliis
389 2827 440 2859 suis
455 2829 649 2867 temporalibus
662 2837 758 2858 coram
770 2827 864 2871 aliquo
874 2825 969 2863 judice
983 2824 1193 2865 Ecclesiastico,
1209 2826 1253 2858 vel
1268 2827 1309 2859 se-

253 2866 353 2905 culari,
370 2876 404 2897 ex
422 2867 507 2898 liberi
521 2865 746 2905 praehemineiitia
759 2865 841 2896 status
854 2864 907 2895 suae
922 2863 1025 2902 Regiae
1037 2863 1177 2902 dignitatis
1189 2866 1223 2897 ὅτ,
1237 2875 1307 2896 con-

251 2904 414 2944 suetudinis,
439 2906 546 2936 cunc'tis
564 2905 733 2943 temporibus
750 2903 968 2942 irrefragabiliter
979 2902 1144 2943 observatae,
1162 2903 1308 2943 responde-

252 2952 331 2981 runt,
347 2952 392 2974 aut
407 2944 568 2981 respondere
580 2944 725 2975 debebant.

288 2982 395 3020 Unde,
412 2983 508 3013 habito
518 2982 650 3021 tradiatu,
666 2982 700 3013 &
711 2979 1056 3019 deliberationediligenti,
1072 2980 1306 3022 superconteiitiS‚

252 3020 282 3049 in
301 3019 394 3050 vestris
413 3021 505 3052 litteris
517 3022 675 3051 memoratis
714 3021 888 3057 communiS,
912 3029 1032 3049 concors
1045 3019 1079 3050 &
1093 3020 1229 3050 unanimis
1241 3030 1306 3050 om-

250 3058 348 3102 nium,
371 3059 411 3102 &.
425 3059 595 3096 singulorum
614 3043 756 3090 condensus
777 3058 844 3097 fuit,
861 3057 918 3096 est,
935 3057 969 3090 &
981 3058 1031 3088 erit
1043 3057 1220 3097 inconcusse,
1238 3057 1306 3090 Deo

249 3105 387 3177 1ῗῖᾞέἳί
404 3097 684 3180 ἒζιξὲἑὲἆὲιῐὸὂωίημε
695 3134 785 3167 noster
800 3134 862 3166 Rex
871 3135 948 3179 super
957 3135 1062 3180 juribus
1074 3133 1170 3171 Regni
1184 3133 1222 3165 sui
1233 3135 1304 3167 Sco-

250 3179 313 3210 riae,
330 3181 375 3203 aut
395 3173 451 3203 aliis
460 3173 509 3203 suis
522 3175 729 3213 temporalibus,
745 3174 894 3204 nullatenus
903 3173 1066 3212 judicialiter
1080 3172 1239 3211 respondeat
1251 3185 1302 3207 co-

249 3220 308 3241 mni
324 3211 419 3250 vobis,
438 3221 490 3242 nec
500 3211 637 3249 judicium
650 3212 741 3244 subeat
755 3212 970 3251 quoquomodo:

284 3249 341 3280 Aut
351 3252 410 3289 jura
423 3248 466 3279 sua
481 3249 610 3286 praedicta
625 3252 654 3280 in
666 3251 783 3281 dubium
796 3250 954 3290 quaestionis
965 3250 1106 3282 deducat:-

286 3287 354 3318 Nec
368 3287 401 3317 ad
417 3288 584 3325 piaesentiam
595 3288 712 3319 vestram
723 3288 914 3320 Procuratores
927 3298 974 3320 aut
983 3289 1114 3321 Nuncios
1127 3288 1162 3319 ad
1169 3289 1225 3320 hoc
1234 3292 1301 3321 mit-

246 3333 284 3356 tat
297 3337 307 3364 3
332 3327 471 3364 praecipue
483 3336 549 3356 cum
564 3326 698 3363 praemissa
715 3326 842 3358 cederent
856 3327 999 3358 manifeste
1012 3329 1041 3358 in
1052 3327 1299 3359 exhaeredationem

243 3365 309 3401 juris
330 3363 455 3394 Coronze
472 3364 567 3402 Regni
581 3365 693 3401 Angliae
706 3365 740 3396 &
752 3365 853 3403 Regiae
868 3365 1035 3404 Dignitatis,
1052 3376 1084 3396 ac
1096 3365 1298 3398 subversionem

247 3400 331 3432 statiis
349 3402 469 3441 ejusdem
483 3402 578 3437 Regni
592 3405 743 3434 notoriam:
762 3413 874 3434 necnon
883 3406 912 3435 in
924 3404 1115 3443 praejudicium
1128 3404 1298 3444 libertatum,

246 3440 474 3471 consuetudinum
487 3466 496 3480 ‚
519 3442 553 3472 &
573 3441 669 3476 legum
688 3450 874 3480 paternarum,
897 3443 930 3473 ad
953 3452 1067 3482 quarum
1077 3441 1298 3475 observationem

245 3477 279 3507 &
297 3478 501 3519 defensionem,
524 3489 558 3509 ex
572 3479 668 3510 debito
681 3480 791 3518 praestiti
801 3481 959 3519 juramenti,
977 3480 1171 3519 astringimur,
1187 3482 1220 3512 &
1235 3493 1298 3521 quae

246 3519 480 3582 {nugutenebimus
498 3526 558 3548 roto
581 3516 674 3556 polle,
698 3518 813 3557 totisque
829 3519 947 3556 viribus,
964 3530 1032 3551 cum
1043 3519 1101 3551 Dei
1114 3519 1232 3558 auxilio²
1249 3521 1298 3553 de-

259 3563 292 3582 en
312 3565 395 3585 emus.

282 3591 347 3622 Nec
363 3596 445 3624 eiiam
469 3595 672 3633 permittimus,
696 3602 741 3625 aut
765 3595 918 3633 aliquatenu
939 3598 1143 3634 permittemus,
1161 3595 1229 3627 sicut
1242 3607 1296 3628 nec

245 3627 402 3672 possumus,
427 3643 478 3662 nec
493 3632 642 3671 debemus,
660 3631 795 3670 praemiffa
808 3642 865 3663 tam
880 3633 1000 3673 insolita,
1017 3634 1152 3671 indebita,
1178 3635 1296 3671 iraejudi-

245 3666 343 3709 exalia,
361 3669 393 3699 &
410 3670 470 3700 aliis
490 3670 609 3701 inaudita
620 3694 630 3709 ,
653 3671 824 3708 praelibatum
846 3671 1007 3703 Dominum
1024 3671 1151 3704 nostrum
1193 3683 1295 3712 egem,

243 3709 345 3734 etiamn
359 3707 453 3749 vellet,
470 3707 575 3747 facere,
592 3709 637 3739 seu
650 3709 860 3746 quomodolibet
873 3719 1041 3748 attemptare.

282 3741 424 3780 Qiocirca
445 3746 586 3777 Sinetitati
607 3746 704 3777 vestrae
725 3756 875 3777 reverenter
893 3749 926 3779 &
946 3749 1084 3780 humiliter
1095 3748 1295 3788 supplicamus,

243 3787 371 3823 quatenus
384 3783 501 3814 eundem
516 3784 675 3815 Dominum
687 3784 812 3815 nostrum
826 3785 939 3823 Regem
954 3787 1014 3825 (qui
1027 3789 1097 3818 inter
1109 3787 1175 3817 alios
1186 3785 1293 3818 Princi-

244 3825 291 3852 pes
310 3819 382 3860 orbis
402 3828 493 3860 terne,
517 3821 696 3854 Catholicum
715 3823 740 3852 se
752 3823 879 3862 exhibet,
896 3825 929 3854 &
944 3824 1076 3856 Ecclesiae
1091 3824 1229 3856 Romanae
1243 3825 1293 3855 de-

243 3856 352 3896 YOtum)
364 3866 420 3899 jura
434 3858 493 3900 sua,
510 3860 656 3902 libertates,
673 3861 880 3892 consuetudines
886 3885 896 3900 ,
913 3863 1047 3902 &le-ges,
1063 3862 1162 3901 absque
1169 3863 1292 3894 diminu-

240 3893 360 3961 ἓξὲξ
375 3897 574 3940 ῙῺΕΙΗῐρωῲηε,
592 3899 707 3936 pacifice
720 3898 871 3938 possidere,
887 3901 920 3932 &
933 3911 965 3932 ea
978 3901 1078 3933 illibata
1090 3902 1228 3940 percipere
1242 3902 1292 3932 be·

273 3960 275 3963 .
403 3942 529 3964 K‘HHIOEUS.

274 3965 307 3997 ln
321 3941 401 4006 cuii?
410 3971 447 4001 rei
460 3971 647 4031 testimonium
660 3974 751 4014 sigillis
762 3975 876 4015 nostris,
893 3984 949 4008 tam
962 3987 1014 4017 pro
1028 3977 1124 4016 nobis,
1142 3977 1225 4017 quam
1239 3987 1292 4018 pro

654 108 1464 161 CONV'ENTIONES‚

1523 111 1559 153 L
1583 110 1606 153 1
1630 110 1671 153 Τ
1702 110 1736 152 Ε
1764 110 1806 152 R
1832 110 1888 152 AE

1363 197 1421 229 tota
1436 196 1648 229 Communitate
1667 196 1796 235 praediffl
1813 196 1910 235 Regni
1917 195 2228 234 Angliae,praesentibus
2234 198 2422 238 stmtappenia.

1398 273 1482 304 Datae
1503 273 1575 313 apud
1598 273 1792 312 Lincolniam,
1819 283 1863 304 12.
1880 273 1927 304 die
1941 273 2096 313 Februarii,
2111 284 2186 306 anno
2202 274 2323 307 Domini
2337 285 2422 317 1301.

2444 183 2519 215 Ann.
2533 183 2570 221 D.

2470 231 2555 263 130¹·

2443 266 2511 289 Eva.
2532 272 2553 290 ι.

1407 398 1590 445 Responsum
1614 402 1696 445 Papae
1707 398 1798 445 fhper
1814 397 1995 445 quibusdam
2015 399 2182 432 literatoriae
2201 399 2290 443 miffis
2303 412 2374 434 cum

1690 446 1743 491 ista
1767 446 1856 479 Bulla
1872 447 1908 480 de
1925 445 2092 481 Credentia.

1361 530 1566 593 Bonifacius
1580 532 1748 577 Episcopus,
1764 532 1853 577 servus
1865 531 2004 577 servorum
2016 532 2091 571 Dei,
2108 532 2246 564 carissuno
2260 535 2290 579 in
2307 533 2423 567 Christo

1419 570 1497 615 .ffi¹.⁰²
1515 570 1646 601 Edvardo
1660 570 1737 609 Regi
1752 570 1864 609 Anghae
1875 570 1986 610 illustri,
2003 570 2115 602 salutem
2127 572 2160 603 &
2175 572 2355 610 apostolicam
2371 575 2421 605 be-
2443 570 2517 602 Ann.
2531 571 2570 607 D.

1359 610 1575 679 nedgtlffigijnnss
1593 655 1648 678 tuae
1659 646 1807 685 Nuncios,
1824 655 1881 678 tam
1895 647 2111 679 consideratione
2124 649 2272 688 mittentis,
2289 651 2371 688 quam
2385 661 2420 682 ex
2441 620 2563 686 diri-3¹9.

1361 687 1496 726 probitate
1511 685 1672 725 mifforum,
1689 696 1775 724 nuper
1787 684 1937 716 affeetione
1949 686 2028 725 pleni
2038 688 2207 726 recepimus,
2224 688 2325 726 eosque
2331 688 2419 720 liberi·
2438 692 2467 717 Ε.
2489 697 2512 716 ¹.

1361 735 1402 757 ter
1422 724 1559 764 vidimus,
1582 725 1617 756 &
1637 724 1791 755 audivimus
1810 724 1972 762 diligenter:
1990 725 2110 764 &super
2122 727 2174 756 tuis
2189 726 2302 763 agendis
2314 727 2373 758 satis
2385 728 2419 759 &
2439 730 2478 753 Ex
2485 728 2554 755 Au·

1362 764 1459 795 seriose
1473 763 1648 794 traetavimus
1662 773 1729 793 cum
1742 763 1864 793 Nunciis
1879 763 2009 794 cariffimi
2023 764 2054 793 in
2065 763 2180 795 Christo
2194 765 2242 795 filii
2260 765 2345 796 nostri
2354 764 2420 796 Phi·
2437 771 2502 802 togr.
2563 774 2566 778 ’

1361 803 1430 840 lippi
1453 801 1543 839 Regis
1562 801 1731 832 franconim
1750 800 1872 840 illustris,
1888 801 1921 832 &
1932 803 2008 832 circa
2022 802 2119 834 eadem
2131 803 2220 834 studia
2233 804 2421 842 impendimus

1363 841 1587 917 &Ilgtsioissidem
1610 879 1649 908 tui
1661 876 1772 921 Nuncii
1787 885 1972 922 protraxerunt
1982 879 2013 908 in
2025 877 2116 922 nostrai
2128 877 2214 924 Curii
2225 879 2341 918 longam
2355 890 2421 925 mo-

1361 927 1449 988 {ni
1462 916 1843 992 domgevin&
1855 916 2421 993 &snmffinffiffl

1399 994 1434 1025 In
1452 995 1573 1032 negotiis
1590 1001 1682 1024 aurem
1694 993 1764 1030 tuis,
1782 1003 1843 1030 quae
1857 993 1919 1031 ipsis
1932 993 2008 1024 fuere
2018 992 2180 1032 commissa,
2197 994 2272 1025 velut
2284 994 2376 1027 fideles
2386 998 2421 1028 &

1361 1032 1472 1072 widi
1514 1032 1541 1077 s?
1562 1031 1694 1101 s⁰¹ii³⁰st³²
1717 1030 2319 1101 uffigrstrgcbeffidffiohsgffinfft,
2334 1036 2419 1103 ‘'C-{³³

1361 1071 1744 1154 zdjssuugnnffiermecgffi),
1760 1117 1794 1138 ex
1811 1117 1885 1147 parte
1899 1080 2056 1147 nostrapper
2071 1093 2135 1148 ec'is,
2150 1109 2263 1140 oraculo
2279 1083 2420 1142 V}v}3mvffi

1360 1159 1401 1179 cis
1436 1148 1563 1179 duximus
1579 1146 1788 1178 committenda.

1400 1171 1435 1218 ἐπ
1450 1187 1585 1225 speramus
1601 1185 1677 1224 quod
1693 1195 1761 1216 cum
1777 1185 1827 1216 sint
1842 1186 1881 1216 tui
1897 1184 2005 1224 fideles,
2022 1184 2162 1224 nostrique
2177 1185 2291 1225 devoti,
2307 1196 2339 1218 ea
2351 1187 2422 1227 tibi,

1362 1234 1444 1265 prout
1461 1227 1498 1256 eis
1514 1224 1722 1264 commisimus,
1739 1223 1852 1256 fideliter
1867 1223 1983 1256 referent
1999 1224 2063 1254 vivii
2079 1234 2161 1256 voce.

1359 1301 1463 1373 timlgat.
1491 1302 1613 1334 Lateran.
1639 1301 1743 1333 octavo
1762 1299 1824 1332 Kal.
1843 1300 1957 1340 Martii,
1975 1299 2154 1333 Pontificatfis
2170 1301 2256 1334 nostri
2270 1312 2345 1333 anno
2360 1303 2420 1341 sep-

2094 1418 2150 1449 Sub
2156 1418 2208 1461 filo
2220 1419 2343 1451 canabeo.

1364 1547 1414 1579 De
1439 1543 1555 1576 decima
1571 1546 1602 1576 in
1614 1540 1788 1587 Subsidium
1805 1543 1902 1576 Terrae
1911 1542 2020 1588 fizniiae
2035 1542 2153 1575 collec'ia
2164 1569 2174 1585 ‚
2192 1545 2266 1590 Regi
2281 1544 2414 1590 concessa.

1358 1630 1410 1692 B
1420 1628 1567 1660 Onifacius
1581 1627 1750 1668 Episcopus,
1766 1628 1856 1660 servus
1870 1628 2009 1660 servorum
2026 1626 2102 1668 Dei,
2119 1627 2294 1659 cariffimoin
2303 1627 2417 1660 Christo

1378 1668 1479 1738 arghilo
1494 1667 1644 1708 Edvardo,
1661 1667 1738 1707 Regi
1754 1667 1867 1706 Angliae
1882 1666 1995 1706 illustri,
2009 1665 2121 1699 salutem
2137 1666 2415 1706 &apostolicambe-
2439 1659 2564 1739 ΑΠΞΙΒ-

1357 1714 1377 1735 n
1413 1717 1422 1736 i
1456 1708 1557 1738 onem.
2104 1719 2106 1722 ·
2453 1710 2478 1731 ‘1
2502 1709 2553 1733 οι.

1386 1743 1514 1787 ,Εκίπιίκ
1529 1745 1685 1776 devotionis
1701 1744 1852 1784 smeerims,
1869 1754 1953 1784 quam
1968 1743 2003 1775 ad
2020 1754 2088 1784 nos,
2104 1744 2138 1776 &
2155 1743 2317 1776 Romanam
2330 1745 2414 1783 gessi-
2434 1744 2542 1782 An·,29·

1359 1781 1392 1826 st}
1400 1806 1412 1823 ,
1427 1784 1461 1816 &
1479 1785 1549 1822 geris
1565 1783 1717 1815 Ecclesiam
1726 1806 1736 1822 ,
1752 1784 1786 1814 &
1801 1793 1914 1821 magnae
1930 1784 2070 1821 probitatis
2085 1783 2198 1822 merita,
2212 1783 2312 1821 quibus
2327 1791 2355 1815 te
2369 1783 2462 1815 di-''E-
2477 1788 2500 1807 ¹·

1359 1831 1424 1853 vma
1448 1824 1533 1859 gratia
1556 1821 1716 1860 illustravit,
1732 1821 1818 1859 digne
1839 1830 1978 1853 merentur
1991 1843 2001 1860 ‚
2023 1829 2054 1852 ut
2071 1821 2212 1859 persomm
2228 1830 2303 1852 tuam
2316 1824 2415 1860 praeci-
2436 1822 2475 1844 Px
2488 1820 2546 1844 Au-

1358 1861 1596 1930 {teliff‘tssiEOdzsse
1603 1860 1813 1930 ffiosequentes,
1827 1861 1878 1891 tibi
1901 1859 2011 1898 gratiosi
2025 1859 2190 1898 reddamur,
2205 1860 2239 1891 &
2254 1861 2284 1890 in
2299 1862 2351 1892 tuis
2365 1871 2415 1892 ne-
2436 1864 2498 1893 ‘⁰8'-

1417 1910 1426 1928 i
1495 1910 1525 1931 us
1597 1910 1609 1930 r
1633 1909 1669 1930 es.

1396 1937 1448 1969 Nu
1469 1948 1497 1969 er
1513 1937 1646 1977 fiquidem
1663 1938 1744 1968 nobis
1759 1936 1861 1975 Regali
1876 1936 1976 1968 fiducia
1991 1935 2162 1976 suppficfiffi,
2177 1944 2208 1968 ut
2223 1946 2290 1968 cum
2304 1936 2417 1969 decima

1357 1974 1444 2007 Eccle
1454 1976 1612 2007 iasticorum
1635 1975 1792 2007 reddituum
1826 1977 1860 2008 δε
1876 1983 2062 2014 proventuum
2077 1974 2194 2006 Ibemiae
2209 1997 2220 2014 ,
2236 1985 2339 2015 quam,
2355 1976 2417 2008 feli-

1357 2015 1397 2045 cis
1411 2015 1623 2059 recordationis,
1639 2014 1776 2046 Nicolaus
1791 1998 1866 2053 f’apa
1900 2022 2006 2053 uartuS,
2023 2012 2208 2045 Praedecessor
2222 2014 2331 2053 noster,
2345 2015 2418 2046 olim

1356 2052 1426 2084 dum
1441 2062 1563 2093 Viveret,
1599 2064 1632 2084 ro
1645 2054 1763 2090 negotio
1776 2053 1874 2084 Terrae
1899 2052 1990 2084 andtae
2024 2062 2073 2091 pei·
2087 2052 2131 2084 sex
2146 2062 2283 2083 annorum
2298 2053 2416 2091 spatium

1356 2093 1556 2130 imponendam
1593 2094 1666 2131 uxit‚
1682 2093 1782 2124 &tibi
1797 2093 1880 2122 etiarn
1897 2075 2126 2129 concedendam,
2143 2091 2178 2122 ad
2193 2091 2414 2129 prosecutionem

1355 2131 1581 2162 commodiorem
1596 2131 1630 2162 &
1645 2131 1834 2162 efficaciorem
1850 2130 1929 2168 ipsius
1943 2131 2068 2169 negotii,
2085 2129 2162 2168 quod
2175 2129 2336 2168 assumpsisti
2352 2140 2414 2169 per-

1355 2169 1479 2200 sonaliter
1501 2169 1735 2208 prosequendum,
1759 2179 1811 2207 pro
1831 2171 1926 2209 primis
1939 2169 2023 2200 tribus
2039 2170 2116 2200 annis
2130 2168 2250 2207 ipsorum
2263 2169 2308 2200 sex
2324 2179 2411 2200 anno-

1355 2217 1436 2246 rum,
1461 2218 1512 2247 pro
1536 2209 1633 2247 majori
1654 2217 1729 2246 parte
1752 2206 1903 2245 percepisse
1925 2208 2061 2245 micatis,
2077 2217 2132 2238 nec
2152 2206 2234 2238 fueris
2255 2207 2411 2245 hujusmodi

1354 2247 1502 2284 negotium
1526 2246 1682 2285 prosecutus
1697 2269 1707 2285 ,
1732 2246 1875 2291 personam
1898 2254 1975 2277 tuam
1999 2245 2116 2283 gratiose
2137 2245 2268 2284 respicere
2282 2246 2412 2285 dignare·

1352 2294 1423 2316 mur.
1690 2301 1693 2304 Δ

1390 2323 1456 2354 Nos
1477 2324 1563 2362 igitur
1584 2323 1734 2362 sperantes,
1752 2323 1831 2362 quod
1848 2330 1951 2362 quanto
1967 2330 1994 2352 te
2010 2332 2027 2352 a
2042 2322 2124 2352 nobis
2140 2324 2291 2360 perceperis
2307 2325 2411 2361 gratio-

1353 2361 1405 2392 sius
1428 2361 1574 2400 honorari,
1591 2370 1668 2392 tanto
1689 2361 1817 2392 devotius
1833 2361 1948 2399 Deum,
1965 2361 1998 2392 &
2013 2360 2207 2398 Apostolicam
2221 2361 2315 2392 sedem
2330 2372 2410 2393 reve-

1352 2401 1403 2430 reri
1419 2399 1524 2431 studeas
1533 2423 1543 2438 ,
1558 2400 1594 2430 ad
1609 2400 1689 2438 ipsius
1703 2400 1801 2430 Terrae
1808 2399 1910 2430 sanetae
1918 2398 2110 2438 promovenda
2117 2399 2408 2431 conmodateredde

1351 2449 1382 2470 re
1397 2448 1478 2477 prom
1498 2439 1597 2469 tiorem
1606 2461 1616 2477 ,
1633 2439 1684 2470 tuis
1698 2438 1938 2477 supplicationibus
1951 2437 2092 2475 inclinati,
2108 2445 2199 2468 totum
2207 2460 2218 2476 ,
2234 2438 2408 2477 &quicquid

1350 2477 1387 2508 de
1403 2477 1459 2516 ipsi.
1494 2477 1584 2508 ecimfi
1599 2477 1636 2507 de
1651 2477 1806 2517 hujufinodi
1821 2477 1915 2515 primis
1928 2476 2013 2507 tn'bus
2025 2477 2101 2507 annis
2109 2476 2239 2507 haetenus
2247 2487 2328 2515 perce
2347 2477 2410 2517 isti,

1350 2516 1401 2546 tibi
1418 2515 1455 2546 de
1469 2515 1578 2555 speciali
1594 2515 1698 2554 gratini,
1714 2515 1887 2554 praesenn'um
1902 2514 2076 2552 auetoritate,
2093 2515 2255 2546 remittimus
2270 2515 2305 2546 &
2338 2525 2408 2547 ona-

1349 2564 1428 2595 mus,
1444 2556 1481 2585 ita
1498 2553 1575 2593 quod
1591 2553 1625 2586 ad
1641 2555 1696 2593 eJus
1712 2553 1909 2586 restitutionem
1924 2563 1984 2584 non
1999 2554 2113 2585 tenearis
2127 2553 2253 2593 ulterius,
2268 2564 2359 2594 neque
2371 2555 2406 2587 ad

1349 2593 1377 2624 id
1386 2604 1420 2663 ᾖ
1446 2602 1568 2638 uoquam
1584 2601 1683 2664 ιέεζιως
1699 2592 1786 2624 valeas
1800 2592 1942 2624 cohaiwi.
2152 2604 2155 2607 ’

1483 2641 1572 2671 ergo,
1641 2655 1647 2662 .

1384 2707 1450 2739 Dat.
1478 2707 1602 2760 Lateran.
1627 2717 1656 2749 4.
1675 2706 1739 2740 Kal.
1759 2706 1875 2747 Martii,
1891 2706 2072 2739 Ponuficatfis
2088 2706 2175 2739 nostri
2190 2718 2264 2740 anno
2278 2709 2405 2748 septimo.

2145 2783 2188 2815 N.
2207 2784 2365 2817 Leomardi.

1763 2861 1815 2893 Sub
1822 2860 1884 2905 filis
1887 2859 1979 2901 sericis
1988 2860 2066 2899 flavi
2078 2860 2202 2902 rubeique
2215 2860 2312 2891 coloris.

1344 2989 1544 3030 Hammona,
1569 2999 1605 3020 ne
1615 2998 1670 3034 pro
1686 2987 1840 3034 particula
1859 2988 1952 3034 Regni
1970 2988 2100 3019 francia
2117 2983 2304 3030 rehabenda‚
2323 2990 2399 3020 Ter-

1387 3047 1424 3068 rae
1432 3036 1540 3080 sanHae
1557 3035 1757 3082 recuperandae
1774 3034 1908 3080 tranfiat
1923 3035 2028 3078 occasio
2038 3061 2048 3077 ,
2072 3038 2109 3074 ὠ·
2120 3034 2201 3081 quod
2208 3038 2280 3082 Regi
2295 3038 2393 3068 Fran—

1389 3087 1454 3126 ciae,
1478 3094 1512 3115 m
1530 3082 1654 3130 Juveni
1661 3087 1771 3131 pravi}
1781 3082 1902 3129 fiduilo
1910 3084 2048 3128 consiliis,
2072 3095 2109 3116 ac
2118 3082 2314 3116 adulatorum
2326 3096 2396 3117 ma-

1386 3133 1455 3165 litia
1473 3130 1627 3179 instigata,
1649 3131 1833 3179 adquiescat.

1339 3216 1391 3279 B
1401 3215 1548 3248 Onifacius
1563 3216 1731 3256 Episcopus,
1747 3217 1835 3248 servus
1849 3217 1989 3249 servorum
2005 3216 2080 3257 Dei,
2097 3217 2236 3249 cariffimo
2244 3221 2272 3250 in
2281 3218 2394 3252 Christo
2418 3220 2491 3252 Ann.
2506 3221 2549 3254 D:

1358 3255 1459 3324 effigio
1474 3255 1623 3294 Edvardo,
1640 3255 1717 3294 Regi
1733 3257 1846 3295 Angliae
1860 3256 1971 3295 illustri,
1986 3255 2099 3288 salutem
2113 3256 2335 3296 &apostolicam
2344 3260 2393 3291 be-
2439 3269 2538 3308 1301.χ

1337 3304 1357 3324 n
1394 3305 1402 3324 1
1442 3304 1536 3324 onem.
2411 3301 2462 3327 An.
2471 3308 2486 3325 2
2508 3321 2519 3332 ,

1374 3331 1563 3364 Confodimur
1585 3332 1762 3363 anxietatibus
1783 3333 1816 3364 &
1831 3332 1962 3371 angustiis
1975 3334 2004 3364 in
2017 3333 2150 3374 occulto,
2167 3335 2200 3366 δε
2215 3335 2316 3366 rubore
2330 3345 2392 3374 per-
2411 3341 2439 3365 E.
2450 3346 2472 3363 1·
2489 3309 2506 3334 9

1337 3370 1486 3414 pledtimur
1507 3372 1537 3400 in
1559 3381 1575 3400 a
1611 3379 1671 3409 πο,
1695 3371 1771 3409 quod
1796 3373 1864 3402 inter
1880 3381 1924 3410 te,
1949 3382 1982 3403 ac
1998 3371 2167 3404 carissimum
2182 3374 2212 3404 in
2229 3372 2342 3405 Christo
2359 3373 2391 3405 fi·
2411 3378 2518 3402 ExAu-

1335 3408 1405 3452 lium
1420 3408 1546 3452 nostrum
1584 3409 1720 3447 hilippum
1737 3409 1849 3447 Regem
1865 3410 2034 3441 Francorum
2048 3410 2392 3451 illustrem,salutis,quie-
2412 3420 2478 3449 togr,

1336 3447 1436 3516 ffiv'iffii‘
1453 3448 2140 3525 ‘'³5¹5'1135Effssiffissnssrpe&mnissdfiaezsidimu⁸²
2156 3450 2392 3520 &segusiae-333

1335 3496 1651 3567 effeehiinlj‘oportuno
1666 3510 1792 3569 temp0r}
1808 3535 1867 3556 non
1884 3497 2234 3566 produgimffinlcgerspgi
2249 3498 2389 3566 {rr‘ssieritis

1333 3561 1398 3605 dara
1412 3562 1599 3600 temporibus,
1616 3564 1784 3600 repromisit:
1802 3564 1870 3595 Hoc
1888 3565 2066 3602 proveniente
2075 3564 2240 3604 piaesertim,
2257 3573 2388 3604 praetexm

1332 3599 1402 3630 illius
1417 3599 1556 3644 particulae
1572 3600 1668 3644 Regni
1684 3602 1824 3641 Franciae,
1839 3602 1874 3634 ad
1891 3612 1976 3642 quam
1990 3603 2177 3636 rehabendam
2185 3602 2234 3635 sub
2239 3602 2388 3643 periculosi«

1333 3647 1513 3669 COI‘ltCnthl'le
1527 3648 1643 3669 COssaI‘lS.

1372 3675 1480 3706 Verum
1503 3678 1567 3721 quia
1591 3676 1674 3708 Patris
1696 3678 1796 3710 officio
1819 3677 1982 3717 fungimur,
2005 3679 2040 3711 ὃς
2054 3680 2084 3710 in
2099 3687 2127 3710 te
2141 3680 2237 3718 vigere
2251 3679 2386 3718 utriusque

1331 3712 1444 3758 salutem
1459 3715 1579 3759 honunis
1595 3714 1775 3756 affeetamus,
1791 3727 1825 3748 ac
1841 3717 1876 3748 ad
1893 3717 2069 3756 prosperum,
2086 3717 2124 3749 fili
2138 3716 2288 3755 cariffime,
2305 3725 2385 3748 tuum

1333 3750 1485 3796 Regnique
1507 3760 1547 3783 tui
1570 3752 1668 3784 statum
1693 3764 1762 3785 voto
1777 3755 1906 3786 ducimur
1929 3755 2076 3795 ampliori,
2097 3756 2220 3787 nolentes
2235 3765 2251 3786 a
2266 3763 2385 3793 patemae

1331 3798 1447 3820 caritatis
1459 3790 1648 3827 prosecutione
1660 3792 1798 3832 desistere,

1369 3827 1420 3857 Ne
1443 3828 1488 3872 ille
1511 3829 1646 3866 malignus
1669 3831 1794 3869 Angelus
1819 3831 1946 3870 Satanas,
1962 3832 2077 3863 humani
2092 3831 2199 3874 generis
2213 3830 2297 3862 hostis
2313 3835 2385 3864 anti-

1331 3875 1399 3903 quus
1418 3866 1477 3904 (qui
1491 3877 1549 3897 nori
1565 3868 1662 3898 desinit
1678 3869 1780 3907 ubique
1794 3870 1961 3908 praetendere
1975 3869 2144 3907 deceptionis
2158 3867 2285 3908 laqueos,
2302 3872 2335 3902 &
2352 3881 2383 3903 ut

1329 3905 1610 3975 ἓῖιξᾭᾛὲπὲἳῖἒο
1624 3906 2382 3979 ἕξᾝιῗᾞῧὲὲᾙῗέἓέἓὲᾟῇώωηὲ

1328 3979 1369 4011 ibi
1391 3979 1499 4012 causam
1516 3967 1612 4021 quaeri't
1629 3956 1833 4023 nocesidi‚aubi
1848 3967 1989 4020 studiosius
2004 3983 2111 4017 animus
2126 3956 2379 4033 ocmpiiiilirtiuaiiep

2353 4034 2385 4055 m
