2570 4261
740 262 1198 304 ET'ACTA

26 345 106 377 Ann-
128 345 168 376 D.
185 358 236 379 vos
254 358 354 380 ornnes
374 350 545 380 conveniatis
564 348 668 379 ibidem
690 348 718 378 in
741 347 888 378 occursum
912 347 1096 378 Nunciorum
1108 347 1236 385 praediffl

55 385 137 415 '1260-
182 387 283 427 Regis,
293 398 345 425 pro
359 389 472 426 negotio
485 387 635 424 praedicto:
652 387 710 417 Vos
723 395 850 425 rogantes
862 388 987 416 attentius
1000 388 1144 426 quatinus,
1163 396 1234 416 con*-

23 426 86 451 H‘v·
103 433 129 460 3·
179 427 299 457 sideratis
318 426 470 456 rationibus
489 425 570 454 nobis
588 426 621 455 δε
642 424 779 462 praedicto
798 423 857 454 filio
875 423 971 454 nostro
990 425 1230 465 competentibus,

176 464 234 495 fieri
258 465 292 496 &
308 463 442 506 compleri
464 463 566 493 faciatis
583 473 635 502 pro
654 472 729 500 parte
748 462 840 493 nostra
858 463 934 502 quod
953 463 1030 501 super
1043 463 1232 494 conventione

172 503 306 541 praedidia
320 502 400 531 fuerit
414 500 579 531 faciendum.

211 541 355 570 Mittimus
377 541 461 569 etiam
475 538 509 570 ad
521 549 570 569 vos
583 538 747 576 praedictum
759 537 919 576 Johannem
941 538 1066 570 Militem
1081 538 1209 570 nostrum
1218 563 1228 577 ,

172 580 222 617 qui
235 587 286 608 vos
298 578 326 606 in
341 576 417 608 facto
429 576 485 608 isto
497 577 602 617 plenius
615 577 796 614 informabit,
815 578 849 607 &
861 579 910 607 erit
925 578 958 608 ad
972 588 1022 608 vos
1036 578 1108 617 apud
1122 577 1227 608 Burde-

192 616 225 646 al.
242 615 323 646 dictis
336 615 382 645 die
395 616 428 646 ὃς
441 615 525 653 loco,
543 624 612 646 cum
627 615 707 654 plena
720 614 855 655 potestate
868 616 948 646 vobis
963 617 1227 646 commiffasacien-

191 656 200 684 i
213 654 246 685 δε
259 654 421 692 complendi
435 654 546 691 omnia,
564 663 628 691 quae
640 655 669 683 in
685 655 877 683 conventione
890 654 1023 693 praedidia
1036 656 1227 684 continentur.

169 692 290 731 Talem,
309 701 406 722 amore
428 691 535 730 nostri,
560 691 594 721 ad
616 691 672 721 hoc
691 691 862 730 diligentiam
886 701 1053 731 apponentes
1074 693 1150 732 quod
1173 694 1227 723 cir-

171 730 412 768 cumspefflonem
427 729 546 759 vestram
560 729 698 767 specialius
712 730 909 760 commendare
925 730 1065 769 pOffimUS.

210 768 410 799 Mandavimus
429 768 506 797 enim
527 768 663 807 praedhsto
684 767 839 798 Senescallo
863 768 1023 798 Wasconiae
1037 769 1131 806 quod,
1148 770 1226 807 quic-

171 807 238 847 quid
252 807 329 847 super
346 804 490 844 praemiffis
505 805 563 836 fieri
576 805 768 845 decreveritis,
786 805 899 837 firmiter
914 807 995 837 faciat
1009 807 1155 838 observari.

203 881 291 914 Teste
303 882 386 922 Rege
401 881 474 921 apud
491 881 661 923 Merleberg.
682 891 720 912 20
735 883 780 913 die
794 881 972 921 Septembris.

203 961 306 989 Eodem
322 960 396 989 modo
411 960 571 989 mandatum
585 959 620 999 est
634 963 779 989 Bertramo
794 960 825 989 de
839 960 978 990 Cardilak.
998 957 1141 999 Senefiallo
1154 960 1227 988 Par-

168 1001 236 1029 tium
250 1001 424 1029 Lemovicen.
444 1000 629 1036 Petragorcen.
648 996 686 1033 ὠ
701 1002 844 1028 Caturcen.

167 1122 306 1164 littera,
338 1120 375 1154 de
396 1124 590 1155 Conventione
609 1133 676 1155 cum
696 1123 772 1168 Rege
792 1121 1080 1168 Castellae,Drogoni
1098 1119 1133 1153 de
1163 1121 1224 1153 Ba-

449 1175 581 1214 reatino,
608 1171 769 1216 Scnescallo
788 1170 940 1216 Vafioniae.

18 1222 84 1255 Ann
109 1223 152 1254 D.

37 1247 123 1292 126'0.
170 1255 287 1312 REX
301 1256 435 1296 Drogoni
448 1256 483 1288 de
495 1256 644 1288 Barentino
657 1255 812 1287 senescallo
823 1255 987 1286 Wasconiae
995 1280 1005 1294 ,
1024 1253 1146 1284 salutem.

18 1306 71 1330 An.
83 1311 131 1337 44.
261 1295 339 1326 Cum
352 1296 467 1327 dilectus
481 1297 698 1335 consanguineus
710 1294 805 1324 noster
818 1293 991 1333 Alphonsus,
1011 1292 1076 1322 Rex
1092 1291 1222 1322 Castellae

17 1344 52 1368 Η,
70 1349 94 1376 3,
173 1333 299 1372 illustris,
316 1344 368 1371 pro
380 1333 555 1364 observandis
567 1332 685 1363 articulis
699 1333 732 1363 &
748 1332 974 1368 conditionibus,
989 1332 1018 1360 in
1033 1332 1224 1360 conventione

18 1378 122 1407 [bidem.
172 1372 244 1402 inter
269 1382 321 1402 nos
343 1373 376 1403 δε
397 1371 486 1409 ipsum
508 1371 619 1410 Regem
640 1369 705 1400 init&
723 1371 757 1400 &
774 1369 857 1408 jurata
877 1370 1038 1405 contentis,
1069 1368 1224 1406 solempnes

172 1409 308 1441 Nuncios
322 1419 408 1449 nuper
422 1410 457 1440 ad
470 1419 520 1440 nos
532 1406 721 1440 destinaverit·
741 1408 894 1446 ae,habiro
909 1406 1093 1445 postmodum
1107 1408 1223 1437 tracitatu

170 1459 240 1479 cum
262 1448 441 1487 Magnatibus
461 1448 496 1477 de
517 1447 642 1479 concilio
662 1431 759 1476 noffro
771 1470 780 1484 ,
804 1446 896 1476 eidem
916 1446 990 1486 Regi
1012 1445 1225 1485 rescripserimus

171 1487 251 1524 quod
267 1487 413 1527 prudentes
426 1488 514 1524 viros,
532 1487 591 1517 tam
605 1495 638 1516 ex
653 1494 728 1523 parte
741 1484 849 1523 nostra,
874 1485 958 1522 quarn
973 1492 1005 1514 ex
1020 1493 1095 1521 pente
1108 1483 1224 1515 Edwar-

170 1526 200 1555 di
221 1525 267 1554 filii
284 1523 389 1563 nostri,
404 1525 438 1555 ad
460 1524 608 1555 inst-antem
627 1523 798 1563 quindenam
819 1523 916 1553 Sandii
938 1522 1064 1561 Remigii
1076 1523 1105 1552 in
1120 1532 1224 1552 occur-

170 1563 231 1593 sum
254 1562 442 1593 Nunciorum
462 1562 530 1594 dieti
550 1563 636 1602 Regis
657 1562 741 1599 usque
755 1561 872 1601 Burdeg.
893 1561 1083 1599 mitteremus,
1105 1561 1225 1592 facturos

170 1603 199 1632 in
215 1601 359 1639 praemissis
371 1602 502 1642 quicquid
516 1612 568 1642 pro
582 1609 658 1642 parte
672 1600 765 1630 nostra
779 1600 859 1630 fuerit
871 1599 1045 1630 faciendum:

208 1639 293 1678 Nos,
309 1639 450 1678 volentes,
465 1648 601 1679 quantum
623 1640 652 1669 in
672 1639 753 1668 nobis
775 1638 832 1676 est,
851 1639 1075 1669 conventionem
1091 1637 1167 1668 illam
1181 1639 1225 1668 in-

170 1678 316 1709 violabiter
343 1678 486 1709 observare
612 1676 735 1708 vasaten.
766 1676 939 1714 Episcopum
953 1700 963 1715 ,
994 1675 1167 1706 Bertramum
1191 1677 1228 1707 de

171 1716 305 1747 Cardilak
321 1716 508 1747 Senescallum
528 1714 656 1745 nostrum
678 1714 863 1745 Lemovicen.
884 1717 917 1746 ὃς
936 1725 1004 1753 vos,
1021 1714 1227 1753 &Johannem

170 1754 207 1785 de
227 1755 251 1784 la
273 1753 373 1793 Lynde
391 1754 518 1784 Militem
538 1752 685 1792 nostrum,
704 1753 898 1783 constituimus
917 1753 985 1783 loco
999 1752 1086 1783 nostri
1098 1753 1131 1783 ad
1146 1754 1228 1790 perfi-

170 1792 303 1822 ciendum
323 1792 357 1822 &
377 1791 581 1830 complendum
601 1793 714 1830 omnia,
732 1802 785 1833 pro
804 1801 880 1830 parte
902 1791 1014 1830 nostra,
1031 1801 1095 1831 quae
1111 1793 1140 1822 in
1153 1802 1226 1831 prae-

169 1831 245 1861 ἀίξῒα
255 1832 446 1862 conventione
457 1831 645 1861 continentur.

210 1867 300 1899 Unde
320 1869 402 1900 vobis
420 1869 585 1899 mandamus
599 1870 630 1899 in
643 1868 698 1899 fide
710 1879 762 1908 qua
774 1869 855 1899 nobis
870 1869 1020 1906 tenemini,
1037 1867 1115 1907 quod
1128 1868 1227 1906 praefa-

171 1907 206 1938 tis
227 1906 387 1946 Episcopo,
404 1907 574 1945 Bertrando,
598 1908 632 1938 &
649 1907 789 1946 johanni,
807 1908 851 1938 vel
869 1917 969 1937 eorum
989 1907 1139 1946 aliquibus,
1157 1917 1227 1946 quos

171 1944 206 1976 ad
220 1946 369 1986 praedietos
382 1947 459 1976 diem
471 1947 505 1977 &
518 1945 616 1976 locum
628 1947 723 1977 venire
734 1946 883 1986 contigerit
899 1969 908 1983 ,
933 1945 1076 1985 diligenter
1089 1945 1227 1984 assistatis,

172 1985 207 2015 &
228 1983 378 2024 quicquid,
395 1994 447 2025 pro
468 1992 543 2025 parte
563 1983 670 2022 nostra,
688 1985 833 2015 decretum
854 1985 935 2015 fuerit
956 1985 986 2014 in
1002 1983 1162 2023 praemiffis,
1180 1983 1226 2013 fir-

173 2023 257 2053 miter
277 2023 378 2053 faciatis
397 2023 548 2054 observari:
567 2022 608 2054 Ita
627 2022 703 2062 quod
723 2023 833 2053 dietum
854 2023 1000 2062 negotium
1016 2022 1113 2052 debito
1135 2022 1225 2053 modo

172 2061 303 2101 procedat
312 2085 322 2100 ,
342 2062 375 2092 &
387 2061 463 2101 quod
472 2084 482 2100 ,
500 2061 592 2092 vestro
605 2062 721 2092 consilio
734 2062 767 2092 &
777 2061 876 2091 auxilio
890 2061 1227 2099 mediantibus,conven-

172 2101 260 2130 tiones
275 2101 344 2130 inter
359 2109 410 2129 nos
422 2101 456 2130 &
469 2100 615 2139 praefatum
628 2099 739 2139 Regem
752 2100 854 2130 habitae
867 2107 1018 2129 teneantur.

208 2138 314 2172 Taliter
334 2148 385 2168 vos
404 2138 535 2168 habentes
555 2139 584 2168 in
598 2139 650 2168 hac
666 2147 758 2178 parte,
775 2139 853 2177 quod
868 2137 1155 2176 circumspectionem
1167 2148 1228 2171 ves-

170 2184 241 2208 tram
255 2177 357 2207 merito
371 2177 572 2209 commendare
585 2176 728 2215 poffiinus.
761 2214 764 2215 ⁷

205 2244 294 2276 Teste
309 2254 339 2277 ut
357 2246 442 2287 supra.
466 2266 469 2269 -

170 2370 332 2419 Ejusmodi
356 2369 456 2406 adhuc
476 2374 597 2406 Littera
613 2376 758 2454 Magoril,
785 2372 932 2423 Juratis,
957 2376 993 2412 ὠ·
1012 2371 1231 2406 Communitati

369 2429 372 2432 ”
599 2424 664 2455 Bur
686 2433 739 2469 ega
753 2426 795 2456 iae.

19 2495 96 2525 Ann.
114 2494 155 2525 D.

39 2534 115 2564 1260
126 2555 133 2561 .

19 2576 73 2601 An.
86 2581 133 2607 44.

176 2506 256 2562 RE
265 2506 296 2537 X
311 2506 432 2545 Maiori,
447 2507 563 2546 Juratis,
582 2508 616 2538 ὃ(
628 2507 840 2537 Communitati
853 2506 1024 2546 Burdegaliae
1059 2507 1180 2538 salutem.

266 2545 346 2575 Cum
368 2545 512 2583 Alfonsus‚
531 2545 594 2576 Rex
614 2545 743 2576 Castell-ae
764 2545 888 2583 illustris,
906 2555 959 2585 pro
978 2530 1154 2576 observandis
1168 2546 1232 2575 arti-

176 2582 245 2613 culis
266 2583 300 2613 &
322 2583 549 2622 conditionibus,
564 2585 592 2614 in
614 2585 804 2614 conventione
817 2585 887 2613 inter
900 2594 951 2613 nos
965 2585 998 2614 &
1013 2584 1100 2621 ipsum
1117 2583 1230 2622 Regem

175 2621 242 2651 inita
257 2621 290 2651 &
303 2621 387 2658 jurata
400 2623 539 2651 contentis
550 2645 560 2660 ,
588 2622 743 2659 solempnes
756 2621 891 2652 Nuncios
902 2632 989 2661 nuper
1002 2623 1035 2651 ad
1048 2632 1100 2652 nos
1110 2621 1230 2652 destina-

175 2661 264 2696 verit5
286 2669 318 2689 ac
327 2682 337 2698 ,
356 2659 452 2690 habito
492 2660 656 2691 ostmodum
680 2660 797 2691 tra&atu
813 2670 880 2690 cum
896 2659 1076 2700 Magnatibus
1087 2660 1123 2690 de
1136 2661 1231 2691 consi-

174 2697 213 2728 lio
227 2697 340 2736 nostro,
358 2698 449 2728 eidem
495 2700 539 2737 egi
551 2698 761 2738 rescripserimus
774 2698 852 2738 quod
867 2699 1014 2736 prudentes
1029 2700 1181 2735 viros,tam
1196 2707 1231 2728 ex

173 2745 250 2776 paite
268 2735 377 2775 nostra,
397 2746 481 2775 quam
499 2746 533 2766 ex
555 2745 631 2775 parte
652 2737 783 2767 Edwardi
810 2737 857 2767 filii
873 2736 977 2775 nostri,
995 2736 1028 2767 ad
1044 2738 1062 2757 ²*
1079 2736 1231 2767 instantem

176 2773 359 2814 Qindenam
371 2774 468 2805 Sancti
476 2774 602 2815 Remigii
616 2777 646 2805 in
654 2775 802 2806 occursum
815 2775 1003 2805 Nunciorum
1014 2775 1085 2805 diffl
1094 2775 1179 2814 Regis
1188 2786 1232 2805 us-

172 2823 229 2854 que
248 2812 365 2852 Burdeg.
385 2814 573 2852 mitteremus,
592 2814 713 2844 facturos
732 2815 762 2844 in
784 2814 928 2853 praemiffis
942 2814 1075 2854 quicquid
1089 2823 1141 2852 pro
1155 2823 1231 2854 parte

171 2851 266 2883 nostra
279 2851 360 2882 fuerit
374 2851 542 2882 faciendum.

208 2891 275 2921 Nos
289 2891 430 2928 volentes,
448 2899 584 2931 quantum
599 2891 628 2920 in
641 2891 723 2921 nobis
737 2890 795 2929 est,
812 2891 1033 2921 conventionem
1047 2891 1123 2921 illam
1138 2891 1231 2922 invio-

171 2928 288 2959 labiliter
300 2929 463 2966 observare,
668 2929 793 2960 Vasaten⁴
812 2928 1041 2968 Episcopum,&
1057 2930 1231 2960 Bertramum

174 2968 211 2997 de
231 2966 369 3006 Cardylak
387 2965 574 2997 senescallum
593 2967 721 2998 nostrum
745 2968 931 2999 Lemovicen.
950 2968 1120 3007 Drogonem
1134 2969 1169 2998 de
1181 2968 1233 2998 Ba-

175 3006 288 3035 rentino
308 3004 492 3035 Senescallum
509 3004 687 3046 Wasconiae,
702 3007 736 3037 &
752 3005 914 3045 Johannem
937 3006 972 3036 de
991 3006 1016 3036 la
1038 3006 1138 3046 Lynde
1152 3006 1233 3036 Mili-

175 3051 235 3073 tem
251 3065 261 3081 ,
285 3042 479 3073 constituimus
497 3042 565 3072 loco
586 3043 675 3074 nostri
695 3045 728 3074 ad
751 3044 954 3083 perficiendum
973 3047 1007 3075 &
1027 3045 1231 3084 complendum

176 3083 274 3111 omnia
292 3090 345 3120 pro
363 3089 439 3118 parte
459 3079 553 3110 nostra
561 3091 631 3124 *quae
645 3083 674 3112 in
687 3083 820 3123 praedicta
835 3084 1026 3114 conventione
1037 3085 1230 3114 continentur:

177 3118 233 3157 Et,
248 3121 313 3157 quia
331 3119 368 3150 de
379 3118 479 3149 vestrae
493 3118 628 3161 fidelltatis
642 3121 799 3152 constantia
814 3121 954 3160 potissime
971 3122 1138 3152 confidimus
1154 3122 1230 3160 quod

177 3157 305 3188 nostrum
327 3158 361 3189 &
379 3158 486 3196 praefati
500 3157 548 3186 filii
561 3157 650 3187 nostri
663 3160 852 3190 commodum
867 3161 900 3191 ὅ(
913 3160 1053 3190 honorem
1067 3161 1232 3191 conservare

178 3196 285 3234 velitis,
305 3206 356 3226 vos
375 3195 527 3226 affe&uose
547 3197 708 3235 requirimus
727 3199 760 3229 &
783 3207 928 3238 rogamus,
950 3198 1112 3229 mandantes
1133 3200 1160 3229 in
1177 3199 1231 3231 fide

176 3235 211 3265 &
224 3234 373 3265 dileffione
387 3235 487 3273 quibus
498 3234 579 3263 nobis
592 3236 743 3274 tenemini,
763 3238 840 3274 quod
855 3238 975 3277 praefatis
988 3237 1129 3277 Episcopo
1138 3260 1147 3275 ,
1167 3237 1233 3268 Ber-

176 3281 288 3313 tramo,
306 3272 440 3312 Drogoni
461 3274 494 3304 &
510 3271 653 3310 Johanni,
670 3274 714 3304 vel
733 3284 833 3305 eorum
854 3277 1006 3314 aliquibus,
1022 3285 1092 3314 quos
1112 3278 1146 3306 ad
1160 3286 1234 3314 prae-

177 3311 270 3342 dieios
288 3311 364 3341 diem
383 3312 417 3342 &
437 3311 534 3340 locum
555 3312 651 3340 venire
671 3313 834 3352 contigerit,
849 3315 994 3355 diligenter
1011 3314 1133 3344 assistatis
1155 3314 1233 3353 quod

177 3349 344 3390 praedidtum
358 3350 504 3387 negotium
517 3349 614 3378 debito
626 3350 714 3379 modo
726 3353 878 3391 procedat3

215 3387 256 3418 Ita
275 3387 370 3427 quod,
386 3386 481 3417 vestro
501 3387 618 3416 consilio
638 3388 671 3418 &
695 3389 797 3419 amilio
811 3392 1012 3431 mediantibus,
1030 3393 1235 3421 conventiones

179 3428 251 3457 inter
263 3436 315 3456 nos
329 3426 362 3457 &
377 3425 525 3465 praefatum
542 3425 652 3463 Regem
667 3425 769 3456 habitae
783 3436 944 3468 teneantur,
961 3431 1046 3460 taliter
1064 3440 1114 3460 vos
1130 3430 1235 3460 haben-

179 3473 219 3495 tes
235 3466 266 3534 ig
286 3464 339 3494 hac
363 3472 438 3532 pfirte
459 3464 536 3502 quod
561 3464 843 3504 circumspeffionem
859 3468 978 3498 vestram
992 3469 1132 3506 specialius
1153 3478 1235 3499 com-

180 3513 246 3535 men
268 3513 311 3532 are
368 3510 375 3532 i
389 3511 468 3532 imus.

218 3511 418 3573 Mandagsmus
437 3541 519 3570 etiam
545 3538 678 3578 Drogoni
692 3540 847 3573 Senescallo
858 3543 1020 3576 Wasconiae
1032 3545 1109 3584 quod
1125 3568 1136 3583 ,
1155 3545 1236 3583 quic-

182 3581 251 3650 qssisd
274 3589 325 3624 pro
345 3587 420 3617 parte
438 3578 532 3609 nostra
553 3577 699 3609 decretum
712 3579 834 3612 fueritin
847 3583 1008 3624 praemiffis,
1027 3584 1141 3614 firmiter
1155 3584 1237 3614 faciat

181 3628 202 3649 0
233 3628 327 3650 etvari.

19 2633 125 2678 ibider'n.

19 2733 156 2772 ·I.713.

217 3695 305 3727 Teste
319 3695 446 3736 utsupra.

928 3729 955 3739 x

356 3822 405 3855 De
416 3817 553 3867 potestate
570 3818 726 3853 initiandi
745 3831 814 3853 cum
829 3823 906 3868 Rege
926 3821 1059 3866 Castellae‚

36 3920 112 3951 Arm,
128 3919 169 3951 D,
188 3906 308 3962 REX
322 3911 455 3941 omnibus
468 3909 502 3939 ad
517 3919 587 3947 quos
600 3908 760 3949 praesentes,
775 3909 836 3940 &c.

55 3960 140 3989 1260.
278 3946 358 3978 Cum
378 3949 442 3979 Rex
463 3948 591 3978 Castellae
613 3947 720 3978 illustris
761 3947 839 3978 luries
860 3958 909 3988 per
929 3948 1082 3990 solempnes
1102 3949 1238 3981 Nuncios

34 4001 86 4026 An·
100 4008 148 4034 44.
190 3983 252 4015 suos
271 3995 323 4015 nos
340 3987 525 4018 sollicitaverit
545 3987 580 4016 de
600 3986 730 4016 observari
751 3987 772 4015 is
786 3987 918 4025 articulis,
937 3988 967 4017 in
979 3989 1098 4027 quadam
1112 3999 1240 4020 conven-

34 4040 70 4064 H.
89 4046 113 4072 3-
190 4024 268 4053 tione
287 4024 358 4054 inter
377 4035 450 4063 nos,
465 4026 498 4056 &
519 4025 607 4063 ipsum
628 4025 695 4054 inira
717 4025 750 4055 &
770 4025 854 4062 jurata
877 4028 1033 4065 contentis3
1050 4028 1084 4059 δι
1097 4037 1148 4057 nos
1162 4027 1239 4064 super

33 4078 93 4101 Pae.
104 4084 123 4110 4
125 4084 154 4110 4·
190 4061 249 4091 hoc
264 4070 372 4092 certum
386 4064 461 4094 diem
475 4063 798 4101 statuerimus,videlicet
812 4064 840 4092 in
853 4063 965 4094 instanti
978 4064 1131 4104 Qiindena
1139 4065 1237 4095 Sanffi

35 4116 69 4139 H·
89 4122 114 4148 3·
189 4099 314 4143 Remigii
325 4101 398 4137 apud
411 4101 601 4141 Burdegaliam
615 4126 625 4139 ,
649 4102 697 4131 ubi
711 4101 825 4132 Nuncii
840 4102 874 4135 &
886 4101 1084 4135 Procuratores
1095 4102 1166 4136 dicti
1180 4102 1241 4134 Re-

35 4159 62 4178 „1
77 4158 106 4184 5-
188 4147 229 4178 gis
242 4147 293 4177 pro
307 4139 408 4170 eodem
421 4142 537 4179 negotio
552 4140 613 4172 sunt
626 4141 754 4178 venturi,

222 4180 295 4209 Tom.
314 4179 339 4207 Ι.
378 4179 410 4208 Ρ.
427 4180 468 4207 ΙΙ.

1281 258 1756 315 Pontica.
2278 289 2329 329 59

1314 352 1381 397 Nos
1396 356 1520 397 volentes
1535 359 1758 388 conventionem
1772 358 1863 397 illam,
1878 368 2014 400 quantum
2027 362 2056 392 in
2071 361 2155 392 nnbis
2169 361 2324 399 est‚invio-
2339 360 2415 391 Ann.
2430 361 2470 391 D,

1275 388 1390 421 labiliter
1408 394 1550 424 observare
1563 418 1573 431 ,
1589 394 1719 437 vasaten.
1739 395 1925 438 Episcopum,
1951 399 2111 430 Bertranum
2132 400 2169 433 de
2187 398 2322 431 Cardelak
2363 401 2446 429 1260.

1275 428 1458 474 Senestallum
1473 431 1724 471 Lemovrcensem,
1741 433 1804 464 Dro
1823 445 1909 466 onem
1922 438 1957 468 de
1972 437 2120 469 Barentino
2135 438 2321 469 Senescallum
2338 443 2405 467 Hen,
2428 448 2452 475 3,

1274 465 1451 512 Wascomae,
1470 470 1503 500 ὃς
1517 469 1677 514 Johannem
1698 472 1733 501 de
1751 472 1774 501 la
1813 474 1897 512 ,ynde
1911 475 2036 506 Militem
2050 476 2195 514 nostrum,
2213 476 2247 506 ad
2261 476 2320 507 hot:

1272 504 1468 550 constituimus
1490 508 1555 537 loco
1574 508 1678 545 nostri,
1696 509 1790 539 dantes
1809 513 1846 540 eis
1859 513 1969 551 plenam
1982 514 2142 545 &liberam
2156 514 2321 553 potestatem

1270 542 1390 587 faciendi
1403 546 1436 576 &
1449 545 1611 589 complendi
1623 548 1718 577 omnia
1731 556 1783 585 pro
1797 557 1872 587 parte
1884 551 1992 589 nostra,
2008 562 2071 591 quae
2085 554 2115 582 in
2129 554 2321 584 conventione

1270 582 1402 617 praedicta
1415 591 1608 614 continentur:

1305 619 1413 650 Ratum
1434 621 1552 652 habituri
1572 623 1605 653 &
1626 622 1738 653 firmum
1762 625 1894 663 quicquid
1910 628 1977 665 peri
1999 627 2039 657 sos
2052 637 2167 667 omnes,
2185 637 2255 667 tres,
2273 629 2319 659 vel

1268 657 1338 687 duos
1350 668 1384 688 ex
1400 660 1473 698 ipsis,
1487 671 1556 699 quos
1572 661 1715 704 praesentes
1727 662 1781 691 effe
1796 664 1962 703 contigerit,
1990 675 2056 704 uper
2069 666 2213 706 praernissis
2226 676 2320 698 nortui

1268 705 1304 725 ne
1318 696 1416 727 nostro
1428 698 1523 728 acium
1537 700 1617 729 fuerit
1631 699 1676 729 vel
1690 699 1830 730 statutum.

1304 732 1338 764 In
1353 737 1428 774 cujus
1442 738 1479 766 rei
1494 737 1705 775 testimonium,
1720 738 1780 769 &C-

1304 808 1391 841 Teste
1407 811 1487 851 Rege
1502 812 1573 853 apud
1587 812 1756 854 Merleberg.
1775 818 1813 846 20
1827 815 1872 847 die
1887 815 2065 855 Septembris.

1283 926 1286 930 .
1306 885 1513 918 Memorandum
1533 890 1606 930 quod
1622 889 1672 931 ista
1692 890 1787 921 littera
1822 900 1918 931 atem,
1934 904 1989 923 una
2012 903 2069 923 cum
2083 896 2199 934 quatuor'
2207 895 2319 934 paribus

1265 921 1420 971 litterarum
1440 926 1606 970 claustrum,
1622 940 1681 968 quae
1700 933 1790 959 inrotu
1802 938 1857 960 atae
1867 929 1934 970 ficnt
1950 935 1978 961 in
1992 930 2064 971 dorfi
2078 932 2226 972 claustzrum
2238 934 2319 972 hujus

1266 972 1334 990 annl
1342 984 1352 1000 ,
1367 963 1415 992 hoc
1427 967 1529 1003 mense,
1547 965 1585 1000 &
1599 968 1685 996 eodem
1699 969 1926 1005 die,exami7mtae
1934 967 2051 1008 fuerunt
2065 982 2082 999 a
2092 971 2224 1009 Johanne
2232 975 2319 1001 Idan-

1260 996 1331 1037 Jell,
1349 999 1387 1034 (ἐν
1402 1010 1564 1041 acceptatae,
1588 1002 1626 1038 ὠ
1637 1012 1685 1042 per
1692 1014 1853 1044 praeceptun1
1861 1007 1939 1045 suum
1949 1006 2064 1046 statim,
2075 1008 2132 1048 post
2147 1009 2319 1049 confignatio-

1258 1047 1326 1113 2153
1321 1060 1348 1104 αξ
1349 1041 1473 1106 ἇζέᾰίῐιε
1484 1039 1603 1079 fuerunt
1623 1043 1752 1080 Johanm'
1774 1043 1848 1074 dela
1864 1046 1973 1084 Lynde,
1991 1044 2138 1084 defi’rendae
2151 1051 2181 1076 in
2191 1046 2318 1085 partibas

1300 1149 1387 1183 Teste
1402 1161 1432 1185 ut
1449 1154 1532 1196 suptar

1359 1279 1417 1309 Pro
1437 1281 1513 1325 Rege
1530 1282 1566 1317 ὠ·
1584 1282 1698 1327 Regina
1714 1284 1813 1315 Scotiae
1826 1286 1857 1315 in
1878 1283 2028 1330 Angliam
2045 1283 2205 1317 veniendis.

1319 1355 1383 1391 EX
1401 1362 1551 1402 omnibus,
1570 1365 1631 1395 &c.

1264 1360 1318 1441 R
1356 1399 1504 1432 Noveritis
1528 1413 1579 1433 nos
1598 1403 1731 1435 illustrem
1751 1403 1863 1443 Regem
1885 1403 1990 1436 Seotiae
2013 1405 2219 1445 Alexandrum,
2238 1413 2271 1438 ac
2285 1407 2318 1437 fi-

1263 1435 1327 1466 liam
1341 1437 1466 1483 nostram
1481 1441 1711 1481 primogenitam,
1729 1443 1855 1482 sponsam
1868 1442 1943 1473 suam
1956 1444 2139 1483 cariffimam,
2151 1446 2184 1476 &
2199 1455 2300 1476 omnes

1263 1485 1333 1514 quos
1346 1476 1440 1507 secum
1453 1488 1482 1508 in
1498 1478 1634 1518 Regnum
1650 1480 1761 1521 Angliae
1774 1481 1878 1512 ducent
1919 1481 2060 1520 suscepisse
2072 1484 2101 1513 in
2113 1484 2218 1514 salvum
2231 1485 2264 1515 ὃς
2277 1484 2316 1514 se-

1264 1523 1364 1544 curum
1377 1515 1553 1560 condu&um
1567 1518 1714 1558 nostrum,
1731 1520 1760 1550 in
1774 1505 1916 1550 veniendo
1930 1520 1963 1550 ad
1979 1530 2047 1559 nos,
2065 1522 2094 1551 in
2109 1521 2316 1562 Regnumnos-
2332 1542 2378 1566 Pas

1264 1559 1340 1596 trum
1361 1554 1540 1595 ubicunque,
1559 1557 1592 1587 &
1615 1557 1720 1588 ibidem
1740 1568 1851 1588 moram
1870 1558 1942 1588 salvo
1955 1559 1987 1589 δε
1999 1559 2092 1590 secure
2107 1560 2298 1591 contrahendo
2305 1583 2315 1599 ,
2330 1581 2359 1603 H
2382 1548 2450 1574 '44'

1263 1600 1296 1634 ac
1317 1592 1419 1630 libere,
1436 1593 1512 1625 salvo
1533 1596 1566 1626 &
1587 1595 1679 1626 secure
1700 1597 1729 1626 in
1752 1596 1886 1634 Regnum
1907 1596 1986 1627 suum
2000 1598 2153 1629 revertendi
2202 1598 2316 1629 durante
2360 1599 2365 1604 “
2388 1586 2413 1611 3'

1267 1628 1345 1673 didio
1364 1630 1509 1675 conductu
1533 1633 1616 1673 usque
1636 1634 1671 1665 ad
1692 1634 1805 1664 Festum
1818 1634 2024 1666 Purificationis
2038 1636 2125 1666 beatae
2139 1621 2239 1667 Mariae
2252 1636 2319 1667 Vir·
2329 1625 2355 1643 η’
2369 1624 2399 1649 4'

1267 1675 1338 1709 ginis
1358 1678 1490 1712 proximo
1511 1671 1654 1711 futurum,
1671 1682 1757 1712 quem
1777 1673 1909 1703 nolumus
1929 1673 2034 1705 delicto
2055 1674 2167 1713 alicujus
2187 1675 2321 1715 infringi,

1266 1710 1305 1736 set
1315 1705 1476 1752 delinquens
1488 1719 1570 1749 prout
1586 1710 1689 1748 justum
1704 1711 1784 1741 fuerit
1798 1713 1944 1752 puniatur,

1303 1743 1344 1775 lta
1358 1747 1434 1783 quod
1447 1747 1521 1791 idem
1536 1749 1616 1787 Rex,
1641 1749 1686 1780 vel
1698 1749 1782 1788 aliqui
1797 1754 1922 1788 suorum,
1939 1760 2008 1790 quos
2023 1750 2117 1782 secum
2132 1751 2233 1791 ducet,
2250 1751 2321 1782 dum

1266 1792 1378 1813 moram
1392 1785 1509 1816 fecerint
1519 1788 1548 1816 in
1562 1787 1668 1826 Regno
1684 1788 1811 1827 Angliae,
1829 1798 1889 1819 non
1903 1797 1983 1819 erunt
1995 1798 2046 1829 per
2059 1791 2183 1828 nos,vel
2195 1789 2322 1828 nostros,

1264 1821 1301 1851 de
1315 1822 1456 1854 voluntate
1471 1824 1516 1854 seu
1527 1825 1698 1856 conscientia
1713 1825 1824 1864 nostra,
1842 1825 1934 1864 affati,
1952 1829 2056 1867 rogati,
2075 1828 2121 1859 vel
2133 1838 2249 1867 quoquo
2257 1838 2322 1858 rno-

1266 1860 1306 1890 do
1326 1860 1431 1891 astriffl
1458 1862 1491 1892 ad
1510 1863 1682 1893 tractandum
1706 1863 1810 1895 ibidem
1825 1864 1861 1895 de
1873 1865 1908 1895 ali
1929 1866 2024 1903 uibus,
2044 1868 2220 1906 tangentibus
2231 1867 2321 1906 ipsum

1266 1898 1379 1937 Regem
1398 1900 1521 1939 Scotiae,
1539 1902 1584 1933 vel
1606 1901 1747 1942 Reginam
1769 1902 1860 1942 suam,
1879 1906 1895 1921 '¹⁵
1921 1913 1955 1933 eu
1975 1903 2096 1942 aliquem
2116 1904 2230 1935 suorum
2243 1927 2254 1943 ,
2278 1904 2324 1936 vel
2338 1920 2379 1948 η
2429 1929 2437 1947 1

1267 1936 1405 1968 Reonum
1419 1938 1535 1970 Scotiae.
2384 1942 2389 1948 '
2407 1930 2421 1957 7
2442 1929 2470 1956 4*

1285 1961 1373 2019 ,1²3i'ec
1393 1976 1474 2007 status
1495 1978 1572 2017 suus,
1595 1987 1642 2009 aut
1656 1977 1776 2018 Reginae
1788 1978 1833 2009 seu
1848 1979 2078 2011 Consiliariorum
2091 1979 2220 2019 suorum,
2237 1981 2282 2012 vel
2297 1992 2327 2012 a⁴

1272 2013 1413 2054 liquorum
1427 2025 1495 2046 cum
1510 2017 1570 2057 ipso
1584 2018 1771 2055 venientium,
1789 2018 1857 2048 dum
1871 2020 1900 2048 in
1911 2018 2015 2058 Regno
2030 2019 2140 2059 Angliae
2154 2020 2328 2060 fuerint,per

1266 2062 1318 2082 nos
1331 2055 1551 2094 perturbabitur,
1580 2065 1634 2085 nec
1650 2065 1698 2093 per
1710 2056 1815 2094 aliquos
1829 2057 1893 2087 alios
1908 2066 1942 2088 ex
1956 2056 2056 2087 nostris
2069 2059 2240 2096 perturbari,
2259 2068 2325 2088 mu-

1267 2093 1335 2131 tari,
1350 2099 1395 2122 aut
1411 2102 1529 2131 quoquo
1543 2093 1632 2124 modo
1643 2094 1786 2134 inquietari
1800 2095 1829 2124 in
1842 2096 1934 2135 aliquo
1947 2096 2155 2136 permittemus,
2174 2105 2242 2127 cum
2256 2096 2321 2126 nul-

1268 2130 1324 2161 lam
1341 2130 1515 2162 voluntatem
1530 2131 1680 2163 habeamus
1696 2132 1757 2163 talia
1770 2132 1896 2164 faciendi.

1307 2168 1442 2213 Silvero,
1457 2170 1526 2201 insta
1545 2170 1691 2212 praefatum
1718 2179 1828 2211 tempus
1841 2172 1986 2212 contingat
1998 2169 2111 2211 Regem
2127 2172 2171 2202 vel
2185 2172 2327 2212 Reginam

1269 2207 1375 2239 Scotiae
1389 2231 1399 2248 ,
1419 2216 1466 2239 aut
1485 2209 1607 2248 aliquem
1626 2208 1661 2239 de
1682 2208 1783 2240 familia
1803 2215 1903 2241 eorum
1917 2233 1927 2248 ,
1971 2219 2035 2240 uem
2056 2204 2151 2240 secum
2171 2210 2328 2249 adducent,

1269 2248 1395 2317 εοὲξοτίε
1414 2249 1545 2287 gravitate
1564 2247 1698 2286 detineri,
1715 2247 1791 2292 quod
1808 2249 1891 2287 absit,
1915 2220 2045 2278 vofumus
2084 2248 2141 2278 uod
2160 2248 2236 2279 idem
2256 2259 2327 2280 cona

1268 2285 1306 2316 du
1338 2296 1369 2316 us
1389 2287 1419 2316 in
1438 2286 1572 2317 omnibus
1590 2287 1713 2317 servetur
1729 2295 1835 2326 integer
1856 2288 1890 2318 &
1910 2286 2023 2325 illaesus,
2071 2296 2125 2326 que
2146 2287 2179 2317 in
2205 2287 2329 2318 mensem

1269 2323 1422 2365 postquam
1435 2325 1471 2354 de
1486 2324 1645 2355 infirmitate
1658 2325 1740 2363 plene
1752 2325 1934 2358 convaluerit.

1308 2362 1341 2393 Iri
1355 2364 1432 2401 cujus
1447 2364 1485 2393 rei
1499 2363 1708 2402 testimonium,
1724 2364 1785 2395 &c.

2333 1505 2367 1527 H.
2389 1510 2414 1536 3.

1280 2450 1283 2451 ⁷
1307 2439 1397 2470 Teste
1411 2439 1493 2480 Rege
1507 2439 1579 2479 apud
1591 2437 1749 2471 Windesor.
1770 2447 1807 2480 30
1821 2440 1867 2472 die
1879 2438 2063 2479 Septembris.

1272 2564 1321 2597 De
1349 2563 1532 2596 ordinatione
1546 2575 1602 2610 pro
1622 2567 1735 2611 Regina
1753 2569 1869 2606 Scotiae,
1904 2578 1914 2595 t
1931 2568 2080 2611 contingat
2097 2564 2190 2610 ipfhm
2211 2569 2242 2598 in
2258 2566 2330 2597 An·

1619 2613 1689 2660 glia
1706 2612 1756 2659 ‘ff’
1766 2611 1949 2660 gravidam.

1269 2695 1359 2758 RE
1370 2695 1400 2727 X
1413 2699 1561 2738 omnibus,
1581 2696 1641 2731 &c.

1346 2775 1350 2780 <
1368 2735 1516 2767 Noveritis
1533 2747 1585 2768 nos
1603 2735 1765 2768 conceffiffe
1785 2736 1819 2768 δε
1837 2735 1914 2768 bona
1932 2732 1986 2768 fide
2003 2738 2157 2777 promisisse
2180 2736 2257 2778 quod
2270 2761 2280 2775 ‚
2305 2737 2326 2768 fi
2345 2723 2421 2758 Afln·
2434 2725 2476 2758 D„

1272 2782 1438 2844 segma
1451 2774 2325 2845 -szs³s{g{sfi⁵5÷affla095¹ssttrigesimam?
2339 2767 2455 2841 25⁶3.

1270 2860 1305 2891 ge
1327 2823 1571 2896 Scotiaegillustri,
1586 2837 1727 2897 gravidam
1750 2853 1828 2891 fore,
1845 2826 1925 2884 liceat
1941 2836 2073 2883 D'omino
2086 2852 2135 2883 suo
2149 2853 2225 2893 Regi
2237 2853 2327 2883 libere
2339 2849 2379 2888 H..
2395 2852 2423 2883 3·

1271 2889 1436 2927 praedictam
1456 2891 1580 2930 sponsam
1601 2891 1677 2922 suam
1695 2901 1725 2921 m
1739 2891 1876 2931 Regnum
1889 2892 1967 2921 suum
1982 2891 2077 2922 secum
2089 2891 2220 2922 reducere
2235 2914 2246 2929 ,
2269 2891 2326 2922 sine
2342 2882 2444 2910 mmm*

1270 2928 1416 2966 cujussibet
1436 2929 1663 2963 contradictionis
1681 2929 1828 2961 obstaculo
1845 2954 1855 2968 ‚
1890 2940 1941 2970 pro
1960 2930 2015 2960 suae
2034 2930 2068 2960 &
2088 2928 2331 2961 Conciliariorum

1271 2967 1384 2997 suorum
1396 2967 1478 2997 libito
1491 2968 1647 2998 voluntatis.

1309 3005 1364 3044 Et,
1381 3007 1401 3036 fi
1413 3006 1448 3035 de
1460 3006 1601 3036 voluntate
1612 3006 1681 3038 dieti
1694 3006 1794 3047 Regis,
1809 3007 1842 3038 &
1858 3005 2096 3037 Conciliariorum
2109 3006 2241 3046 suorum,
2259 3016 2333 3038 con-2

1271 3044 1357 3083 tingat
1370 3044 1486 3074 eandem
1500 3045 1582 3087 usque
1596 3045 1629 3075 ad
1646 3054 1755 3083 tempus
1768 3044 1891 3083 pariendi
1906 3045 2012 3076 ibidem
2027 3054 2138 3076 moram
2149 3044 2332 3085 contrahere,

1272 3085 1402 3113 volumus
1416 3083 1493 3121 quod
1507 3084 1562 3120 ipsa
1579 3084 1773 3127 cum—sobole,
1811 3085 1901 3114 ualem
1918 3083 1996 3127 Deus
2008 3083 2194 3123 ordinaverit,
2218 3083 2252 3114 ad
2267 3084 2333 3114 libi-

1271 3129 1333 3164 tum
1355 3122 1388 3164 ὃς
1412 3121 1573 3151 mandatum
1590 3121 1658 3151 diiii
1677 3123 1780 3161 Regis,
1791 3094 1830 3153 {Sc
1846 3121 2084 3152 Concssiariorum
2100 3122 2196 3161 Regni
2209 3122 2332 3160 Scotiae,

1272 3163 1329 3189 sine
1346 3159 1476 3190 dilatione
1494 3160 1615 3199 qualibet
1641 3161 1674 3190 &
1689 3160 1913 3191 contradictione
1924 3161 2087 3200 cujussibet,
2106 3160 2181 3192 salvo
2196 3161 2229 3192 &
2243 3161 2332 3191 libere

1273 3199 1302 3228 in
1317 3197 1452 3237 Regnum
1466 3198 1571 3228 Scotiae
1585 3198 1677 3228 redeat
1689 3200 1722 3230 &
1734 3199 1836 3229 secure.

1310 3235 1348 3266 Et
1358 3258 1367 3274 ,
1382 3238 1402 3267 ii
1421 3238 1566 3276 contingat
1585 3236 1713 3267 sobolem
1732 3238 1815 3277 ipsam
1824 3260 1834 3276 ,
1854 3236 1890 3267 de
1905 3237 2048 3269 voluntate
2063 3237 2132 3268 dicti
2147 3237 2235 3276 Regis
2249 3237 2333 3278 patris

1274 3274 1330 3312 sui,
1348 3276 1378 3304 in
1399 3275 1504 3313 Regno
1522 3275 1634 3317 Angliae
1646 3274 1680 3305 ad
1698 3283 1808 3317 tempus
1821 3285 1930 3306 moram
1945 3276 2127 3314 contrahere,
2145 3276 2195 3313 &,
2215 3276 2284 3304 intra
2299 3274 2332 3304 il-

1274 3314 1323 3343 lud
1343 3321 1467 3351 tempus,
1482 3314 1517 3343 de
1538 3314 1598 3351 ipso
1622 3313 1703 3352 Rege
1714 3315 1748 3344 &
1761 3322 1836 3355 patre
1851 3313 1900 3344 suo
1914 3315 2016 3353 aliquid
2030 3315 2190 3345 humanitus
2205 3313 2333 3351 contige-

1274 3353 1327 3420 ἔῖξέ
1340 3351 1566 3420 ἕὲιέἷξίἶῖξῖἓὲὠ
1575 3349 2333 3428 fflffimssffffazlffiuffiffmqi‘ssiissfiffi‘ffissiffifignbeiesffi

1276 3429 1375 3465 beant,
1394 3430 1426 3459 &
1448 3429 1579 3458 reducant
1600 3430 1629 3457 in
1651 3428 1787 3468 Regnum
1807 3429 1886 3459 suum
1900 3429 1956 3459 fine
1971 3430 2058 3469 aliqua
2069 3428 2200 3458 dilatione
2211 3426 2257 3456 seu
2281 3436 2332 3458 cu-

1277 3467 1386 3505 jussibet
1399 3467 1626 3498 contradictione.

1314 3504 1351 3535 Et
1365 3505 1399 3535 ad
1413 3506 1492 3543 hujus
1506 3506 1543 3534 rei
1557 3507 1692 3542 majorem
1706 3505 1877 3536 securitatem
1892 3505 2028 3546 corporali
2041 3504 2228 3546 sacramento,
2254 3503 2332 3542 quod

1277 3544 1307 3573 in
1321 3545 1442 3574 animam
1457 3542 1581 3573 nostram
1597 3553 1644 3580 per
1657 3543 1792 3573 dilectum
1807 3543 1932 3573 Militem
1948 3543 2076 3573 nostrum
2091 3541 2280 3572 Willielmum
2296 3542 2333 3572 de

1278 3582 1409 3621 Latymer
1428 3581 1549 3621 praestari
1568 3582 1699 3619 fecimus,
1717 3582 1873 3620 obligamus
1895 3591 1945 3612 nos
1964 3583 1997 3613 &
2017 3579 2140 3610 haeredes
2164 3579 2275 3611 nostros
2295 3579 2331 3612 ad

1276 3621 1498 3651 observationem
1512 3621 1644 3651 omnium
1659 3620 1869 3658 praedictorum.

1313 3659 1348 3690 In
1361 3661 1454 3698 cujus,
1471 3660 1532 3690 &c.

1314 3735 1403 3767 Teste
1416 3744 1446 3767 ut
1458 3735 1543 3775 supra.

1300 3862 1350 3894 De
1377 3857 1531 3893 honoribus
1546 3860 1620 3905 Regi
1637 3861 1674 3897 ὠ·
1695 3861 1808 3905 Regina
1825 3861 1923 3891 Scotiae
1942 3861 1973 3891 in
1988 3859 2106 3906 Anglia
2124 3856 2307 3892 exhibendis.

1278 3944 1398 4001 REX
1412 3944 1636 3975 Vicecomitibus
1648 3942 1857 3974 Northumber.
1876 3942 2021 3984 Eborum,
2040 3943 2241 3983 Nottingham·
2261 3941 2328 3973 Lei-
2344 3952 2420 3985 Αῃῃ,
2439 3955 2480 3985 D,

1349 3983 1429 4014 cestr.
1444 3983 1628 4020 Northampt.
1646 3981 1802 4022 Buckingh.
1819 3981 1960 4021 Bedford,
1983 3983 2017 4014 δε
2036 3980 2188 4020 Hertford,
2204 3982 2326 4013 salutem.
2367 3994 2448 4023 1260·

1316 4024 1392 4063 Qiia
1407 4022 1471 4053 Rex
1483 4022 1586 4052 Scotiae
1599 4019 1720 4059 illustris,
1738 4021 1771 4051 &
1785 4020 1895 4061 Regina
1906 4021 1951 4051 sua
1961 4021 2014 4053 filia
2026 4020 2119 4052 nostra
2129 4018 2264 4051 carissima
2275 4043 2293 4062 ,ι
2301 4020 2331 4049 in
2345 4036 2397 4061 Aa.
2412 4042 2429 4066 4
2432 4042 2461 4067 4,

1281 4065 1412 4102 proximo
1432 4061 1466 4091 ad
1487 4071 1538 4091 nos
1556 4060 1667 4091 venturi
1682 4060 1784 4090 suntin
1799 4059 1918 4099 Anglia·⁷
1935 4069 2002 4098 nos,
2021 4061 2221 4097 cupienteseos
2233 4059 2261 4087 in
2275 4062 2330 4100 sin7
2345 4075 2379 4097 H.
2422 4091 2427 4096 ,

1281 4100 1427 4170 gulisdlocis
1435 4122 1445 4137 ‚
1465 4099 1499 4130 ad
1512 4109 1576 4140 quae
1589 4099 1619 4129 in
1631 4097 1738 4138 Regno
1750 4097 1847 4128 nostro
1858 4100 2050 4137 pervenerint,
2074 4095 2230 4129 honorifice
2242 4097 2329 4132 recipi
2343 4107 2447 4135 Ibidem,

1283 4141 1315 4170 ὃ(
1327 4150 1341 4170 a
1363 4139 1452 4176 mitti,

1798 4173 1869 4205 Ha.
2283 4167 2348 4202 VO*
