2570 4261
235 150 252 178 1
263 149 281 190 3
290 149 310 175 2

100 216 177 248 Ann-
188 215 228 246 D·
241 222 291 251 :t-V.
311 219 341 250 de
355 222 439 250 Lacu.
794 212 929 253 Johanne
941 211 971 241 de
985 209 1114 250 Pleffito²,

121 265 206 294 1237.
247 261 291 288 W.
312 259 343 288 de
355 262 373 288 S
795 251 914 281 Bartho.
932 249 1034 289 Peche,

797 293 840 320 W
838 288 946 319 illielmo
960 292 1107 318 Germmue
1113 310 1123 324 ,

98 300 162 324 Hm·
183 306 207 332 3-
246 298 362 327 Ricardo
375 269 514 332 Z’Gmy’
796 329 913 360 Ricardo
920 326 984 369 filio
997 328 1118 364 Hugonis
1152 323 1186 354 &
1202 321 1259 351 aliis

1125 347 1134 362 ‚
1261 343 1268 349 .

246 335 350 365 Thomu
365 334 397 362 de
410 328 560 361 Furnivall
566 353 576 368 ,

246 373 381 413 Johanne
393 370 424 400 de
440 371 579 399 Lexinton
588 391 598 406 ,

278 495 399 527 Littera
420 495 502 539 Papae
516 489 715 536 notificatoria
729 501 783 536 per
802 493 912 537 Regem
925 491 1025 522 Scotiae
1043 485 1079 520 de
1100 480 1262 518 Concordia

686 538 838 586 praedifla.

100 640 176 671 Am,
189 638 228 669 D·
245 628 284 689 S
296 626 468 657 Anfflffimo
488 627 518 656 in
539 624 659 656 Christo
680 624 781 662 Patri,
814 622 987 668 innocentio
1011 619 1069 663 Dei
1091 618 1176 656 gratia
1195 615 1308 657 summo

122 687 206 716 1237,
266 706 271 710 ·
304 665 454 704 Pontifici,
474 663 631 695 Alexander
643 663 741 693 eadem
756 670 840 702 gratia
860 661 926 691 Rex
948 659 1072 702 Scotice,
1087 657 1199 687 Comes
1221 654 1310 695 Patris

97 723 151 745 An.
170 727 213 744 21,
245 715 321 743 cius,
339 703 449 734 Comes
463 703 499 734 de
514 702 692 740 Stratherne,
710 702 770 732 &c.
790 700 923 738 salutem,
941 700 975 729 &
991 697 1117 727 debitam
1139 703 1208 725 cum
1228 700 1311 723 omm

244 744 355 774 honore
369 742 562 773 reverentiam.
1260 769 1264 774 Ι

280 782 423 812 sanctitati
450 779 552 811 vestrae
574 778 760 818 significamus
773 803 783 817 ,
815 787 868 807 nos
889 776 1106 807 Sacramentum
1127 768 1310 808 corporaliter

266 819 417 856 raestitisse,
436 828 534 850 coram
548 817 709 848 Venerabili
724 817 806 848 Patre
821 815 949 853 Ottone,
964 813 1058 858 Tituli
1074 811 1171 856 Sancti
1191 807 1310 853 Nicho-

242 830 276 889 Ei
292 860 320 888 in
334 868 446 889 carcere
460 857 614 893 Tulliano,
633 855 770 886 Diacono
784 854 943 890 Cardinali,
962 862 991 882 in
1007 851 1124 891 Anglia,
1143 849 1257 885 Scotia,
1275 846 1310 876 δε

242 896 403 935 Hibernia,
427 906 496 927 tunc
517 894 693 933 Apostolicae
715 894 793 924 Sedis
816 893 943 931 Legato,
967 896 1004 920 ac·
1021 890 1160 921 Chartam
1181 884 1309 931 nostram

244 935 400 967 confecisse
409 960 418 972 ,
437 945 501 973 qua:
514 935 549 964 ita
563 934 673 971 incipit:
694 936 712 962 S
721 936 766 963 CI
773 936 806 962 A
816 935 883 962 NT
897 930 1045 973 praesentes
1058 929 1091 960 ὃ(
1107 927 1210 972 futuri,
1229 921 1309 962 quod

240 975 278 1005 ita
300 975 437 1005 convenit
457 975 485 1003 in
509 973 651 1011 praesentia
670 970 794 1001 Domini
815 970 932 1001 Ottonis
951 968 1047 1012 San&
1068 965 1222 1002 Nicholai,
1248 963 1308 993 &c.

243 1013 322 1052 Qiae
344 1013 451 1043 Charta
471 1021 555 1050 penes
579 1011 745 1042 Dominum
765 1009 882 1048 Regem
906 1007 1017 1047 Angliae
1039 1007 1072 1037 &
1103 1014 1155 1035 nos
1182 1009 1310 1033 remanet

241 1051 289 1082 Ch
310 1061 390 1081 rovra
410 1052 480 1081 hata.
1233 1080 1238 1086 ,
1255 1080 1260 1085 ⁴

282 1061 361 1120 lien?
372 1062 469 1120 aliam:
491 1089 568 1127 Qiae
581 1088 618 1119 sic
632 1088 745 1126 incipit:
765 1090 830 1117 AD
845 1087 1029 1117 OMNIUM
1038 1082 1163 1115 vestrum
1178 1088 1310 1111 notitiam

240 1128 376 1160 volumus
390 1129 544 1167 pervenire.
1213 1159 1217 1165 Ι
1269 1157 1273 1162 ,

283 1167 363 1198 Cum
372 1192 382 1206 ,
400 1168 470 1198 sicut
483 1176 518 1196 ex
532 1165 625 1197 forma
639 1164 860 1203 praecedentium
874 1162 1033 1194 nostrarum
1047 1168 1138 1199 pateat
1159 1158 1309 1198 obligatio-

240 1215 329 1244 num,
348 1207 515 1244 subjecimus
527 1215 579 1235 nos
589 1204 782 1242 Jurisdictioni
797 1202 915 1240 vestrae,
932 1210 963 1232 ut
978 1211 1030 1231 nos
1044 1201 1076 1232 &
1090 1197 1229 1242 Hreredes
1244 1206 1310 1226 nos-

243 1252 303 1275 tros
318 1255 368 1283 per
380 1244 527 1275 censuram
541 1242 766 1274 Ecclesiasticam
781 1240 888 1279 possitis
910 1249 1061 1277 coercere,
1080 1239 1098 1269 si
1118 1237 1213 1275 aliquo
1235 1243 1310 1266 tem-

241 1293 312 1321 pore
327 1292 429 1314 contra
441 1291 630 1313 memoratam
645 1291 744 1319 pacem
758 1281 935 1311 venerimus:

281 1321 320 1352 Et
342 1323 363 1353 si
382 1331 589 1360 nonnunquam
609 1321 770 1359 contingat,
790 1318 868 1357 quod
892 1317 1008 1356 quidem
1024 1316 1171 1353 nostrum,
1188 1322 1308 1358 ornneS,

243 1360 291 1390 vel
307 1371 394 1398 unuS,
411 1361 605 1391 contravenire
619 1368 726 1389 temere
740 1358 955 1396 praesumerent,
973 1355 1018 1386 vel
1033 1355 1199 1393 praesumere
1213 1361 1309 1383 nitun—

243 1406 307 1437 tur,
325 1400 358 1430 &
373 1409 407 1429 ex
421 1400 479 1430 hoc
488 1423 497 1436 ,
511 1399 570 1428 tam
584 1398 730 1427 animabus
743 1396 844 1427 nostris
853 1419 862 1435 ,
881 1396 968 1434 quam
981 1393 1133 1437 haeredum.
1142 1391 1309 1423 nostrorum

240 1446 326 1476 grave
346 1438 439 1476 posset
459 1447 591 1477 generare
612 1436 786 1474 periculum,
804 1436 837 1466 ὃς
856 1434 1025 1473 corporibus
1046 1431 1148 1463 nostris
1170 1431 1203 1462 ὃς
1225 1430 1308 1460 rebus

242 1486 303 1506 non
321 1478 474 1506 minimum
488 1477 647 1505 immineret
661 1475 879 1505 detrimentum:
1142 1509 1148 1515 ι

277 1514 388 1545 Sanctae
403 1515 563 1545 Patemitati
577 1513 677 1544 vestrae
692 1513 895 1551 supplicamus,
914 1519 1049 1550 quatenus
1068 1510 1149 1541 alicui
1167 1506 1309 1576 Suffiialga-

242 1562 365 1583 neorum
380 1553 592 1590 Archiepiscopi
606 1551 811 1582 Cantuariensis
824 1550 893 1581 detis
905 1552 934 1580 in
949 1548 1140 1586 mandatis,ut
1156 1556 1208 1577 nos
1218 1569 1227 1585 ,
1269 1555 1308 1575 ae-

243 1591 328 1621 redes
344 1602 378 1622 ue
393 1591 503 1622 nostros
517 1591 551 1622 ad
567 1591 689 1629 praefatae
705 1592 778 1629 pacis
794 1590 1020 1620 observationem
1035 1586 1203 1625 compellat,
1224 1592 1308 1623 prout

243 1630 273 1659 in
289 1602 479 1661 inarumentis
492 1629 557 1660 inde
569 1629 709 1660 confectis
723 1629 830 1666 plenius
847 1629 1019 1658 continetur.
1247 1663 1252 1668 .

280 1669 355 1699 Alias
374 1669 454 1707 super
476 1668 575 1699 eadem
595 1678 665 1705 pace
682 1691 691 1706 ,
717 1667 796 1706 quod
816 1666 1000 1697 Canonicum
1020 1665 1120 1702 fuerit,
1143 1663 1310 1694 authoritate

242 1707 332 1738 vestra
348 1707 463 1747 statuat,
481 1706 722 1745 contradicim-cs,
739 1707 798 1738 &c.
1179 1741 1183 1745 ⁵
1251 1740 1256 1745 q

282 1745 320 1776 Et
333 1747 368 1777 ad
384 1746 460 1777 istius
473 1747 614 1784 petitionis
627 1745 732 1776 nostrae
745 1744 1040 1780 consummationem,
1058 1741 1186 1780 praesenti
1207 1739 1310 1776 scripto

243 1784 330 1822 sigilla
342 1785 438 1816 nostra
452 1785 642 1824 apposuimus.

306 1910 332 1936 ,Κ
358 1914 408 1945 De
436 1910 589 1943 Alianora
606 1907 677 1953 filia
709 1906 867 1952 Galfi‘idi,
900 1906 1016 1953 Angliae
1040 1907 1075 1943 ὠ·
1102 1905 1260 1936 Britannia

96 1924 115 1944 ὓ
128 1926 150 1952 1.
171 1921 234 1960 378.

711 1955 846 1991 Haerede.

96 2059 175 2091 Arm,
192 2057 233 2087 D·
249 2044 383 2118 REX
414 2044 568 2084 omnibus,
595 2044 629 2075 ad
652 2053 724 2083 quos
745 2041 891 2081 praesentes
911 2041 1010 2071 litterae
1031 2039 1226 2078 pervenerint,
1244 2037 1313 2068 salu-

118 2105 202 2136 1237-
286 2093 477 2160 Sciztiffirsncjuod
491 2122 610 2153 dilectus
624 2122 657 2152 &
673 2119 759 2151 fidelis
780 2118 875 2150 noster
893 2116 1067 2147 Willielmus
1089 2115 1199 2146 Talbot
1221 2114 1313 2146 reddi—

96 2142 209 2211 2³22?
248 2157 288 2202 dit
305 2161 386 2190 nobis
402 2161 475 2201 apud
489 2159 686 2197 NVudestock,
701 2159 747 2203 die
762 2158 863 2201 Martis
879 2156 1011 2194 proximo
1024 2154 1089 2196 post
1105 2154 1222 2184 Festum
1235 2154 1312 2184 Om-

96 2218 211 2242 Pat.22.
247 2207 327 2228 nium
341 2198 513 2230 Sanctorum
523 2223 532 2236 ,
543 2199 630 2229 Anno
646 2198 741 2240 Regni
757 2196 845 2241 nostri
858 2205 905 2225 22.
920 2193 1055 2224 Castrum
1068 2191 1313 2236 nostrum-Olou-

97 2257 132 2280 H.
150 2261 176 2290 3·
191 2262 229 2279 m.
245 2235 369 2276 cestriae,
386 2238 419 2269 &
442 2237 605 2269 Alianotam
626 2236 874 2277 Comangumeam
896 2232 1023 2264 nostram
1043 2232 1136 2263 sanam
1157 2232 1191 2263 ὅ(
1203 2231 1314 2263 incolu-

245 2284 332 2305 mem.

101 2300 144 2318 11.
370 2316 374 2320 .

280 2314 314 2345 In
330 2324 424 2355 cnjus,
442 2316 502 2347 &c.

245 2428 265 2460 d
284 2391 379 2460 geste
401 2391 486 2430 Rege
507 2392 582 2431 apud
601 2391 784 2423 Wudestock
797 2416 807 2430 ,
835 2400 848 2430 3
869 2390 915 2421 die
935 2388 1118 2421 Novembris
1131 2411 1141 2426 ,
1165 2397 1242 2418 anno
1263 2397 1314 2418 eo-

266 2440 282 2460 e
317 2455 323 2460 .

386 2563 477 2596 Bulla
493 2573 547 2609 pro
564 2561 714 2595 Theodino
729 2560 795 2606 filio
809 2559 923 2594 odonis
943 2558 1161 2601 Bramquleonis.

98 2666 174 2697 Arm·
184 2664 227 2695 D*
249 2647 314 2709 G
323 2646 467 2687 Regorius
480 2647 638 2689 Episcopus
647 2670 655 2684 ,
670 2646 761 2676 servus
774 2646 919 2676 servorum
933 2644 1008 2682 Dei,
1017 2643 1157 2675 carissimo
1172 2645 1201 2674 in
1215 2644 1314 2676 Chris-

124 2713 207 2743 1237·
308 2726 311 2730 .
332 2695 363 2730 to
380 2687 438 2717 filio
557 2685 655 2717 illustri
672 2685 747 2724 Regi
763 2685 874 2724 Angiiae
887 2683 1002 2714 salutem
1016 2684 1049 2714 &
1065 2682 1249 2721 apostolicam
1265 2684 1315 2714 be-

98 2748 212 2817 grapa.
248 2724 504 2794 nelgffelgtlifsmsilius
526 2762 695 2794 Theodinus
717 2762 834 2804 clericus
848 2785 858 2798 ,
883 2768 962 2791 natus
985 2760 1087 2790 nobilis
1106 2761 1158 2790 viri
1181 2759 1315 2790 Oddonis

99 2825 138 2847 Ex
156 2804 212 2847 Α’π-
248 2801 478 2841 Branchaleonis,
499 2801 612 2832 Reclor
634 2800 767 2844 Eccleliaie
785 2800 897 2830 Sanctae
920 2799 1090 2843 Margarctce
1108 2798 1144 2842 de
1155 2797 1316 2842 Suthelme-

98 2866 162 2895 xogr.
250 2841 332 2878 ham,
351 2842 495 2885 proposuit
514 2850 612 2871 coram
632 2839 714 2869 nobis
738 2838 833 2876 quod,
848 2838 992 2876 johannes
1007 2836 1186 2867 Lemimstrae
1198 2837 1315 2868 clericus

250 2878 432 2910 Londonien.
452 2879 541 2910 Dioc.
560 2880 589 2908 in
610 2877 728 2908 eandem
750 2876 922 2914 Ecclesiam,
941 2886 1027 2914 quam
1046 2874 1205 2914 aliquandiu
1220 2875 1316 2913 pacifi-

250 2919 286 2947 ce
299 2917 453 2954 possederat
467 2919 498 2950 &
515 2918 625 2960 quiem,
644 2917 712 2947 citra
728 2916 930 2946 conscientiam
949 2923 1043 2953 tuam,
1061 2922 1093 2945 ut
1111 2913 1250 2952 creditur,
1267 2925 1316 2952 per

249 2955 420 2986 Senescallos
440 2966 502 2987 tuos
522 2960 549 2986 ie
573 2956 735 2994 procuravit
750 2954 870 2993 intrudi,
889 2964 1010 2992 eamque
1025 2961 1194 2994 occupatam
1208 2952 1315 2984 detinet

248 2996 278 3025 in
291 2995 347 3029 eius
362 2995 556 3032 praejudicium
572 2996 604 3025 <Sc
621 3003 779 3033 gravamen.

287 3032 435 3071 Qiocirca
457 3033 577 3072 regalem
598 3032 791 3063 excellentiam
806 3040 953 3070 rogamus,
972 3031 1005 3061 δε
1020 3040 1172 3060 monemus
1193 3038 1315 3070 attente,

272 3080 386 3101 itatenus
406 3072 446 3101 ob
468 3073 654 3101 reverentiam
673 3070 836 3108 apostolicae
853 3069 920 3100 sedis
949 3071 982 3101 &
1010 3068 1137 3099 nostram
1151 3092 1160 3106 ,
1191 3069 1315 3100 eundem

248 3081 410 3139 Refiorem
432 3109 465 3139 ad
492 3109 645 3140 Ecclesiam
668 3109 772 3138 restitui
791 3108 894 3138 faciens
914 3106 1117 3146 supradictam,
1142 3117 1196 3138 nec
1221 3116 1251 3139 tu
1273 3109 1316 3146 ip-

249 3148 311 3178 sum
325 3148 404 3186 super
417 3148 449 3178 eti
464 3147 611 3184 molestes,
627 3157 681 3176 nec
716 3148 802 3177 atiaris
814 3147 849 3176 ab
871 3147 942 3185 aliis,
961 3155 1097 3184 quantum
1116 3147 1145 3175 in
1165 3154 1193 3176 te
1215 3146 1316 3185 fuerit,

250 3186 375 3217 indebite
396 3186 556 3224 molestari,
575 3187 611 3216 ita
632 3196 690 3223 quo
738 3185 813 3214 idern
823 3186 865 3223 jus
879 3185 960 3215 suum
975 3185 1000 3215 se
1013 3183 1129 3223 gaudeat
1143 3183 1317 3223 assecutum,

249 3226 282 3255 ἃ
298 3235 350 3255 nos
365 3225 540 3255 serenitatem
557 3224 678 3263 Regiam
694 3223 829 3261 possimus
845 3225 949 3254 merito
963 3222 1174 3253 commendare.

271 3300 353 3343 *Dae
373 3301 502 3332 Lateran.
523 3309 537 3341 3
556 3299 599 3332 Id.
620 3299 812 3338 Decembris,
830 3298 1014 3331 Pontificatus
1032 3298 1122 3330 nostri
1137 3309 1214 3331 anno
1227 3299 1317 3331 unde-

251 3349 337 3370 cimo.

603 3414 694 3454 sigillo
703 3414 826 3455 plumbeo
836 3415 948 3454 penden.
966 3427 984 3444 a
994 3414 1046 3455 filo
1061 3414 1185 3446 canabeo.

274 3555 363 3587 Bulla
382 3555 417 3587 de
434 3556 572 3588 alienatis
589 3554 769 3601 resitmendis
780 3582 789 3596 ,
817 3553 1014 3600 Juramentis
1028 3558 1064 3594 ὠ
1086 3552 1294 3598 Instrumentis

652 3616 709 3636 non
728 3600 916 3646 obstantibus.

106 3697 235 3733 Anu-D·
259 3685 477 3747 GRegorius
500 3688 680 3727 Episcopus,
708 3687 801 3719 servus
830 3688 976 3719 servorum
1001 3687 1075 3727 Dei,
1102 3687 1265 3719 charissimo
1290 3687 1319 3716 in

130 3738 214 3777 1238-
349 3724 465 3767 Christo
486 3726 544 3756 filio
563 3727 660 3757 illustri
682 3726 758 3766 Regi
777 3727 906 3766 Angliae,
930 3726 1045 3758 salutem
1065 3727 1099 3759 &
1122 3725 1320 3765 Apostolicam

107 3783 160 3808 A„-
178 3786 222 3804 22.
259 3760 501 3806 Benedictionem.

108 3821 144 3844 H.
167 3825 192 3852 3.
297 3799 390 3830 GraVi
410 3800 501 3830 sumus
518 3801 677 3833 turbatione
697 3803 844 3833 commoti
857 3802 951 3840 quod,
971 3803 1041 3834 sicut
1054 3802 1229 3840 audivimus,
1248 3811 1321 3840 quo·

107 3859 148 3884 Ex
162 3857 220 3881 Au„
260 3837 379 3883 rundam
401 3839 492 3868 minus
513 3838 631 3882 discreto
653 3840 755 3871 ductus
775 3840 911 3883 consilio,
930 3840 1102 3879 Libertate,
1120 3840 1321 3878 poffeffionae,

261 3875 434 3921 Dignitates,
453 3877 485 3907 &
498 3875 548 3905 alia
560 3877 740 3921 quamplura,
773 3889 817 3908 uae
826 3878 861 3908 ad
872 3888 916 3916 Jus
931 3880 964 3909 &
980 3879 1084 3912 statum
1097 3878 1226 3909 Coronae
1239 3878 1256 3908 s
1271 3888 1320 3908 ec-

108 3902 230 3959 }Zgrs'um
257 3916 368 3953 tabant,
387 3926 416 3944 in
437 3915 734 3958 gravehpraejudicium
781 3915 888 3947 cclefiae
907 3916 1070 3956 Romanae,
1086 3917 1120 3948 ad
1136 3927 1221 3956 quam
1272 3925 1320 3956 eg-

107 3972 216 3999 Lwdm·
257 3964 327 3983 num
341 3954 451 3992 Angliae
466 3961 602 3990 pertinere
615 3952 801 3992 dignoscitur,
819 3955 853 3985 &
865 3964 1016 3985 enormem
1031 3956 1176 3986 laesionem
1195 3955 1319 3993 ejusdem

256 3991 370 4028 Regni,
388 3994 416 4022 in
437 3990 528 4028 plures
548 3989 691 4027 praelatOS,
709 3991 846 4022 Ecclesias
882 3993 916 4023 ὃς
935 3992 1003 4023 alios
1023 3993 1172 4033 Magnates
1186 3993 1318 4032 Angliae,

252 4030 413 4062 liberalitate
432 4027 591 4071 improvida
613 4027 773 4069 dispersisti,
793 4030 826 4062 ὃς
847 4015 883 4060 de
902 4039 962 4061 non
982 4031 1127 4065 veniendo
1138 4040 1239 4065 contra
1253 4032 1317 4064 alie-

676 117 1481 171 CONVENTIONEs,

1344 1467 1464 1508 jacobi,
1483 1470 1517 1500 δε
1533 1479 1567 1500 ex
1583 1469 1674 1514 relatu
1683 1470 1864 1509 quorundam
1877 1480 1945 1501 acce
1965 1471 2053 1509 imus,
2069 1470 2145 1502 idern
2160 1472 2263 1502 Prince
2282 1482 2294 1502 s
2316 1470 2413 1502 David

1552 115 1936 167 LITERAE,

1349 204 1496 271 nffiiopspm
1517 201 1677 241 hujusmodi
1695 211 1724 234 te
1739 202 1927 242 Juramentis,
1944 210 1999 232 nec
2012 209 2072 231 non
2087 199 2277 232 instrumentis
2291 201 2410 240 publicis
2427 195 2561 265 Anu-813*

1345 252 1365 272 0
1397 252 1404 270 i
1465 251 1481 270 i.
2449 245 2502 275 123
2527 255 2550 266 0*

1383 250 1569 310 Agttendentes
1591 279 1675 317 igitur
1696 279 1791 318 quod,
1809 288 1844 310 ex
1864 279 2031 309 alienatione
2045 277 2195 317 praedieta,
2214 277 2300 309 Sedes
2317 278 2410 316 Apos-
2428 280 2493 303 Hm.
2512 284 2538 311 3·
2552 277 2564 317 ⁴,

1345 317 1446 355 tolica,
1465 319 1512 347 cui
1534 317 1713 356 praejudicare
1733 319 1854 348 minime
1874 317 2007 356 potuisti,
2035 327 2095 347 non
2114 317 2265 347 modicum
2284 316 2410 356 laeditur,
2551 316 2568 335 '¹

1347 357 1381 387 &
1400 356 1540 393 Regnum
1561 356 1653 393 ipsum
1672 358 1720 387 vix
1742 356 1887 387 subsistere
1901 357 2021 394 poterit,
2039 357 2118 394 cujus
2130 356 2225 386 honor
2239 354 2412 393 particulari-

1346 394 1398 424 bus
1413 395 1647 425 diminutionibus
1662 404 1825 433 enervatur,
1838 395 1973 425 serenitati
1983 403 2039 425 tuae
2052 394 2230 432 praesentium
2245 394 2414 424 authoritate

1346 432 1511 463 mandamus
1530 441 1664 471 quatenus
1681 433 1852 471 Juramentis
1872 434 1906 464 &
1927 432 2118 463 instrumentis
2143 433 2281 470 praedietis
2308 442 2414 471 nequa-

1347 480 1434 509 quam
1448 471 1624 502 obstantibus
1632 496 1642 510 ,
1656 472 1770 503 alienata
1783 471 1918 510 praedicta
1929 481 2064 504 revocare
2078 481 2218 509 procures.

1385 546 1454 614 IdDat5
1474 547 1602 579 Lateran.
1621 547 1737 579 decimo
1751 547 1889 579 Calendas
1904 547 2019 587 Martii,
2039 546 2224 578 pontificatus
2238 547 2328 578 nostri
2338 557 2415 579 anno

1348 594 1387 615 un
1408 595 1512 616 ecimo.

1482 707 1510 734 ’ἵε
1541 713 1600 744 Pro
1617 713 1730 758 Regina
1750 714 1849 745 Scotiae
1865 710 1902 745 de
1922 710 2105 754 ‘Ti’stamento
2122 710 2278 745 condenda
2430 714 2446 731 ⁸³
2464 715 2561 751 1.379.'

1347 794 1646 864 REtgrinomnibus
1661 820 1671 834 ,
1694 795 1729 826 ad
1751 806 1824 835 quos
1841 796 1989 835 praesentes
2007 797 2106 828 litterae
2126 798 2319 836 pervenerint,
2343 796 2413 828 salu·
2431 789 2556 867 ΑΙῑἈΖΠζ-ἒι

1383 871 1482 903 Sciatis
1502 871 1580 910 quod
1601 872 1790 904 concessimus
1809 873 1920 904 dileetae
1941 873 2028 905 sorori
2046 873 2151 905 nostrae
2161 873 2302 913 Johannae
2317 873 2414 905 illustri
2430 871 2482 895 An.
2499 877 2545 896 22·

1348 909 1471 950 Reginae
1491 911 1615 949 Scotiae,
1633 911 1653 941 fi
1674 910 1711 941 de
1730 922 1761 942 ea
1783 912 1942 942 humanitus
1963 914 2128 952 contingat,
2144 914 2180 943 ad
2192 913 2413 944 Testamentum
2432 910 2466 932 H.
2492 916 2518 942 3·

1348 949 1429 979 suum
1450 949 1628 988 faciendum,
1647 959 1749 980 omnes
1770 951 1858 981 exitus
1881 949 2082 982 Maneriorum
2098 951 2134 981 de
2147 951 2305 991 staunton,
2322 953 2356 983 &
2376 952 2414 982 de
2433 947 2545 973 Pa‘·²2·

1348 986 1475 1018 Driffeld
1488 1013 1497 1027 ,
1525 999 1589 1027 quae
1609 987 1703 1019 eidem
1724 987 1755 1018 R
1792 989 1845 1019 inae
1866 989 2062 1020 commisimus
2077 1012 2087 1027 ,
2111 991 2171 1021 tam
2194 991 2223 1020 in
2246 990 2414 1028 redditibus,
2433 986 2468 1009 H.
2486 991 2510 1020 3-
2524 992 2560 1011 η·-

1348 1026 1436 1070 quam
1449 1027 1524 1066 aliis,
1541 1037 1557 1058 a
1570 1026 1643 1057 festo
1659 1027 1755 1058 Saneti
1811 1026 1940 1065 ichaelis,
1953 1037 2030 1058 anno
2042 1027 2138 1069 Regni
2151 1028 2240 1060 nostri
2261 1039 2308 1060 22.
2328 1028 2415 1068 usque
2432 1030 2461 1056 9·

1346 1075 1375 1094 in
1389 1065 1460 1096 duos
1473 1075 1561 1096 annos
1575 1066 1747 1105 completos.

1385 1142 1475 1173 Teste
1491 1143 1574 1183 Rege
1587 1143 1661 1182 apud
1676 1141 1983 1182 Westmonasterium,
1998 1152 2034 1173 21
2051 1142 2097 1174 die
2110 1143 2258 1177 Februarii.

1721 1270 1770 1302 De
1785 1269 1911 1315 Treugis
1928 1268 2050 1303 Walliae.

1412 1352 1490 1391 EX,
1507 1353 1670 1385 willielmo
1685 1353 1721 1385 de
1733 1353 1863 1386 Stutevill
1877 1353 2001 1385 salutem.
2023 1346 2025 1350 ⁴

1450 1392 1528 1431 Quia
1539 1393 1598 1431 jam
1613 1392 1695 1423 instat
1709 1395 1846 1424 terminus
1861 1402 2039 1433 treugarum,
2058 1395 2129 1425 inter
2148 1404 2219 1432 nos,
2237 1394 2271 1426 &
2291 1393 2415 1425 Leweli-

1348 1439 1419 1460 num
1438 1430 1603 1469 Principem
1622 1431 1659 1462 de
1677 1432 1837 1463 Abberfrau
1860 1441 2023 1470 captarum,
2045 1433 2075 1462 in
2095 1433 2205 1464 instanti
2227 1432 2301 1464 festo
2316 1434 2413 1464 Saneti

2432 1337 2509 1369 Ann.
2523 1337 2567 1370 D.'

2452 1378 2536 1417 1238.

2429 1420 2484 1444 An.
2500 1427 2546 1444 22.

2429 1460 2464 1483 H.
2481 1465 2504 1492 3.

1347 1506 1438 1537 filium
1459 1508 1539 1538 suum
1560 1508 1728 1553 homagium
1749 1508 1803 1539 Ma
1823 1518 1921 1540 natum
1960 1519 1977 1539 e
1996 1508 2189 1541 Northwallia
2210 1511 2243 1541 &
2277 1521 2293 1540 e
2306 1509 2412 1550 Powys
2429 1494 2569 1568 Zazs'ss3

1347 1555 1446 1585 capere
1460 1546 1544 1586 fecit,
1562 1556 1592 1577 in
1606 1556 1691 1586 grave
1709 1548 1797 1587 praeju
1821 1549 1907 1578 'cium
1929 1546 2079 1586 nostrum,
2099 1558 2154 1579 nec
2175 1549 2245 1580 certi
2264 1548 2358 1579 sumus
2377 1549 2414 1579 de
2460 1553 2466 1558 ·
2505 1553 2510 1558 “
2556 1553 2564 1560 “

1348 1585 1511 1624 voluntate,
1528 1585 1574 1617 vel
1591 1586 1737 1624 proposito
1751 1587 1833 1625 ipsius
1848 1586 2000 1624 Principis:
2435 1571 2478 1600 ¹6⁸
2497 1569 2523 1598 d·

1384 1624 1476 1654 Vobis
1497 1623 1663 1655 mandamus
1685 1624 1763 1664 quod
1782 1626 1811 1656 in
1831 1624 1904 1664 fide,
1920 1635 1974 1663 qua
1988 1625 2071 1655 nobis
2084 1626 2243 1664 tenemini,
2260 1624 2417 1656 nullatenus

1349 1663 1503 1701 omittatis,
1543 1663 1589 1693 uin
1611 1663 1665 1694 sitis
1685 1664 1719 1694 ad
1741 1673 1794 1694 nos
1818 1663 1892 1702 apud
1906 1663 2005 1694 Oxon.
2024 1663 2071 1695 die
2082 1663 2184 1695 Martis
2196 1665 2331 1702 proximo
2351 1664 2417 1702 post

1349 1700 1522 1739 quindenam
1563 1701 1670 1741 aschae,
1687 1702 1838 1734 nobiscum
1850 1702 1931 1741 super
1943 1702 2002 1734 hoc
2013 1703 2047 1734 &
2062 1702 2228 1741 quibusdam
2250 1703 2308 1734 aliis
2326 1712 2418 1742 nego-

1349 1741 1392 1770 tiis
1407 1739 1510 1770 nostris
1521 1739 1653 1772 locuturi.

1386 1817 1477 1849 Teste
1491 1817 1575 1858 Rege
1586 1817 1660 1857 apud
1673 1818 1850 1850 Theoksbir.
1871 1819 1897 1849 8.
1915 1818 1962 1850 die
1974 1818 2083 1849 Martii.

1386 1894 1488 1923 Eodem
1503 1895 1577 1925 modo
1581 1894 1714 1934 scribitur
1728 1894 1926 1937 Johannifilio
1938 1894 2049 1934 Alani,
2069 1896 2112 1925 W
2110 1892 2217 1924 illielmo
2228 1895 2263 1925 'de
2277 1897 2419 1926 lVarenna

1350 1933 1381 1962 de
1400 1933 1478 1967 Albo
1500 1933 1682 1973 Monasterio,
1702 1934 1850 1964 Willielmo
1872 1933 1940 1964 Filio
1957 1936 2082 1972 Warim',
2100 1935 2200 1970 Rogero
2213 1933 2245 1962 de
2259 1934 2420 1974 chaundos,

1352 1971 1494 2010 Radulpho
1508 1973 1540 2002 de
1551 1975 1656 2012 Thoen]
1693 1976 1793 2011 Rogero
1810 1972 1951 2011 Pychard,
1967 1972 2073 2002 Thomae
2088 1972 2202 2010 corbet,
2221 1973 2314 2002 Radul
2328 1973 2362 2003 ho
2387 1974 2420 2002 de

1350 2014 1464 2039 Mortuo
1485 2014 1582 2049 Mari,
1600 1996 1723 2041 Waftero
1741 2013 1780 2041 'de
1802 2010 1931 2051 Clifford,
1957 2010 2080 2041 Waltero
2101 2011 2134 2040 de
2153 1982 2334 2051 BaskervilZ
2361 2011 2419 2051 Jo-

1349 2048 1438 2080 hanni
1450 2049 1482 2080 de
1496 2052 1654 2091 Monemue,
1672 2050 1782 2081 Fulconi
1791 2049 1851 2092 filio
1869 2053 1986 2082 Warim'.

1382 2174 1502 2206 Littera
1520 2175 1653 2220 Principi
1667 2174 1816 2207 Lemelino
1833 2172 1870 2207 de
1887 2176 2040 2221 Homagio
2047 2173 2114 2218 filio
2135 2175 2198 2220 ejus
2206 2173 2271 2214 sine
2292 2174 2381 2219 Regis

1710 2227 1801 2255 venia
1817 2235 1873 2256 non
1885 2221 2058 2270 praestandm

1352 2307 1492 2369 REX,
1512 2307 1662 2340 Lewelino
1674 2307 1801 2347 Principi
1814 2309 1937 2340 salutem.
2435 2300 2512 2332 Ann-
2523 2301 2567 2332 D·-

1454 2347 1523 2377 Satis
1542 2348 1728 2378 intelleximus
1750 2347 1829 2386 quod
1850 2358 1903 2379 vos
1923 2347 2071 2388 diligenter
2093 2347 2196 2378 instatis
2217 2345 2295 2385 quod
2313 2344 2411 2376 David
2463 2341 2570 2380 1238--

1352 2385 1458 2423 Nepos
1477 2385 1590 2424 noster,
1608 2387 1641 2417 &
1662 2386 1732 2416 filius
1752 2386 1845 2417 vester
1880 2388 1969 2425 capiat
1995 2387 2161 2426 homagium
2177 2384 2365 2425 Magnatum,
2384 2385 2417 2415 &
2434 2383 2486 2407 Aa.
2505 2389 2550 2407 22·

1351 2424 1471 2454 aliorum
1485 2423 1522 2454 de
1533 2424 1725 2456 Nortliwallia
1741 2425 1775 2455 &
1789 2424 1826 2455 de
1840 2409 1962 2464 Rowys:
1983 2425 2030 2456 Ad
2051 2424 2131 2463 quod
2153 2423 2270 2463 quidem
2292 2433 2345 2454 nec
2366 2432 2419 2466 vos
2438 2423 2474 2462 H:
2493 2428 2520 2454 3·

1352 2462 1453 2493 instare
1472 2462 1596 2501 debetis,
1614 2473 1668 2494 nec
1691 2463 1748 2501 ipse
1771 2463 1799 2494 id
1814 2472 1995 2503 attemptare,
2014 2472 2166 2502 antequam
2180 2462 2215 2492 ad
2227 2472 2279 2492 nos
2291 2469 2420 2500 venerit,
2438 2457 2541 2485 Ibidem.

1352 2501 1386 2532 &
1401 2501 1498 2532 fecerit
1511 2502 1594 2532 nobis
1608 2501 1793 2542 homagium,
1811 2502 1889 2534 &id
1923 2501 1982 2533 uod
1996 2502 2087 2533 facere
2099 2501 2202 2540 debet,
2217 2501 2340 2532 maxime
2352 2510 2421 2530 cum

1352 2550 1406 2571 vos
1419 2540 1476 2570 hoc
1489 2540 1582 2571 facere
1597 2550 1658 2571 non
1672 2540 1795 2581 poffitis,
1812 2541 1884 2572 salva
1898 2513 1971 2580 tilde,
1990 2540 2046 2580 qua
2059 2541 2142 2571 nobis
2155 2540 2309 2578 tenemini,
2326 2539 2360 2571 &
2373 2538 2424 2570 sai-
2458 2569 2460 2571 .

1351 2589 1386 2610 va
1401 2578 1547 2610 honestate
1560 2578 1661 2610 vestra.

1391 2616 1430 2648 Et
1449 2617 1514 2648 ideo
1534 2618 1617 2649 vobis
1637 2618 1798 2648 inhibemus
1820 2620 1850 2648 in
1871 2618 1941 2656 fide,
1960 2627 2014 2656 qua
2032 2618 2115 2649 nobis
2137 2617 2291 2655 tenemini,
2316 2617 2350 2648 &
2371 2616 2423 2647 sub

1351 2666 1439 2693 poena
1452 2657 1626 2694 tenementi,
1641 2655 1720 2694 quod
1731 2657 1767 2687 de
1781 2657 1865 2686 nobis
1885 2657 2001 2694 tenetis,
2018 2666 2056 2686 ne
2074 2656 2224 2695 praefatum
2244 2655 2334 2686 filium
2357 2664 2423 2686 ves-

1352 2703 1429 2725 trum
1444 2694 1534 2732 aliqua
1546 2695 1678 2734 homagia
1691 2704 1793 2732 capere
1806 2695 1970 2732 permittatis
1986 2695 2015 2724 in
2036 2695 2160 2732 partibus
2179 2694 2245 2731 illis,
2264 2693 2359 2724 donec
2383 2692 2420 2724 ad

1352 2743 1404 2763 nos
1423 2734 1549 2770 venerit,
1566 2733 1599 2763 &
1619 2733 1785 2773 homagium
1807 2733 1890 2762 nobis
1904 2732 2019 2769 fecerit,
2038 2733 2072 2763 &
2087 2732 2116 2762 id
2130 2733 2208 2770 quod
2222 2732 2307 2762 nobis
2328 2732 2422 2762 facere

1352 2771 1453 2808 debet,
1472 2772 1613 2809 praecipue
1634 2781 1703 2801 cum
1728 2770 1843 2808 quidam
1864 2770 1900 2800 de
1923 2770 2106 2810 Magnatibus
2119 2770 2171 2799 illis
2185 2778 2281 2800 tenere
2301 2769 2423 2800 debmnt

1353 2810 1389 2840 de
1417 2810 1500 2840 nobis
1516 2811 1546 2840 in
1566 2810 1658 2848 capite
1673 2833 1682 2848 ,
1713 2810 1747 2840 &
1768 2809 1804 2840 de
1825 2809 1993 2840 tenementis
2015 2808 2066 2839 suis
2085 2809 2168 2838 nobis
2189 2808 2359 2848 homagium
2380 2808 2423 2838 fa-

1353 2858 1426 2879 cere.

1393 2887 1471 2926 Qia
1488 2896 1560 2917 vero
1581 2896 1670 2924 nuper
1690 2887 1767 2918 venit
1787 2885 1822 2916 ad
1836 2896 1888 2916 nos
1902 2885 2126 2916 Archidiaconus
2139 2884 2175 2915 de
2190 2884 2296 2915 Sancto
2311 2884 2422 2924 Asaph,

1355 2934 1390 2956 ex
1405 2933 1482 2963 parte
1498 2925 1588 2956 vestra
1602 2927 1695 2956 minus
1709 2924 1878 2955 sufficienter
1892 2924 2062 2962 instructus,
2081 2924 2115 2954 ad
2129 2922 2308 2954 tractandum
2322 2923 2358 2953 de
2372 2933 2421 2961 pa-

1354 2975 1390 2995 ce
1403 2966 1474 2994 inter
1488 2974 1556 3002 nos,
1574 2965 1608 2995 &
1622 2974 1691 3002 vos,
1709 2963 1776 2994 licet
1789 2964 1873 2994 nobis
1886 2962 2119 3003 significaveritis,
2138 2961 2217 3001 quod
2238 2961 2351 2992 firmam
2372 2971 2422 3003 pa-

1353 3013 1420 3034 cem
1440 3004 1512 3032 inter
1533 3012 1600 3041 nos,
1618 3003 1652 3034 &
1673 3012 1726 3033 vos
1744 3001 1919 3040 desideratis,
1939 3003 2003 3041 quia
2024 3010 2119 3032 tamen
2141 3000 2230 3032 nichil
2244 3008 2356 3031 certum
2370 3001 2422 3030 lci-

1357 3052 1420 3072 mus
1434 3041 1471 3071 de
1485 3041 1631 3072 voluntate
1644 3041 1732 3072 vestra
1746 3041 1779 3071 &
1794 3040 1941 3079 proposito
1956 3042 1985 3071 in
1998 3040 2050 3071 hac
2064 3048 2156 3081 parte,
2175 3038 2304 3072 &instat
2324 3040 2422 3069 termi-

1355 3090 1407 3110 nus
1425 3088 1585 3119 treugarum
1608 3081 1678 3110 inter
1701 3089 1770 3117 nos,
1789 3080 1823 3110 &
1840 3089 1892 3110 vos
1905 3088 2066 3117 captarum,
2085 3077 2280 3109 mandavimus
2300 3077 2422 3117 Magna-

1355 3119 1428 3149 tibus
1448 3118 1549 3148 nostris
1572 3118 1712 3148 Marchiae
1732 3117 1810 3156 quod
1825 3142 1835 3155 ,
1865 3117 1911 3148 die
1933 3117 2035 3148 Martis
2056 3118 2192 3156 proximo
2212 3116 2277 3155 post
2296 3115 2424 3146 octabas

1355 3156 1440 3188 claufi
1459 3156 1572 3187 Paschae
1588 3181 1597 3195 ,
1621 3157 1734 3187 veniant
1756 3155 1791 3186 ad
1811 3166 1863 3186 nos
1885 3156 1984 3187 Oxon.
2003 3157 2062 3186 tam
2083 3156 2162 3193 super
2182 3155 2241 3186 hoc
2285 3164 2369 3193 quam
2391 3163 2422 3183 a-

1354 3197 1395 3226 liis
1414 3195 1556 3226 tractatui-i
1576 3195 1749 3231 nobiscum,
1778 3196 1811 3225 &
1832 3204 1884 3225 vos
1902 3204 1972 3226 tunc
1988 3219 1998 3233 ,
2024 3194 2044 3224 si
2065 3193 2221 3224 desideratis
2261 3202 2352 3223 rmam
2370 3201 2421 3229 pa-

1355 3243 1420 3265 cem
1433 3235 1505 3264 inter
1518 3243 1585 3271 nOS,
1604 3234 1637 3264 ὃς
1651 3243 1720 3271 vos,
1739 3233 1807 3263 licut
1822 3234 1905 3264 nobis
1919 3232 2106 3271 significastis,
2125 3232 2244 3271 praefatis
2256 3230 2302 3261 die
2319 3231 2353 3261 &
2375 3230 2420 3259 lo-

1355 3283 1393 3303 co
1413 3273 1525 3303 mittere
1546 3272 1687 3309 poteritis,
1706 3272 1725 3301 fi
1747 3272 1829 3301 vobis
1851 3272 2002 3310 placuerit,
2025 3271 2133 3310 aliquos
2152 3270 2190 3301 de
2211 3268 2323 3308 vestris,
2349 3278 2419 3299 cum

1356 3311 1438 3381 plena
1453 3309 1607 3378 piotestate,
1623 3310 1658 3340 ad
1673 3310 1848 3341 tractandum
1861 3311 1897 3341 de
1912 3320 2000 3352 pace,
2017 3311 2051 3342 &
2067 3320 2131 3341 earn
2141 3311 2214 3340 inter
2228 3317 2297 3346 nos,
2315 3308 2348 3339 &
2365 3317 2419 3339 vos

1390 3359 1454 3380 man
1475 3359 1520 3379 am

1395 3373 1546 3426 Qioniarr’i
1558 3387 1627 3417 scire
1640 3397 1692 3418 vos
1706 3387 1839 3419 volumus
1854 3387 1933 3426 quod
1948 3386 2093 3426 hucusque
2107 3385 2196 3417 nichil
2219 3384 2422 3421 intelleximus,

1358 3437 1412 3457 nec
1427 3435 1461 3456 ex
1473 3434 1572 3456 tenore
1584 3426 1738 3456 litterarum
1750 3426 1865 3457 vestrar,
1880 3436 1935 3457 nec
1949 3424 2113 3464 alias,quod
2126 3425 2145 3444 ¹*
2161 3433 2262 3462 pacem
2275 3424 2346 3454 inter
2359 3431 2422 3465 nos,

1357 3467 1393 3497 &
1407 3475 1460 3496 vos
1473 3463 1578 3494 firmari
1590 3464 1741 3503 affectatis,
1761 3466 1854 3496 immo
1867 3466 1960 3503 potius
1974 3475 2005 3496 m
2015 3489 2024 3504 ,
2042 3465 2071 3494 in
2084 3463 2136 3494 hac
2147 3471 2224 3501 parte
2237 3471 2302 3501 quae
2315 3459 2423 3491 audiVi-

1358 3513 1439 3541 mus,
1457 3502 1570 3540 fictitia,
1588 3502 1633 3533 vel
1647 3503 1721 3533 nulla
1742 3513 1909 3541 reputamus.
2360 3537 2365 3543 .

1397 3541 1444 3572 Ad
1459 3541 1615 3572 instantiam
1631 3550 1725 3572 autem
1741 3542 1868 3579 praedie'ti
1884 3540 2087 3572 Archidiaconi
2097 3539 2235 3570 mittimus
2247 3538 2329 3569 vobis
2348 3536 2421 3567 litte-

1359 3590 1400 3610 ras
1413 3579 1521 3610 nostras
1535 3579 1681 3617 Parentes,
1697 3579 1733 3610 de
1747 3581 1821 3612 salvo
1836 3582 1870 3612 &
1886 3581 1985 3611 securo
2004 3577 2150 3609 conductu
2169 3586 2272 3608 eorum
2282 3599 2292 3614 ,
2309 3575 2330 3606 si
2350 3585 2422 3613 quos

1357 3617 1392 3649 ad
1404 3628 1475 3656 1108,
1494 3618 1635 3656 praedietis
1649 3618 1695 3650 die
1708 3620 1741 3652 ὅ(
1752 3619 1821 3651 loco
1830 3642 1840 3659 ,
1858 3619 1988 3651 duxeritis
2003 3615 2238 3649 transmittendos.

2440 3446 2455 3462 ¹*
2466 3446 2490 3474 Ι.
2506 3444 2570 3483 380.

1395 3694 1487 3726 Teste
1499 3702 1531 3725 ut
1544 3694 1630 3734 supra.

1537 3828 1700 3873 Ejusmodi
1718 3831 1838 3863 Littera
1858 3826 1981 3861 Davidi
1998 3826 2075 3861 Filio
2095 3823 2250 3858 Lewelini.

1358 3913 1421 3974 R
1429 3911 1454 3945 E
1464 3912 1512 3952 X,
1530 3912 1626 3944 David
1640 3913 1756 3952 Nepoti
1770 3914 1820 3944 suo
1832 3912 1955 3943 salutem.
2438 3911 2515 3943 Ann.
2529 3909 2570 3942 D.

1458 3950 1629 3982 Audivimus
1643 3952 1721 3991 quod
1733 3951 1851 3982 dilectus
1866 3951 1950 3980 frater
1965 3949 1998 3980 &
2012 3946 2099 3977 fidelis
2114 3946 2212 3977 noster
2236 3947 2370 3987 Princeps
2382 3946 2419 3978 de
2459 3950 2542 3989 1238.

1357 3990 1536 4029 Abberfrau,
1553 3991 1587 4021 &
1608 3989 1753 4021 Dominus
1773 3989 1810 4020 de
1831 3987 1984 4024 Snaudon,
2002 3984 2084 4015 Pater
2107 3993 2188 4025 tuuS,
2206 3986 2240 4017 ad
2257 3987 2316 4018 hoc
2336 3984 2419 4017 instat
2437 3992 2489 4016 An.
2509 3998 2555 4016 22.

1356 4027 1518 4070 diligenter,
1535 4028 1614 4069 quod
1635 4037 1667 4061 tu
1686 4029 1776 4068 capias
1798 4026 1965 4066 homagium
1990 4022 2178 4064 Magnarum,
2196 4024 2230 4056 δε
2248 4024 2417 4094 εὶὶοὲῗωῑὲι
2436 4031 2523 4093 {Za-f.

2340 4071 2375 4094 or
2407 4078 2420 4086 -
2465 4075 2474 4093 ι
2492 4072 2542 4093 σοι,
