2570 4261
695 245 805 286 ET
887 249 1142 290 ACTA

937 334 947 342 κ

0 372 41 394 m.
54 355 96 386 D.

5 399 71 440 296.

0 445 36 471 lv.
55 448 79 465 1.

0 520 19 537 ,,
35 514 80 540 24,
117 496 243 557 REX
261 496 405 539 karissimo
423 497 498 527 fratri
515 497 548 527 &
572 496 646 527 fideli
664 498 713 529 suo
734 497 892 530 Edmundo
926 499 1037 530 Comiti
1060 499 1169 529 Lan-ca-

19 554 43 571 1,
117 575 152 607 ω
192 536 282 574 striae,
300 543 407 566 tenenti
420 535 519 566 locum
532 535 663 566 nostrum
675 537 704 566 in
718 537 833 568 Ducatu
849 523 949 568 nostro
972 538 1168 576 Aquitanniae,

0 600 2 607 ,
18 605 24 611 .
39 585 73 609 Va
86 596 96 601 -
129 591 131 593 ·
155 584 240 606 utem.
637 600 639 602 .

0 593 18 653 ξ,
36 581 90 655 μζ
154 613 217 644 Suis
236 620 301 650 erga
321 621 374 641 nos
393 611 638 649 supplicationibus
657 612 856 644 Procuratores
867 613 1038 645 dilectorum
1054 615 1087 645 ὅ(
1102 612 1170 642 fide-

22 673 44 689 ,,
63 671 97 690 m,
117 653 188 683 lium
202 650 384 687 nostrorum,
403 650 522 688 Majoris
534 651 567 680 ὅ(
581 649 804 682 Communitatis
820 651 948 683 Civitat1s
968 652 1073 683 nostra:
1091 651 1172 681 Baio-

0 704 15 730 '›.
29 700 55 728 ιλ.
118 700 181 728 nae,
199 690 326 719 attentius
345 688 516 724 institerunt,
535 696 566 717 ut
587 688 705 719 Civibus
725 690 845 727 ejusdem
865 690 1011 728 Civitatis,
1028 692 1060 721 &
1080 691 1171 719 113616·

117 729 200 759 dibus
214 737 316 758 eorum
329 725 487 757 libertatem
501 727 534 756 &
550 727 731 764 quietantiam
745 727 781 757 de
795 728 1018 766 quibuscumque
1039 728 1172 766 pedaoiis,

118 767 273 804 custumis,
291 766 325 796 &
340 765 418 794 malis
432 763 523 802 toltis,
540 765 569 794 iu
585 764 690 804 Regno
702 765 801 796 nostro
825 766 952 806 Anglize,
969 768 1002 797 ὃ(
1023 776 1087 797 toto
1142 776 1173 795 u-

117 813 182 837 catu
198 804 396 843 Aquitanniae,
414 803 622 840 imperpetuum
638 813 696 833 non
710 803 865 843 solvendis,
884 805 1119 834 concederemus:

159 844 198 874 Et
214 844 340 881 insuper,
360 840 437 878 quod
459 841 580 880 gardiim
599 866 608 879 ,
623 842 668 872 seu
689 841 846 872 custodiam
867 842 959 873 Castri
979 842 1067 873 nostri
1087 841 1172 872 distae

122 882 272 919 Civitatis,
289 880 370 909 alicui
385 877 504 908 Civium
519 879 721 917 praedictorum
736 882 996 911 committeremus:

159 919 198 951 Et
209 919 292 949 etiam
307 915 385 955 quod
399 916 555 948 Senescallo
568 918 595 948 V
597 918 730 956 asconiae,
749 920 781 950 &
795 919 850 948 aliis
862 918 1002 949 Ministris
1015 917 1115 949 nostris
1123 927 1173 955 ,ne

119 956 157 990 de
175 956 285 995 judiciis
309 954 426 993 Majoris
446 957 479 986 ὃ(
501 955 597 986 Curiae
616 956 744 995 Baionae,
762 958 809 987 nisi
832 967 881 994 per
894 959 970 988 viani
985 956 1175 995 appellationis

120 997 167 1027 seu
179 994 306 1031 16110111,
325 994 351 1024 [6
365 994 533 1034 aliquatenus
546 995 838 1034 intromitterent,vel
853 997 881 1025 in
895 995 1017 1026 Civitate
1032 993 1175 1032 praedizffta,

122 1034 168 1064 seu
189 1033 315 1063 distrit‘ru
336 1032 475 1070 ejusdem,
493 1033 588 1070 aliquo
611 1033 691 1071 casu,
710 1033 843 1071 quamdiu
858 1033 955 1072 Major
970 1033 1084 1064 Baionae
1094 1032 1174 1068 super

124 1082 161 1103 6ο
177 1079 283 1110 paratus
299 1070 367 1101 esset
380 1070 471 1100 facere
490 1071 569 1110 quod
584 1070 714 1110 deberet,
732 1071 889 1110 inquestam
910 1072 1049 1111 facerent,
1067 1070 1178 1101 inhibe—

124 1120 227 1141 remus.

164 1148 255 1186 Sane,
273 1147 338 1178 licet
354 1155 468 1184 propter
480 1156 555 1187 grata
567 1147 691 1186 servitia,
709 1158 774 1186 quae
788 1147 894 1188 praefati
907 1147 1005 1185 MaJ'or
1025 1148 1059 1178 &
1082 1145 1178 1177 Com-

127 1190 247 1218 munitas
261 1187 344 1217 nobis
357 1186 525 1216 laudabiliter
538 1186 756 1224 impenderunt,
773 1196 874 1218 eorum
888 1186 1079 1225 supplicationi
1094 1195 1181 1223 quan—

128 1235 193 1257 tum
213 1225 359 1264 possumus
379 1234 501 1254 annuere
524 1226 686 1268 cupiamus,
706 1224 774 1263 quid
794 1232 904 1264 tamen,
923 1225 1001 1268 super
1012 1222 1181 1267 praemissis,

129 1274 178 1303 per
198 1274 250 1295 nos
270 1263 382 1301 deceat,
401 1263 446 1292 vel
467 1262 593 1300 expediat
605 1262 680 1300 fieri,
698 1262 901 1302 vel'concedi,
919 1269 1068 1301 provrdere
1083 1261 1183 1293 volen-

131 1312 187 1341 tes,

168 1340 260 1371 Vobis
275 1339 438 1370 mandamus
452 1337 549 1376 quod,
568 1338 645 1376 super
659 1339 728 1376 hiis,
746 1340 780 1370 ὃ(
795 1333 937 1376 potissime
950 1338 1028 1376 quod
1049 1339 1083 1370 δε
1103 1338 1183 1376 quale

131 1379 323 1418 praejudicium
336 1378 417 1408 nobis
430 1375 618 1414 imposterum
632 1376 730 1407 afferet
746 1376 893 1407 concessio
905 1377 1128 1415 praemissorum,
1149 1378 1182 1407 ὃ(

129 1419 187 1448 31115
207 1415 423 1448 circumstantiis
440 1414 631 1453 eorumdem,
649 1425 701 1447 vos
721 1415 866 1454 diligenter
880 1438 890 1454 ,
914 1426 983 1445 cum
1005 1415 1130 1455 Anglicis
1151 1416 1184 1446 ὅ(

132 1455 306 1487 Vasconibus
327 1454 476 1484 vobiscum
498 1453 693 1492 existentibus,
711 1464 783 1493 quos
802 1453 836 1483 ad
856 1454 914 1484 hoc
927 1453 1048 1484 videritis
1063 1464 1186 1484 evocan-

130 1495 200 1532 dos,
218 1492 430 1531 quamprimum
444 1492 479 1523 ad
492 1492 555 1522 haec
567 1492 594 1522 se
607 1491 711 1522 offeret
726 1493 916 1530 oportunitas,
934 1492 1132 1531 informantes,

171 1533 249 1570 Qiae
263 1531 355 1569 clare,
374 1531 431 1561 sine
444 1530 534 1561 nostri
547 1530 728 1570 praejudicio,
745 1532 826 1569 super
838 1530 982 1570 praetniffis
1003 1530 1187 1562 concedenda

133 1570 272 1608 videritis,
290 1569 464 1601 concedatis:

172 1608 262 1646 Super
279 1608 335 1638 aliis
357 1610 429 1639 vero
451 1606 588 1646 vestram,
606 1608 640 1639 &
661 1617 761 1638 eorum
781 1607 1026 1646 deliberationem,
1043 1608 1077 1638 ὃ(
1098 1608 1191 1638 confi-

133 1647 223 1685 lium,
240 1646 402 1685 quamcito,
420 1647 555 1684 temporis
570 1645 698 1684 qualitate
711 1645 838 1685 pensate,
857 1646 1030 1686 commode,
1049 1648 1193 1685 poteritis,

134 1685 220 1717 nobis
233 1695 282 1723 per
296 1684 400 1716 vestras
413 1684 513 1716 litteras
524 1684 684 1715 rescribatis.

272 414 321 445 De
340 412 512 458 Privilcgiis
533 414 661 446 Civitati
681 416 792 447 Baiana
806 414 1004 448 concedendis.

175 1761 244 1792 Dat.
257 1760 332 1799 apud
345 1760 525 1800 Rokesburg.
540 1759 654 1792 decimo
667 1767 768 1799 quarto
779 1759 824 1791 die
838 1759 928 1800 Maii,
946 1771 1022 1792 anno
1030 1761 1127 1801 Regni
1140 1772 1194 1793 no-

137 1799 186 1832 stri
200 1801 338 1832 vicesimo
353 1807 461 1839 quarto.

141 1923 164 1947 *
188 1928 247 1960 Pro
266 1919 391 1955 Raberto
407 1921 443 1959 de
459 1924 536 1955 Erus
551 1921 596 1956 ad
610 1922 809 1969 recipiendum
826 1921 956 1957 homines
982 1923 1020 1958 de
1038 1923 1196 1958 Marchiis

0 1946 11 1965 .
20 1947 126 1982 11714·
589 1970 758 2017 adpacem.

143 2056 257 2116 REX
276 2057 424 2095 omnibus,
442 2055 476 2086 ad
491 2065 580 2094 quos,
595 2057 657 2088 &c.
670 2056 792 2087 salutem.

236 2095 283 2126 Ad
305 2095 502 2134 recipiendum
521 2095 554 2125 ad
571 2104 672 2133 pacem
693 2095 726 2125 ὃ(
747 2095 922 2126 voluntatem
944 2094 1070 2126 nostram
1095 2105 1197 2127 omnes

145 2133 275 2164 homines
298 2135 331 2165 &
351 2133 492 2171 singulos,
509 2141 567 2164 tam
589 2133 740 2173 Anglicos,
758 2134 843 2172 quiitn
865 2133 984 2172 scotos,
1003 2135 1039 2165 de
1060 2135 1200 2174 Marchiis

144 2171 229 2202 Vallis
244 2173 373 2210 Anandi,
388 2173 422 2203 &
435 2171 556 2209 partibus
569 2171 772 2210 adjacentibus,
791 2174 839 2210 qui
854 2171 887 2201 ad
903 2183 1000 2210 pacem
1016 2175 1050 2204 ὅ(
1070 2174 1202 2204 volunta-

144 2217 204 2241 tem
223 2211 383 2250 hujusmodi
400 2211 498 2241 venire
505 2214 511 2232 ἵ·
554 2209 672 2249 luerint,
689 2210 795 2240 dilecto
816 2211 848 2240 ὃ(
862 2209 938 2240 fideli
951 2211 1050 2242 nostro
1066 2209 1202 2251 Rob'erto

144 2248 181 2278 de
196 2248 281 2288 Brus,
299 2249 412 2280 Comiti
423 2248 460 2280 de
475 2247 519 2278 Ca
547 2248 594 2287 ik,
611 2248 722 2287 plenam
736 2249 959 2288 committimus,
973 2258 1072 2287 tenore
1081 2250 1202 2288 -praesen-

146 2288 236 2326 tium,
253 2287 432 2331 potestatem.

185 2325 219 2356 In
239 2336 317 2365 cujus
339 2327 377 2356 rei
398 2324 593 2357 testimonium
609 2349 619 2363 ,
645 2325 694 2356 has
715 2324 816 2356 litteras
837 2324 896 2355 fieri
917 2325 1035 2357 facimus
1057 2335 1183 2365 patentes
1196 2351 1206 2365 ,

148 2363 285 2403 quamdiu
301 2365 383 2396 nobis
395 2364 531 2404 placuerit
546 2363 694 2394 duraturas.

0 2079 74 2115 Ann.
83 2078 124 2110 D.

23 2117 106 2156 1296.

0 2159 49 2185 An.
68 2167 112 2192 24-

0 2199 27 2224 Ε,
51 2205 73 2222 1.

0 2237 128 2262 Rot.sc0t.

0 2280 47 2307 24.
64 2276 93 2301 Ε,
109 2280 134 2299 1,

0 2319 38 2338 m.
62 2319 82 2338 1.

178 2440 269 2472 Teste
283 2441 366 2485 Rege
379 2439 453 2479 apud
466 2439 665 2479 Rokesburgh.
682 2449 726 2480 14.
740 2440 786 2470 die
802 2439 886 2470 Maii.

184 2516 376 2548 Consimilem
392 2515 734 2554 potestatem,recipiendi
747 2515 781 2545 ad
813 2525 893 2546 acem
910 2516 943 2547 &J
955 2516 1133 2548 voluntatem
1141 2517 1205 2548 Re-

147 2557 206 2593 gis,
226 2555 363 2592 Anglicos
385 2556 419 2586 &
443 2555 546 2586 Scotos
566 2554 602 2583 de
618 2554 766 2585 Comitatu
799 2564 815 2584 e
829 2554 948 2593 Carrik,
966 2555 1050 2586 habet
1063 2550 1208 2587 Robeitus

148 2595 187 2625 de
200 2594 267 2625 Brus
280 2594 350 2624 filius
365 2593 494 2630 praedisti
508 2593 638 2624 Roberti.

189 2633 225 2663 In
243 2633 338 2670 cujus,
356 2632 416 2663 &c.

192 2671 358 2710 Quamdiu,
375 2670 437 2701 &c-

186 2746 278 2778 Teste
295 2754 326 2778 ut
343 2746 431 2784 supra.

195 2876 245 2907 De
262 2871 399 2917 Custodia
419 2870 516 2916 castri·
530 2871 566 2905 de
581 2871 748 2921 Rokfsburg
765 2873 894 2908 Wltero
912 2873 1170 2921 Tbnkcommiffa.

159 2957 274 3015 REX
292 2958 423 2989 universis
445 2958 478 2989 &
500 2957 608 2998 lingulis
622 2957 658 2989 de
674 2957 885 2990 vicecomitatu
900 2958 936 2998 de
951 2959 1160 3001 Rokesburgh,
1177 2959 1211 2999 ad

36 3001 120 3039 1296.
232 3006 319 3041 quos,
337 2997 396 3027 &c.
412 2996 534 3026 salutem.

12 3045 64 3069 An.
85 3049 131 3074 24.
195 3033 291 3066 Sciatis
303 3034 383 3073 quod
399 3034 592 3065 commisimus
606 3035 710 3067 (1116ἂο
723 3036 756 3067 ὅ(
765 3035 838 3067 fideli
846 3035 1099 3075 nostro‚Waltero
1106 3037 1209 3075 Tonk,

13 3083 46 3107 Ε.
68 3089 92 3106 ι.
161 3070 293 3103 Castrum
308 3074 342 3104 &
356 3072 460 3102 Villam
482 3072 606 3111 nostram
627 3073 662 3103 de
684 3073 893 3113 Rokesburgh,
913 3084 946 3105 ac
968 3075 1212 3106 Vicecomitatum

12 3114 71 3146 Rot.
83 3121 148 3144 scot.
161 3110 291 3142 nostrum
304 3110 488 3149 praedidtum,
506 3121 574 3141 cum
589 3113 721 3143 omnibus
734 3111 768 3142 ad
789 3113 905 3151 eadem,
923 3112 1075 3152 Castrum,
1093 3114 1214 3152 Villam,

23 3155 148 3192 19.usque
164 3151 197 3181 &
219 3150 459 3181 Vicecomitatum
480 3150 694 3188 pertinentibus,
712 3151 893 3182 custodienda
914 3152 1048 3190 quamdiu
1062 3152 1144 3182 nobis
1156 3153 1214 3190 pla-

17 3201 64 3228 ²4·
79 3197 109 3220 Ε.
127 3202 151 3220 1.
163 3189 270 3258 {grin
287 3190 323 3219 ita
339 3188 417 3227 quod
437 3187 474 3218 de
493 3188 609 3218 exitibus
621 3211 631 3226 ,
648 3189 713 3219 inde
730 3190 957 3228 provenientibus
972 3191 1080 3229 ,nobis
1099 3191 1214 3229 respon-

15 3241 54 3260 171.
75 3241 99 3259 ι.
216 3235 236 3257 t.

200 3265 240 3296 Et
262 3265 327 3296 ideo
348 3266 432 3296 vobis
455 3264 638 3302 mandamus,
656 3263 705 3294 sub
718 3264 892 3298 forisfaetura
904 3268 1052 3306 omnium,
1072 3277 1135 3306 quae
1151 3277 1214 3307 erga

162 3313 216 3334 nos
232 3303 392 3338 forisfacere
408 3304 546 3341 poteritis,
567 3302 681 3332 firmiter
692 3303 879 3344 injungentes,
923 3306 980 3336 uod
997 3306 1091 3336 eidem
1105 3306 1217 3336 Walte-

162 3352 215 3379 ro,
230 3350 364 3379 tanquam
379 3340 501 3371 Custodi
513 3340 612 3371 nostro
628 3340 846 3382 praedictorum,
865 3344 918 3374 Cal
934 3346 976 3382 ri,
994 3344 1095 3382 Villae,
1113 3346 1147 3375 &
1164 3343 1217 3374 Vi—

164 3379 353 3410 cecomitatris
368 3402 378 3418 ,
396 3381 424 3409 in
447 3381 603 3417 omnibus,
621 3388 685 3417 quae
709 3378 743 3409 ad
765 3381 921 3412 custodiam
943 3382 1111 3414 eorumdem
1134 3384 1218 3420 perti-

163 3427 233 3448 nent
247 3441 257 3455 ,
275 3417 328 3447 fitis
347 3417 521 3448 intendentes
537 3440 546 3456 ,
564 3416 775 3456 respondentes,
792 3420 967 3450 consulentes
988 3423 1021 3452 &
1045 3421 1219 3459 auxiliantes,

164 3464 251 3526 {tout
271 3455 306 3494 ad
324 3455 467 3486 honorem
487 3457 521 3487 &
545 3454 738 3486 commodum
753 3453 883 3489 nostruin
899 3459 997 3490 melius
1013 3460 1097 3490 fuerit
1112 3459 1218 3490 facien-

187 3504 244 3524 um.

203 3532 237 3563 10
251 3532 345 3571 cujus,
363 3532 423 3564 &c.

14 2962 90 2995 Ann.
106 2961 144 2992 D.

202 3608 293 3640 Teste
308 3608 391 3648 Rege
404 3607 479 3646 apud
495 3607 695 3647 Rokesburgh.
713 3616 759 3648 14.
774 3607 820 3639 die
835 3607 917 3640 Maii.

398 3733 558 3779 Seneftallo
571 3733 729 3780 serviendo
749 3737 822 3781 Regi
845 3735 960 3782 Anglii?
979 3748 1081 3771 contra
1099 3735 1224 3784 Johan·

172 3736 222 3769 De
238 3733 383 3782 Johanne

182 3795 190 3804 ³
408 3794 476 3817 nem
491 3781 527 3814 de
545 3782 670 3825 Baitia,
693 3786 729 3821 ᾤ’
750 3793 852 3816 contra
875 3785 992 3817 Gentes.

14 3868 103 3901 ¹Ann.
115 3868 156 3900 D.
228 3866 311 3904 Tous
332 3877 422 3901 ceaux
462 3868 511 3906 qui
528 3866 616 3898 cestes
637 3867 730 3897 lettres
751 3874 870 3898 verront
890 3877 929 3897 ou
949 3878 1066 3908 orront,
1081 3870 1176 3909 Johan
1195 3870 1222 3901 le

49 3909 132 3950 1296.
249 3905 412 3945 Seneschiil,
427 3890 450 3936 l}
452 3916 513 3936 rere
527 3915 610 3936 mons
621 3905 716 3944 James
729 3904 876 3949 Seneschal
890 3905 1044 3950 d’Eseoce,
1059 3909 1141 3939 saluz.

28 3951 141 4014 galam
173 3941 381 4012 Prssffecgeoclrtue
392 3954 466 3979 nous
477 3944 574 3976 sumez
587 3952 681 3978 venuz
695 3954 710 3974 a
724 3943 750 3974 la
763 3944 822 3981 for,
841 3944 875 3975 &
889 3943 1028 3976 alamiste
1039 3945 1077 3976 du
1086 3947 1224 3978 tresnoble

355 3993 384 4013 re
398 3984 476 4013 chier
488 3984 626 4020 Seigneur
639 3981 759 4013 Edward
769 4005 777 4018 ,
795 3992 844 4020 par
860 3981 885 4012 la
900 3991 985 4019 grace
1000 3983 1036 4014 de
1049 3984 1144 4023 Dieu,
1163 3985 1224 4016 Roi

30 4028 69 4052 Ex
84 4027 154 4061 Orig.
172 4018 382 4059 d'Engleterre,
399 4021 534 4060 Seigneur
547 4021 684 4058 d'Irland,
701 4020 734 4051 &
748 4020 816 4050 Duc
831 4020 1025 4061 d’Aquitaine,

29 4065 158 4091 PenesCa-
207 4057 295 4089 Nous
309 4068 498 4095 promettoms
510 4070 563 4098 pur
579 4069 649 4092 nous
659 4083 668 4098 ,
687 4059 719 4089 &
733 4069 785 4097 pur
800 4069 852 4089 nos
864 4059 953 4096 heirs,
967 4059 1011 4090 sur
1024 4061 1105 4098 peine
1118 4061 1227 4092 decors

10 4101 120 4130 hmerar,
174 4096 208 4126 &
223 4095 258 4126 de
276 4096 380 4135 Avoir,
397 4093 487 4128 &sur
499 4108 585 4136 quant
601 4108 655 4136 que
669 4108 739 4128 nous
759 4097 901 4135 peussoms
923 4107 1060 4136 encoure,
1079 4110 1135 4137 que
1155 4110 1228 4130 nous

170 4134 291 4169 serroms
309 4144 346 4175 en
363 4134 474 4175 s’ayde,
490 4137 524 4171 ὃς
540 4137 562 4169 li
574 4137 728 4171 ¹serviroms
749 4137 815 4174 bien
827 4137 860 4169 ὃ(
874 4136 1029 4169 loiaument
1045 4145 1146 4176 contre
1157 4146 1230 4170 totes

1223 243 1697 293 PossLch.
2181 268 2259 308 159

1225 338 1291 374 entz
1315 332 1363 369 qui
1378 341 1498 376 'purront
1519 336 1597 378 vivre
1620 337 1653 368 ὃ(
1671 339 1775 375 morir,
1793 345 1976 370 nomeement
1989 347 2087 371 contre
2102 340 2195 378 johan
2214 341 2249 372 de
2269 342 2343 373 Αηη»
2356 340 2397 373 l).

1230 369 1318 406 aillol,
1337 380 1384 407 qui
1400 371 1457 414 feut
1474 372 1534 402 Roi
1546 373 1698 416 d'Escoce,
1716 377 1748 406 &
1763 386 1863 407 contre
1875 385 1946 408 touz
1960 378 1997 408 [65
2010 379 2142 417 syderis,
2160 380 2193 409 &
2208 380 2246 410 ses
2289 384 2371 417 1296.

1205 407 1325 437 fauteurs
1336 418 1370 438 en
1386 408 1528 452 Romume
1543 411 1692 450 d'hlcoce,
1710 416 1743 444 &
1761 415 1866 445 ailleurs
1874 439 1883 454 ,
1902 426 1973 446 tores
1988 417 2025 446 les
2037 418 2097 447 {032
2110 427 2164 454 que
2179 428 2248 448 nous
2268 427 2331 451 mv.
2356 433 2378 449 i.

1206 445 1324 475 serroms
1339 456 1447 489 requis,
1466 458 1503 477 ou
1521 451 1618 484 garniz
1634 450 1668 480 de
1683 462 1729 488 par
1744 452 1839 483 nostre
1851 453 1986 492 561016111-
1998 456 2024 484 le
2038 456 2099 485 Roi
2113 456 2246 487 d‘Eiisle-

1206 492 1278 514 terre
1290 484 1428 522 avantdit,
1445 495 1484 515 ou
1499 496 1544 523 par
1557 488 1594 517 ses
1606 488 1686 518 h-cirs
2187 482 2205 495 Β

1243 520 1269 551 Ε
1285 532 1339 559 que
1355 532 1426 553 nous
1438 523 1497 554 leur
1509 525 1575 555 dam
1592 534 1626 555 oe
1639 536 1675 555 nc
1686 527 1824 558 saveroms
1838 538 1893 566 que
1909 539 1979 561 nous
1994 531 2039 562 vel
2052 531 2251 563 destorbeoms

1206 569 1221 589 a
1237 567 1280 589 tot
1293 559 1388 590 nostre
1403 571 1487 598 poer,
1503 563 1535 603 ὃς
1552 563 1576 593 16
1598 575 1646 594 eur
1660 565 1782 595 faceoms
1796 576 1811 595 a
1822 567 1918 597 savoir.

1243 596 1269 641 Ε
1281 622 1290 635 ,
1308 609 1324 628 3
1346 598 1433 629 ceste-s
1456 600 1552 630 6110165
1570 602 1640 631 tenir
1661 604 1693 632 ὅ(
1714 603 1812 642 garder
1824 628 1833 640 ,
1851 605 2008 644 obligeoms
2028 617 2098 638 nous
2112 631 2121 645 ,
2139 608 2173 639 &
2196 617 2250 638 nos

1207 635 1295 674 heirs,
1309 636 1346 697 l&
1359 645 1427 667 touz
1443 648 1494 668 nos
1509 639 1604 677 biens,
1624 641 1657 670 &
1669 649 1751 670 outre
1764 651 1798 671 ce
1812 651 1910 673 avoms
1919 653 1999 681 Jurez
2016 645 2059 674 sur
2080 646 2187 676 Seintes
2211 646 2252 676 E—

1208 683 1362 712 wangeres.

1245 711 1291 742 En
1306 712 1521 744 testimoniance
1534 715 1570 744 de
1584 725 1656 752 queu
1671 716 1755 746 chose
1767 727 1838 747 nous
1852 727 1951 749 avoms
1965 718 2013 749 fait
2028 719 2094 750 faire
2107 721 2255 753 661165161-

1207 759 1261 780 tres
1275 759 1385 780 overtes
1396 751 1491 782 [631665
1504 753 1538 782 dc
1552 754 1647 784 nostre
1660 754 1719 788 seal.

1248 824 1329 856 Dori.
1351 835 1365 869 a
1389 826 1572 865 Rokesburg.
1593 828 1785 872 le‘quinzime
1801 831 1868 868 jour
1882 830 1917 874 de
1930 830 2016 869 May,
2032 829 2087 862 l'an
2101 834 2140 863 du
2155 833 2259 874 Regne

1211 864 1307 894 nostre
1321 864 1454 902 Seigneur
1467 865 1494 895 le
1501 866 1570 905 Roy
1584 866 1775 904 d’hngleterre
1788 869 1909 900 avantdit
1924 870 2051 900 vintisme
2066 881 2154 909 quart.

1214 986 1240 1012 ἦ
1266 986 1324 1020 Ad
1349 990 1456 1034 Regem
1480 990 1702 1030 Romanorum,
1727 988 1763 1020 de
1789 991 1912 1036 Trengis
1929 1017 1938 1032 ,
1962 993 2053 1038 usqne
2075 993 2119 1026 ad
2145 995 2262 1027 Natale
2282 1009 2414 1044 *117150

1329 1119 1399 1159 Roy
1417 1118 1607 1158 d’Alemaine,
1626 1119 1707 1150 saluz.
2289 1127 2419 1160 Arm-D·

1565 1037 1690 1068 Domini
1714 1036 1909 1070 concedendis.

1218 1120 1276 1181 Α
1315 1158 1428 1189 Venant
1440 1169 1456 1188 a
1468 1169 1518 1188 ore
1531 1157 1566 1188 de
1584 1159 1686 1196 novel,
1704 1169 1719 1187 a
1732 1157 1827 1189 nostre
1844 1157 1992 1196 presence,
2010 1160 2035 1190 le
2048 1161 2266 1193 honorablePe-
2309 1165 2393 1206 1296·

1218 1208 1265 1235 16,
1283 1207 1299 1227 6
1329 1196 1425 1226 nostre
1444 1197 1528 1226 chere
1549 1206 1629 1235 amy,
1647 1196 1707 1226 Sire
1728 1196 1759 1226 Β,
1773 1208 1820 1235 par
1833 1197 1857 1227 la
1871 1206 1953 1236 grace
1968 1198 2003 1227 de
2015 1198 2110 1237 Dieu,
2127 1200 2219 1230 Evesk
2231 1201 2268 1231 de
2286 1210 2336 1234 Aa,
2357 1217 2402 1241 24.

1220 1235 1321 1265 Alban.
1338 1234 1469 1264 Cardinal
1486 1235 1556 1264 dela
1571 1235 1647 1265 Seint
1662 1234 1756 1271 Eglise
1770 1237 1806 1266 de
1821 1236 1936 1274 Rome,
1955 1236 2019 1265 mist
2033 1246 2131 1275 graunt
2150 1239 2267 1277 diligen·
2289 1249 2317 1273 Ε,
2341 1253 2363 1271 1.

1221 1284 1255 1304 66
1274 1284 1290 1303 6
1312 1274 1411 1311 peine,
1429 1284 1445 1303 e
1466 1284 1512 1311 par
1533 1273 1676 1310 especiales
1698 1273 1802 1304 Prieres
1824 1273 1860 1303 de
1874 1284 1920 1311 par
1934 1275 1961 1304 16
1975 1275 2120 1313 Apostoll,
2138 1285 2154 1305 6
2169 1277 2192 1305 13
2205 1278 2267 1314 1116,
2291 1290 2344 1310 Rot.
2362 1281 2420 1309 Alea

1222 1322 1294 1343 nous
1317 1312 1421 1350 requist
1442 1313 1661 1342 ententivement
1681 1322 1717 1349 (16
1737 1323 1751 1342 3
1764 1313 1956 1343 reformemen
1971 1313 2007 1343 (16
2023 1323 2128 1352 1161165,
2145 1323 2161 1343 6
2176 1316 2212 1344 de
2223 1325 2270 1352 pes
2291 1331 2361 1348 man,
2376 1330 2420 1354 24.

1221 1348 1362 1381 vousisons
1379 1350 1501 1380 encliner
1509 1349 1603 1380 nostre
1617 1360 1726 1389 corage.
2292 1364 2322 1386 Ξ,
2339 1367 2362 1385 1,
2377 1367 2414 1384 m,

1261 1387 1286 1419 E
1304 1398 1357 1426 (16,
1377 1397 1458 1419 avant
1472 1397 1541 1419 totes
1553 1397 1641 1419 autres
1656 1388 1770 1426 choses,
1784 1388 1926 1419 voufisons
1937 1390 2022 1419 otrier
2034 1389 2143 1420 aukune
2156 1388 2272 1420 suffran-
2295 1408 2337 1434 ¹7·
2356 1397 2382 1425 A,

1227 1437 1262 1457 ce
1274 1426 1310 1456 de
1328 1426 1387 1457 [611
1408 1426 1443 1456 (16
1465 1427 1559 1464 Gere,
1577 1435 1654 1457 taunt
1676 1437 1729 1464 que
1739 1426 1780 1456 sus
1795 1426 1832 1456 les
1845 1426 1941 1457 choses
1956 1428 2105 1459 avantdites
2118 1430 2197 1466 peust
2207 1439 2271 1461 aver

1225 1465 1321 1504 plener
1335 1466 1419 1495 tretiz
1432 1474 1510 1496 entre
1523 1475 1606 1503 ceus,
1625 1466 1653 1503 qi
1669 1466 1693 1495 la
1709 1466 1847 1502 bosoigne
1861 1466 1981 1503 touche3

1264 1503 1437 1537 Monstranz
1453 1503 1489 1533 les
1509 1512 1628 1542 grauntz
1647 1503 1778 1540 damages
1789 1526 1798 1541 ,
1816 1515 1832 1533 e
1856 1504 1893 1533 les
1911 1504 2003 1534 divers
2021 1504 2102 1543 perils
2114 1527 2124 1543 ,
2142 1514 2177 1535 60
2196 1505 2274 1543 (10615

1226 1549 1269 1572 tut
1288 1542 1315 1572 16
1331 1541 1458 1580 mounde
1476 1541 1539 1579 est,
1562 1551 1728 1572 nomement
1746 1552 1798 1579 pur
1816 1551 1874 1572 noz
1892 1550 1976 1580 genrz
1992 1566 2001 1580 ,
2019 1545 2047 1580 qi
2065 1543 2125 1573 sont
2143 1554 2178 1573 en
2198 1544 2278 1574 Gere

1230 1590 1281 1610 ore
1294 1590 1330 1615 en
1345 1579 1478 1619 dreit,en
1485 1580 1647 1617 Gascoigne
1660 1579 1743 1611 d'une
1759 1589 1857 1618 part,e
1870 1580 1906 1610 les
1917 1590 2005 1620 gentz
2019 1582 2045 1612 le
2060 1582 2125 1620 Rey
2139 1582 2175 1612 de
2190 1582 2276 1612 Fran-

1228 1628 1263 1649 ce
1275 1618 1311 1654 de
1323 1627 1409 1653 autre.

1267 1656 1292 1687 E
1314 1657 1358 1687 sur
1378 1667 1432 1688 660
1452 1667 1523 1687 00115
1558 1656 1739 1696 regardauntz
1752 1655 1790 1686 165
1804 1655 1863 1687 ditz
1878 1656 1975 1694 pei-ils,
1993 1668 2009 1687 e
2024 1657 2189 1689 soveinantz
2207 1658 2243 1689 de
2256 1659 2281 1690 la

1229 1695 1384 1733 suffrance,
1402 1706 1438 1734 qe
1451 1681 1582 1728 autresiez
1594 1706 1628 1725 au
1643 1695 1683 1724 dit
1699 1694 1844 1734 Cardinal,
1863 1705 1879 1725 e
1892 1706 1906 1725 a
1920 1695 1946 1726 16
1968 1694 2077 1733 Εν6[(16
2096 1697 2132 1727 (16
2154 1696 2278 1727 Penestr.

1230 1734 1281 1764 son
1301 1733 1510 1771 Compaignon
1528 1743 1564 1764 en
1583 1733 1658 1763 ceste
1679 1733 1831 1773 bosoigne,
1851 1735 1982 1764 otriames
2002 1743 2039 1764 en
2059 1735 2084 1764 la
2098 1736 2229 1773 presence
2241 1737 2278 1766 de

1231 1772 1354 1803 aukunes
1367 1773 1403 1802 de
1416 1783 1466 1805 vos
1480 1781 1581 1811 gentz,
1594 1772 1700 1802 [160106
1716 1782 1785 1802 nous
1799 1771 1967 1802 entendoms
1982 1772 2010 1810 qi
2024 1783 2094 1802 vous
2110 1774 2176 1803 bien
2189 1774 2280 1804 sauez.

1272 1810 1327 1840 Pur
1342 1811 1432 1841 l’onur
1446 1810 1482 1840 de
1495 1811 1518 1841 13
1533 1810 1588 1841 dite
1601 1810 1691 1850 Eglise
1705 1809 1740 1840 de
1755 1810 1867 1847 Rome,
1886 1810 1910 1840 la
1925 1810 2007 1848 quele
2020 1820 2034 1839 a
2048 1821 2118 1841 vous
2133 1822 2148 1841 e
2163 1823 2178 1841 a
2192 1822 2281 1850 nous,

1234 1849 1340 1880 sicome
1354 1859 1424 1881 vous
1437 1858 1511 1886 poez
1528 1859 1590 1888 ver,
1610 1858 1689 1886 porra
1703 1848 1775 1879 estre
1789 1859 1824 1879 en
1837 1848 1912 1879 ceste
1927 1848 2061 1887 bosoigne
2077 1859 2160 1880 mout
2171 1850 2285 1888 profita-

1233 1888 1281 1918 ble
1295 1910 1305 1925 ,
1322 1898 1408 1919 auons
1426 1897 1521 1927 grante
1543 1898 1578 1917 au
1599 1888 1639 1917 dit
1659 1886 1788 1917 Cardinal
1809 1887 1845 1917 de
1866 1887 1967 1917 Alban.
1990 1887 2037 1925 q’il
2052 1912 2062 1925 ,
2080 1897 2097 1917 e
2115 1889 2166 1918 son
2189 1888 2284 1918 Coni-

1235 1927 1358 1965 paignon
1379 1926 1519 1964 avantclit,
1537 1925 1663 1964 peussent
1682 1925 1740 1955 fere
1761 1925 1786 1955 la
1800 1925 1869 1955 dites
1884 1925 2040 1964 suffiance,
2057 1936 2072 1955 a
2086 1925 2170 1957 duret
2185 1927 2253 1957 desi<
2271 1937 2285 1957 a

1235 1964 1325 1995 Noel.

1273 2002 1298 2032 E
1312 2003 1366 2034 ausi
1380 2012 1468 2033 anons
1484 2002 1563 2033 done
1577 2012 1646 2040 poet
1658 2012 1673 2031 a
1688 2012 1739 2032 nos
1752 2002 1842 2032 chiers
1857 2000 1976 2039 escaus,
1995 2001 2124 2033 Monsire
2144 2002 2179 2033 A.
2203 2002 2287 2033 Con-

1238 2050 1266 2072 te
1285 2040 1320 2073 de
1341 2042 1465 2081 Sauveye
1484 2040 1582 2071 nostre
1605 2040 1713 2077 (30110,
1731 2039 1770 2070 Ο.
1783 2040 1819 2070 (16
1836 2039 1983 2069 Granzon.
1998 2050 2015 2070 e
2030 2040 2070 2070 G.
2084 2041 2119 2070 de
2134 2041 2286 2078 Langeton

1237 2078 1334 2112 nostre
1353 2079 1505 2117 Tresorer,
1524 2089 1562 2109 ou
1584 2089 1599 2108 a
1618 2079 1685 2111 deus
1705 2079 1740 2110 de
1751 2089 1814 2118 eus,
1833 2077 1868 2107 de
1882 2086 1964 2108 treter
1987 2088 2003 2108 e
2026 2079 2162 2117 afermer,
2180 2080 2287 2109 ensem-

1238 2118 1364 2148 blement
1385 2129 1401 2148 e
1423 2125 1481 2148 voz
1505 2117 1663 2156 Meffages,
1682 2118 1730 2154 qui
1750 2128 1820 2150 vous
1837 2117 1845 2145 i
1862 2125 2011 2153 enverrcz,
2031 2126 2103 2147 treus
2121 2126 2201 2148 entre
2218 2127 2289 2148 vous

1239 2167 1255 2186 e
1278 2166 1349 2186 nous
1368 2166 1384 2186 6
1402 2165 1452 2185 nos
1474 2155 1584 2186 valitors
1604 2156 1638 2185 de
1659 2165 1712 2185 une
1734 2164 1809 2194 part,
1827 2164 1842 2184 e
1864 2154 1889 2183 le
1911 2154 1950 2184 dit
1972 2154 2041 2194 Roy
2052 2155 2087 2185 de
2100 2155 2208 2186 France
2223 2166 2237 2186 e
2252 2156 2290 2185 ses

1240 2195 1351 2238 valitors
1370 2194 1406 2224 de
1425 2203 1517 2232 autre,
1535 2204 1570 2224 en
1586 2193 1611 2224 13
1633 2193 1747 2224 [0111106
1759 2204 1775 2224 6
1791 2193 1946 2224 condicion
1961 2203 1997 2231 qe
2010 2203 2081 2224 vous
2102 2194 2188 2232 plerra
2202 2193 2292 2224 31160-

1241 2241 1286 2264 tlr.

1279 2270 1306 2301 E
1329 2270 1485 2302 l’avantdite
1505 2270 1643 2301 suffrance
1660 2280 1746 2300 auons
1767 2269 1828 2308 plus
1849 2268 2019 2309 legerement
2037 2278 2172 2309 graunte,
2191 2280 2242 2308 pur
2256 2270 2294 2301 les

1245 2308 1389 2345 neceffites
1411 2311 1440 2348 qi
1460 2319 1531 2340 nous
1552 2319 1638 2340 auons
1653 2308 1776 2339 eiiieiidu
1788 2311 1817 2347 qi
1833 2319 1902 2338 vous
1918 2317 1988 2338 auez
2002 2319 2038 2339 en
2054 2319 2164 2340 aucune
2174 2309 2221 2339 des
2236 2318 2296 2341 voz

1245 2349 1359 2387 parties,
1378 2358 1394 2377 e
1407 2358 1479 2378 nous
1492 2348 1553 2386 ausy
1570 2358 1606 2377 en
1619 2348 1656 2377 les
1672 2348 1768 2385 parties
1783 2348 1819 2377 de
1834 2345 1957 2385 Escoce,
1975 2357 2013 2377 ou
2027 2357 2099 2377 nous
2112 2347 2202 2378 sumes
2216 2358 2274 2377 ore.

1281 2386 1325 2424 E,
1344 2396 1397 2424 pur
1408 2396 1462 2416 ceo
1480 2396 1515 2424 qe
1528 2386 1554 2416 16
1567 2386 1607 2416 dit
1621 2385 1752 2415 Cardinal
1766 2385 1801 2415 de
1818 2384 1919 2415 Alban.
1934 2394 2006 2415 nous
2018 2385 2052 2414 ad
2073 2387 2151 2423 prie,
2167 2395 2204 2423 qe
2222 2393 2295 2416 nous

1244 2435 1316 2458 vous
1332 2426 1427 2462 prioris
1440 2435 1475 2462 qe
1490 2435 1560 2457 vous
1574 2433 1682 2455 enueez
1693 2433 1752 2455 voz
1764 2431 1850 2463 gentz
1863 2423 1887 2452 al
1895 2423 1960 2460 jour
1976 2423 2011 2452 de
2026 2423 2050 2452 la
2071 2432 2164 2460 treue,
2181 2424 2208 2453 le
2230 2424 2295 2461 quel

1244 2463 1282 2499 il,
1300 2473 1316 2493 6
1331 2463 1381 2493 son
1396 2462 1599 2502 Compaignon
1613 2461 1738 2492 avantdit
1751 2472 1823 2492 vous
1834 2461 1932 2491 frount
1947 2461 2053 2499 asaver,
2072 2471 2143 2491 vous
2158 2462 2251 2499 prioris
2266 2463 2296 2502 qi

1244 2511 1317 2532 vous
1331 2502 1340 2531 i
1355 2501 1394 2534 les
1410 2510 1529 2539 envees,
1547 2500 1589 2531 iffi
1605 2502 1634 2538 qi
1647 2510 1711 2538 eus,
1727 2511 1743 2530 6
1758 2510 1810 2530 1105
1823 2508 1924 2538 gentz,
1943 2500 1951 2528 i
1965 2500 2092 2537 peussent
2108 2499 2180 2529 estre
2188 2500 2297 2530 ensem-

1245 2539 1310 2576 ble,
1329 2550 1344 2569 e
1356 2548 1458 2569 overer
1472 2539 1508 2568 de
1523 2548 1561 2569 un
1574 2538 1693 2577 conscii,
1712 2548 1727 2568 e
1742 2539 1777 2568 de
1791 2547 1828 2569 un
1844 2538 1945 2567 acord:

1282 2577 1339 2607 Pur
1354 2578 1419 2615 quei
1431 2577 1472 2607 sus
1485 2587 1540 2607 ceo
1552 2587 1623 2608 nous
1637 2577 1776 2606 maundez
1789 2575 1884 2607 vostre
1899 2575 2028 2615 volente,
2047 2585 2063 2605 e
2076 2575 2170 2607 vostre
2182 2576 2244 2608 bon
2266 2585 2297 2607 e·

1246 2615 1314 2653 stat,
1329 2616 1367 2646 les
1380 2615 1437 2653 qels
1450 2625 1520 2645 nous
1534 2615 1656 2645 desirons
1668 2624 1739 2646 touz
1748 2617 1825 2653 jours
1838 2614 1935 2644 asauer.

1284 2690 1374 2729 Don,
1390 2691 1449 2722 &c
1467 2700 1482 2720 3
1495 2689 1686 2728 Rokesburgh
1701 2700 1737 2720 en
1751 2689 1858 2722 Escoce
1870 2690 1897 2720 le
1912 2691 1956 2720 16.
1966 2689 2032 2728 jour
2045 2688 2079 2720 de
2095 2689 2176 2731 May.

1246 2814 1305 2849 Ad
1318 2813 1440 2849 eundem
1460 2816 1568 2861 Regem
1585 2817 1692 2849 Litera
1710 2813 1841 2896 ejquZn
1858 2818 1964 2849 tenoris
1981 2813 2016 2848 de
2025 2815 2207 2860 sufferentia
2232 2827 2301 2848 con·

1704 2864 1791 2896 ceden
1813 2876 1845 2897 a.

1250 2948 1467 3011 SErenislimo
1479 2948 1623 2985 Principi,
1642 2946 1778 2978 Domino
1802 2947 1837 2978 A.
1859 2947 1916 2978 Dei
1936 2947 2037 2985 gratia,
2055 2946 2129 2990 Regi
2149 2947 2300 2978 Romano-
2318 2963 2383 2994 Am,
2410 2961 2449 2994 D⁴

1308 2997 1372 3017 rum
1393 2987 1504 3025 illustri,
1522 2987 1630 3022 semper
1651 2986 1800 3025 Augusto,
1817 2987 1912 3016 amico
1935 2987 1983 3016 suo
2005 2986 2146 3016 6311111010
2158 3009 2169 3024 ,
2184 2985 2299 3018 Edwar-
2388 2988 2393 2993 ‘
2445 2991 2447 2993 '

1250 3027 1318 3063 diis,
1335 3025 1434 3056 effidem
1450 3025 1554 3062 gratia,
1573 3025 1633 3054 &c.
1648 3024 1761 3055 salutern
1775 3026 1873 3062 optatis
1887 3024 2052 3055 successibus
2066 3024 2237 3055 affluentem.

1287 3064 1460 3095 Venerabilis
1482 3063 1578 3100 Pater,
1596 3062 1715 3099 specialis
1735 3064 1843 3093 amicus
1864 3062 1957 3093 noster
1994 3063 2138 3094 Dominus
2160 3062 2191 3093 Β.
2214 3062 2300 3094 Alba·-
2320 3084 2339 3106 E
2372 3089 2380 3106 1

1252 3103 1341 3133 nensis
1362 3102 1534 3140 Episcopus,
1550 3102 1661 3135 noviter
1681 3101 1715 3131 ad
1735 3101 1907 3141 praesentiam
1920 3088 2044 3132 nostram
2057 3100 2211 3140 accedens,
2229 3101 2301 3139 apud
2320 3101 2364 3145 BL„
2388 3099 2448 3143 'Alfi

1251 3152 1304 3172 nos
1315 3141 1418 3172 devota
1430 3149 1547 3179 precum
1561 3138 1687 3177 instantia
1701 3141 1734 3171 &
1748 3140 1989 3178 supplicationibus
2004 3141 2108 3170 intimis
2123 3139 2236 3178 institit,
2249 3150 2302 3170 no·
2321 3139 2389 3182 hal,-
2406 3163 2450 3188 24·

1252 3181 1364 3218 bisque,
1383 3189 1417 3209 ex
1429 3187 1507 3217 parte
1520 3177 1643 3208 Domini
1663 3200 1670 3206 .
1690 3200 1697 3207 .
1718 3201 1723 3207 .
1743 3179 1853 3207 Summi
1869 3177 2012 3208 pontificis
2025 3188 2108 3216 atque
2121 3178 2181 3216 sua,
2199 3178 2301 3208 1011311-
2320 3198 2339 3220 E
2373 3202 2395 3219 1.
2413 3201 2449 3219 Μ,

1251 3219 1354 3249 tissime
1366 3218 1544 3256 supplicavit,
1553 3225 1582 3246 ut
1595 3216 1787 3247 reformationi
1801 3226 1959 3258 treugarum
1973 3219 2006 3248 &
2020 3218 2092 3255 pacis
2104 3217 2233 3247 nostrum
2243 3217 2301 3248 vel·
2322 3216 2363 3259 ,δ”
2381 3231 2407 3259 d·

1253 3257 1344 3287 lemus
1357 3255 1484 3287 animum
1499 3255 1639 3285 inclinare.

1294 3295 1373 3325 Cum
1393 3293 1581 3326 sollicitudinis
1599 3301 1710 3323 attentoe
1731 3291 1824 3323 studio
1846 3302 1897 3323 nos
1910 3292 2036 3333 rogando
2048 3301 2093 3331 ut,
2111 3301 2174 3323 ante
2187 3291 2302 3330 omnia,

1255 3333 1404 3372 aliqualem
1425 3332 1612 3364 sufferentiam
1633 3332 1648 3360 3
1670 3330 1774 3361 bellicis
1797 3331 1903 3362 ac‘tibus
1919 3354 1928 3369 ,
1957 3332 2049 3362 donec
2072 3332 2175 3368 plenius
2203 3332 2303 3360 tracta-

1255 3381 1298 3402 tus
1318 3381 1386 3402 cum
1409 3372 1475 3409 hiis,
1494 3380 1564 3408 quos
1586 3379 1628 3398 res
1651 3370 1756 3408 tangit,
1775 3369 1852 3407 super
1876 3369 2018 3406 praemiffis
2039 3369 2129 3407 posset
2142 3369 2250 3406 haberi,
2269 3367 2303 3398 si-

1258 3411 1288 3441 bi
1309 3409 1467 3441 concedere
1488 3408 1679 3448 dignaremur,
1697 3407 1738 3437 ob
1760 3408 1904 3439 honorem
1923 3408 1989 3439 sedis
2012 3406 2202 3445 Apostolicae,
2220 3415 2305 3444 atque

1289 3459 1354 3479 um:

1258 3448 1287 3480 su
1296 3486 1431 3517 Enarrans
1453 3484 1586 3515 immensa
1606 3482 1763 3521 dispendia,
1780 3483 1940 3522 diversaque
1960 3483 2080 3523 pericula
2095 3507 2104 3521 ,
2120 3492 2153 3512 ac
2174 3483 2306 3523 irreparaff-

1257 3525 1338 3564 bilia,
1356 3525 1492 3562 dampna,
1511 3524 1609 3560 quibus
1632 3531 1744 3560 propter
1765 3532 1913 3560 guerram,
1932 3532 1993 3560 quae
2011 3523 2080 3551 inter
2100 3530 2168 3558 v08‚
2186 3531 2256 3560 nos,
2271 3521 2305 3552 &

1259 3564 1434 3595 Francorum
1448 3562 1561 3598 Regem
1576 3570 1652 3599 nunc
1665 3561 1796 3598 vertitur,
1815 3559 1935 3590 mundus
1951 3560 2067 3597 subjacet
2079 3559 2234 3597 universim,
2253 3569 2306 3597 po-

1259 3602 1362 3633 tissime
1375 3602 1426 3632 hiis
1441 3600 1534 3630 diebus
1551 3608 1664 3637 propter
1679 3597 1787 3628 Gentes·
1802 3598 1923 3635 nostras,
1940 3599 1967 3628 in
1987 3597 2124 3628 Vasconia
2145 3596 2307 3636 existentes,

1260 3642 1337 3671 aetus
1350 3648 1506 3677 exercentes
1518 3646 1680 3674 armorum,
1698 3637 1731 3667 ὃ(
1747 3635 1856 3667 Gentes
1869 3635 1938 3667 dieti
1960 3635 2046 3675 Regis
2062 3635 2084 3665 F
2086 3635 2186 3665 ranciae
2207 3644 2241 3666 ex
2258 3635 2307 3666 ad-

1282 3679 1349 3710 erso.

1261 3690 1279 3712 V
1302 3717 1370 3748 Nos
1384 3723 1477 3746 autem
1486 3739 1494 3752 ,
1510 3712 1677 3750 praedifflim
1691 3713 1842 3743 imminens
1855 3712 2008 3751 periculum
2020 3711 2209 3751 advertentes,
2226 3713 2260 3744 &
2273 3711 2310 3751 de

1261 3755 1391 3787 concess&⁴
1406 3754 1485 3783 dicto
1499 3751 1640 3781 Cardinali
1654 3750 1842 3789 &Episcopo
1866 3750 2030 3781 Penestrino
2064 3748 2192 3791 Collegae
2211 3751 2260 3781 suo
2278 3752 2307 3780 in

1259 3792 1418 3832 hujusmodi
1430 3792 1561 3830 negotio,
1580 3799 1628 3827 per
1648 3789 1666 3808 ἢ*
1686 3789 1850 3819 Dominum
1867 3789 2009 3819 summum
2056 3787 2202 3819 ontificem
2219 3788 2309 3827 depu-
2328 3805 2379 3835 *11
2413 3805 2443 3832 ¹5

1260 3842 1335 3868 tato,
1353 3828 1511 3861 sufferentia
1526 3830 1555 3857 in
1572 3828 1732 3866 aliquorum
1745 3836 1780 3857 ex
1796 3827 1891 3858 vestris
1912 3826 2041 3864 gentibus
2064 3827 2204 3868 praesentia
2227 3828 2309 3867 (licut
2384 3814 2404 3842 '7
2446 3823 2455 3832 ⁴

1261 3871 1443 3902 Serenitatem
1458 3866 1577 3898 vestram
1590 3866 1673 3896 latere
1687 3875 1747 3896 non
1761 3865 1909 3899 credimus)
1928 3864 2080 3895 recolentes

1299 3908 1350 3938 Ob
1370 3906 1548 3937 reverentiam
1570 3904 1653 3933 dietae
1675 3903 1753 3934 Sedis
1777 3903 1964 3945 Apostolicae‚
1983 3905 2060 3941 cujus
2083 3890 2164 3936 savor
2178 3903 2260 3934 vobis
2274 3904 2307 3934 36

1261 3948 1343 3977 nobis
1363 3947 1392 3975 in
1412 3942 1568 3983 hujusmodi
1589 3943 1709 3978 negotio
1730 3942 1821 3979 postet
1843 3942 1917 3979 6116,
1935 3949 2017 3978 prout
2031 3942 2134 3980 nostis,
2152 3942 2306 3980 plurimum

1262 3984 1417 4017 [111191110ίῖ15
1432 4007 1441 4020 ,
1466 3980 1587 4019 ejusdem
1607 3979 1760 4010 Cardinalis
1781 3981 1917 4017 precibus‘
1929 3988 2077 4010 annuentes
2093 4004 2102 4018 ,
2120 3979 2309 4011 concessimus

1264 4033 1295 4055 ut
1319 4022 1423 4060 praefati
1444 4018 1609 4049 Cardinales
1628 4018 1790 4058 praedictam
1813 4016 2000 4047 sufferentiam
2013 4040 2022 4056 ,
2048 4019 2165 4048 nomine
2185 4019 2284 4048 nostro
2299 4039 2310 4055 ,

1265 4061 1367 4101 possint
1382 4060 1489 4095 facere,
1508 4058 1541 4088 ὅ(
1555 4055 1770 4093 firmare,usque
1785 4055 1819 4085 ad
1833 4056 1966 4093 proximo
1981 4055 2109 4087 futurum
2125 4055 2239 4087 Festum
2246 4054 2311 4085 Na-

1268 4100 1380 4132 tivitatis
1398 4097 1559 4127 Domiii'icae
1576 4094 1743 4125 duraturam.

1312 4137 1422 4168 Dantes
1438 4134 1636 4166 nichilominus
1649 4132 1757 4163 (11166115
1771 4133 1803 4164 &
1819 4130 1946 4162 fidelibus
1961 4131 2080 4171 nostris,
2096 4131 2133 4162 A.
2148 4129 2315 4163 ComitiSa-

2250 4170 2319 4198 bau-

2341 3004 2424 3039 1296.

2321 3047 2372 3068 An.
2388 3051 2432 3076 24.
