2570 4261
760 192 868 232 ΕΤ
925 191 1190 234 ACTA

18 268 96 305 Arm·
110 268 154 300 D·
203 276 240 308 Et
261 287 312 308 nos
329 277 457 318 praefatus
467 277 532 308 Rex
545 276 659 314 Petrus,
677 276 695 306 ii
705 299 714 315 ,
731 276 807 316 quod
822 277 890 307 absit
902 300 911 315 ,
926 278 955 307 in
970 278 1112 315 pl‘aemiffis
1127 278 1222 308 omni-

40 310 136 343 1282·s
164 316 215 346 bus
232 316 393 356 (legitimo,
413 325 527 355 aperto,
548 317 580 346 ὃς
596 316 667 345 bene
679 316 797 353 probato
812 316 940 352 corporis
954 316 1064 347 desec‘tu
1080 315 1219 357 cessante)

17 352 83 380 Ην·
104 358 128 375 ¹·
162 354 362 392 defecerimus,
379 363 412 384 ex
425 365 501 384 nunc
516 354 645 383 volumus
655 377 663 390 ,
681 354 713 382 &
728 353 913 383 consentimus
927 355 1065 393 expresse,
1080 354 1158 394 quod
1171 355 1220 391 ipli

161 393 291 429 praedidlei
308 393 489 430 quadraginta
504 391 612 422 Milites
625 392 660 421 ab
678 393 760 421 omni
775 391 925 429 fidelitatis,
944 392 1084 431 homagii,
1102 394 1135 423 ὃ(
1148 402 1222 431 quo-

161 431 229 461 libet
242 431 298 461 alio
307 433 486 468 juramento,
504 440 563 467 quo
576 430 657 459 nobis
670 438 798 460 tenentur
807 452 816 467 ,
835 429 940 466 prorsus
954 430 1004 461 lint
1018 432 1113 469 liberi,
1130 431 1163 461 &
1178 439 1223 460 re-

163 476 295 500 maneant
308 468 417 506 penitus
430 467 554 498 absoluti.
1201 489 1204 496 f

201 506 237 536 In
258 516 380 544 quorum
399 507 528 535 omnium
542 505 731 536 testimonium
756 506 789 536 ὃς
804 505 971 535 evidentiam
984 507 1137 545 pleniorem
1155 515 1222 543 nos,

163 543 292 582 praefatus
308 544 372 574 Rex
392 543 504 581 Petrus,
524 544 558 574 ὃς
579 554 647 582 nos,
663 544 787 583 praedicti
809 544 984 583 quadraginta
1004 545 1110 575 Milites
1124 567 1132 582 ,
1151 555 1223 582 prae-

162 583 248 612 sentes
260 583 376 620 litteras,
392 581 426 612 de
442 582 574 612 mandato
587 583 619 612 ὃς
634 583 776 612 voluntate
789 581 881 612 nostra
895 582 960 612 inde
975 583 1115 613 confestas
1127 605 1136 619 ,
1156 593 1224 620 pen-

163 619 296 651 dentium
310 621 461 661 sigillorum
475 620 637 650 nostrorum
651 619 861 659 appensionibus
875 620 1003 651 duximus
1010 620 1181 652 muniendas.

292 232 299 246 ἱ

203 699 315 732 Datum
331 701 484 738 Messanae,
502 701 583 730 tertio
599 698 735 729 Kalendas
744 699 963 738 Janua'rii,anno
978 700 1014 730 ab
1029 699 1223 730 Incarnatione

164 737 290 770 Domini
310 739 459 770 millesimo
473 737 665 768 ducentesimo
684 738 872 776 ostuagesimo
892 737 1033 775 secund03
1052 738 1223 776 Regnorum

163 777 330 808 nostrorum
344 777 492 816 Aragoniae
507 786 582 820 anno
596 776 731 816 septimo,
747 776 848 806 Siciliae
862 787 930 807 vero
944 778 1045 815 primo.

207 909 256 940 De
274 905 372 939 eodem
394 906 501 940 Duello
519 910 556 944 (ῤ’
574 904 768 952 Juramemis
781 933 790 948 ,
818 917 953 953 exparte
974 907 1074 939 Caroli
1092 910 1178 954 Regis

631 954 748 988 Siciliae.

168 1041 357 1103 KArolus,
376 1042 434 1072 Dei
452 1042 556 1080 gratia,
574 1042 638 1073 Rex
653 1042 842 1080 Hierusalem,
861 1043 893 1073 &
908 1042 1017 1081 Sicilae,
1037 1043 1070 1073 &
1082 1042 1226 1080 Sardiniae,

249 1081 283 1112 ad
299 1082 433 1111 notitiam
448 1081 625 1118 praesentium
659 1082 692 1112 &
708 1083 876 1112 memoriam
888 1081 1058 1112 futurorum.

41 1148 47 1154 ,
83 1148 89 1153 ,
204 1117 319 1150 Pridem
335 1120 406 1150 inter
425 1119 609 1159 magnificum
630 1103 792 1157 s’rincipem
802 1142 811 1157 ‚
827 1119 944 1149 Petrum
957 1119 1100 1156 Aragonae
1115 1119 1226 1157 Regem

14 1169 56 1192 Ex
63 1163 146 1191 Archi-
165 1156 299 1188 illustrem
319 1159 353 1189 ὃς
373 1167 425 1187 nos
439 1181 448 1196 ,
465 1166 566 1188 mutuo
580 1158 757 1197 praecedente
771 1158 887 1188 traetatu
901 1157 978 1195 quod
993 1157 1050 1195 ipse
1064 1157 1129 1187 Rex
1144 1158 1228 1195 elige-

15 1213 50 1230 vo
58 1203 152 1239 Episco-
166 1203 206 1225 ret
219 1196 263 1227 sex
278 1197 314 1226 de
327 1197 376 1226 suis
392 1195 550 1234 Militibus,
565 1198 640 1226 viros
658 1197 761 1233 probos
774 1197 807 1226 &
820 1195 930 1233 fideles,
947 1196 980 1227 &
994 1206 1046 1225 nos
1059 1195 1226 1234 eligeremus

12 1243 38 1277 pi
46 1241 149 1268 Albim-
166 1233 210 1263 sex
225 1235 260 1265 de
274 1235 372 1265 nostris
390 1233 546 1272 Militibus,
565 1235 640 1264 viros
651 1234 754 1273 probos
769 1234 801 1264 ὃς
815 1233 924 1272 fideles,
943 1235 989 1271 qui
1005 1243 1104 1264 omnes
1117 1233 1227 1264 duode-

7 1278 54 1314 fis,
166 1273 224 1303 cim
247 1273 354 1303 Milites
367 1296 376 1311 ,
396 1283 444 1310 per
463 1273 552 1312 ipsum
566 1272 678 1310 Regem
694 1271 811 1301 Petrum
825 1273 858 1302 &
874 1281 926 1301 nos
939 1272 1027 1302 taliter
1048 1273 1146 1310 electi,
1165 1281 1229 1302 cor-

167 1311 256 1351 porali
279 1311 351 1349 prius
373 1321 421 1350 per
442 1321 491 1340 eos
514 1309 638 1350 praestito
649 1310 827 1347 juramento,
845 1310 966 1347 legaliter
981 1311 1014 1341 &
1026 1311 1103 1340 bona
1116 1310 1170 1340 fide
1188 1318 1229 1340 te-

166 1357 297 1380 nerentur
321 1349 422 1387 eligere
449 1348 548 1378 locum
572 1357 760 1378 communem
773 1370 782 1385 ,
801 1348 834 1377 &
886 1355 978 1377 atuere
1003 1349 1173 1386 terminum,
1191 1348 1225 1378 ad

164 1398 289 1426 pugnam
311 1386 468 1418 faciendam
489 1387 562 1416 inter
584 1386 673 1424 ipsum
690 1385 802 1424 Regem
816 1384 932 1415 Petrum
948 1386 982 1416 &
1001 1395 1115 1417 centum
1129 1388 1165 1417 de
1179 1387 1229 1416 suis

164 1426 310 1456 Militibus
328 1435 362 1455 ex
381 1433 457 1462 parte
475 1435 529 1455 una
544 1447 554 1462 ,
570 1425 603 1455 &
624 1434 676 1454 nos
693 1434 726 1454 ac
743 1431 858 1454 centum
873 1423 908 1453 de
921 1423 1022 1454 nostris
1042 1426 1175 1455 militibus
1192 1435 1226 1455 ex

164 1473 243 1502 parte
253 1463 353 1502 altera,
370 1473 422 1503 pro
431 1473 467 1493 eo
480 1463 556 1501 quod
571 1472 638 1501 nos,
656 1471 799 1502 tamquam
812 1463 932 1501 petitor,
950 1462 1041 1492 eidem
1056 1463 1128 1502 Regi
1143 1464 1228 1493 Petro

161 1501 359 1542 apposuimus,
379 1501 455 1540 quod
472 1502 529 1539 ipse
542 1502 656 1532 intravit
669 1500 805 1540 Regnum
818 1500 947 1530 nostrum
958 1500 1061 1532 Siciliae
1075 1512 1174 1532 contra
1187 1512 1230 1532 ra-

161 1542 272 1570 tionem
287 1541 321 1571 &
336 1541 412 1570 malo
428 1540 535 1578 modo,
555 1541 588 1571 &
603 1540 684 1570 nobis
700 1541 773 1577 prius
785 1548 844 1568 non
856 1538 1001 1577 diffidatis,
1017 1540 1050 1570 ὃς
1063 1540 1118 1570 lioc
1136 1541 1222 1578 parati

162 1579 330 1617 eramus,&
341 1579 434 1608 sumus
449 1579 567 1618 probare
579 1578 616 1608 de
630 1578 728 1608 nostro
743 1587 879 1615 corpore,
895 1577 929 1608 δε
944 1586 1062 1607 centum
1077 1578 1113 1608 de
1128 1578 1229 1608 nostris

164 1616 325 1655 Militibus,
342 1625 445 1647 contra
457 1616 538 1647 suum
552 1626 672 1655 corpus,
689 1617 723 1647 &
737 1625 852 1646 centum
865 1615 901 1645 de
915 1617 965 1646 suis
983 1615 1137 1655 Militibus,

205 1656 270 1694 Qi
286 1655 351 1686 Rex
364 1654 461 1685 Petrus
474 1663 606 1694 tanquam
620 1655 747 1686 defensor
762 1655 842 1684 nobis
856 1653 999 1691 respondit
1019 1655 1051 1685 ὃς
1067 1654 1230 1694 respondet,

164 1695 243 1733 quod
265 1695 295 1724 in
317 1692 438 1733 ingressu
462 1693 568 1724 Siciliae
583 1716 593 1731 ,
611 1693 656 1723 vel
675 1695 703 1724 in
721 1693 832 1730 aliquo,
847 1692 925 1730 quod
940 1693 1037 1723 fecerit
1050 1702 1148 1724 contra
1162 1703 1230 1731 nos,

165 1742 228 1763 rem
242 1742 303 1762 non
317 1732 386 1762 feeit
399 1730 473 1761 unde
487 1731 531 1762 sua
544 1731 662 1770 legalitas
677 1731 768 1761 minus
781 1731 870 1761 valeat
884 1754 894 1769 ,
908 1731 954 1761 vel
968 1731 1166 1762 verecundiam
1182 1732 1231 1762 ha-

161 1771 228 1800 bere
241 1769 342 1801 debeat
358 1771 387 1800 in
408 1768 497 1800 Curia
509 1792 519 1808 ,
534 1769 580 1800 seu
594 1779 692 1800 coram
705 1769 798 1808 aliquo
812 1770 906 1807 probo
920 1771 1000 1807 viro,
1019 1771 1052 1800 &
1068 1771 1145 1807 quod
1160 1780 1230 1809 pug—

160 1818 230 1839 narn
243 1808 280 1839 de
294 1809 377 1839 nobis
391 1809 424 1839 &
438 1816 554 1839 centum
569 1807 606 1838 de
626 1808 726 1838 nostris
740 1807 880 1838 Militibus
896 1817 995 1839 contra
1009 1807 1101 1847 ipsum
1116 1808 1229 1847 Regem

161 1846 284 1878 Petrum
297 1847 329 1879 &
346 1855 461 1878 centurn
474 1846 510 1877 de
523 1846 574 1877 suis
590 1845 732 1877 Militibus
746 1847 797 1876 sibi
810 1846 920 1885 placet,

198 1884 269 1915 Nos
281 1909 292 1925 ,
309 1885 346 1917 de
366 1884 421 1915 fide
435 1907 445 1922 ,
462 1885 607 1924 prudentia
622 1907 633 1923 ,
648 1885 681 1915 ὃς
695 1885 842 1924 legalitate,
860 1894 893 1915 ac
906 1893 1049 1915 armorum
1064 1884 1232 1923 experientia

159 1923 280 1963 Jordani
303 1923 338 1955 de
359 1923 450 1954 Insula
465 1946 475 1961 ,
486 1923 625 1962 Johannis
638 1922 826 1953 Vicecomitis
837 1922 873 1952 de
886 1923 1041 1963 Tramblay
1052 1946 1062 1962 ,
1075 1923 1178 1961 Jacobi
1195 1923 1231 1953 de

164 1962 322 2001 Brussono,
339 1961 481 1993 Eustachii
493 1961 528 1993 de
543 1961 738 1999 Hardicourt,
753 1961 889 1999 Johannis
902 1960 937 1991 de
954 1961 1052 1992 Denisi
1064 1963 1098 1993 &
1111 1962 1232 1992 Guillel-

163 2001 207 2031 mi
221 2000 257 2031 de
268 2000 346 2031 Salsis
362 2000 507 2040 Militum,
526 2000 704 2031 familiarium
719 2000 752 2031 &
767 1999 891 2030 fidelium
911 1999 1092 2038 nostrorum,
1110 2000 1231 2037 plenarie

165 2039 339 2070 considentes
354 2063 364 2078 ,
392 2039 462 2077 ipsos
485 2040 635 2079 elegimuS,
653 2039 790 2076 fecimus,
807 2037 1021 2076 constituimus,
1040 2039 1073 2069 ὃς
1088 2038 1232 2070 ordinavi-

164 2088 227 2108 mus
240 2101 250 2115 ,
268 2078 359 2118 eisque
381 2088 432 2115 per
454 2077 562 2112 nostras
576 2085 701 2115 patentes
720 2077 808 2106 literas
821 2077 998 2107 exhibuimus
1014 2077 1164 2117 plenariam
1179 2087 1231 2115 po-

162 2115 307 2155 testatem,
322 2116 400 2154 quod
416 2116 480 2155 ipsi,
500 2117 555 2147 una
569 2126 636 2146 cum
651 2114 808 2145 Guillelmo
821 2114 857 2144 de
871 2114 973 2145 Castro
987 2125 1067 2145 novo
1080 2115 1230 2154 Roderici,

162 2153 304 2184 Eximeno
319 2154 355 2185 de
369 2154 467 2191 Luna,
486 2154 574 2184 Petro
587 2154 623 2185 de
637 2153 774 2183 Cheralto
789 2176 800 2191 ,
817 2153 960 2183 Eximeno
972 2153 1007 2182 de
1024 2153 1150 2192 Arceda,
1168 2153 1230 2184 Ra-

162 2192 271 2232 dulplio
293 2193 328 2222 de
350 2192 486 2233 Manuele
508 2193 543 2223 de
562 2192 688 2230 Trapare
711 2190 867 2230 Militibus,
883 2192 915 2222 &
929 2191 1021 2228 judice
1035 2192 1176 2222 Rainaldo
1193 2193 1230 2222 de

164 2230 302 2270 Limogiis
315 2231 350 2261 de
366 2230 510 2269 Meriana,
524 2231 582 2271 ipso
595 2230 698 2269 Judice
706 2229 862 2268 Rainaldo,
878 2239 928 2267 per
942 2230 1031 2269 ipsum
1046 2230 1158 2269 Regem
1174 2229 1232 2260 Pe-

15 2272 145 2309 *11.23r.
164 2278 239 2301 trum
253 2269 288 2300 ad
304 2269 360 2300 hoc
377 2269 486 2308 positO,
500 2271 533 2301 &
548 2279 600 2307 pro
611 2278 671 2300 uno
686 2267 782 2299 Milite
802 2268 821 2287 ⁹¹⁵
840 2277 1006 2305 computato
1025 2291 1034 2307 ,
1052 2269 1231 2299 familiaribus

160 2309 194 2339 ὃς
208 2307 332 2339 fidelibus
347 2308 428 2349 iplius
445 2307 536 2345 Regis
548 2317 597 2345 per
611 2316 677 2338 eum
691 2306 726 2337 ad
739 2306 798 2337 hoc
813 2306 923 2345 electis,
941 2306 1036 2345 faustis,
1060 2306 1230 2345 constitutis,

160 2347 195 2378 ὃς
208 2347 356 2385 ordinatis,
374 2355 459 2386 prout
475 2357 522 2384 per
536 2354 659 2386 patentes
673 2345 772 2375 litteras
787 2345 867 2383 ipsius
880 2344 967 2384 Regis
979 2344 1072 2383 Petri,
1091 2345 1228 2384 pendenti

161 2395 246 2416 cereo
262 2385 351 2424 sigillo
365 2386 503 2423 munitas,
522 2384 665 2415 evidenter
678 2385 804 2422 apparuit
818 2383 852 2413 δε
872 2392 998 2420 apparet,

199 2423 403 2461 Corporalibus
421 2424 495 2453 inter
515 2423 584 2460 ipsos
605 2421 759 2452 duodecim
771 2442 781 2459 ,
804 2421 871 2450 hinc
894 2422 927 2451 ὅ(
948 2422 1014 2451 inde
1036 2421 1156 2459 eleetos,
1174 2431 1228 2459 pro

184 2471 241 2492 arte
262 2462 344 2499 iplius
362 2461 451 2500 Regis
467 2460 546 2490 Petri
566 2461 600 2490 &
622 2459 717 2490 nostra
733 2482 742 2496 ,
760 2468 794 2489 ac
807 2459 931 2497 ipsorum
947 2460 1033 2490 taliter
1048 2460 1205 2490 electorum
1219 2483 1229 2498 ,

160 2472 230 2530 liinc
253 2499 318 2529 inde
341 2492 459 2539 recepti’s
480 2499 514 2529 δε
534 2496 662 2537 praestitis
679 2498 842 2536 juramentis
862 2520 871 2535 ,
889 2497 1008 2536 legaliter
1029 2498 1062 2528 &
1083 2499 1159 2528 bona
1173 2498 1230 2528 fide

162 2537 274 2575 possent
299 2538 399 2577 eligere
419 2538 453 2568 &
472 2537 601 2576 eligerent
623 2537 721 2566 locum
735 2545 939 2572 communem,
954 2537 1153 2567 &terminum
1176 2536 1229 2566 sta-

160 2584 270 2607 tuerent
285 2584 513 2615 competentem,
526 2575 560 2611 ad
573 2583 696 2614 pugnam
710 2573 868 2611 hujusmodi
882 2574 1038 2604 faciendam
1054 2575 1125 2604 inter
1139 2574 1228 2612 ipsum

163 2614 277 2654 Regem
298 2613 414 2644 Petrum
434 2614 467 2644 &
489 2621 604 2643 centum
619 2613 655 2644 de
668 2612 718 2643 suis
734 2610 889 2650 Militibus,
907 2612 941 2643 &
961 2622 1013 2642 nos
1028 2622 1097 2644 curn
1113 2621 1229 2643 centum

161 2653 198 2683 de
215 2653 316 2683 nostris
330 2653 489 2690 Militibus,
693 2664 699 2668 ·

202 2691 381 2730 Certumque
393 2689 566 2731 praefigerent
579 2690 749 2726 terminum,
767 2689 795 2718 in
810 2698 868 2726 quo
881 2687 937 2726 ipse
950 2688 1016 2719 Rex
1031 2689 1143 2727 Petrus,
1161 2699 1229 2720 curn

162 2739 280 2761 centum
292 2730 328 2761 de
341 2730 392 2760 suis
407 2728 564 2767 Militibus,
583 2729 617 2758 ὅ(
631 2737 683 2758 nos
694 2737 763 2759 cum
777 2735 893 2757 centum
907 2727 942 2757 de
956 2727 1055 2759 nostris
1071 2727 1230 2766 Militibus,

163 2768 323 2799 commode
344 2768 399 2798 elle
419 2766 571 2807 possimus,
589 2767 621 2797 ὃς
637 2766 718 2796 simus
731 2766 761 2795 in
774 2765 859 2803 loco,
877 2775 962 2804 quem
978 2766 1105 2804 praedicti
1120 2766 1231 2796 duode-

163 2808 223 2837 cim
239 2829 249 2845 ,
267 2817 315 2847 per
336 2805 425 2843 ipsum
448 2804 561 2845 Regem
578 2803 696 2834 Petrum
709 2804 742 2835 &
762 2814 814 2833 nos
835 2803 922 2834 taliter
938 2804 1040 2842 electi,
1056 2805 1090 2835 ad
1106 2814 1230 2843 pugnam

163 2845 321 2883 hujusmodi
343 2844 502 2875 faciendam
516 2867 526 2882 ,
543 2843 711 2874 unanimiter
731 2843 766 2874 &
787 2842 967 2873 concorditer
985 2843 1114 2874 duxerint
1127 2845 1231 2883 eligen-

165 2884 242 2915 dam.

204 2921 348 2952 Dedimus
362 2928 456 2951 autem
470 2919 575 2950 eisdem
588 2920 632 2950 sex
654 2917 794 2950 Militibus
810 2942 819 2957 ,
835 2919 1024 2950 Familiaribus
1043 2920 1076 2951 &
1092 2918 1232 2950 Fidelibus

166 2960 286 2998 nostris,
303 2960 455 3000 plenariam
472 2959 637 2997 potestatem
649 2958 725 2999 quod
739 2959 788 2999 ipsi
803 2958 958 2988 securitates
971 2958 1149 2996 necessarias,
1164 2968 1232 2997 quas

166 2998 335 3036 inspicerent
347 3005 537 3036 opportunas,
552 2999 670 3027 nomine
683 2995 780 3027 nostro
788 2995 916 3038 tiraestare
930 2998 964 3028 &
972 2998 1098 3035 recipere
1111 3007 1144 3027 ac
1158 3007 1231 3034 prae—

165 3037 242 3067 dieta
265 3037 364 3066 omnia
383 3037 417 3067 ὃς
437 3035 540 3074 singula
555 3035 637 3074 (quae
657 3034 705 3064 sub
726 3036 745 3065 h
764 3035 883 3073 potheca
904 3036 1048 3066 bonorum
1068 3035 1232 3066 nostrorum

166 3083 223 3105 rata
236 3075 269 3105 &
278 3073 357 3104 firma
364 3073 466 3104 habere
473 3083 506 3103 ac
521 3073 716 3103 inviolabiliter
723 3045 869 3104 oiiservare
879 3074 1075 3113 promisimus)
1094 3075 1228 3112 tractare,

166 3114 283 3157 eligere,
303 3112 453 3151 ordinare,
472 3111 589 3142 statuere
602 3111 712 3155 possent
726 3112 814 3142 libere
834 3113 868 3143 &
882 3111 999 3143 firmare.

204 3150 375 3182 Addidimus
388 3152 472 3181 etiarn
487 3148 579 3188 quod,
597 3153 618 3180 ii
632 3150 727 3187 aliquis
741 3173 752 3189 ‚
768 3151 812 3182 vel
831 3151 915 3189 aliqui
927 3160 962 3181 ex
977 3148 1119 3192 praedietis
1132 3149 1233 3180 nostris

167 3190 212 3220 sex
229 3189 386 3228 Militibus,
405 3188 566 3219 infirmitate
580 3187 627 3218 vel
638 3187 692 3218 alio
706 3189 768 3218 casu
780 3189 907 3229 quolibet
920 3190 1102 3228 contingente
1116 3191 1144 3219 in
1159 3199 1232 3229 prae-

167 3227 248 3259 dietis
259 3229 303 3260 vel
318 3228 412 3268 aliquo
424 3226 645 3266 praedidtorum,
663 3227 788 3257 interesse
821 3228 976 3258 ersonaliter
992 3237 1053 3258 non
1067 3227 1172 3265 posset,
1185 3227 1232 3257 vel

128 3276 130 3279 ·
168 3277 228 3297 non
250 3267 359 3304 possent
372 3288 382 3304 ,
397 3265 518 3296 totidem
532 3289 542 3302 ,
560 3272 630 3302 quot
651 3270 686 3294 ex
705 3238 844 3305 praedidiis
866 3266 967 3297 nostris
981 3266 1026 3297 sex
1045 3266 1133 3296 essent
1144 3265 1233 3296 taliter

169 3305 316 3344 impediti,
333 3305 518 3334 eximerentur
530 3302 566 3332 de
585 3312 706 3333 numero
724 3303 926 3340 praedietorum
947 3306 1072 3345 quinque
1087 3304 1234 3343 Militum,

168 3343 202 3374 ὅ(
217 3345 297 3374 unius
308 3342 410 3381 judicis
425 3351 478 3380 pro
491 3341 579 3382 milite
594 3342 768 3381 computati,
777 3351 826 3381 per
839 3343 961 3374 eundem
976 3343 1087 3383 Regem
1104 3343 1232 3380 Petrum,

169 3381 205 3412 ad
221 3381 354 3422 praedieta
367 3377 456 3410 taliter
470 3379 644 3418 electorum,
663 3380 697 3411 &
711 3378 809 3418 reliqui
825 3404 835 3420 ,
849 3390 906 3411 tam
920 3391 968 3420 per
981 3382 1104 3412 cundem
1118 3381 1231 3418 Regem

170 3419 303 3458 Petrum,
321 3419 407 3458 quam
422 3427 471 3458 per
485 3427 536 3447 nos
548 3417 631 3448 eleffi
647 3440 656 3455 ,
673 3418 839 3449 unanimiter
853 3420 886 3450 &
902 3420 1082 3451 concorditer
1094 3429 1123 3449 ea
1137 3420 1232 3449 omnia

170 3460 206 3490 &
219 3458 322 3497 singula
334 3457 444 3498 possent
456 3455 543 3486 libere
557 3454 690 3496 perficere
702 3456 736 3486 &
751 3457 926 3501 complere,-

209 3497 247 3527 Et
267 3498 325 3526 hoc
345 3495 421 3525 idem
441 3494 589 3524 servaretur
603 3493 623 3524 si
637 3494 732 3533 aliquis
745 3517 755 3536 ,
770 3495 815 3525 Vel
829 3495 932 3535 aliqui,
949 3495 984 3527 de
998 3496 1136 3536 praedietis
1152 3496 1234 3534 quin-

171 3544 228 3574 que
249 3533 393 3565 Militibus
406 3556 417 3571 ,
436 3533 470 3564 &
486 3539 545 3563 uno
559 3531 650 3569 judice
665 3541 719 3571 pro
734 3531 830 3563 Milite
844 3542 1028 3573 computato,
1047 3545 1097 3573 per
1112 3534 1233 3564 eundem

171 3574 285 3614 Regem
296 3572 415 3604 Petrum
428 3571 522 3602 electis
534 3569 622 3600 essent
636 3568 797 3601 infirmitate
811 3572 854 3602 vel
869 3573 931 3604 casu
945 3574 1046 3612 quovis
1059 3573 1113 3603 alio
1126 3582 1235 3612 praepe-

172 3611 240 3650 diti,
258 3613 312 3650 ita,
330 3610 460 3642 videlicet
473 3633 483 3648 ,
500 3608 579 3650 quod
590 3606 711 3639 totidem
725 3610 912 3641 eximerentur
925 3610 961 3641 de
979 3621 1100 3642 numero
1112 3611 1235 3650 praedic-

172 3658 267 3681 torum
287 3650 331 3680 sex
346 3649 478 3679 Militum
492 3671 502 3687 ,
517 3657 566 3688 per
581 3657 633 3677 nos
646 3646 734 3677 taliter
751 3646 923 3688 detiorum,
941 3650 974 3680 &
992 3651 1088 3691 reliqui
1098 3673 1108 3688 ,
1129 3650 1177 3687 qui
1189 3649 1236 3679 fo-

173 3698 235 3720 rent
247 3689 361 3726 residui,
380 3696 439 3718 tam
451 3697 500 3725 per
515 3687 606 3727 ipsum
620 3685 734 3724 Regem
747 3683 864 3729 Petrum
873 3697 887 3725 ·,
926 3688 990 3718 uam
1005 3698 1054 3726 per
1067 3697 1118 3718 nos
1131 3687 1214 3718 elesii
1224 3711 1234 3726 ,

178 3737 211 3758 ea
223 3728 320 3758 omnia
333 3727 366 3758 &
378 3726 481 3765 singula
514 3722 628 3756 erficere
641 3722 751 3763 possent
763 3722 850 3767 libere
863 3724 895 3755 &
905 3697 1023 3756 sirmate.

213 3764 251 3796 Et
269 3775 302 3796 ea
322 3765 422 3797 omnia
441 3764 474 3794 &
569 3762 594 3793 la
608 3784 619 3801 ‚
636 3772 700 3801 quae
710 3761 841 3801 praediffl
859 3763 926 3802 quin
948 3774 983 3794 ue.
996 3763 1104 3795 Milites
1118 3764 1151 3795 &
1166 3774 1237 3795 unus

172 3799 281 3842 Judex,
297 3804 365 3834 loco
384 3803 464 3834 unius
483 3801 528 3832 Mi
540 3801 582 3832 itis
594 3809 664 3830 com
685 3808 790 3838 utatus,
809 3809 857 3839 per
876 3809 930 3831 eun
950 3811 996 3832 em
1009 3802 1124 3842 Regem
1137 3803 1237 3841 electi,

177 3840 316 3880 iidemque
329 3843 373 3873 sex
387 3841 510 3880 Milites,
527 3841 543 3870 a
558 3838 641 3870 nobis
652 3848 668 3868 e
679 3838 750 3877 edri,
767 3838 859 3869 velex
871 3839 910 3868 eis
921 3841 1069 3878 omnibus,
1087 3841 1182 3879 eleetis
1199 3842 1236 3872 ab

179 3887 293 3918 utraque
304 3883 396 3919 parte,
413 3880 507 3918 aliquo
521 3878 566 3909 vel
579 3877 731 3917 aliquibus,
749 3878 786 3907 ab
798 3886 853 3907 una
868 3884 943 3915 parte
956 3877 1001 3909 vel
1013 3879 1113 3918 altera,
1128 3889 1237 3919 praepe-

178 3916 242 3946 dito
262 3916 308 3948 seu
323 3917 480 3956 praepeditis
494 3941 504 3955 ,
519 3917 553 3949 &
572 3914 690 3946 totidem
709 3917 745 3946 ab
766 3924 821 3945 una
834 3923 914 3958 parte
925 3915 971 3946 vel
984 3916 1083 3955 altera,
1097 3926 1236 3958 <exempto

177 3955 225 3985 vel
238 3957 385 3995 exemptis,
401 3956 500 3987 residui
521 3953 701 3986 concorditer
718 3954 752 3984 δε
766 3960 959 3984 communiter
977 3955 1010 3986 ὃς
1024 3957 1194 3986 unanimiter
1207 3957 1238 3986 in

178 3992 317 4031 praediffls
330 3995 461 4025 omnibus
473 3996 506 4027 &
521 3993 628 4034 singulis
641 3991 808 4030 tractarent,
823 3990 999 4031 ordinarent,
1016 3993 1166 4033 eligerent,
1184 3994 1238 4025 sta-

177 4039 287 4062 tuerent
299 4053 309 4069 ,
332 4031 473 4063 firmarent
486 4056 496 4073 ,
522 4034 556 4064 &
572 4033 695 4071 jurarent
715 4030 764 4061 sub
790 4029 889 4074 eadem
907 4029 1073 4073 ‘hypotheca
1092 4031 1239 4062 bonorum

178 4069 338 4101 nostrorum
350 4092 360 4109 ‚
377 4078 434 4102 rata
454 4071 488 4102 &
501 4069 581 4102 firma
595 4070 696 4102 habere
708 4069 742 4102 ὃ(
759 4068 956 4101 inviolabiliter
970 4067 1117 4101 observare
1130 4071 1239 4108 promi-

15 1010 92 1043 Ann.
109 1009 149 1042 D.

38 1050 124 1080 1282.

17 1092 70 1117 An.
88 1098 97 1114 i
108 1098 130 1115 1.

15 1130 39 1154 Ε
66 1136 75 1153 ι

1273 186 1736 238 PUBLICA.
2245 208 2326 252 *215³

1269 277 1367 322 simuS,
1386 280 1419 310 &
1429 281 1600 324 juravimus,
1616 282 1694 312 tastis
1708 281 1890 320 corporaliter
1904 282 2061 323 Evangeliis
2072 283 2264 323 sacrofimffls,
2282 286 2319 316 se-
2337 284 2410 315 Ann.
2426 276 2468 315 D;

1269 325 1396 347 curitates
1410 327 1492 348 etiam
1508 329 1605 349 omnes
1627 320 1659 349 &
1674 322 1824 356 juramenta
1841 321 1982 360 praestare,
2000 322 2181 362 obligationes
2200 333 2321 363 ponere,
2357 324 2440 353 1282.

1268 354 1301 383 &
1317 357 1456 385 cautiones
1475 357 1659 396 cujuscunque
1670 360 1776 401 generis
1792 360 1915 396 praebete
1925 382 1934 397 ,
1954 370 2020 398 quas
2032 360 2158 400 piaedieri
2169 361 2320 392 duodecim
2336 366 2399 390 Ea'v.
2424 372 2445 389 i.

1269 392 1418 437 abeodem
1431 393 1511 433 Rege
1534 394 1617 425 Petro
1633 396 1666 425 &
1682 396 1763 426 nobis
1778 398 1855 426 eiecti
1872 420 1881 435 ,
1898 398 1943 428 vel
1957 398 2053 428 residui
2069 408 2103 428 ex
2117 400 2156 429 eis
2168 401 2262 438 aliquo
2280 401 2324 430 vel

1268 431 1404 469 aliquibus
1424 432 1459 461 ab
1480 443 1534 462 una
1549 442 1625 470 parte
1646 435 1690 463 vel
1704 434 1784 463 altera
1801 436 1954 472 praepedito
1967 435 2010 466 seu
2023 438 2194 476 praepeditis,
2212 440 2245 468 &
2261 439 2326 469 toti-

1269 469 1335 498 dem
1354 479 1388 498 ex
1402 480 1455 499 una
1469 479 1544 507 parte
1559 471 1604 502 vel
1623 471 1722 509 altera,
1744 481 1874 511 exempto
1889 474 1934 503 vel
1948 476 2097 514 exemptiS,
2115 476 2129 505 a
2148 477 2229 506 nobis
2239 476 2326 507 duce-

1269 515 1329 536 rent
1343 506 1536 546 postulandas,

1309 544 1395 576 Prout
1418 546 1479 576 haec
1501 548 1598 577 omnia
1620 548 1648 576 in
1669 547 1822 584 patentibus
1836 548 1929 578 litteris
1948 549 2064 588 nostris,
2085 552 2112 581 in
2131 551 2324 583 testimonium

1268 583 1333 613 inde
1347 583 1500 622 confeeris,
1519 587 1551 614 &
1565 585 1702 622 pendente
1718 585 1804 623 sigillo
1819 585 1916 616 nostro
1931 589 2058 626 munitis,
2075 589 2165 620 e‘dem
2182 590 2256 627 Regi
2270 590 2325 621 Pe-

1269 630 1314 652 tro
1329 631 1362 652 ex
1378 630 1453 661 parte
1464 622 1557 652 nostra
1571 623 1716 661 exhibitis,
1734 633 1850 660 quarum
1865 623 1905 653 est
1918 624 1980 654 data
1994 626 2111 665 Rhegst,
2129 638 2204 658 anno
2218 629 2326 659 Domi-

1270 661 1297 689 ni
1321 661 1466 690 millesimo
1486 660 1679 691 ducentesimo
1701 661 1890 700 octuagesimo
1911 664 1991 693 tertio
2004 686 2013 701 ,
2037 665 2080 694 die
2102 666 2232 705 vigesima
2253 667 2324 697 seXta

1271 699 1368 728 meniis
1390 698 1560 729 Decembris
1574 722 1584 737 ,
1606 698 1753 729 undecima
1775 699 1948 738 indictione,
1975 701 2142 740 Regnorum
2164 704 2326 735 nostrorum

1267 735 1417 780 Jerusalem
1432 747 1507 766 anno
1521 737 1613 775 setino,
1632 736 1736 767 Siciliae
1749 747 1817 768 veto
1831 738 1945 768 decimo
1958 739 2062 771 ottavo
2071 763 2079 778 ,
2089 742 2192 778 plenius
2206 744 2325 780 &aper-

1271 783 1324 804 tius
1339 784 1508 805 continetur.

1306 811 1384 842 Idem
1402 822 1494 843 autem
1515 813 1579 842 Rex
1598 812 1696 843 Petrus
1715 813 1864 850 praedit‘tus
1884 813 2071 846 Guillelmum
2086 815 2121 847 de
2143 816 2326 849 Castronovo

1270 849 1409 881 Roderici
1424 873 1434 889 ,
1451 851 1613 881 Eximinum
1635 851 1670 881 de
1691 851 1771 881 Luna
1786 875 1795 890 ,
1814 852 1927 882 Petrum
1941 853 1976 883 de
1996 853 2146 893 Cheralto,
2161 855 2326 887 Eximinum

1270 888 1306 918 de
1327 889 1435 918 Arccda
1449 911 1459 927 ,
1475 889 1663 926 Rodulplium
1683 889 1718 919 de
1733 889 1866 920 Manuele
1879 891 1912 921 de
1925 892 2045 928 Trapare
2063 892 2184 932 Milites,
2202 896 2234 925 δε
2248 895 2330 933 Judi-

1270 936 1335 956 cem
1350 926 1519 957 Rainaldum
1535 927 1570 957 de
1585 927 1723 966 Limogiis
1739 927 1774 956 de
1792 928 1920 959 Meriana
1935 930 2010 968 (ipso
2031 940 2125 961 tamen
2144 932 2245 970 Judice
2260 932 2330 962 Rai-

1272 964 1356 1007 naldo
1369 974 1417 1001 per
1430 965 1519 1006 ipsum
1531 965 1646 1005 Regem
1660 965 1774 995 Petrum
1787 965 1821 995 ad
1835 968 1891 996 lioc
1907 976 1958 1005 pro
1966 978 2023 997 uno
2039 968 2132 999 Milite
2148 973 2326 1009 computato)

1269 1002 1429 1040 familiares,
1446 1003 1479 1032 &
1492 1003 1585 1033 fideles
1600 1003 1677 1041 suos,
1692 1003 1725 1033 ad
1741 1003 1798 1034 hoc
1815 1014 1865 1040 pro
1878 1005 1904 1034 se
1915 1005 2043 1044 elegerit,
2059 1007 2141 1039 fecit,
2161 1008 2307 1038 constituit
2319 1031 2328 1046 ,

1269 1041 1303 1071 &
1322 1042 1405 1070 etiam
1420 1040 1578 1083 ordinavit,
1595 1040 1663 1070 dans
1683 1042 1715 1071 ὃ(
1730 1043 1889 1071 concedens
1904 1043 2007 1072 eisdem
2021 1054 2071 1080 pro
2086 1054 2163 1083 parte
2178 1045 2221 1076 sua
2235 1047 2327 1076 consi-

1271 1078 1368 1108 milem
1384 1088 1431 1116 per
1443 1088 1539 1108 omnia
1553 1078 1738 1118 potestatem,
1757 1088 1839 1117 prout
1852 1081 1880 1109 in
1894 1082 2048 1116 patentibus
2064 1083 2158 1113 litteris
2173 1084 2260 1123 Regis
2272 1084 2329 1114 Pe-

1271 1118 1324 1154 tri,
1342 1118 1370 1146 in
1387 1116 1579 1147 testimonium
1593 1116 1658 1146 inde
1673 1117 1828 1154 confessis,
1846 1118 1879 1147 ὃς
1894 1118 2025 1154 pendenti
2041 1120 2126 1158 sigillo
2142 1121 2190 1151 suo
2206 1124 2316 1152 munitis

1272 1155 1356 1185 nobis
1370 1165 1422 1193 pro
1438 1163 1512 1192 parte
1530 1155 1609 1194 ipiius
1625 1154 1709 1194 Regis
1729 1154 1805 1184 Petri
1820 1156 1964 1193 exhibitis,
1983 1167 2100 1196 quarum
2115 1158 2155 1188 est
2175 1160 2236 1190 data
2251 1145 2328 1190 Med

1271 1193 1359 1232 fiinae,
1377 1193 1496 1231 septimo
1509 1192 1573 1223 Kal.
1584 1192 1724 1230 Januarii,
1740 1203 1816 1222 anno
1838 1194 1873 1222 ab
1887 1193 2081 1225 incarnatione
2104 1196 2225 1227 Domini
2239 1198 2329 1228 mille-

1272 1232 1348 1265 simo,
1355 1231 1564 1269 ducentesimo,
1581 1231 1771 1269 octuagesimo
1786 1231 1923 1269 secundo,
1941 1233 2046 1269 plenius
2059 1236 2247 1265 continentur.

1310 1270 1329 1289 ²*
1348 1269 1385 1300 Et
1400 1292 1409 1308 ,
1427 1270 1491 1300 licet
1511 1269 1572 1300 data
1586 1292 1596 1307 ,
1615 1278 1672 1310 tam
1694 1269 1891 1307 praedictarum
1909 1271 1970 1306 ipiis
1985 1271 2070 1310 Regis
2087 1271 2162 1302 Petri
2177 1273 2210 1302 &
2224 1274 2330 1304 nostra-

1273 1318 1336 1338 rum
1350 1331 1359 1346 ,
1376 1309 1461 1348 quam
1482 1308 1564 1337 etiarn
1587 1309 1762 1345 praeientium
1785 1308 1818 1337 ὃς
1838 1308 1950 1337 aliarum
1966 1331 1975 1346 ,
1994 1319 2046 1346 pro
2061 1319 2135 1347 parte
2150 1311 2232 1347 ipiius
2245 1311 2331 1351 Regis

1274 1345 1364 1383 Petri,
1383 1346 1560 1386 praesentibus
1572 1345 1759 1377 consimilium
1771 1345 1939 1384 litterarum,
1953 1348 2076 1378 videatur
2091 1349 2121 1379 in
2135 1350 2211 1379 anuis
2224 1348 2332 1380 Domi-

1274 1386 1303 1414 ni
1316 1384 1482 1415 discordare.

1310 1422 1358 1453 Eo
1379 1422 1456 1460 quod
1479 1421 1628 1452 earundem
1651 1421 1804 1452 litterarum
1826 1421 1982 1452 nostrarum
2003 1423 2065 1454 data
2088 1424 2174 1462 posita
2190 1425 2232 1455 est
2257 1436 2333 1458 anno

1275 1460 1398 1491 Domini
1414 1461 1562 1490 millelimo
1576 1461 1768 1491 ducentesimo
1780 1461 1972 1499 octuagesimo
1986 1464 2086 1499 tertio,
2105 1463 2257 1494 secundum
2268 1465 2334 1495 Ro-

1275 1509 1365 1529 manae
1392 1498 1523 1530 Eccleiiae
1538 1521 1547 1537 ,
1561 1499 1698 1533 totiusque
1719 1498 1777 1528 fere
1798 1498 1882 1529 Italiae
1902 1499 2133 1531 consuetudinem
2155 1502 2330 1543 generalem,

1274 1548 1327 1577 qua
1341 1548 1428 1568 annus
1443 1538 1457 1567 ὲ
1472 1537 1506 1567 N
1509 1538 1630 1567 ativitate
1645 1537 1770 1567 Domini
1786 1546 1974 1574 computatur.

1312 1576 1351 1606 Et
1371 1575 1522 1606 earundem
1542 1576 1693 1606 litterarum
1709 1576 1776 1606 dieti
1793 1575 1879 1615 Regis
1900 1575 1974 1606 Petri
1988 1575 2049 1607 data
2063 1577 2149 1615 posita
2160 1578 2217 1617 est,
2235 1579 2334 1610 secun-

1275 1615 1345 1645 dum
1360 1614 1590 1644 consuetudinem
1604 1613 1699 1653 Regni
1718 1614 1898 1653 Aragonum,
1914 1616 1946 1644 δε
1966 1617 2203 1654 quamplurimum
2215 1617 2330 1648 aliarum

1275 1654 1395 1693 partium
1410 1652 1749 1692 ultramontanarum,qu.1
1763 1663 1849 1682 annus
1863 1653 1897 1682 ab
1905 1652 2098 1685 Incarnatione
2113 1654 2237 1686 Domini
2248 1666 2331 1687 coin-

1300 1700 1396 1722 utatur.

1278 1702 1297 1730 p
1313 1729 1430 1759 Horum
1445 1739 1584 1760 annorum
1599 1728 1777 1767 discriptione
1790 1728 1893 1760 diversa
1916 1730 1926 1765 (
1934 1729 2036 1761 scilicet
2049 1731 2229 1770 oetuagefimi
2243 1732 2333 1770 tertii,

1276 1768 1309 1798 &
1322 1768 1500 1806 ottuagefimi
1520 1767 1648 1805 secundi)
1665 1768 1816 1798 secundum
1836 1767 2020 1798 diversitatem
2036 1768 2203 1808 Regionum
2217 1770 2248 1799 in
2264 1772 2336 1807 posi-³

1277 1807 1354 1836 tione
1375 1817 1390 1836 a
1410 1806 1551 1837 vocabulo
1574 1806 1749 1837 discordante
1762 1829 1772 1844 ,
1791 1816 1849 1836 uno
1871 1815 1963 1836 tamen
1978 1807 2011 1837 &
2027 1807 2128 1838 eodem
2144 1809 2172 1837 in
2193 1808 2335 1839 existentia

1278 1853 1459 1882 permanente
1473 1867 1482 1883 ,
1503 1845 1610 1875 nullum
1632 1853 1724 1875 autem
1741 1854 1852 1882 propter
1865 1845 1921 1875 hoc
1936 1845 2071 1883 aliquibus
2085 1845 2205 1876 dubium
2218 1855 2334 1886 genere-

1278 1892 1338 1913 tur·

1315 1907 1362 1952 'Soet
1376 1921 1407 1952 sit
1425 1931 1480 1951 una
1492 1920 1646 1959 singularis,
1664 1921 1865 1951 consentiendo
1879 1920 1955 1960 quod
1969 1931 2026 1952 tam
2040 1921 2184 1960 praediCtae
2195 1922 2231 1953 de
2242 1931 2335 1961 potes-

1278 1967 1332 1990 tate
1342 1983 1350 1997 ,
1370 1960 1432 1999 ipsis
1454 1959 1606 1989 duodecim
1627 1960 1722 1989 tradita
1737 1969 1770 1989 ex
1785 1968 1861 1997 parte
1876 1960 1954 1999 ipsius
1971 1960 2056 1999 Regis
2069 1959 2162 1999 Petri,
2178 1961 2210 1991 ὃς
2224 1962 2335 2000 nostra,

1277 1999 1361 2036 quam
1378 1997 1537 2037 praesentes,
1555 1999 1588 2029 ὃς
1606 1998 1684 2035 ipsius
1705 1998 1793 2037 Regis
1813 1997 1888 2027 Petri
1903 1998 1942 2027 his
1957 1998 2057 2029 fimiies
2069 1999 2102 2029 &
2116 2000 2336 2036 corresponden-

1277 2045 1316 2066 tes
1331 2059 1340 2074 ,
1365 2036 1525 2067 censeantur
1547 2035 1627 2066 fuiffe
1647 2046 1707 2067 uno
1725 2037 1758 2067 &
1777 2036 1880 2066 eodem
1900 2046 1992 2074 anno,
2014 2039 2078 2075 die,
2096 2037 2244 2075 menseque
2265 2048 2335 2068 con-

1277 2075 1370 2105 sedhic.

1314 2112 1425 2143 Praefati
1440 2114 1511 2143 vero
1523 2113 1647 2152 quinque
1660 2111 1767 2142 Milites
1776 2135 1785 2151 ,
1802 2112 1834 2142 &
1851 2122 1921 2142 unus
1930 2112 2021 2151 Judex
2035 2122 2087 2153 pro
2104 2112 2197 2144 Milite
2211 2123 2335 2152 compu-

1277 2159 1364 2189 tatus,
1384 2161 1432 2189 per
1445 2150 1567 2181 eundem
1581 2151 1694 2190 Regem
1709 2150 1842 2189 Petrum,
1855 2162 1887 2181 ac
1902 2151 2007 2190 praefati
2023 2152 2065 2180 sex
2080 2150 2203 2189 Milites,
2218 2162 2265 2189 per
2273 2163 2336 2192 nos,

1277 2191 1376 2228 electi,
1394 2189 1476 2228 festi,
1494 2190 1527 2220 δε
1542 2190 1701 2228 constituti,
1717 2190 1879 2228 congregati
1893 2190 1921 2219 in
1938 2189 2038 2228 Regali
2053 2188 2160 2219 Palatio
2175 2190 2336 2221 Messanen-

1276 2229 1294 2258 si
1309 2252 1319 2267 ,
1344 2229 1442 2266 pariter
1462 2228 1497 2258 ad
1517 2228 1720 2266 perfee‘tionem
1742 2228 1900 2265 hujusmodi
1918 2228 2024 2267 negotii
2046 2229 2227 2267 procedentes
2239 2252 2249 2268 ,
2273 2228 2337 2268 post

1277 2267 1407 2304 tractatus
1431 2267 1598 2304 multiplices
1612 2289 1621 2304 ,
1638 2265 1816 2296 discussiones
1839 2266 1954 2296 diversas
1968 2289 1978 2304 ,
1996 2267 2212 2296 examinationes
2237 2270 2337 2305 varias,

1276 2305 1519 2345 indagationesque
1540 2305 1663 2342 subtiles,
1679 2305 1831 2344 perpenso,
1848 2315 1880 2335 ac
1894 2304 2020 2334 dilioenri
2034 2305 2067 2335 &
2081 2304 2232 2336 deliberato
2245 2306 2337 2336 conli-

1276 2345 1317 2375 lio
1332 2345 1402 2374 inter
1416 2353 1480 2383 eos,
1497 2352 1531 2373 ex
1547 2342 1698 2383 potestate,
1714 2343 1777 2381 ipiis
1791 2344 1826 2373 ab
1839 2328 2038 2381 eodeinrRege
2052 2342 2135 2373 Petro
2151 2344 2185 2374 δε
2197 2344 2280 2374 nobis
2287 2353 2336 2384 per

1277 2382 1386 2414 easdem
1399 2382 1499 2412 litteras
1511 2382 1621 2419 tradita,
1633 2382 1801 2411 unanimiter
1816 2381 1850 2412 &
1863 2380 2042 2411 concorditer
2056 2381 2205 2420 elegerunt.

1315 2420 1408 2459 Qiod
1424 2420 1555 2459 praedicta
1568 2429 1674 2459 pugna,
1692 2420 1763 2449 inter
1782 2429 1833 2449 nos
1848 2419 1881 2449 &
1897 2429 2012 2449 centum
2025 2418 2059 2448 de
2073 2418 2172 2449 nostris
2185 2418 2337 2458 Militibus,

1277 2459 1311 2489 ὃ(
1325 2459 1436 2489 dietum
1451 2458 1563 2497 Regem
1579 2458 1710 2495 Petrum,
1728 2459 1761 2488 &
1774 2466 1890 2488 centum
1905 2457 1941 2487 de
1953 2457 2004 2488 suis
2017 2456 2174 2495 Militibus,
2192 2458 2318 2490 facienda
2329 2477 2340 2497 ,ς

1276 2496 1321 2528 fiat
1334 2498 1362 2527 in
1378 2495 1455 2534 poste
1472 2496 1559 2535 Regis
1570 2496 1698 2535 Angliie,
1716 2495 1864 2533 videlicet,
1883 2496 1912 2524 in
1927 2494 2118 2533 Vasconia,in
2131 2497 2269 2527 territorio
2282 2496 2336 2527 Ci-

1275 2536 1365 2567 vitatis
1385 2534 1588 2574 Burdegalensis
1608 2536 1635 2564 in
1649 2534 1742 2573 aliquo
1758 2544 1860 2571 campo
1874 2556 1885 2571 ,
1903 2533 1948 2564 vel
1969 2534 2078 2574 pheca,
2097 2534 2177 2572 ipsius
2189 2536 2335 2574 territorii,

1274 2583 1361 2612 quem
1375 2573 1419 2603 vel
1433 2583 1516 2612 quam
1530 2572 1595 2602 Rex
1611 2573 1719 2616 Angliae
1731 2573 1818 2611 magis
1831 2573 2050 2602 convenientem
2065 2581 2116 2610 pro
2134 2581 2252 2610 utraque
2271 2583 2334 2611 par-

1277 2620 1304 2642 te
1319 2611 1455 2649 judicaret
1469 2611 1504 2641 ad
1518 2620 1642 2650 pugnam
1664 2610 1748 2648 ipsam
1761 2612 1797 2640 de
1812 2610 1938 2640 ducentis
1955 2610 2093 2640 Militibus
2106 2610 2283 2649 faciendam,
2300 2613 2334 2642 &

1277 2649 1354 2688 quod
1367 2649 1461 2686 locus,
1479 2651 1508 2679 in
1524 2659 1583 2687 quo
1599 2648 1731 2686 praedic'ia
1746 2658 1838 2688 pugna
1849 2648 1907 2678 fieri
1921 2648 2020 2686 debet,
2039 2649 2069 2678 iit
2082 2649 2285 2688 circumdatus,
2302 2651 2336 2681 ὃς

1278 2689 1350 2718 bene
1365 2687 1468 2718 clausus
1481 2688 1545 2725 palis
1561 2688 1593 2718 δε
1607 2687 1735 2717 clausuris
1746 2687 1803 2717 aliis
1817 2688 1999 2726 opportunis,
2017 2688 2054 2717 ita
2068 2687 2145 2727 quod
2161 2687 2268 2727 nullus,
2287 2698 2337 2729 pe-‘

1276 2726 1324 2757 des
1344 2727 1388 2758 vel
1407 2736 1510 2765 eques,
1528 2726 1626 2756 locum
1638 2725 1727 2765 ipsum
1741 2725 1824 2763 pollii
1837 2727 1935 2756 intrare
1948 2748 1957 2764 ,
1977 2725 2021 2756 vel
2033 2727 2126 2764 exire,
2144 2726 2195 2756 nisi
2208 2735 2258 2764 per
2271 2736 2338 2767 por·v

1278 2773 1326 2795 tas.

1314 2803 1476 2834 statuerunt
1496 2804 1582 2834 etiam
1606 2802 1733 2840 praediffl
1754 2801 1908 2832 duodecim
1921 2825 1930 2840 ,
1949 2811 1998 2841 per
2019 2801 2141 2833 eundem
2159 2802 2271 2842 Regem
2283 2802 2340 2834 Pe:

1277 2848 1354 2872 trum
1373 2843 1406 2873 ὃς
1427 2851 1479 2872 nos
1499 2841 1582 2872 elee‘ti
1597 2864 1606 2879 ,
1625 2841 1742 2879 praefato
1763 2840 1837 2880 Regi
1858 2840 1942 2870 Petro
1962 2841 1995 2871 &
2010 2841 2090 2870 nobis
2103 2842 2260 2872 terminum
2302 2841 2337 2872 ad

1278 2880 1498 2918 praesentandum
1513 2890 1565 2910 nos
1583 2881 1681 2910 coram
1696 2878 1836 2916 praedieto
1854 2877 1935 2917 Rege
1951 2879 2062 2917 Angli-ae
2077 2901 2088 2917 ,
2105 2880 2133 2909 in
2147 2879 2243 2909 eadem
2257 2864 2340 2911 divi-

1277 2927 1332 2949 tate
1345 2918 1536 2957 Burdegalensi
1565 2917 1599 2948 ad
1613 2927 1737 2957 pugnam
1749 2916 1908 2956 hujusmodi
1915 2916 2226 2955 faciendam,n0sttfim
2239 2928 2341 2957 quem⁴

1277 2957 1345 2987 libet
1358 2967 1426 2987 cum
1440 2957 1527 2997 praedi
1558 2957 1579 2986 is
1591 2966 1708 2987 centum
1720 2955 1822 2986 nostris
1836 2955 1993 2993 Militibus,
2011 2956 2136 2992 primum
2147 2955 2224 2987 diem
2237 2957 2338 2988 meniis

1273 2995 1372 3034 Junii,
1391 2996 1483 3035 primo
1498 2995 1584 3025 futuri
1596 2994 1678 3032 hujus
1692 2994 1851 3024 undecimae
1865 2993 2039 3024 indictionis.

1317 3033 1489 3071 Adjecerunt
1509 3042 1605 3064 autem
1625 3033 1712 3063 iidem
1728 3032 1880 3062 duodecim
1895 3054 1905 3070 ,
1920 3042 1968 3071 per
1988 3031 2076 3072 ipsum
2092 3031 2206 3071 Regem
2218 3028 2337 3064 Petrurii

1277 3073 1311 3103 &
1326 3082 1378 3102 nos
1390 3072 1490 3111 ciceri,
1509 3071 1587 3109 quod
1603 3071 1649 3109 id,
1668 3072 1744 3110 quod
1758 3071 1792 3101 de
1810 3069 2017 3109 praesentatione
2031 3071 2160 3108 praediffi
2178 3070 2266 3111 Regis
2280 3071 2337 3102 Pe-

1278 3111 1313 3140 tri
1329 3112 1362 3141 &
1377 3110 1472 3140 nostra
1484 3133 1493 3148 ,
1512 3118 1609 3140 coram
1630 3111 1733 3140 eodem
1753 3109 1834 3148 Rege
1855 3109 1900 3139 An
1921 3109 1965 3138 liae
1983 3108 2127 3146 facienda,
2145 3109 2288 3148 dixerunt,
2307 3112 2338 3140 ut'

1277 3149 1397 3186 superius
1416 3149 1456 3178 est
1474 3147 1630 3186 expressum
1644 3170 1654 3186 ,
1673 3148 1710 3178 sic
1727 3148 1826 3178 volunt
1848 3148 1984 3186 inteligi,
2003 3146 2080 3186 quod
2094 3148 2151 3185 ipse
2164 3147 2228 3177 Rex
2242 3147 2340 3178 Petrus

1279 3188 1312 3218 &
1327 3197 1394 3224 nos,
1412 3188 1441 3217 in
1455 3186 1592 3226 praedie'to
1604 3186 1673 3215 loco
1686 3187 1719 3216 &
1731 3187 1872 3224 termino,
1887 3185 2037 3216 debeamus
2057 3195 2108 3215 nos
2120 3195 2218 3216 eoram
2234 3187 2337 3217 eodem

1279 3225 1363 3256 Reoe
1375 3225 1488 3265 Angliae
1501 3223 1679 3263 praesentare,
1693 3224 1728 3255 ad
1741 3234 1865 3264 pugnam
1878 3224 2034 3263 hujusmodi
2049 3224 2221 3255 faciendam:
2293 3255 2296 3258 Α

1314 3249 1352 3294 Ιξῑ
1367 3287 1377 3302 ,
1402 3264 1421 3294 si
1443 3263 1498 3301 ipse
1517 3262 1581 3293 Rex
1603 3262 1716 3301 Angliae
1730 3263 1759 3292 in
1773 3261 1874 3292 eodem
1893 3263 1961 3293 loco
1985 3263 2017 3293 δε
2030 3263 2153 3292 termino
2165 3261 2340 3301 personaliter·

1279 3302 1408 3332 interesse
1421 3312 1481 3332 non
1495 3300 1600 3338 posset,
1619 3300 1695 3330 idern
1710 3300 1775 3331 Rex
1788 3300 1887 3331 Petrus
1898 3301 1931 3332 δε
1943 3310 1995 3330 nos
2010 3300 2205 3339 praescntemus
2218 3308 2269 3328 nos
2283 3309 2336 3329 co-·

1281 3350 1340 3370 ram
1354 3350 1404 3378 eo,
1424 3350 1509 3377 quem
1524 3339 1599 3369 idem
1616 3338 1680 3369 Rex
1693 3339 1802 3378 Angliae
1824 3339 1925 3369 miserit
1939 3339 2086 3379 specialiter
2098 3338 2131 3368 ad
2145 3337 2335 3375 recipiendam

1279 3379 1521 3418 praesentationem
1538 3377 1694 3414 hujusmodi
1710 3377 1777 3408 loco
1790 3377 1845 3415 sui3

1317 3416 1354 3448 Et
1374 3416 1450 3455 quod
1460 3440 1469 3454 ,
1487 3416 1504 3445 si
1527 3417 1582 3453 ipie
1596 3415 1662 3445 Rex
1678 3415 1788 3455 Angli-„e
1804 3417 1832 3445 in
1844 3415 1946 3445 eodem
1959 3415 2026 3445 loco
2039 3415 2072 3445 δε
2086 3414 2210 3456 termino
2222 3412 2341 3453 prae'sens'

1280 3465 1339 3485 non
1358 3455 1442 3485 fuerit
1457 3478 1466 3494 ,
1484 3464 1535 3484 nec
1551 3454 1670 3491 aliquem
1691 3454 1725 3484 ad
1740 3453 1797 3484 hoc
1813 3454 1961 3491 specialiter
1981 3452 2082 3482 miserit
2096 3453 2161 3481 loco
2173 3451 2228 3489 sui,
2239 3451 2340 3496 ‚disstus

1280 3493 1346 3523 Rex
1362 3493 1458 3524 Petrus
1479 3495 1512 3523 ὃς
1533 3502 1584 3521 nos
1605 3499 1748 3522 teneamur
1767 3502 1819 3521 nos
1834 3491 1996 3529 praesentare
2010 3500 2106 3521 coram
2121 3499 2157 3520 eo
2169 3512 2180 3528 ,
2197 3499 2246 3527 qui
2260 3495 2337 3521 Vicea'

1279 3532 1348 3562 diffi
1362 3532 1450 3571 Regis
1464 3530 1574 3570 gefferit
1587 3531 1616 3560 in
1634 3531 1701 3561 loco
1717 3530 1862 3570 praeditsto.
1986 3562 1987 3565 Ἰ
2122 3565 2127 3570 ο
2277 3567 2281 3569 .

1315 3569 1524 3600 Ordinaverunt
1544 3569 1630 3598 etiam
1650 3569 1682 3598 δε
1698 3568 1848 3599 statuerunt
1862 3567 1988 3605 prae'diffl
2009 3564 2159 3607 duodecim
2174 3564 2252 3603 quod
2267 3568 2340 3604 prae-2

1280 3608 1356 3638 di&a
1369 3617 1460 3647 pugna
1471 3631 1481 3646 ,
1499 3617 1547 3645 per
1563 3606 1672 3637 dietum
1694 3606 1806 3646 Regem
1823 3606 1939 3636 Petrum
1954 3605 2052 3647 &nos
2066 3602 2173 3647 iaciend
2197 3626 2207 3641 ,
2217 3604 2253 3647 ‘in
2268 3605 2337 3634 loco

1283 3646 1422 3686 praedffito
1443 3656 1502 3675 non
1522 3645 1568 3675 fiat
1582 3654 1678 3675 eoram
1691 3645 1785 3683 aliquo
1800 3645 1835 3674 de
1854 3652 1936 3681 gente
1949 3645 2027 3683 ipsius
2041 3641 2128 3684 Regis
2140 3641 2267 3682 Angliae,
2285 3642 2337 3673 nisi

1280 3685 1334 3725 ipse
1355 3684 1420 3715 Rex
1443 3683 1552 3722 Angliae
1570 3682 1745 3720 personaliter
1764 3683 1830 3712 esset
1852 3681 1989 3718 proesens3
2007 3679 2081 3710 salvo
2099 3680 2135 3717 ii,
2153 3679 2188 3723 ad
2209 3686 2335 3720 pugnam

1281 3724 1366 3761 ipsam
1380 3723 1468 3753 taliter
1480 3721 1637 3753 faciendam
1646 3743 1656 3759 ,
1671 3721 1727 3761 ipse
1740 3721 1805 3751 Rex
1820 3719 1917 3749 Petrus
1930 3721 1963 3750 &
1977 3729 2028 3749 nos
2041 3717 2160 3748 essemus
2172 3727 2205 3747 m
2217 3728 2342 3749 concor:

1281 3764 1324 3792 dia
1339 3763 1487 3792 communi
1502 3761 1534 3790 δε
1547 3758 1667 3789 assensu·

1316 3800 1353 3830 Et
1367 3799 1458 3838 quod,
1478 3800 1497 3829 ii
1511 3796 1644 3835 praedicta
1657 3782 1703 3827 die
1716 3795 1864 3834 praedic'tus
1878 3795 1942 3825 Rex
1954 3789 2065 3834 Angliae
2077 3795 2107 3824 in
2121 3794 2258 3832 praedidico
2269 3792 2337 3823 loco

1282 3839 1397 3879 praesens
1418 3847 1477 3866 non
1498 3835 1564 3866 esset
1576 3859 1585 3873 ,
1605 3835 1682 3865 idem
1700 3834 1766 3865 Rex
1786 3833 1881 3864 Petrus
1893 3834 1926 3864 &
1942 3843 1994 3863 nos
2008 3842 2154 3869 teneamur
2174 3833 2261 3872 ipsum
2277 3831 2337 3874 Re*

1281 3887 1345 3917 gem
1361 3875 1490 3915 Angliae,
1509 3873 1554 3903 vel
1567 3873 1773 3911 responsionem
1786 3871 1860 3902 suam
1872 3872 1908 3902 de
1921 3871 2077 3910 veniendo,
2093 3870 2138 3903 vel
2152 3881 2211 3900 non
2224 3878 2339 3912 venie-naj

1282 3914 1322 3947 do
1335 3940 1343 3953 ,
1361 3914 1394 3944 ad
1416 3916 1511 3944 locum
1531 3911 1620 3949 ipsum
1636 3934 1647 3950 ,
1663 3921 1679 3941 a
1698 3911 1743 3942 die
1757 3910 1895 3951 praedicto
1908 3909 1976 3941 dato
1986 3933 1996 3948 ,
2011 3910 2096 3949 usque
2109 3909 2144 3940 ad
2157 3909 2266 3947 triginta
2281 3907 2337 3937 dieo

1303 3964 1318 3984 ,·
1354 3953 1437 3983 erare.
1880 3982 1882 3985 .

1284 3965 1317 3985 ex
1338 3964 1372 4029 et,
1388 3999 1417 4021 ut
1432 3990 1513 4028 ipsius
1531 3987 1619 4028 Regis
1634 3985 1745 4027 Angliae
1758 3986 1900 4026 praesentia
1912 3986 2003 4017 modis
2016 3985 2149 4017 omnibus
2161 3986 2340 4024 procuretur,

1283 4031 1432 4062 volucrunt
1475 4026 1671 4057 ordinaverunt
1685 4049 1695 4064 ,
1712 4027 1745 4057 δε
1764 4025 1914 4056 statuerunt
1934 4025 2061 4064 praediffl
2074 4022 2244 4066 duodecim,
2260 4019 2339 4060 quod

1283 4069 1340 4108 ipse
1358 4068 1424 4099 Reii
1444 4052 1541 4098 l'etrus
1559 4066 1592 4098 &
1606 4075 1673 4103 nos,
1688 4074 1736 4103 per
1754 4063 1782 4095 se
1794 4063 1928 4104 quilibet,-
1943 4065 2138 4104 promittamus
2152 4061 2185 4092 δε
2196 4068 2344 4134 Jurefguugf}

2351 1270 2481 1305 *’1Ι.ι3ὲἸ
