2570 4261
252 141 328 181 182

105 226 181 257 Arm.
192 226 223 256 D
251 234 367 265 porray,
383 224 415 255 δε
430 221 466 252 de
479 222 499 251 li
512 220 614 257 servir,
631 227 646 248 a
659 216 685 247 sa
698 216 830 253 volume,
849 222 886 244 en
899 211 925 242 13
940 219 1039 251 guerre
1051 207 1194 240 avantdite
1209 229 1220 245 ,
1237 206 1310 237 sico-

128 274 212 304 1297.
253 269 302 294 me
316 275 330 294 a
344 261 539 298 monseigneur
553 258 615 301 lige.
668 293 673 298 .
1004 288 1009 293 .
1074 287 1078 292 Ι
1288 283 1293 288 η

104 306 170 331 Edv.
191 313 215 331 ι.
290 301 316 332 E
334 302 381 338 qni
403 303 459 328 enn
480 295 644 335 apparailiez
662 302 692 330 Je
712 290 835 331 passeray
855 289 980 326 ovesque
991 287 1011 317 li
1024 285 1168 323 mersmoe,
1186 291 1274 323 quant
1286 281 1306 312 xl

251 341 373 378 pailera,
388 348 426 367 ou
442 337 519 366 autre
532 335 592 364 foiz
605 332 685 375 quele
698 329 784 362 heure
796 339 852 367 que
859 329 880 372 li
894 327 984 366 pleise.
1195 361 1200 366 ι
1285 360 1290 365 y

291 377 334 415 E,
353 387 368 406 a
385 383 455 415 totes
468 383 514 403 ces
529 371 626 403 choses
641 373 711 400 taire
722 370 755 399 &
769 368 880 398 fourmr
889 389 899 405 ,
917 376 953 396 en
966 372 1036 395 touz
1049 369 1175 401 poyntz,
1189 370 1218 399 Je
1230 358 1306 390 obh-

252 426 290 453 ge
308 424 352 445 ma
373 421 489 450 perrone
503 433 513 448 ,
536 410 569 440 ὅ(
590 416 675 447 quant
694 406 743 445 qui
748 406 821 446 j'ay,
838 406 872 436 &
887 413 953 435 aver
965 411 1086 441 porray,
1102 410 1118 430 a
1139 399 1163 430 la
1185 397 1306 431 volunte

251 451 457 487 Monseigneur
470 449 496 478 le
510 448 570 478 Roi
581 445 712 477 avantdit.
1110 477 1115 482 ¹

287 490 324 520 Et
337 513 346 526 ,
372 497 453 518 outre
476 496 511 517 ce
523 508 533 524 ,
552 487 582 524 je
601 485 620 515 li
640 494 674 525 ay
689 485 770 522 jurez
783 506 792 521 ,
818 482 863 513 sur
875 482 892 512 s
920 488 972 510 ntz
986 475 1175 515 Euvangsses,
1193 474 1227 505 &
1245 482 1308 512 mys

252 538 323 559 mon
335 527 385 558 seal
399 537 416 557 a
428 525 488 556 cest
501 525 600 564 escrit,
618 533 654 554 en
667 522 875 561 tefinoignance
916 529 932 549 e
950 526 1021 549 totes
1036 525 1083 547 ces
1097 514 1195 545 choi&
1210 520 1308 544 avant-

249 568 326 598 dites.

285 641 366 671 Don.
385 651 402 671 a
422 639 591 671 Canterbire
612 638 638 669 le
655 638 743 669 disme
757 638 824 676 jour
845 633 974 679 de-Juyn
987 655 997 671 ,
1012 631 1068 674 l’an
1082 628 1121 660 du
1137 636 1221 668 regne
1235 635 1307 657 mon

249 681 385 719 Seigneur
397 680 424 711 le
441 679 510 720 Roy
525 678 715 718 d’Engleterre
726 674 850 707 avantdit
863 672 992 706 vmtisme
1006 677 1095 708 quint.

978 745 1032 777 Sub
1047 743 1137 783 Sigillo
1142 743 1201 784 fim.

246 834 306 896 A
323 834 414 866 Touz
428 842 498 864 ceux
511 833 560 876 qui
575 830 662 861 cestes
682 830 776 860 lettres
790 834 907 871 verront
927 835 966 857 ou
980 832 1080 856 orront
1095 819 1223 853 Richard
1237 817 1305 849 Do-

325 873 370 903 vel
386 872 443 902 fiuz
454 872 486 901 &
501 871 558 900 heir
575 869 681 908 Hughe
702 867 794 899 Lovel
809 876 856 905 qui
873 873 950 896 mort
962 863 1003 894 est
1015 863 1097 894 saluz.
1116 859 1213 891 Come
1231 866 1302 888 mon

245 910 314 941 cher
330 911 464 950 Seigneur
478 908 619 948 Edward,
638 909 698 938 &c.

282 948 363 980 Don.
388 958 404 978 a
424 948 591 978 Canterbire
617 947 643 976 le
662 946 759 987 dysme
776 945 841 983 jour
853 942 888 972 de
899 941 992 983 Juyn,
1010 940 1063 970 l’an
1075 938 1114 969 du
1127 945 1214 975 regne
1229 942 1303 965 mon

245 986 378 1027 Seigneur
393 987 418 1017 le
434 986 502 1025 Roy
516 985 708 1026 d‘Engleterre
721 983 844 1014 avantdit
857 982 987 1014 vintinne
1001 979 1091 1017 quint.

975 1058 1029 1089 Sub
1043 1054 1132 1095 Sigillo
1137 1053 1196 1094 fito.

243 1195 460 1241 Acquietantia
476 1191 619 1226 cuidonis
629 1193 753 1223 Comitis
767 1188 914 1224 flandria
924 1199 978 1235 pro
995 1190 1095 1234 primo
1110 1196 1186 1217 anno
1205 1186 1300 1215 auxi-

481 1242 516 1274 lii
529 1239 646 1288 praestiti
666 1250 769 1272 contra
786 1241 917 1272 Francia
937 1240 1056 1284 Regem.

90 1326 166 1357 Ann.
182 1325 222 1357 D.
322 1324 450 1358 Niverfis
462 1350 472 1366 ,
496 1322 641 1366 praesentes
662 1324 764 1355 litteras
784 1321 962 1362 inspeeturis,
980 1319 1080 1365 Guido
1095 1319 1205 1351 Comes
1219 1318 1302 1350 Flan-

111 1373 195 1402 1297-
333 1365 418 1404 dnae,
435 1375 468 1396 ac
483 1365 620 1396 Marcbio
634 1363 854 1401 Namurcensis,
872 1361 988 1392 salutem
1002 1370 1030 1390 in
1043 1359 1187 1390 Domino.

88 1408 140 1433 Aa.
158 1414 202 1439 25.
279 1404 360 1435 Cum
381 1404 575 1435 Sereniffimus
599 1403 733 1440 Princeps
755 1400 910 1432 Edwardus
922 1422 933 1439 ‚
956 1399 1015 1430 Dei
1028 1398 1115 1438 gratia
1129 1421 1138 1436 ,
1156 1398 1221 1428 Rex
1235 1396 1299 1441 An-

87 1447 118 1469 E·
143 1453 166 1469 ι.
239 1442 322 1486 gli-x,
341 1441 488 1473 Dominus
508 1442 656 1472 Hibernice
672 1465 681 1479 ,
708 1441 741 1472 &
757 1439 826 1470 Dux
841 1439 1018 1478 Aquitaniae,
1035 1437 1070 1467 ad
1080 1435 1237 1480 juvandum
1253 1446 1297 1473 ap-

86 1484 127 1508 Ex
141 1484 200 1508 Au-
238 1484 299 1511 (um
331 1482 364 1512 &
386 1480 440 1511 Alli
477 1490 521 1512 tos
540 1481 602 1511 suos
616 1503 625 1519 ‚
653 1488 750 1510 contra
774 1478 939 1510 Dominum
960 1475 1074 1515 Regem
1097 1475 1242 1512 Franciae,
1261 1475 1295 1504 δε

86 1526 150 1555 togr.
238 1504 422 1557 quoscunque
438 1490 578 1558 ffiligatos
593 1518 715 1557 ejusdem
725 1541 736 1556 ,
753 1518 782 1547 in
793 1516 894 1556 guerra
933 1524 1020 1554 quam
1035 1515 1158 1545 invicem
1175 1514 1296 1552 habent,

238 1559 320 1588 nobis
333 1559 362 1588 in
377 1567 493 1589 centurn
503 1558 579 1588 mille
592 1558 726 1587 librarum
741 1557 889 1595 nigrorum
897 1539 1111 1585 'Ii'uronenlium
1126 1561 1295 1596 parvorum,

237 1606 283 1627 aut
306 1598 335 1626 in
357 1607 458 1627 eorum
476 1597 572 1629 valore
592 1597 621 1626 in
641 1595 692 1625 alia
706 1595 838 1632 moneta,
858 1603 911 1632 pro
925 1594 1020 1632 primo
1033 1602 1109 1622 anno
1124 1599 1296 1635 conventio-

238 1644 324 1672 num,
346 1636 418 1665 inter
441 1635 611 1674 praedietum
628 1633 790 1664 Dominum
811 1633 925 1671 Regem
945 1631 971 1661 A
992 1631 1055 1661 oliae
1074 1631 1107 1660 ὃς
1122 1640 1175 1660 nos
1187 1630 1294 1660 habita-

237 1683 319 1712 rum,
337 1674 474 1714 obligatus
493 1673 638 1711 existeret,
657 1681 742 1711 prout
761 1673 790 1701 in
810 1672 906 1702 litteris
928 1641 1050 1708 ejuid³em
1064 1668 1189 1699 Domini
1206 1667 1294 1708 Regis

238 1712 285 1742 An
305 1713 366 1751 liae,
385 1713 466 1743 nobis
479 1711 544 1742 inde
556 1712 650 1749 factis,
670 1710 777 1749 plenius
791 1711 962 1741 continetur.

311 1751 463 1782 niversitati
480 1750 581 1782 vestrae
595 1773 605 1789 ,
633 1760 681 1787 per
695 1747 855 1786 praesentoe,
873 1756 974 1778 notum
989 1745 1045 1777 esse
1057 1745 1195 1783 facimus,
1213 1745 1292 1784 quod

237 1798 308 1827 nos,
336 1789 466 1828 praefatus
486 1789 587 1820 Guido
603 1811 612 1827 ,
635 1788 671 1818 de
692 1787 826 1825 praediCt'ai
843 1787 971 1824 pecuniae
985 1784 1095 1816 summa
1131 1794 1180 1822 per
1192 1793 1291 1814 manus

236 1828 401 1858 venerabilis
417 1827 504 1858 Patris
517 1828 658 1865 Domini,
668 1826 720 1855 W.
733 1825 788 1855 Dei
805 1823 908 1865 gratia,
922 1807 1180 1867 coventrensisffic
1196 1822 1278 1892 IssCh

236 1866 362 1896 feldenfis
378 1866 647 1905 Episcopi‚Angliae
661 1864 894 1901 Thesaurarii,ac
909 1862 1033 1893 Domini
1043 1862 1146 1901 Jacob1
1161 1861 1197 1893 de
1239 1872 1292 1892 ou-

236 1913 269 1934 za
284 1907 436 1943 receptoris
452 1904 558 1943 nostri,
574 1906 603 1934 in
625 1902 748 1933 Moneta
759 1902 966 1941 Sterlingorum
987 1901 1118 1941 Angliae,
1136 1898 1293 1931 Brabantiae

235 1953 269 1973 ac
286 1943 428 1974 Namurci
443 1944 573 1982 (receptis
588 1943 686 1982 viginti
700 1949 819 1980 quatuor
833 1941 910 1970 libris
919 1940 1124 1979 Sterlingorum
1138 1938 1292 1979 praedisto-

236 1992 318 2020 rum,
358 1992 390 2013 ro
407 1991 523 2013 centum
541 1982 617 2012 libris
635 1982 780 2019 nigrorum
801 1978 1013 2011 Turonensium
1036 1977 1201 2016 parvorum)
1220 1977 1293 2007 sexa-

233 2022 311 2060 ginta
374 2021 514 2051 sexdecim
536 2020 613 2050 mille
631 2019 764 2049 librarum
777 2016 992 2048 Turonenfium
1007 2016 1208 2055 praedictarum
1221 2017 1292 2046 inte-

230 2059 345 2128 graliter
366 2061 523 2100 recepimus
537 2082 547 2098 ,
571 2059 600 2088 in
622 2058 871 2096 perpurgationem
888 2055 1033 2087 solutionis
1051 2055 1179 2096 pecuniae
1197 2054 1291 2093 supra-

252 2107 259 2126 1
293 2107 325 2128 ae.

271 2135 320 2166 De
334 2137 434 2174 quibus
451 2136 586 2175 sexaginta
601 2136 633 2166 &
648 2133 789 2165 sexdecim
804 2133 917 2163 milibus
930 2132 1062 2163 librarum
1074 2131 1289 2163 Turonensiurn

231 2174 430 2212 praedictarum
444 2175 580 2212 fatemur,
597 2183 646 2211 per
659 2173 716 2203 hoc
729 2174 879 2210 scriptum,
897 2182 949 2202 nos
960 2171 1016 2201 esse
1030 2180 1158 2209 pacatOS,
1168 2171 1201 2202 &
1216 2180 1289 2208 prae-

230 2212 341 2243 dietum
356 2212 521 2243 Dominum
534 2213 651 2249 Regem
665 2211 775 2250 Angliae
789 2212 916 2248 quietum
930 2209 987 2240 esse
998 2211 1129 2239 omnino.

271 2249 478 2282 Renuntiantes
499 2261 552 2282 nos
566 2275 577 2294 2
601 2249 749 2288 praedictus
768 2248 876 2279 Comes
890 2271 900 2287 ‚
918 2258 972 2286 pro
986 2249 1085 2286 nobis,
1101 2246 1288 2285 Haeredibus,

227 2290 268 2321 δε
289 2290 501 2328 quibuscunque
520 2289 668 2325 Assignatis
682 2311 692 2327 ,
709 2288 754 2318 seu
768 2287 974 2318 Executoribus
986 2286 1107 2324 nostris,
1125 2287 1286 2324 exceptioni

234 2338 292 2358 non
306 2337 472 2367 numeratae,
490 2337 549 2358 non
562 2328 659 2358 solutae
674 2328 816 2365 pecuniae:
835 2336 868 2356 ac
885 2326 966 2355 omni
979 2325 1153 2363 exceptioni,
1171 2325 1287 2362 actioni,

233 2367 265 2398 &
279 2366 451 2405 defensioni,
469 2376 533 2404 quae
544 2365 644 2404 nobis,
662 2364 847 2402 HaeredibuS,
867 2362 1015 2403 Affignatis
1029 2387 1039 2403 ,
1058 2372 1104 2393 aut
1117 2362 1286 2394 Executori-

233 2406 285 2435 bus
306 2404 408 2436 nostris
428 2406 521 2442 posset
539 2403 669 2442 prodeffe
682 2427 690 2442 ‚
722 2404 756 2434 &
779 2403 859 2434 dic‘to
877 2402 1013 2434 Domino
1036 2401 1115 2440 Regi
1134 2402 1152 2421 ²⁸*
1172 2401 1286 2439 Angliae

232 2443 330 2475 obesse
344 2443 563 2482 quomodolibet
578 2444 606 2473 in
622 2442 673 2473 hac
687 2450 771 2480 parte.

83 2401 99 2417 ⁹
110 2400 216 2436 11774.

269 2482 302 2513 In
322 2484 401 2521 cujus
420 2483 459 2512 rei
475 2481 689 2512 Testimonium
704 2504 714 2521 ,
741 2480 872 2520 Sigillum
893 2479 1025 2512 nostrum
1045 2478 1171 2520 praesenti
1183 2477 1286 2518 scripto
1311 2464 1313 2467 .

229 2521 360 2553 ducimus
371 2520 583 2561 apponendum.

270 2597 379 2629 Datum
400 2598 498 2639 Brugis
511 2623 521 2637 ,
546 2608 624 2630 anno
639 2600 733 2639 gratiae
753 2599 920 2637 millefimo,
937 2597 1149 2636 ducentefimo,
1163 2604 1288 2637 nonage-

231 2636 303 2668 fimo
309 2660 320 2677 ,
338 2638 475 2676 septimo,
494 2639 522 2668 in
538 2636 659 2669 crastino
675 2637 837 2669 Nativitatis
849 2639 921 2669 beati
930 2638 1065 2677 johannis
1080 2635 1215 2674 Baptistae.

473 2719 542 2744 Cera
549 2714 638 2755 flava
652 2713 724 2752 Sigil.
743 2713 855 2744 Flandr.
872 2712 984 2754 lem-nist.
999 2712 1178 2743 membranae.

332 2842 440 2873 comita·
456 2839 602 2874 flandri-2
617 2838 652 2873 de
671 2838 846 2882 Credenfia,
865 2850 922 2885 pro
944 2841 1060 2871 Comite
1075 2839 1177 2872 Barri.

81 2931 207 2962 Ann,D,
299 2924 382 2963 OY,
399 2927 461 2957 &c.
476 2936 491 2956 a
504 2926 611 2957 mesme
627 2925 680 2956 celi
693 2925 789 2956 Conte
801 2924 889 2963 sanz,
908 2924 942 2955 &
957 2923 1119 2955 treschieres
1136 2923 1250 2953 amitez.

100 2978 186 3007 1297,
328 2963 416 2994 Nous
437 2974 537 2996 avoms
560 2965 683 2995 entendu
699 2987 709 3002 ,
733 2973 781 3002 par
799 2973 851 2994 vos
873 2964 982 3002 lettres,
1001 2964 1049 3001 qui
1063 2972 1134 2993 vous
1147 2968 1283 3004 nous-en-

78 3011 130 3037 An.
153 3017 197 3045 ²5·
229 3000 351 3039 veastes,
369 3012 425 3040 que
437 3003 464 3033 le
477 3002 544 3041 Roy
559 3003 594 3034 de
610 3003 715 3033 France
730 3001 772 3032 est
785 3010 883 3032 entrez
895 3012 930 3032 en
946 3001 1043 3032 vostre
1054 3009 1145 3039 terre,
1163 3009 1202 3030 ou
1216 2998 1233 3028 ι1
1247 2997 1282 3028 ad

79 3051 100 3076 r.
130 3054 140 3074 1
230 3036 279 3081 fait
292 3038 418 3079 damages
431 3051 446 3071 e
460 3050 625 3080 grevances,
644 3041 677 3072 &
691 3050 798 3072 uncore
811 3039 852 3071 est
866 3050 902 3071 en
916 3039 1028 3078 feisant3
1045 3038 1115 3070 dunt
1129 3037 1202 3069 molt
1209 3046 1282 3068 nous

129 3105 135 3111 ,
199 3101 209 3106 -
249 3076 313 3106 oise.

79 3085 248 3159 12:213?
266 3113 291 3144 E
312 3125 384 3145 vous
403 3115 514 3147 feisoms
533 3127 548 3147 a
570 3117 658 3148 favoir
671 3127 726 3155 que
737 3141 747 3157 ,
764 3127 779 3147 a
794 3117 912 3148 mesmes
925 3117 952 3148 le
962 3117 1043 3155 jour,
1061 3115 1108 3153 qui
1123 3125 1195 3145 nous
1209 3124 1282 3158 vous

81 3164 109 3188 Ε,
123 3171 189 3190 Lm,
231 3154 392 3184 mandames
414 3165 461 3191 par
479 3164 536 3185 voz
554 3166 669 3194 propres
687 3156 830 3193 Meffages
843 3179 853 3195 ,
876 3156 990 3188 devient
1011 3164 1062 3185 nos
1075 3162 1161 3194 gentz
1172 3163 1252 3184 vemt
1267 3162 1283 3182 a

84 3208 126 3235 ¹3·
142 3200 166 3227 Α,
230 3200 303 3222 nous
317 3202 332 3222 a
346 3192 484 3223 Londres.

265 3229 306 3267 E,
325 3240 411 3269 quant
430 3231 449 3261 il
468 3230 573 3262 serrunt
588 3240 698 3271 venuz,
723 3242 795 3263 nous
808 3234 919 3271 biom,
938 3232 964 3263 al
976 3244 990 3264 a
1010 3231 1047 3262 de
1062 3231 1097 3262 de
1114 3229 1209 3268 Dieu,
1226 3229 1284 3260 aler

228 3278 289 3298 vers
304 3269 330 3299 le
346 3269 429 3308 Mer,
447 3279 485 3299 ou
499 3280 570 3300 nous
586 3270 698 3301 feisoms
709 3272 867 3309 apparailler
879 3271 975 3302 nostre
1031 3271 1111 3308 avie,
1128 3278 1180 3306 pur
1193 3267 1283 3306 passer

227 3316 291 3350 vers
310 3318 381 3339 vous
403 3318 438 3338 au
459 3307 520 3346 plus
542 3308 598 3339 tost
619 3319 675 3346 que
696 3319 767 3339 nous
786 3320 918 3347 porroms
933 3333 944 3349 ,
967 3309 1062 3340 selonc
1084 3308 1111 3338 le
1125 3316 1217 3344 temps
1231 3307 1282 3344 qui

228 3343 323 3376 Dieux
336 3356 407 3376 nous
421 3346 513 3377 dorra.

265 3382 310 3422 Ε,
324 3384 433 3415 endroit
453 3384 491 3414 du
514 3383 589 3422 ptest
602 3407 612 3424 ,
637 3385 709 3415 dont
729 3395 801 3416 vous
816 3395 888 3416 nous
903 3394 985 3416 avetz
998 3385 1106 3424 requis‚
1125 3393 1198 3414 nous
1211 3393 1283 3414 vous

229 3430 366 3452 enveoms
387 3422 545 3490 pargohan
565 3423 601 3452 de
615 3422 757 3467 'Berewyl't
769 3447 778 3461 ,
805 3423 902 3454 nostre
922 3424 1009 3455 Clerc
1023 3447 1034 3464 ,
1051 3422 1145 3454 selonc
1158 3431 1213 3452 ceo
1227 3431 1283 3460 que

229 3457 377 3498 l'Evesque
390 3461 426 3491 de
470 3461 541 3491 estre
555 3462 587 3492 δε
603 3461 621 3490 1ι
636 3472 706 3492 vous
722 3461 836 3491 dirmnt.

268 3496 305 3528 Et
321 3497 347 3528 le
369 3499 410 3529 dit
428 3498 522 3537 Johan
545 3499 569 3529 se
584 3499 720 3537 departira
730 3499 767 3529 de
781 3499 910 3530 Londrec
924 3501 950 3530 le
964 3498 1129 3537 Meskerffi,
1146 3496 1283 3536 prechein

230 3542 306 3570 apres
316 3535 342 3565 le
356 3538 505 3575 quinzeine
517 3537 554 3568 de
567 3537 643 3568 ceste
657 3538 735 3568 Seint
746 3537 850 3576 Johan.

269 3607 383 3655 Donees
397 3623 412 3642 a
425 3613 627 3645 Westmonstr.
644 3613 670 3644 le
682 3615 765 3645 trien.
779 3615 847 3652 jour
864 3613 901 3646 de
911 3614 976 3656 Juyl
984 3638 995 3654 ,
1013 3615 1068 3645 l’an
1081 3612 1118 3644 de
1128 3610 1227 3642 nostre
1239 3620 1284 3640 re-

232 3655 288 3684 gne
300 3650 425 3682 vintisme
437 3654 526 3690 quint.

88 3828 135 3860 An
180 3828 212 3860 D
303 3779 351 3810 De
365 3781 566 3826 Magnatibus
586 3786 684 3816 Scotiae
703 3783 855 3816 voluntati
873 3788 958 3833 Regis
966 3781 1221 3831 fhbmittentibus.

137 3839 165 3859 n.
214 3853 221 3859 .

109 3876 193 3905 1297-
239 3868 296 3929 A
313 3867 394 3898 Tutz
410 3879 491 3910 ceus,
509 3874 538 3911 qi
549 3873 624 3918 ceste
638 3874 717 3905 lettre
729 3884 845 3906 verrunt
856 3886 895 3907 ou
909 3887 1027 3917 orront,
1045 3877 1161 3908 Robert
1173 3875 1285 3907 deBrus

88 3909 140 3934 An.
155 3917 200 3941 25·
266 3944 272 3949 ι
316 3904 432 3949 Counte
444 3908 479 3938 de
492 3910 609 3951 Carnk,
623 3912 718 3950 james
731 3913 876 3944 Seneschal
888 3914 923 3945 de
938 3915 1049 3947 Escoce
1081 3914 1285 3946 Alisaundrede

85 3948 114 3973 Ξ.
139 3953 161 3970 r.
238 3942 381 3973 Lmdesaie
392 3982 397 3990 1
410 3943 501 3987 Johan
517 3949 587 3979 frere
600 3952 626 3979 le
639 3950 802 3991 Seneschal‚
819 3962 836 3982 e
850 3952 980 3984 William
990 3954 1027 3986 de
1040 3939 1186 3993 magns,
1199 3952 1284 3984 salutz

86 3986 126 4009 Ex
140 3985 196 4010 Au-
234 3991 269 4011 en
302 3981 355 4011 ehu
370 3966 474 4012 Christ.

84 4026 148 4056 ‘w-
299 4029 392 4050 oneue
411 4019 495 4051 chose
511 4021 559 4053 seit
577 4033 593 4053 a
611 4035 682 4056 vous
702 4035 763 4058 tutz
777 4050 787 4065 ,
810 4038 846 4066 qe
867 4039 938 4060 corn
956 4039 1045 4068 nous,
1062 4028 1283 4066 ensemblernent

691 116 1485 173 CONVENTIONES‚

1569 113 1964 165 LITERAE,

1344 213 1402 234 oue
1415 202 1440 233 13
1455 203 1594 235 Comune
1605 203 1640 234 de
1651 204 1773 242 nosrpais
1781 225 1792 241 ,
1809 201 1944 233 esteioms
1959 199 2033 229 leves
2049 203 2209 241 encountre
2221 195 2314 226 nostre
2321 195 2402 228 Sein-
2418 201 2495 233 Αῃῃ,
2507 202 2549 236 D.

1344 251 1434 281 gnur,
1453 253 1524 273 mon
1539 243 1600 273 Sire
1613 242 1752 280 Edward,
1770 252 1818 280 par
1830 241 1855 271 la
1867 248 1950 278 grace
1964 237 2000 267 de
2013 235 2128 273 Dieux,
2147 234 2229 273 Roys
2240 235 2277 265 de
2291 234 2400 273 Engle-
2437 250 2522 280 1297,

1343 289 1432 319 terre,
1452 281 1590 321 Seingnur
1604 282 1639 313 de
1654 281 1815 317 ltelaunde,
1831 281 1864 311 &
1879 278 1951 308 Dux
1965 276 2003 306 de
2017 274 2167 313 Gwyene2
2185 283 2202 303 e
2215 297 2225 311 2
2241 282 2398 305 encountre
2415 283 2482 309 Edv.
2505 290 2530 310 ι.

1342 318 1368 349 fi³
1388 329 1452 357 pees
1474 321 1566 350 eiorns
1585 330 1621 351 en
1635 321 1660 351 sa
1675 320 1853 358 Seingnurie,
1871 326 1908 347 en
1920 316 1946 346 sa
1960 322 2033 344 terre
2045 313 2082 357 de
2093 311 2219 350 Escoce,
2236 321 2253 342 e
2268 311 2304 342 de
2318 311 2399 344 Gau-

1341 359 1429 395 weie,
1448 357 1495 388 fait
1507 358 1614 398 arsons,
1631 358 1813 395 homecides,
1829 358 1863 388 &
1876 355 1966 385 divers
1981 353 2104 383 robenes
2116 361 2133 381 e

1474 396 1546 427 estre
1557 398 1605 428 fait
1620 408 1667 435 par
1681 406 1753 427 nous
1762 420 1772 434 ,
1789 406 1806 426 e
1819 405 1867 433 par
1881 394 1919 424 les
1933 402 2000 423 nos:

1381 433 1484 473 Nous,
1503 445 1557 473 pur
1568 446 1656 475 nous,
1675 445 1692 465 e
1705 445 1756 473 pur
1769 443 1819 464 tuz
1832 443 1928 470 ceaus,
1945 432 1974 469 qi
1987 430 2022 460 de
2036 440 2107 461 nous
2120 427 2214 473 furent
2230 426 2347 467 adhers,
2363 428 2400 460 de

1342 470 1368 502 la
1388 471 1447 503 dite
1464 483 1610 513 comune,
1628 484 1644 504 a
1665 484 1720 504 ceo
1739 473 1815 511 fayre
1827 495 1837 510 ,
1855 471 1928 502 estre
1942 478 2046 511 tenuz‚
2061 479 2078 499 e
2092 467 2206 499 sousmis
2218 476 2233 496 a
2245 467 2271 497 13
2284 467 2400 498 volente

1344 510 1441 541 nostre
1461 511 1526 543 Sein
1547 523 1599 542 nur
1617 512 1643 543 le
1661 511 1744 550 Roys
1764 510 1906 541 avauntdit
1917 531 1928 547 ‚
1951 519 1967 538 a
1991 509 2068 546 iayre
2081 507 2119 537 les
2133 504 2282 543 amendeS,
2301 506 2369 537 haut
2382 514 2400 536 e

1344 548 1408 586 bas,
1425 560 1441 579 a
1455 549 1481 580 sa
1493 561 1533 581 vo
1544 559 1627 588 ente,
1644 550 1692 581 des
1704 551 1764 580 ditz
1777 547 1958 585 homecides,
1972 546 2065 576 arsons
2079 546 2113 576 ὃς
2129 545 2267 575 roberies:

1381 586 1475 618 Sauve
1493 599 1508 619 a
1527 599 1601 619 nous
1620 589 1659 618 les
1680 589 1779 626 pointz
1801 594 1946 618 contenuz
1967 595 2002 615 en
2022 595 2060 615 un
2080 585 2179 622 escrit,
2202 583 2229 614 le
2245 583 2311 621 quel
2324 593 2398 614 nous

1343 634 1432 656 avons
1451 627 1486 657 de
1506 637 1577 658 mon
1597 627 1657 657 Sire
1668 626 1759 657 Henri
1782 625 1817 656 de
1832 626 1938 664 Perey,
1953 634 1968 654 a
1983 634 2054 654 mon
2069 622 2130 653 Sire
2143 621 2258 653 Robert
2271 623 2308 654 de
2321 622 2399 653 Clif-

1343 663 1437 704 forth,
1454 664 1646 697 Cheventeins
1665 666 1702 696 de
1716 663 1797 695 'l'Ost
1818 675 1852 695 au
1868 664 1957 694 noble
1968 663 2033 702 Rey
2046 662 2083 693 de
2095 662 2277 703 Engleterre,
2294 672 2324 693 es
2337 672 2401 701 par-

1341 703 1391 732 ties
1406 702 1443 734 de
1454 702 1572 734 Escoce.

1339 779 1357 809 s
1379 740 1425 771 En
1450 742 1661 774 tesmoinaunce
1683 741 1719 773 de
1738 751 1813 780 queu
1832 741 1946 780 chosoe,
1963 751 1980 772 a
1995 741 2054 771 cest
2066 742 2147 773 escrit
2161 750 2261 771 avoms
2275 740 2331 770 mis
2343 749 2398 770 nos

1351 789 1423 809 eaus.

1378 817 1468 849 Escrit
1481 829 1496 849 a
1509 818 1569 850 Sire
1583 819 1741 849 Willaume
1775 819 1802 848 le
1815 818 1969 849 Noemme
1977 819 2042 857 jour
2060 818 2098 849 du
2121 818 2195 848 mois
2211 816 2249 848 de
2258 816 2342 856 Juyl,
2360 826 2397 848 en

1338 856 1365 887 le
1377 856 1426 887 An
1439 856 1484 888 del
1498 857 1602 898 Regne
1613 857 1640 888 le
1651 857 1729 897 Reys
1745 842 1867 888 Edward
1878 858 1998 888 vintime
2012 858 2101 895 quint.

1519 933 1573 964 Sub
1583 941 1699 975 quatuor
1713 932 1812 971 Sigillis
1823 933 1883 964 rub.
1894 935 2021 973 pendent.
2039 934 2058 963 ἃ
2073 933 2164 963 caudis
2170 941 2289 972 pergam.

1338 1058 1388 1091 De
1411 1058 1549 1105 Epiftopo
1574 1058 1757 1103 Glaftuenfi,
1784 1054 1905 1103 Jacobo
1923 1055 2082 1102 Senefiallo
2101 1059 2138 1095 ὠ·
2159 1053 2341 1090 Alexandro
2357 1055 2394 1089 de

1386 1107 1538 1152 Lindefi’ie
1554 1134 1563 1149 ‚
1594 1103 1870 1153 splanucaptoribus
1891 1103 1946 1152 'pro
1968 1102 2093 1138 Roberto
2116 1104 2152 1138 de
2176 1107 2254 1138 Brus
2269 1130 2280 1146 ,
2303 1104 2394 1151 usque

1382 1155 1456 1190 dum
1474 1158 1671 1202 Margeriam
1681 1154 1787 1200 filiam
1802 1154 1935 1189 traderet
1954 1158 1986 1187 in
2001 1152 2147 1198 Obstdem.

1413 1242 1496 1273 Tutz
1515 1251 1596 1272 ceaus
1609 1263 1619 1280 ‚
1646 1241 1676 1280 qi
1690 1241 1767 1272 ceste
1787 1241 1867 1272 lettre
1882 1248 1998 1273 verrunt
2010 1251 2051 1272 ou
2063 1248 2180 1278 orrum,
2198 1239 2329 1276 Robert,
2345 1247 2392 1275 par
2411 1242 2486 1275 An„¹
2500 1244 2542 1278 D·

1414 1281 1439 1311 la
1460 1291 1543 1321 grace
1567 1280 1602 1311 de
1624 1279 1720 1311 Dieux
1731 1303 1742 1319 ,
1765 1279 1844 1311 Eves
1859 1290 1893 1310 ue
1913 1280 1949 1310 de
1968 1279 2075 1318 Glasgu
2090 1302 2099 1317 ,
2119 1279 2231 1318 Jeames
2245 1277 2392 1310 Seneschai
2438 1292 2522 1322 1297,

1335 1318 1491 1359 d'Escoce,
1509 1321 1542 1351 &
1559 1318 1722 1350 Alisaundre
1736 1319 1771 1350 de
1784 1319 1841 1349 Lin
1861 1318 1948 1356 eseie,
1967 1319 2040 1349 saluz
2054 1329 2089 1349 en
2099 1319 2173 1356 jehu
2188 1316 2276 1347 Crist.
2408 1325 2461 1350 An.
2477 1333 2523 1359 25.

1371 1358 1451 1389 Com
1464 1381 1475 1397 ,
1501 1357 1713 1397 neadgwerres,
1728 1357 1756 1388 se
1776 1357 1833 1388 fust
1849 1367 1920 1387 mon
1939 1357 2000 1387 Sire
2015 1357 2130 1389 Robert
2144 1356 2181 1387 de
2192 1355 2261 1387 Brus
2274 1355 2391 1387 Counte
2408 1364 2437 1388 Ε.
2462 1371 2486 1389 1.

1334 1396 1371 1426 de
1388 1396 1489 1428 Carrik
1501 1420 1512 1436 ,
1534 1406 1590 1427 oue
1607 1405 1698 1427 autres
1720 1405 1838 1435 grauntz
1855 1395 2009 1433 Seingnurs
2030 1395 2066 1426 de
2086 1406 2138 1427 nos
2201 1396 2268 1433 ties,
2286 1394 2391 1434 legere-
2411 1402 2448 1425 Ex
2462 1403 2522 1428 Au-

1334 1444 1414 1467 ment
1434 1436 1516 1467 levez
1537 1443 1693 1465 encountre
1708 1434 1802 1465 nostre
1817 1434 1971 1472 Seingnurs
1984 1443 2055 1464 mon
2071 1433 2132 1465 Sire
2171 1434 2285 1471 dward‚
2304 1444 2352 1471 par
2365 1431 2390 1462 la
2408 1444 2472 1474 togr.

1331 1482 1416 1544 ἕπε
1430 1474 1466 1505 de
1479 1474 1590 1512 Dieux,
1609 1472 1686 1513 Reys
1701 1472 1738 1504 de
1749 1472 1930 1512 Engleterre,
1949 1473 1968 1493 ²¹²
1988 1472 2145 1512 Seingneur
2158 1473 2195 1504 de
2207 1472 2337 1511 Irlaund,
2354 1471 2389 1502 &
2408 1479 2479 1503 Penes
2486 1480 2538 1505 Ca·

1367 1522 1402 1544 ux
1415 1512 1451 1543 de
1466 1512 1611 1552 Gwyene:
2405 1522 2503 1541 merar.

1367 1551 1394 1581 E
1431 1561 1467 1591 pu
1487 1562 1499 1582 s
1516 1560 1594 1591 apres
1605 1574 1615 1590 ,
1640 1550 1666 1582 se
1680 1549 1728 1580 seit
1747 1549 1773 1580 le
1787 1548 1828 1581 dit
1844 1559 1915 1581 mon
1928 1549 1990 1581 Sire
2004 1548 2121 1582 Robert
2136 1549 2171 1581 de
2185 1549 2254 1581 Brus
2269 1547 2389 1580 Counte
2408 1554 2423 1569 ⁶
2434 1554 2542 1589 11.775.

1330 1590 1367 1621 de
1415 1592 1467 1620 arri
1509 1589 1598 1620 rendu
1619 1598 1634 1617 a
1656 1589 1681 1619 la
1701 1598 1766 1627 pees
1781 1587 1877 1619 nostre
1888 1589 2029 1630 Seingnur
2044 1589 2071 1620 le
2083 1589 2160 1631 Reys
2170 1587 2328 1626 avauntdit,
2345 1588 2388 1619 sur

1329 1639 1440 1660 aucune
1454 1629 1582 1667 fourme,
1601 1629 1746 1666 purparlee
1758 1636 1838 1658 entre
1849 1627 1895 1666 luy
1907 1637 1923 1657 e
1938 1628 1977 1658 ses
1989 1628 2077 1667 aliez,
2092 1629 2126 1660 &
2140 1637 2211 1659 mon
2219 1628 2279 1659 Sire
2296 1626 2389 1658 Henri

1328 1667 1366 1698 dc
1385 1667 1476 1708 Percy
1489 1691 1498 1706 ,
1525 1678 1542 1697 e
1560 1676 1631 1697 mon
1650 1666 1710 1697 Sire
1725 1666 1837 1697 Robert
1852 1666 1888 1696 de
1902 1665 2060 1706 Clifforth,
2079 1677 2126 1706 par
2141 1667 2239 1698 nostre
2252 1666 2390 1704 Seingnur

1329 1706 1356 1737 le
1372 1705 1442 1737 Reis
1454 1717 1483 1737 es
1498 1707 1598 1744 parties
1613 1714 1715 1736 avaunt
1727 1704 1797 1735 dites
1810 1703 1846 1734 de
1860 1703 1968 1736 Escoce
1983 1714 2100 1736 enveez.

1368 1744 1473 1784 Nous,
1493 1755 1546 1785 pur
1565 1744 1591 1774 le
1610 1743 1651 1774 dit
1666 1754 1735 1774 mon
1750 1743 1811 1773 Sire
1825 1741 1940 1774 Robert
1954 1743 1990 1774 de
2005 1743 2073 1775 Brus
2086 1743 2204 1775 Counte
2218 1744 2255 1775 de
2268 1742 2388 1783 Carrik,

1327 1783 1484 1815 devenoms
1500 1784 1728 1821 meinpreneurs,
1746 1782 1788 1812 sur
1802 1782 1884 1821 peine
1897 1781 1934 1812 de
1945 1781 2042 1820 pardre
2057 1784 2103 1814 vie
2117 1784 2151 1814 &
2166 1783 2315 1820 membre,
2332 1790 2390 1813 ter-

1280 1841 1293 1846 -
1329 1833 1391 1861 res,
1409 1823 1538 1860 chateus,
1555 1822 1589 1852 &
1605 1829 1707 1859 quant,
1726 1830 1782 1858 que
1795 1830 1867 1850 nous
1883 1829 2002 1859 avoms,
2021 1832 2057 1860 qe
2069 1821 2208 1859 il,desore
2223 1831 2260 1852 en
2275 1829 2390 1860 avaunt,

1328 1861 1354 1891 se
1367 1870 1477 1899 portera
1492 1861 1558 1890 bien
1575 1861 1608 1891 ὅ(
1623 1860 1780 1890 loiaument
1793 1868 1856 1888 vers
1869 1858 1965 1889 nostre
1979 1860 2135 1899 Seingneur
2149 1859 2175 1890 le
2187 1860 2266 1899 Reys
2280 1858 2316 1889 de
2329 1858 2390 1889 En-

1327 1900 1446 1939 gleterre
1464 1898 1628 1937 avauntdit3
1651 1907 1667 1928 e
1685 1898 1774 1937 james
1795 1906 1916 1928 countre
1936 1897 1983 1939 luy
1996 1920 2007 1937 ,
2024 1908 2062 1929 ne
2072 1898 2112 1929 ses
2126 1898 2218 1937 heirs,
2236 1909 2273 1929 ne
2296 1898 2324 1929 se
2347 1898 2388 1928 le-

1327 1949 1443 2007 veiilint
1462 1976 1569 2008 enteins
1582 1998 1593 2015 ,
1617 1984 1654 2014 qe
1677 1974 1759 2013 quele
1781 1974 1868 2005 heure
1881 1997 1892 2013 ,
1909 1984 1946 2013 qe
1960 1974 1985 2005 le
1996 1975 2044 2006 'dit
2056 1974 2135 2006 Mon
2149 1975 2210 2006 Sire
2222 1975 2338 2007 Robert
2351 1973 2389 2006 de

1327 2014 1396 2047 Brus
1409 2015 1528 2046 Counte
1539 2014 1576 2045 de
1590 2012 1692 2044 Carrik
1706 2013 1776 2044 liure
1790 2012 1934 2052 Margerie
1951 2013 1976 2044 sa
1991 2013 2046 2045 fille
2055 2037 2065 2052 ,
2077 2024 2112 2045 en
2127 2025 2206 2045 noun
2219 2014 2256 2045 de
2268 2014 2386 2054 Ostage,

1326 2064 1353 2084 as
1367 2053 1509 2086 avantditz
1523 2062 1594 2083 mon
1609 2052 1671 2082 Sire
1683 2051 1776 2083 Henri
1789 2052 1822 2082 ὃς
1838 2051 1968 2091 Robert,
1986 2063 2035 2090 par
2053 2053 2141 2083 cestes
2157 2052 2254 2084 choses
2269 2062 2384 2085 avaunt-

1327 2093 1396 2124 dites
1408 2092 1528 2123 asseurer
1541 2093 1574 2123 ὅτ
1586 2091 1738 2129 affermer3
1756 2100 1791 2128 qe
1807 2100 1879 2120 nous
1894 2089 2021 2122 desdonk
2041 2091 2079 2121 de
2092 2092 2168 2122 ceste
2183 2092 2330 2130 meinprise
2343 2093 2384 2124 se-

1325 2141 1406 2163 roms
1423 2132 1512 2170 quites
1525 2140 1541 2161 e
1555 2129 1674 2167 dessiez,
1693 2128 1752 2160 cest
1766 2128 1845 2159 escrit
1859 2128 2002 2167 d'enapres
2017 2131 2094 2161 nient
2108 2142 2123 2161 a
2135 2131 2219 2161 valer.

1361 2170 1406 2202 En
1421 2169 1631 2201 tesmoinaunce
1645 2168 1681 2198 de
1697 2178 1771 2206 queu
1784 2166 1869 2198 chose
1881 2177 1954 2198 nous
1967 2178 2068 2200 avoms
2081 2170 2133 2199 mis
2145 2179 2197 2200 nos
2210 2170 2293 2201 seaus.

1363 2245 1453 2276 Done
1469 2255 1485 2276 a
1504 2244 1607 2276 Irewin
1626 2244 1652 2275 le
1667 2244 1819 2288 Noemine
1834 2244 1900 2284 jour
1914 2244 1949 2274 de
1962 2243 2029 2285 Juyl
2042 2255 2077 2275 en
2094 2245 2120 2276 le
2132 2256 2168 2276 an
2182 2245 2228 2276 del
2243 2246 2347 2287 Regne
2359 2247 2386 2279 le

1329 2284 1408 2326 Reys
1418 2283 1540 2316 Edward
1553 2283 1672 2314 vintime
1685 2292 1773 2322 quint.

1954 2357 2053 2397 Sigillis
2067 2358 2155 2390 tribus
2169 2360 2279 2401 avulsis.

1323 2504 1526 2550 Alanucaptio
1542 2504 1736 2550 Magnarum
1758 2505 1857 2536 Scotiae
1870 2528 1880 2543 ,
1903 2504 1940 2540 ὠ·
1967 2501 2003 2536 de
2014 2503 2143 2549 servitio
2159 2515 2260 2537 eorum
2278 2514 2381 2538 contra

1729 2553 1838 2598 Regem
1853 2553 1994 2585 Francia.

1322 2647 1604 2709 MEmorandum
1618 2646 1713 2686 quod,
1734 2656 1780 2687 30.
1797 2645 1842 2677 die
1861 2645 1939 2684 Iulii,
1958 2655 2033 2676 anno
2050 2645 2146 2684 Regni
2162 2646 2285 2678 Domini
2294 2646 2382 2688 Regis
2400 2659 2468 2690 Am,
2488 2660 2522 2692 D

1424 2686 1555 2719 Edwardi
1568 2687 1682 2723 Angliae
1697 2686 1832 2716 vicesimo
1869 2687 1964 2722 nimo,
1979 2684 2055 2714 idem
2067 2684 2214 2716 Dominus
2228 2685 2294 2716 Rex
2308 2696 2380 2716 con·
2422 2708 2457 2729 12
2471 2686 2497 2737 '7
2521 2686 2531 2693 '

1322 2725 1418 2763 cessit,
1436 2725 1472 2755 de
1487 2725 1533 2756 sua
1548 2725 1635 2765 gratia
1646 2725 1770 2762 speciali,
1789 2733 1847 2767 quo
1879 2722 2024 2761 johannes
2038 2722 2149 2754 Comes
2161 2723 2198 2755 de
2214 2723 2334 2756 Atholes
2343 2724 2380 2755 li-
2395 2742 2449 2766 An.
2460 2709 2511 2774 925]

1320 2764 1432 2795 beretur
1447 2764 1462 2794 “3
1477 2763 1607 2802 prisona,
1625 2772 1675 2801 per
1688 2770 1954 2800 manucaptionem,
2397 2781 2428 2803 E.
2452 2786 2475 2804 ,-

2394 2815 2532 2851 Claufi25.

2396 2857 2426 2881 Ε.
2440 2863 2463 2881 1.
2472 2863 2510 2883 m.

2395 2900 2422 2927 7.
2439 2891 2466 2920 A.

1356 2842 1476 2878 Hugonis
1490 2840 1522 2869 de
1538 2841 1649 2868 Mortuo
1663 2841 1759 2878 Mari,

1356 2881 1468 2908 Domini
1483 2879 1514 2908 de
1528 2876 1621 2916 Castro
1636 2878 1747 2907 Ricardi
1761 2878 1794 2908 de
1808 2879 1946 2907 comitatu
1957 2876 2082 2916 Salapiae:

1354 2916 1496 2955 Johannis
1509 2924 1544 2954 ap
1558 2916 1655 2946 Adam
1691 2917 1724 2946 de
1737 2919 1874 2946 comitatu
1886 2914 2022 2954 Somersbt.

1355 2954 1496 2985 Guncelini
1511 2956 1543 2984 de
1559 2939 1748 2994 Badhfmere,
1763 2955 1794 2984 de
1809 2956 1946 2983 Comitatu
1962 2956 2052 2984 Kane.

1356 2993 1499 3032 Johanm's
1512 2995 1614 3033 Peynre
1648 2994 1680 3022 de
1697 2996 1832 3022 Comitatu
1846 2992 1990 3032 Bedefizrd.

1356 3031 1498 3071 Johannis
1511 3032 1544 3062 de
1557 3034 1606 3061 Ha
1629 3035 1705 3070 ingr,
1721 3031 1754 3060 de
1767 3034 1903 3060 Comitatu
1918 3029 2056 3069 Stafford‚·

1355 3070 1474 3101 Walter}
1487 3071 1519 3100 de
1532 3070 1610 3100 Bello
1623 3078 1711 3108 campo
1720 3070 1837 3109 junioris
1845 3092 1856 3108 ,
1873 3069 1905 3098 a'e
1919 3072 2055 3100 comitatu
2069 3070 2113 3099 W
2110 3072 2235 3107 igorniae:

1354 3149 1415 3187 Qii
1439 3157 1507 3177 eum
1529 3153 1763 3184 manuceperunt,
1781 3155 1880 3176 coram
1895 3145 2026 3177 Waltero
2040 3145 2076 3176 de
2090 3145 2170 3176 Bello
2181 3155 2302 3184 campo,
2320 3146 2371 3178 Se-

1317 3186 1437 3217 nescallo
1452 3184 1577 3223 Hospitii
1591 3185 1660 3215 dieti
1675 3184 1800 3215 Domini
1814 3184 1921 3224 Regis,
1938 3186 1968 3215 in
1981 3184 2076 3216 formai
2088 3183 2255 3223 subscripta,
2273 3186 2373 3217 videli-

1317 3235 1381 3264 cet,

1357 3299 1453 3340 Q‘od
1465 3299 1543 3330 idern
1558 3298 1666 3330 Comes
1680 3301 1731 3331 ibit
1747 3310 1815 3331 cnm
1828 3300 1888 3338 ipso
1895 3299 2029 3331 Domino
2044 3298 2128 3339 Rege
2141 3299 2176 3330 ad
2191 3308 2280 3337 partes
2287 3309 2375 3332 trans-

1318 3341 1456 3378 marinas,
1472 3339 1505 3369 δε
1518 3339 1543 3368 ei
1557 3338 1677 3381 benet&
1692 3338 1809 3370 fideliter
1824 3339 1924 3370 serviet
1938 3347 2037 3369 contra
2052 3338 2166 3377 Regem
2181 3338 2205 3368 F
2207 3341 2326 3378 ranciae,
2339 3341 2375 3372 &-

1320 3378 1458 3416 quoscum
1481 3387 1516 3407 ue
1529 3376 1596 3406 alios
1611 3376 1732 3414 eJuidem
1747 3377 1870 3408 Domini
1886 3376 1974 3414 Regis
1987 3377 2102 3414 Angliae
2117 3377 2256 3408 inimicos.

1356 3415 1394 3446 Et
1408 3425 1467 3454 quo
1500 3415 1584 3445 etiam
1598 3415 1674 3445 idem
1688 3415 1797 3446 Comes
1816 3416 1914 3446 venire
1935 3416 2017 3446 faciet
2033 3415 2123 3446 filium
2136 3415 2215 3446 suum
2228 3417 2371 3454 primoge-

1319 3456 1430 3492 nitum,
1448 3455 1481 3485 &
1494 3454 1584 3491 ipsum
1598 3454 1686 3484 tradet
1699 3457 1728 3485 in
1742 3454 1872 3485 obsidem
1888 3455 1956 3484 loco
1970 3454 2028 3492 sui,
2045 3454 2183 3492 facietque
2199 3454 2291 3485 eidem
2305 3454 2372 3485 Do-

1317 3495 1400 3562 ιιὲτρίιηο
1417 3492 1495 3530 Regi
1507 3492 1681 3523 securitatem
1690 3517 1699 3531 ,
1717 3493 1830 3532 qualem
1844 3493 1922 3523 idem
1942 3492 2008 3524 Rex
2023 3492 2102 3531 super
2115 3492 2173 3522 hoc
2187 3493 2309 3524 voluerit
2324 3502 2373 3523 or-

1339 3541 1421 3561 mare.

1359 3569 1464 3600 Didius
1475 3577 1546 3599 vero
1553 3567 1700 3599 Dominus
1709 3568 1776 3600 Rex
1791 3569 1929 3600 conceffit
1945 3568 2023 3608 quod
2032 3592 2042 3607 ‚
2058 3568 2210 3607 postquam
2225 3567 2299 3598 idem
2308 3566 2372 3597 Co-

1320 3618 1381 3638 m&
1402 3606 1492 3638 filium
1507 3606 1587 3637 suum
1608 3609 1636 3637 in
1654 3608 1783 3638 obsidem
1799 3608 1958 3645 tradiderit,
1975 3609 2009 3638 ὃς
2020 3609 2194 3638 securitatem
2207 3606 2321 3643 fecerit,
2339 3613 2371 3636 ut

1320 3645 1363 3676 est
1374 3645 1487 3690 dietum
1499 3667 1509 3683 ,
1527 3653 1633 3693 extunc
1651 3646 1719 3676 dieti
1734 3654 1949 3684 manucaptores
1970 3646 2023 3677 smt
2043 3646 2124 3676 liberi
2136 3647 2170 3677 &
2184 3645 2270 3683 quieti
2283 3644 2299 3673 ὲ
2311 3652 2373 3673 ma-

1319 3683 1661 3760 nulciatpffiggegrgerdsssss
1674 3722 1783 3754 Comes
1793 3721 1947 3766 concessit,
1963 3732 2017 3761 pro
2030 3722 2072 3761 se,
2087 3722 2121 3754 &
2134 3719 2290 3752 haeredibus
2303 3718 2370 3758 suis,

1319 3770 1422 3791 coram
1437 3760 1555 3798 praefato
1568 3760 1742 3800 Senescailo,
1757 3763 1786 3791 in
1798 3760 1943 3799 praesenna

1320 3838 1496 3866 Dominorum
1512 3838 1555 3865 A.
1569 3836 1770 3877 Dunolmenfis,
1788 3836 1828 3872 ό·
1865 3838 1986 3873 Hugonis
2000 3835 2025 3865 Ie
2038 3833 2199 3874 Dispencer,
2215 3831 2253 3869 &-

1321 3877 1366 3905 W.
1383 3873 1426 3903 El
1438 3886 1470 3903 en
1481 3885 1520 3912 15,
1538 3874 1739 3915 Episcoporum‚
1756 3873 1795 3910 ὠ·
1865 3873 2006 3913 Reginaldi
2017 3873 2050 3902 de
2064 3876 2150 3913 Grey,

1318 3915 1359 3944 H.
1376 3915 1404 3942 E
1424 3923 1497 3942 orum
1509 3912 1617 3952 Elem,

1356 3988 1453 4028 Qod
1465 3988 1541 4019 bene
1552 3990 1585 4021 &
1595 3989 1713 4020 fideliter
1725 3988 1883 4021 observabit
1894 3996 1995 4017 omnes
2007 3985 2138 4016 articulos
2150 3986 2331 4026 supradictos

1356 4026 1412 4067 Et,
1427 4026 1507 4066 quod
1520 4027 1542 4060 fi
1556 4028 1587 4059 in
1600 4028 1695 4067 aliquo
1709 4026 1913 4067 praedictorum
1925 4024 2111 4056 articulorum
2121 4023 2157 4056 de
2170 4027 2375 4096 caeterodflilaettis·
2412 4030 2420 4038 “
