2570 4261
88 201 165 233 Anu.
180 201 220 232 D.

112 250 192 279 ¹254-

91 283 154 308 Heu.

90 1699 169 1731 Ann.
184 1699 225 1731 D.

119 1748 204 1813 ’ἵζε

89 1781 142 1805 An.

90 1820 124 1844 H.
142 1826 153 1852 3

92 1858 131 1881 Ex
144 1858 202 1881 Au-

90 1900 155 1928 logr.

89 2079 140 2109 ⁸1.
156 2080 222 2116 518.

86 2848 163 2879 Arm.
179 2848 219 2880 D.

173 290 197 316 3.

108 2896 192 2925 1254.

84 2929 139 2953 Aa.
159 2927 201 2962 38.

85 2968 122 2991 H·
138 2973 150 3000 3

86 3005 125 3028 Et

84 3047 149 3076 ngr.

165 3013 196 3029 u-

244 123 325 172 184

279 205 356 243 Quia
380 213 553 244 conceptum
574 203 703 234 carissimi
720 205 750 234 in
771 204 887 235 Christo
910 204 959 235 filii
974 205 1064 235 nostri
1079 205 1170 243 Regis
1193 205 1305 245 Angliae

243 244 351 274 illustris
364 244 552 283 pro-fontum,
571 244 646 272 eii-ca
661 251 835 282 oportunum
850 253 931 273 terrae
943 244 1044 274 saner-„e
1064 244 1232 281 subsidium,
1249 244 1299 274 de-

243 282 293 311 bet
305 291 392 312 mater
405 281 517 310 ecclesia
531 280 657 318 vigilanti
672 280 792 310 consilio
806 304 816 318 ,
834 282 867 311 &
889 292 948 319 quo
966 282 1061 320 potest
1080 282 1183 312 auxilio
1197 282 1301 312 confo-

241 330 322 358 vere,
341 319 508 349 Celsitudini
523 318 577 358 suge
590 318 753 348 vicesimam
766 321 898 349 omnium
913 320 1165 350 ecclesiasticorum
1178 330 1300 359 proven-

240 368 322 388 tuum
340 358 437 391 Regni
450 356 572 393 secuse,
589 357 622 386 ad
644 357 812 387 celeriorem
828 359 861 388 &
876 357 1070 389 efficaciorem
1085 359 1299 396 promotionem

242 397 363 433 negotii,
379 395 505 424 duximus
519 395 604 432 usque
617 394 652 424 ad
666 396 819 425 triennium
832 396 1064 434 concedendam,

278 433 400 472 ideoque
421 432 578 462 discretioni
599 441 654 463 tuae
675 443 723 473 per
741 433 895 472 apostolica
914 436 1013 473 scripta
1034 435 1197 464 mandamus
1211 434 1302 473 quati-

240 481 308 508 nus,
326 470 489 500 vicesimam
503 471 586 508 ipsam
603 481 651 508 per
665 480 709 510 te,
724 474 770 502 vel
786 482 834 511 pei·
849 474 933 511 alios,
952 474 971 502 si
986 474 1086 511 absque
1101 473 1226 503 scandalo
1242 472 1300 502 sieri

239 510 361 549 poterit,
380 508 495 538 fideliter
516 510 651 548 colligens
665 533 674 548 ‚
698 521 761 540 eam
780 513 888 541 intutis
907 512 978 541 locis
997 511 1120 551 deponas
1134 534 1144 549 ,
1168 513 1202 542 ὃς
1217 511 1300 540 facias

239 557 307 577 cum
323 547 468 583 diligentia
481 547 656 586 conservari,
676 559 707 579 ut
719 549 754 578 de
766 549 819 589 ipsa
834 550 1020 587 postmodum
1040 550 1218 588 disponamus
1232 559 1299 589 qua-

239 585 300 615 liter
313 595 364 624 pro
377 585 478 615 eodem
494 587 610 625 negotio
624 587 808 624 expendatur:

275 623 503 654 Contradidlores
522 634 569 663 pei·
589 625 734 655 censuram
754 624 975 656 Ecclesiasticam
990 647 1000 664 ,
1022 625 1206 665 appellatione
1221 625 1299 664 post·

239 662 345 700 posita,
363 662 588 701 compescendo,

278 699 319 729 Ita
332 701 408 738 quod
423 701 478 738 illi,
495 701 543 740 qui
556 700 716 740 hujusmodi
731 701 894 731 vicesimam
908 725 917 740 ,
943 702 971 732 in
986 701 1089 732 eodem
1104 701 1230 740 Regno,
1247 712 1300 742 pro

240 739 380 777 triennio,
398 738 551 769 secundum
566 739 643 778 quod
662 740 691 769 in
707 739 886 779 Lugdunensi
907 740 1043 770 Concilio
1059 741 1192 771 statutum
1208 742 1241 771 &
1253 751 1300 772 or-

236 776 365 807 dinatum
381 778 484 814 exunt,
503 778 558 814 jam
576 778 717 808 solverunt
729 801 739 816 ,
761 778 916 808 nullatenus
929 779 963 809 ad
979 778 1141 809 solvendam
1160 779 1242 810 aliam
1256 781 1300 809 vi-

240 815 393 853 celimam3
410 816 443 846 &
457 816 516 853 hii,
533 817 581 853 qui
595 826 654 846 non
669 817 752 855 plene
765 816 868 856 ipsam,
886 826 1023 855 quantum
1038 817 1071 847 ad
1091 819 1147 855 rei,
1165 818 1209 847 vel
1224 827 1300 848 tem·

240 854 316 921 polrlis
329 855 511 892 quantitatem
524 853 659 885 dederunt
674 878 684 894 ,
706 854 740 885 ad
760 855 926 886 solvendum
941 856 1049 895 integre
1065 857 1203 887 residuum
1217 866 1301 887 com—

260 902 274 921 e
296 901 375 922 antur

239 902 257 930 p
278 930 355 960 Non
370 915 546 962 o’bstantibus
558 932 578 962 si
592 931 813 970 quibuscumque
826 931 948 962 Ptaelatis
956 932 1161 971 Eccieiiarum‚
1179 933 1223 964 seu
1239 943 1300 972 per-

241 969 312 998 sonis
325 969 398 1007 aliis,
415 979 430 998 a
445 970 505 1000 sede
519 970 684 1011 Apostolica
699 971 729 1000 sit
747 971 885 1001 indultum
901 971 978 1010 quod
1000 972 1143 1011 interdici,
1158 972 1300 1011 suspendi,

241 1008 285 1037 vel
300 1010 540 1038 excommunicari
555 1019 615 1039 non
629 1008 733 1048 poilint
743 1032 751 1046 ‚
769 1019 818 1046 per
831 1010 930 1040 litteras
946 1009 1139 1050 Apostohcas,
1156 1012 1184 1040 in
1199 1012 1299 1051 quibus

241 1046 321 1083 plena
334 1047 366 1076 &
378 1048 500 1084 exprcfla
513 1048 549 1077 de
562 1047 671 1078 indulto
684 1048 842 1087 hujusmodi
857 1049 966 1078 mentio
978 1059 1036 1079 non
1048 1049 1178 1086 habetur;
1194 1050 1226 1080 &
1239 1051 1300 1088 qui-

241 1085 361 1114 buslibet
374 1085 431 1114 aliis
453 1085 632 1120 indulgentiis
646 1109 655 1124 ,
681 1087 714 1117 &
733 1087 828 1117 litteris
843 1087 1036 1125 Apostolicis,
1061 1097 1110 1127 per
1128 1097 1194 1127 quas
1206 1088 1298 1127 hujus-

241 1123 321 1152 moui
335 1124 478 1154 iubventio
493 1146 502 1162 ,
528 1124 572 1154 vel
595 1124 742 1155 subsidium
763 1125 894 1163 impediri
915 1126 1004 1165 postet
1023 1126 1238 1164 quomodolibet
1254 1127 1298 1157 vel

239 1161 362 1199 differri-⁷
380 1163 413 1193 ὅ(
428 1161 465 1192 de
483 1163 583 1201 quibus
596 1186 605 1202 ,
630 1163 664 1193 &
677 1173 796 1203 quarum
810 1174 907 1194 tenore
920 1187 930 1202 ,
953 1165 989 1194 de
1009 1166 1098 1195 verbo
1109 1165 1144 1195 ad
1162 1166 1299 1204 verbum,

239 1200 385 1238 specialem
400 1200 458 1230 fieri
471 1210 616 1238 oporteret
634 1203 663 1231 in
685 1203 863 1239 praesentibus
886 1203 1060 1233 mentionem
1072 1226 1083 1242 ,
1108 1204 1142 1235 &
1161 1203 1300 1234 constitu-

240 1240 317 1268 tione
330 1239 365 1268 de
378 1238 482 1269 duabus
493 1239 571 1270 dietis
585 1240 656 1270 edita
671 1241 701 1270 in
713 1240 849 1271 Concilio
863 1242 991 1280 generali.

262 1314 346 1359 ‚Dae
369 1314 464 1354 Asifii,
478 1315 592 1347 decimo
609 1315 671 1347 Kal.
691 1316 768 1356 Junii
780 1341 789 1357 ,
810 1317 994 1350 Pontificatsis
1010 1318 1098 1350 nostri
1118 1329 1195 1351 anno
1212 1319 1300 1350 unde-

238 1363 330 1384 cuno.

887 1427 942 1459 Sub
949 1427 1002 1471 filo
1016 1427 1139 1459 canabeo.

239 1548 329 1581 Bulla
346 1547 382 1581 de
401 1554 630 1583 commutatione
653 1554 717 1583 voti
737 1553 840 1584 Crucis
851 1563 906 1598 pro
928 1556 1039 1600 negotio
1059 1553 1183 1596 Sicilire,
1208 1556 1244 1592 ῤ’
1262 1552 1299 1585 de

641 1610 736 1632 morte
758 1600 898 1634 Conradi.

241 1683 312 1744 IN
315 1686 460 1716 nocentius
475 1684 643 1722 Episcopus,
660 1686 749 1715 servus
763 1685 906 1716 servorum
922 1685 995 1725 Dei,
1013 1686 1153 1718 carissimo
1168 1688 1197 1718 in
1213 1687 1301 1718 Chri-

281 1722 323 1752 sto
340 1723 398 1753 lilio
502 1723 596 1753 illustri
612 1723 689 1761 Regi
706 1724 835 1763 Angliae,
855 1726 968 1755 salutem
986 1726 1020 1756 ὃς
1034 1726 1233 1764 Apostolicam
1249 1727 1299 1756 be-

241 1761 444 1792 nedictionem.

282 1800 389 1831 Dileeti
401 1801 449 1831 filii
461 1800 560 1830 nobilis
573 1800 615 1830 vir
630 1801 759 1831 Thomas
771 1800 807 1831 de
825 1801 975 1841 sabaudia,
991 1801 1100 1832 Comes
1116 1802 1157 1832 G.
1172 1802 1207 1833 de
1221 1803 1298 1833 Ros-

242 1837 339 1868 sillion.
356 1839 578 1870 Archidiaconus
593 1839 759 1878 Lugdunen.
781 1841 813 1870 ὃ(
823 1840 966 1878 Johannes
979 1840 1015 1870 de
1032 1841 1180 1872 Amblion.
1195 1841 1298 1882 Capel-

241 1876 296 1907 iani
313 1878 416 1916 nostri,
435 1879 475 1908 tui
491 1877 604 1907 Nuncii
621 1878 748 1915 speciales
765 1888 798 1908 ex
816 1888 892 1918 parte
907 1887 950 1909 turi
969 1880 1106 1918 petierunt
1120 1891 1135 1910 a
1155 1882 1237 1911 nobis
1251 1889 1297 1918 ut,

240 1925 308 1946 cum
325 1939 334 1954 ,
359 1917 500 1954 assumpto
523 1916 625 1946 Crucis
648 1917 792 1952 signaculo
808 1940 818 1955 ,
839 1917 1009 1957 proposueris
1026 1919 1055 1948 in
1075 1918 1175 1948 Terra:
1194 1919 1297 1949 sanet-„e

239 1954 390 1985 subsidium
407 1954 560 1992 proficisci,
578 1963 757 1985 commutate
770 1965 871 1986 votum
885 1956 1040 1993 hujusmodi
1054 1958 1082 1987 iri
1094 1958 1225 1988 auxilium
1240 1957 1299 1988 Ec-

239 1993 329 2023 clesiae
344 2002 396 2032 pro
410 1994 524 2032 negotio
538 1992 632 2032 Regni
646 1993 749 2023 Siciliae
765 2004 940 2033 curaremus,

278 2032 402 2070 Verum,
420 2033 484 2072 quia
502 2040 536 2061 ex
555 2041 590 2061 eo
608 2031 750 2071 potiffime
765 2032 858 2072 Regio
877 2034 1009 2064 adicietur
1022 2033 1143 2072 honori,
1161 2034 1180 2064 si
1202 2045 1249 2073 per
1269 2042 1297 2064 te

238 2070 287 2107 ipsi
310 2070 410 2100 Terrae
437 2071 456 2089 *
479 2078 654 2108 oportunum
680 2070 847 2107 adjutorium
873 2071 1050 2111 impendatur
1066 2095 1075 2110 ,
1097 2071 1298 2103 considerantes

237 2108 315 2145 quod
325 2131 334 2146 ,
349 2109 452 2138 eodem
468 2108 574 2147 Regno
592 2108 696 2139 Siciliae
708 2109 804 2139 habito
814 2133 824 2147 ,
841 2110 947 2140 facilius
960 2135 970 2147 ,
995 2111 1190 2149 commodius,
1209 2112 1241 2142 &
1255 2111 1298 2141 ef-

239 2147 352 2177 ficacius
367 2147 458 2177 eidem
471 2148 569 2177 Terrae
592 2148 693 2184 poteris
705 2147 850 2178 subvenire
864 2161 873 2186 ς,
899 2149 1050 2188 praesertim
1069 2152 1133 2188 quia
1146 2173 1154 2188 ,
1178 2159 1296 2180 mortuo

234 2186 293 2224 jam
309 2184 459 2222 Conrado,
476 2195 544 2215 nato
565 2185 708 2224 quondam
728 2186 772 2215 Fr.
793 2187 862 2216 olim
881 2187 1081 2218 Romanorum
1102 2188 1297 2228 Imperatoris,

236 2232 347 2254 tantum
361 2224 538 2254 obstaculum
560 2225 668 2254 circum
683 2224 758 2254 idem
774 2224 872 2261 Regni
892 2227 1038 2265 negotium
1061 2229 1179 2257 minime
1199 2237 1298 2266 reppe-

237 2263 322 2301 ritur,
342 2273 401 2292 non
418 2263 611 2299 cognovimus
624 2272 657 2292 ex
679 2264 753 2293 edire
767 2264 843 2302 quod
863 2263 890 2294 su
913 2274 941 2294 er
962 2264 1121 2302 hujusmodi
1137 2275 1299 2297 commuta-

235 2303 313 2332 tione
324 2301 530 2331 admitteremus
543 2311 643 2331 eorum
665 2312 710 2331 em
724 2303 881 2341 precamina
935 2304 1092 2334 unciorum.

274 2339 408 2370 Attamen
422 2363 431 2378 ,
452 2339 470 2369 fi
484 2341 606 2369 omnino
620 2340 670 2369 tibi
687 2341 876 2370 commutatio
890 2341 944 2381 ipsa
960 2342 1094 2380 placuerit
1109 2365 1119 2381 ‚
1142 2353 1297 2374 annuemus

236 2383 309 2409 votis
320 2380 373 2408 tuis
389 2387 524 2416 quantum
538 2388 607 2408 cum
622 2377 690 2408 Deo
704 2380 859 2416 poterimus
871 2380 898 2409 in
912 2380 965 2410 hac
977 2389 1060 2420 parte.

257 2454 340 2499 ‚Dat.
360 2455 436 2486 Asisii
447 2478 456 2494 ‚
474 2454 598 2486 secundo
616 2454 681 2486 Kal.
697 2455 791 2495 Junii,
810 2455 995 2488 Pontificatsis
1013 2457 1102 2488 nostri
1116 2468 1193 2490 anno
1208 2459 1297 2490 unde-

235 2503 324 2523 cimo.

617 2570 743 2601 Plumbeo
755 2571 846 2610 sigillo
853 2573 986 2612 pendente
999 2585 1018 2603 a
1029 2572 1076 2614 fih
1093 2575 1215 2606 canaheo.

258 2699 348 2732 Bulla
362 2700 452 2746 fitper
473 2700 560 2745 saffo
584 2702 676 2746 Regni
698 2700 824 2795 Sssilff,
859 2713 894 2733 ne
917 2704 984 2734 Rex
992 2703 1035 2745 fit
1054 2704 1199 2750 negligens
1219 2717 1274 2739 aut

694 2760 769 2780 remi
789 2761 850 2783 us.·

235 2834 457 2895 INnocentius
471 2834 496 2865 E
517 2834 643 2874 iscopus,
662 2833 752 2864 servus
765 2834 910 2866 servorum
919 2835 992 2875 Dei,
1010 2837 1154 2868 carissimo
1169 2839 1197 2869 in
1211 2838 1297 2870 Chri-

274 2872 317 2902 sto
333 2872 392 2902 filio
527 2874 571 2912 egi
589 2873 699 2912 Angliae
717 2873 829 2912 illustri,
843 2875 958 2905 salutem
979 2878 1013 2907 δε
1028 2876 1225 2914 Apostolicam
1247 2880 1296 2908 be-

235 2910 437 2941 nedietionem.

273 2948 322 2978 Ut
341 2949 421 2988 plane
439 2949 522 2987 scias,
540 2950 574 2980 δε
595 2960 628 2980 cx
642 2949 700 2980 hoc
720 2950 822 2981 exinde
837 2951 937 2990 nobis,
954 2953 987 2983 &
1001 2953 1135 2984 Ecclesiae
1151 2953 1295 2986 Romanae

237 2988 330 3025 potius
347 2989 480 3025 tenearis,
495 2988 598 3025 quanta
611 2997 656 3027 te,
673 2999 706 3018 ac
723 2997 785 3019 tuos
805 2988 958 3020 affectione
977 2991 1188 3032 prosequimur,
1206 2993 1295 3024 Celsi-

236 3025 364 3056 tudinem
379 3034 456 3056 tuani
471 3027 601 3056 volumus
614 3037 674 3057 non
686 3027 785 3064 latere,
806 3028 886 3065 qubd
900 3029 965 3059 licet
980 3029 1105 3061 Nunciis
1125 3032 1178 3061 tuis
1189 3054 1199 3069 ,
1219 3033 1293 3070 apud

234 3063 328 3094 sedern
344 3063 540 3101 Apostolicam
556 3075 607 3104 pro
622 3075 640 3094 ii
677 3066 738 3095 otiis
752 3065 849 3105 Regni
862 3067 965 3097 Siciliae
977 3068 1152 3106 constitutis,
1166 3070 1202 3100 de
1216 3080 1293 3101 mor-

235 3111 263 3133 te
274 3102 419 3140 Conradi,
436 3103 491 3132 nati
507 3073 804 3142 quondamegi-'rederici
826 3104 934 3136 dudum
948 3105 1138 3146 Imperatoris,
1156 3111 1293 3149 receperi-

235 3151 298 3171 mus
310 3150 386 3171 certa
400 3151 491 3177 novag

269 3179 307 3210 Et
321 3179 362 3209 ob
375 3180 434 3218 hoc
448 3179 585 3209 videretur
598 3179 632 3209 ali
653 3180 749 3217 uibus,
766 3181 846 3220 quod
868 3183 1018 3221 negotium
1038 3183 1128 3223 ipsum
1148 3195 1208 3216 non
1227 3195 1292 3226 pro-

234 3217 306 3257 sequi
322 3217 364 3249 sed
381 3227 513 3248 revocare
525 3218 618 3255 potius
649 3218 811 3256 eberemus,
827 3230 879 3250 nos
891 3229 1002 3260 tamen,
1020 3223 1069 3262 qui
1077 3222 1112 3253 ad
1125 3231 1221 3263 tuam,
1239 3226 1294 3255 tui—

233 3266 289 3293 que
301 3257 407 3295 generis
417 3255 613 3286 exaltationem
625 3257 690 3285 totis
705 3256 846 3287 anelamus
863 3257 1008 3290 affec‘iibus
1019 3283 1028 3297 ,
1053 3262 1211 3293 commoda
1227 3273 1292 3301 pro-

233 3295 306 3332 pria,
326 3304 355 3325 ut
367 3296 419 3325 tuis
434 3294 631 3334 provideamus
644 3295 678 3324 &
693 3296 855 3325 commodis
870 3297 902 3327 &
917 3297 1073 3329 honoribus
1085 3323 1094 3337 ,
1119 3301 1293 3338 postponen-

232 3340 290 3370 teS,
307 3333 340 3363 ad
355 3333 422 3364 illud
443 3332 602 3373 propensius
621 3332 654 3362 ὃ(
673 3332 849 3363 favorabilius
867 3336 1088 3374 prosequendum
1105 3348 1141 3368 eo
1160 3339 1291 3371 libentius

233 3371 384 3408 procedere
397 3372 546 3409 volumus,
565 3381 622 3411 quo
638 3369 725 3408 ipsum
735 3394 745 3409 ,
760 3372 965 3410 impedimento
987 3375 1148 3415 summoto,
1162 3377 1197 3408 ad
1210 3387 1292 3418 expe-

231 3408 370 3439 ditionem
385 3410 507 3440 celerem
522 3409 708 3439 intelleximus
721 3412 807 3448 magis
820 3419 925 3450 aptum.

271 3446 335 3477 Tua
348 3449 433 3484 igitur
448 3447 655 3485 magnificentia
667 3449 779 3478 interest
795 3451 837 3486 (ut
850 3460 902 3487 ne,
918 3450 937 3480 si
947 3474 955 3489 ,
993 3452 1051 3483 uod
1064 3453 1149 3492 absit,
1168 3453 1251 3484 fueris
1261 3455 1290 3485 in

234 3485 430 3520 prosecutione
442 3486 568 3516 remissus
580 3486 623 3516 vel
636 3487 796 3526 negligens,
813 3488 894 3517 nobis
908 3499 922 3518 a
937 3495 985 3519 noi
1003 3491 1037 3520 ris
1050 3514 1060 3528 ,
1085 3492 1118 3522 ὃς
1136 3493 1188 3522 tuis
1202 3502 1292 3523 aernu-

236 3521 269 3550 lis
282 3524 396 3553 totaliter
412 3524 583 3562 imponatur)
599 3524 636 3554 sic
649 3526 760 3561 venire,
775 3534 925 3564 tecumque
939 3537 1128 3559 communem
1139 3530 1226 3560 filium
1240 3531 1292 3561 du-

237 3569 302 3589 cere
316 3561 345 3589 in
359 3564 466 3599 potenti
480 3572 565 3592 manu
578 3562 684 3593 studeas
695 3562 856 3594 festinanter
869 3588 879 3603 ,
903 3566 982 3604 quod
996 3577 1056 3597 non
1069 3570 1127 3598 tam
1139 3576 1188 3607 tu,
1205 3570 1291 3607 quam

235 3606 289 3626 nos
303 3600 496 3629 commendari
509 3601 625 3638 exinde,
643 3611 702 3631 nori
718 3603 877 3640 immerito,
895 3604 1040 3634 valeamus.

275 3634 322 3664 Ad
336 3636 411 3674 quod
423 3637 504 3667 debes
517 3649 551 3668 ex
563 3648 599 3668 eo
613 3639 712 3669 fortius
726 3642 859 3677 animari,
878 3642 957 3681 quod
971 3643 1118 3674 manifeste
1137 3644 1248 3675 videtur
1262 3646 1289 3675 in

235 3672 293 3715 hoc
306 3675 421 3717 negotio
437 3674 580 3706 Dominus
593 3677 649 3707 effe
669 3686 764 3707 tecum
779 3701 788 3717 ,
813 3681 861 3716 qui
876 3680 910 3710 ad
925 3680 993 3711 illud
1007 3682 1212 3722 expediendum
1225 3683 1294 3714 faci-

236 3710 287 3741 lius
300 3713 336 3740 iic
351 3720 384 3740 ex
396 3712 528 3751 insperato
542 3724 675 3754 praeparat
691 3716 814 3754 undique
828 3718 880 3748 tibi
895 3718 959 3749 vias.

232 3822 255 3855 d
271 3784 518 3855 ἓπῗιῑᾴΑῃαεηὶεε,
535 3790 634 3828 quinto
653 3789 695 3821 Id.
711 3791 789 3830 Junii
802 3782 812 3832 ζ
838 3792 1023 3826 Pontificatfis
1042 3795 1132 3826 nostri
1149 3806 1226 3828 anno
1240 3808 1293 3829 un-

255 3834 270 3855 e

560 3901 684 3934 Plumbea
696 3905 786 3944 Sigillo
795 3907 926 3946 pendente
936 3920 955 3938 a
966 3908 1014 3949 filo
1027 3910 1148 3940 caubeo.

743 119 1533 166 CONVENTIONES,
1582 119 1967 170 LITERAE‚

2424 209 2498 242 Anu.
2514 208 2557 244 D.

2440 259 2525 289 1254.
2567 256 2570 266 ¹

1339 294 1386 325 Dc
1412 295 1604 324 matrimonio
1625 293 1710 338 infra
1731 299 1861 341 quinque
1880 296 2064 342 septimanas
2077 295 2139 344 post
2159 295 2279 341 Festum
2297 299 2402 331 Sanffi
2421 293 2484 317 Hm·
2501 300 2528 326 3·

1387 339 1555 373 Michaslis
1573 344 1649 374 inter
1663 341 1858 375 Edwardum
1869 348 2104 391 primogenitum
2118 348 2225 393 Regis,
2250 349 2288 384 ω’·
2308 347 2402 379 Alia-

1389 401 1495 421 noram
1506 389 1642 434 sororem
1660 393 1747 437 Regis
1765 389 1900 434 Castellae.

1344 471 1546 533 HEnrieus
1560 497 1570 511 ,
1595 473 1653 504 Dei
1670 477 1761 518 'gratia
1776 498 1787 513 ,
1818 475 1884 507 Rex
1905 476 2017 517 Angliae
2031 501 2040 517 ,
2067 478 2213 510 Dominus
2234 479 2401 520 Hibemiae,
2418 481 2471 505 An.
2488 480 2534 516 38-

1426 511 1496 541 Dux
1509 512 1702 543 Normanniae
1716 515 1749 544 ὃς
1765 515 1940 554 Aquitaniae,
1957 518 1991 548 ὃς
2005 516 2113 548 Comes
2128 517 2316 558 Andegaviae,
2334 530 2399 551 otn-
2418 521 2451 544 H·
2472 527 2497 554 3-

1343 549 1424 579 nibus
1438 550 1472 580 ad
1485 560 1555 589 quos
1569 551 1712 588 praesentes
1723 552 1823 584 litterae
1836 556 2029 594 pervenerint,
2045 556 2166 586 salutem.
2418 558 2458 581 Ex
2466 556 2510 584 lib.
2520 561 2551 584 Β-

1380 587 1530 618 Noveritis
1545 589 1622 626 quod
1635 591 1825 633 promittimus
1841 593 1875 623 &
1894 593 2076 623 concedimus
2091 594 2224 625 Domino
2236 597 2400 636 consangui-
2409 592 2460 630 fol.
2471 594 2554 627 50·b-

1343 635 1399 655 neo
1413 626 1528 665 nostro,
1547 627 1682 658 Domino
1703 628 1823 659 Alfonso
1842 630 1939 661 illustri
1958 631 2032 671 Regi
2053 631 2180 663 Castellae
2202 634 2235 665 &
2252 633 2400 674 Legionis,
2416 639 2487 668 penes

1341 664 1419 704 quod
1433 664 1588 696 Edwardus
1607 666 1810 705 primogenitus
1828 669 1924 699 noster
1938 670 1971 700 &
1993 671 2079 701 haeres
2093 672 2238 702 contrahat
2253 674 2401 704 matrimo-
2419 673 2553 702 Camerti»,

1342 704 1423 733 nium
1445 713 1513 733 curti
1531 704 1627 734 inclita
1666 706 1734 736 uella
1755 706 1886 737 Alianora
1899 730 1908 746 ‚
1933 708 2028 740 sorore
2048 709 2119 740 dieti
2140 710 2170 740 R
2207 712 2227 741 is
2246 710 2400 742 secundum
2419 711 2531 735 Scaccars

1343 741 1442 786 statuta
1456 741 1605 786 catholicae
1619 714 1684 773 ficiet
1698 744 1768 774 infra
1782 746 1905 786 quinque
1918 746 2080 785 septimanas
2098 748 2163 786 post
2187 744 2194 749 ’
2207 748 2300 779 estum
2314 750 2402 781 sancii

1343 779 1494 810 Michaelis
1508 790 1639 818 proximo
1652 791 1804 813 venturum
1819 807 1829 821 ,
1854 785 1898 814 vel
1917 794 1981 815 ante
2000 787 2019 816 si
2037 786 2096 816 fieri
2111 789 2211 825 poterit
2226 798 2236 825 3
2259 797 2349 818 ratum
2368 790 2403 820 δε

1343 818 1456 849 firmum
1469 819 1588 849 habituri
1602 821 1736 860 quicquid
1755 832 1803 859 per
1821 822 1942 853 cundem
1955 823 2130 855 Edwardum
2144 849 2154 864 ,
2175 826 2220 857 vel
2234 825 2402 858 Procurato-

1343 868 1404 887 rem
1423 857 1503 887 suum
1523 859 1558 888 ab
1573 858 1675 888 eodem
1689 858 1832 890 Edwardo
1847 861 1971 899 legitime
1991 862 2194 904 constitutum,
2207 864 2284 902 super
2299 866 2404 897 eodem

1343 896 1527 926 matrimonio
1539 895 1636 926 aetum
1652 897 1734 928 fuerit
1747 898 1793 928 vel
1806 898 1956 930 firmatum.

1380 933 1575 978 Promittimus
1590 935 1673 965 etiam
1687 937 1721 967 &
1733 935 1861 967 dabimus
1873 938 2020 970 efficacem
2034 950 2149 979 operam
2162 941 2240 972 bona
2258 941 2311 972 fide
2325 943 2402 981 quod

1343 973 1478 1010 praediCta
1498 975 1595 1003 omnia
1614 975 1812 1013 compleantur
1826 999 1836 1014 ,
1860 976 1893 1006 &
1916 977 1973 1007 hoc
1990 979 2073 1016 jurari
2091 980 2209 1011 fecimus
2229 982 2258 1010 in
2277 982 2400 1012 animam

1341 1010 1466 1041 nostram
1482 1021 1532 1048 per
1550 1011 1685 1042 dilectum
1699 1012 1885 1044 Senescallum
1899 1015 2028 1047 nostrum
2040 1016 2203 1054 johannem
2215 1018 2251 1049 de
2265 1018 2355 1059 Grey.

1379 1049 1413 1080 ln
1433 1050 1512 1088 cujus
1532 1051 1570 1080 rei
1589 1050 1783 1082 testimonium
1805 1054 1983 1090 praesentibus
2004 1055 2086 1087 literis
2110 1057 2231 1094 sigillum
2254 1057 2402 1097 nostrum,

1341 1098 1401 1127 quo
1416 1089 1522 1132 utimur
1537 1089 1566 1119 in
1578 1088 1702 1120 Gascon.
1717 1089 1848 1122 duximus
1858 1092 2068 1130 apponendum.

1384 1165 1473 1196 Teste
1497 1166 1607 1204 meipso
1633 1177 1647 1197 a
1668 1166 1706 1197 ud
1728 1166 1866 1199 sancium
1890 1168 2051 1200 Macarium
2068 1193 2078 1208 ,
2100 1171 2215 1202 decimo
2235 1172 2340 1204 odravo
2357 1171 2403 1204 die

1343 1205 1443 1235 mensis
1453 1204 1539 1244 Julii,
1557 1214 1633 1235 anno
1679 1207 1743 1245 egui
1756 1206 1842 1237 nostri
1854 1208 1995 1239 tricesimo
2011 1209 2125 1240 oEtavo.

1343 1329 1370 1356 *ἓ
1397 1333 1445 1365 De
1468 1333 1545 1364 Dote
1563 1343 1618 1378 pro
1642 1333 1794 1366 Alianora
1806 1335 1909 1380 sbrore
1934 1337 2021 1383 Regis
2046 1334 2170 1380 Castellae
2184 1348 2240 1383 per
2263 1336 2399 1371 Edwar-
2419 1332 2438 1353 *
2454 1334 2555 1372 ¹·5190'

1657 1380 1730 1415 dum
1742 1386 1973 1431 primogenitum
1990 1387 2087 1432 Regis.

1341 1468 1562 1530 UNiversis,
1580 1469 1724 1506 praesentes
1739 1469 1839 1500 litteras
1857 1467 1951 1500 visuris
1969 1469 2015 1500 vel
2036 1470 2183 1509 audituris,
2199 1471 2352 1504 Edwardus
2366 1473 2399 1503 i'l-
2420 1467 2497 1499 Ann.
2511 1469 2553 1502 D.

1419 1507 1507 1538 lustris
1522 1507 1614 1545 Regis
1627 1508 1739 1547 Angliae
1752 1509 1958 1547 primogenitus
1971 1508 2005 1539 δε
2019 1508 2122 1548 haeres,
2141 1510 2265 1541 salutem.
2441 1516 2526 1547 1254.

1378 1543 1529 1577 Noveritis
1544 1557 1595 1576 nos
1607 1570 1616 1584 ,
1640 1547 1675 1576 de
1696 1546 1800 1577 assensu
1821 1547 1855 1578 &
1873 1546 2017 1577 voluntate
2036 1547 2141 1586 proefati
2162 1548 2286 1579 Domini
2308 1549 2396 1589 Regis
2417 1549 2468 1574 An.
2483 1548 2530 1584 38-

1341 1584 1424 1624 patris
1441 1584 1545 1623 nostri,
1564 1585 1706 1625 assignasse
1721 1586 1750 1614 in
1764 1586 1864 1615 dotem
1879 1586 1985 1616 inclitae
1997 1586 2096 1623 pueuae
2111 1586 2267 1626 Alianorae,
2287 1587 2396 1619 Domi·
2416 1589 2450 1612 H.
2470 1594 2496 1621 3·

1341 1629 1377 1663 ni⁴
1387 1622 1495 1654 Alfonli
1511 1623 1620 1654 illustris
1635 1623 1722 1663 Regis
1734 1623 1863 1654 Castellae
1883 1623 1917 1654 &
1933 1623 2063 1663 Legionis
2077 1624 2164 1655 sorori
2214 1625 2346 1657 Castrum
2362 1628 2395 1658 &
2417 1625 2533 1659 Vasconia

1342 1657 1444 1690 Villam
1458 1661 1493 1691 de
1506 1662 1624 1692 Tikhull
1637 1672 1706 1692 cum
1727 1663 1917 1703 pertinentiis:
1939 1662 2081 1693 Stamford
2100 1664 2134 1694 &
2154 1648 2314 1695 drantham
2329 1675 2396 1696 cum
2418 1664 2531 1707 Kal-37·

1340 1699 1528 1737 pei-ri1ientii's;
1543 1702 1576 1731 ὅ(
1590 1700 1725 1731 Castrum
1746 1702 1779 1732 &
1795 1701 1898 1731 Villam
1912 1700 1948 1731 de
1967 1700 2044 1732 Peck
2057 1711 2124 1732 cum
2141 1701 2192 1733 suis
2210 1705 2398 1742 pertinentiis,
2419 1707 2452 1732 <⁷5¹
2463 1701 2553 1735 38.H.

1343 1744 1395 1773 pro
1407 1738 1484 1768 mille
1499 1739 1600 1769 libratis
1610 1749 1688 1769 terrae
1703 1740 1721 1768 si
1736 1739 1887 1776 sufficiant,
1907 1739 1947 1769 sin
1959 1748 2071 1779 autem,
2084 1740 2229 1771 descitum
2243 1741 2314 1772 illius
2324 1746 2397 1772 ium·
2419 1746 2445 1774 3-
2457 1745 2484 1774 P·
2502 1747 2528 1767 ²·

1341 1783 1401 1817 ῐιταεἢ
1410 1775 1503 1806 eidem
1519 1778 1658 1808 Alianorae
1671 1777 1857 1818 supplebimus
1870 1779 1900 1807 in
1913 1777 1969 1807 aliis
1982 1778 2062 1809 terris
2074 1778 2173 1810 nostris
2187 1779 2308 1819 Angliae.
2418 1785 2455 1803 m.
2473 1786 2550 1805 ¹0³¹·

1379 1812 1433 1851 ht,
1451 1824 1519 1845 cum
1540 1816 1685 1847 sublimata
1703 1817 1785 1847 fuerit
1804 1818 1832 1846 in
1854 1816 1995 1855 Reginam
2008 1839 2018 1854 ,
2041 1827 2093 1847 nos
2114 1817 2278 1857 praedizstam
2299 1818 2398 1851 dotem
2420 1823 2447 1842 ²·
2461 1814 2488 1842 d·

1341 1850 1415 1881 suani
1428 1855 1592 1892 augebimus
1603 1856 1638 1884 de
1649 1856 1810 1894 quingentis
1822 1856 1950 1885 mercatis
1961 1863 2041 1885 terrae
2056 1864 2104 1895 per
2115 1865 2237 1895 annum,
2254 1855 2401 1890 affidendis

1340 1891 1364 1919 ei
1388 1892 1416 1920 in
1434 1891 1539 1931 Regno
1553 1894 1661 1933 Angliae
1675 1895 1705 1923 in
1719 1894 1790 1924 locis
1802 1893 2037 1932 competentibus.

1378 1929 1432 1967 Et,
1449 1931 1483 1960 ad
1497 1933 1634 1969 majorem
1649 1932 1727 1969 hujus
1744 1933 1782 1963 rei
1799 1934 1972 1963 securitatem
1984 1954 1994 1970 ‚
2016 1932 2237 2002 essamspraediCtus
2252 1932 2399 1966 Dominus

1341 1966 1495 2046 ᾓὲζρίαῑετ
1508 1969 1618 2010 noster,
1637 1973 1722 2010 quam
1736 1981 1788 2002 nos
1808 1971 1934 2012 praesenti
1950 1970 2053 2011 scripto
2085 1971 2157 2011 igilla
2172 1972 2265 2003 nostra
2279 1973 2400 2004 fecimus

1415 2017 1433 2036 Π
1445 2031 1451 2038 .

1747 2085 1814 2118 Hiis
1826 2086 1959 2118 Testibus
1964 2109 1976 2126 ,

1379 2162 1529 2192 Venerabili
1543 2165 1630 2193 Patre
1646 2166 1678 2193 P.
1692 2163 1832 2204 Hereford
1841 2166 1868 2193 E
1885 2162 1980 2203 iscopo,

1376 2201 1495 2230 Guidone
1508 2200 1545 2236 ὠ·
1561 2202 1654 2242 Gaffr.
1672 2203 1704 2232 de
1716 2205 1833 2240 Lezign.
1847 2171 1885 2237 g

1380 2241 1424 2267 W
1421 2238 1527 2269 illielmo
1540 2241 1572 2269 de
1584 2240 1689 2270 Valenc.
1703 2238 1844 2270 avunculis
1857 2239 1966 2280 nostris,

1375 2278 1457 2306 Petro
1470 2279 1501 2307 de
1515 2278 1654 2308 Sabaudia
1669 2279 1804 2309 avunculo
1817 2278 1916 2318 nostro,

1376 2314 1413 2352 J.
1426 2316 1458 2344 de
1472 2316 1568 2355 Plcfflt
1581 2321 1682 2347 Comite
1695 2320 1788 2348 Warr.

1377 2353 1510 2391 Jolmnne
1525 2356 1654 2394 fllaunsel
1668 2355 1806 2396 Praepofito
1820 2354 1982 2393 Reverlaci‚

1376 2393 1516 2431 Radulpho
1550 2393 1585 2423 lio
1597 2394 1724 2424 Nicholai
1736 2392 1880 2429 Senesc'allo
1895 2397 2006 2423 Domini
2017 2395 2113 2431 Regis,

1373 2432 1505 2470 Ricardo,
1549 2432 1668 2472 ohanne,
1683 2431 1721 2468 ὠ·
1738 2435 1780 2463 W
1779 2428 1887 2463 illielmo
1901 2433 1934 2463 de
1947 2435 2022 2472 Gray
2029 2430 2189 2474 fratribus,

1374 2506 1412 2538 Et
1425 2508 1490 2540 aliis.

1376 2583 1444 2615 Dat.
1460 2586 1532 2624 apud
1552 2587 1688 2618 Sannum
1710 2586 1818 2619 Macar.
1839 2587 1974 2618 vicesimo
1992 2586 2039 2617 die
2055 2586 2125 2626 Julii
2139 2609 2149 2626 ‚
2173 2596 2248 2618 anno
2270 2586 2396 2620 Domini

1336 2624 1486 2654 millesimo
1500 2625 1692 2657 ducentesimo
1702 2627 1930 2667 quinquagesimo
1944 2634 2051 2664 quarto.

1338 2758 1387 2790 De
1403 2755 1512 2803 astensis
1537 2756 1689 2790 Edwardi
1701 2760 1892 2804 primogeniti
1920 2760 2004 2803 Regis
2029 2759 2060 2788 in
2079 2760 2308 2790 matrimonium
2328 2770 2399 2791 cuna

1537 2806 1683 2838 Alienora
1689 2805 1796 2850 sorore
1806 2804 1939 2852 praediffl
1955 2807 2042 2851 Regis
2059 2803 2194 2848 Castellae.

1412 2899 1529 2931 Mnibus
1543 2899 1652 2931 Christi
1667 2899 1809 2937 fidelibus,
1845 2898 1944 2929 raesens
1962 2897 2097 2938 scriptum
2110 2899 2267 2937 inspeciuris
2282 2900 2328 2930 vel
2348 2911 2395 2931 au·
2418 2902 2493 2933 Ann.
2509 2903 2553 2935 D,

1409 2939 1520 2979 ditaris,
1538 2938 1692 2970 Edwardus
1705 2937 1812 2969 illustris
1861 2939 1918 2977 egis
1932 2936 2043 2977 Angliae
2064 2939 2267 2978 primogenitus
2285 2939 2319 2970 &
2333 2938 2392 2970 hae-
2438 2951 2520 2981 1254.

1334 2988 1392 3017 res‚
1409 2977 1531 3008 salutem.
2019 3015 2025 3020 ι
2183 3015 2188 3020 ⁴
2203 3016 2208 3021 .
2416 2984 2470 3008 An.
2488 2982 2533 3018 38.

1373 3017 1407 3046 ln
1424 3015 1622 3046 contrahendis
1635 3016 1835 3052 matrimoniis,
1854 3015 1973 3045 nomine
1987 3013 2110 3045 filiorum
2123 3014 2236 3045 familias
2250 3016 2332 3054 licet,
2351 3016 2391 3046 se·
2413 3023 2447 3046 Η.
2465 3028 2491 3054 3.

1333 3054 1461 3085 cundum
1476 3056 1560 3085 ritum
1579 3056 1613 3086 ὃς
1634 3063 1743 3085 morem
1762 3054 1941 3092 antiquorum
1954 3078 1964 3092 ‚
1987 3062 2134 3090 parentum
2153 3053 2298 3084 consensus
2314 3052 2390 3085 suffi-
2410 3061 2450 3084 Ex
2462 3057 2507 3085 lib.
2520 3057 2547 3087 b.

1333 3103 1398 3124 cere
1413 3093 1587 3124 consueverit
1600 3116 1610 3132 ‚
1631 3094 1718 3130 (cum
1737 3101 1848 3130 patrum
1865 3092 1950 3130 pietas
1970 3091 2119 3122 consilium
2134 3092 2225 3129 capiat
2238 3093 2389 3132 plerunque
2402 3094 2452 3132 fol.
2462 3100 2548 3129 50.B.

1332 3141 1386 3169 pro
1400 3131 1504 3168 liberis)
1519 3131 1621 3162 decens
1636 3140 1729 3162 tamen
1749 3130 1890 3160 credimus
1901 3131 1935 3161 &
1948 3129 2101 3160 honestum
2114 3131 2143 3160 iu
2159 3132 2389 3170 matrimonium,
2408 3139 2475 3170 penes

1332 3169 1558 3201 contrahendum
1575 3171 1647 3201 inter
1662 3179 1712 3199 nos
1725 3178 1760 3198 ex
1775 3177 1852 3206 parte
1867 3178 1937 3206 una,
1954 3169 1987 3198 &
2002 3168 2118 3199 liberam
2135 3169 2255 3208 puellam
2272 3169 2388 3200 Aliano-
2409 3174 2544 3198 Camerar.

1332 3218 1392 3239 ram
1407 3231 1417 3246 ,
1441 3208 1563 3238 sororem
1584 3207 1765 3245 praecellentis
1785 3206 1872 3246 Regis
1892 3206 2022 3237 Castellae
2042 3207 2077 3238 &
2099 3206 2233 3246 Legionis
2253 3217 2286 3237 ex
2305 3208 2388 3239 altera
2411 3213 2525 3236 scaccar.

1334 3248 1423 3285 (cujus
1437 3246 1610 3276 venustatem
1631 3247 1664 3276 &
1681 3244 1857 3283 prudentiam
1872 3268 1882 3284 ,
1906 3245 1981 3275 fama
1995 3244 2140 3276 attestante
2153 3268 2162 3283 ,
2187 3247 2387 3285 cognovimus)
2411 3250 2469 3274 Par.
2482 3247 2527 3283 38„

1332 3294 1445 3323 propter
1457 3286 1578 3323 antiquae
1591 3283 1795 3315 consuetudinis
1809 3283 2014 3314 observantiam
2029 3306 2039 3321 ,
2058 3283 2204 3321 specialem
2218 3285 2390 3324 praebeamus
2411 3289 2445 3312 H.
2462 3294 2488 3321 3.

1332 3323 1485 3361 allensum3
1500 3333 1567 3353 cum
1583 3333 1630 3360 ea,
1649 3332 1712 3361 quae
1727 3331 1760 3351 ex
1774 3322 1944 3353 habundanti
1966 3321 2085 3359 fuerint,
2100 3323 2143 3360 jus
2157 3331 2317 3353 commune
2328 3333 2389 3353 non
2411 3333 2446 3351 m.
2468 3332 2493 3359 3.

1333 3361 1450 3399 laedant,
1469 3371 1523 3392 nec
1538 3371 1587 3399 per
1600 3360 1658 3391 hoc
1669 3362 1796 3392 obtentae
1809 3360 2003 3391 consuetudini
2019 3359 2168 3399 derogetur
2182 3383 2193 3399 ,
2216 3360 2261 3391 sed
2274 3361 2391 3392 eviden-

1333 3401 1386 3431 tius
1397 3400 1575 3439 approbetur.

1372 3438 1492 3468 Proinde
1507 3446 1607 3468 notum
1624 3437 1682 3468 fieri
1696 3437 1829 3468 volumus
1844 3437 1992 3475 universis,
2012 3436 2090 3475 quod
2104 3446 2164 3467 non
2185 3437 2274 3467 solum
2288 3437 2322 3468 ad
2341 3446 2389 3475 pa-

1333 3477 1380 3507 tris
1394 3476 1482 3506 nostri
1498 3475 1622 3506 Domini
1634 3476 1754 3506 Henrici
1769 3475 1800 3506 R
1836 3478 1858 3506 is
1872 3476 1982 3515 Angliae
1992 3475 2094 3514 juffum
2110 3475 2144 3506 δε
2155 3475 2338 3512 consensum,
2354 3475 2387 3505 &

1332 3513 1558 3545 reverentissimae
1573 3516 1666 3544 matris
1680 3514 1784 3544 nostrae
1833 3515 1946 3545 lianorae
1961 3513 1991 3544 R
2028 3515 2082 3543 inae
2103 3513 2215 3551 Angliae
2229 3512 2389 3557 beneplaci-

1332 3561 1413 3591 tum,
1426 3552 1471 3583 sed
1485 3553 1568 3582 etiam
1582 3553 1708 3583 volentes
1722 3554 1756 3584 δε
1769 3554 1911 3591 spontanei
1923 3554 1952 3582 in
1965 3552 1995 3583 di
2027 3561 2077 3582 um
2089 3553 2318 3594 matrimonium,
2335 3560 2388 3580 no-

1333 3590 1392 3621 stro
1408 3591 1526 3621 nomine
1541 3591 1781 3630 contrahendum,
1799 3599 1936 3629 quantum
1949 3591 1980 3620 in
1995 3589 2078 3619 nobis
2093 3588 2133 3618 est
2140 3612 2158 3633 ,Ι
2168 3599 2216 3633 per
2229 3589 2275 3619 has
2289 3588 2388 3632 litteras

1334 3629 1439 3659 nostras
1461 3638 1582 3667 patentes
1603 3630 1723 3667 expresse
1751 3629 1942 3660 consentimus
1961 3630 1990 3658 in
2011 3627 2083 3658 statu
2103 3627 2236 3665 legitimae
2253 3635 2340 3656 aetatis
2353 3626 2388 3658 ad

1333 3667 1573 3704 contrahendum,
1590 3669 1617 3697 in
1632 3678 1690 3707 quo
1705 3678 1757 3698 nos
1769 3668 1885 3698 existere
1897 3666 2069 3706 profitemur.

1371 3705 1417 3735 Ad
1431 3705 1489 3735 hoc
1501 3707 1704 3737 avunculorum
1713 3729 1723 3744 ,
1740 3708 1774 3738 &
1788 3706 1907 3736 aliorum
1923 3713 2069 3745 parentum
2083 3703 2260 3746 nostrorum,
2277 3711 2389 3742 magna-

1333 3744 1594 3810 tums&snobilium
1602 3768 1611 3783 ,
1628 3745 1694 3776 cleri
1708 3746 1741 3776 &
1754 3744 1859 3782 Populi
1870 3744 1955 3775 totius
1968 3742 2065 3782 Regni
2079 3741 2189 3780 Angliae
2201 3762 2212 3777 ‚
2235 3740 2388 3773 accedente

1332 3791 1390 3812 con
1401 3791 1435 3810 en
1448 3792 1474 3811 u.

1371 3819 1453 3849 Hinc
1467 3818 1508 3849 est
1521 3819 1596 3858 quod
1615 3821 1750 3851 dile&um
1768 3821 1801 3850 ὃς
1821 3819 1971 3857 specialem
1985 3817 2112 3849 nostrum
2123 3815 2284 3859 Johannem
2301 3816 2388 3861 Man-

1333 3857 1379 3888 sell
1392 3856 1597 3888 Cancellarium
1616 3858 1757 3896 London‚
1777 3859 1810 3889 δε
1830 3857 1894 3888 Prae
1934 3858 2023 3900 situm·
2035 3854 2194 3897 Beverlaci‚
2213 3855 2318 3898 praesati
2338 3865 2388 3895 pa-

1333 3897 1381 3927 tris
1393 3895 1482 3925 nostri
1496 3896 1697 3935 Secretarium,
1715 3906 1801 3935 quem
1821 3895 1884 3933 ejus
1896 3905 1942 3925 em
1957 3903 2037 3934 patris
2055 3891 2143 3922 nostri
2158 3893 2303 3929 prudentia
2316 3904 2390 3932 pras—

1334 3934 1416 3973 elegit
1427 3934 1462 3964 ad
1477 3934 1534 3965 hoc
1547 3936 1696 3972 negotium
1709 3933 1933 3975 prosequendum
1946 3955 1957 3970 ,
1981 3932 2198 3973 Procuratorem
2213 3930 2340 3962 nostrum
2354 3933 2389 3964 &

1335 3971 1490 4002 Nuncium
1504 3973 1700 4004 constituimus
1714 3996 1724 4010 ,
1747 3973 1782 4003 ad
1798 3971 2010 4002 matrimonium
2031 3978 2151 3998 normne
2165 3969 2391 4010 nostrogontra·

1335 4009 1461 4042 bendum
1475 4021 1524 4049 per
1537 4012 1620 4043 verba
1630 4011 1667 4043 de
1678 4011 1822 4050 praesenti,
1838 4017 1906 4040 cum
1920 4006 2056 4040 medicea
2070 4006 2160 4038 nobili
2174 4007 2305 4039 Aliendra
2318 4018 2391 4077 gi&
