2570 4261
220 114 273 166 84

70 196 196 229 ΛΜΗ).
251 198 357 238 Majori
374 196 412 233 ὠ·
428 197 519 237 probis
538 194 687 226 hominibus
708 194 741 223 de
764 196 863 223 Baion.
884 194 916 224 de
931 193 1025 235 Castro
1038 192 1090 234 ipso
1103 194 1187 223 eidem
1207 191 1277 222 libe-

67 245 177 316 Ηιειῗὲζ.
253 239 396 317 PryZbsso
409 276 440 306 de
454 273 527 304 Belis
540 273 572 302 de
587 270 679 311 Castro
691 272 723 301 de
738 270 812 301 Belis
826 272 909 302 eidem
926 270 1048 311 Philipp0
1061 270 1209 300 liberando.

253 317 361 355 Majori
372 313 508 353 &probis
520 310 670 341 hominibus
683 311 714 340 de
729 309 843 350 Rupella
851 336 861 349 ‚
879 311 910 342 de
923 311 1051 341 Turri‘de
1063 308 1179 348 Rupella
1195 307 1280 338 eidem

251 351 652 431 Cullijfeiillg'ssosllriiyzeqyll'itaaihoiss
670 388 702 419 de
717 389 804 418 eodem
815 387 908 429 castro
923 388 1006 418 eidem
1020 386 1168 417 liberando.
1232 426 1236 430 ι

251 430 357 471 Cistodi
377 428 467 469 castri
488 429 520 459 de
541 431 640 458 Ferma
655 452 665 467 ,
689 429 722 458 de
741 429 829 458 eodem
851 426 945 468 castro
965 427 1048 457 eidem
1070 424 1193 464 Philippo
1216 421 1283 453 labe-

254 469 411 545 lllnglrcio&
422 505 514 546 probis
528 505 677 536 hominibus
687 506 719 536 de
734 504 855 544 Regula,
874 505 905 534 de
918 505 999 534 Turri
1014 504 1047 533 de
1063 500 1174 539 Regula.

255 549 363 584 MaJori
377 543 514 584 &probis
527 545 675 575 hominibus
687 546 718 575 de
733 547 834 574 Niorto
843 567 852 581 ‚
870 544 902 572 de
916 546 997 572 Turri
1011 542 1095 571 eidem
1109 539 1268 586 liberanda..

252 583 510 654 PrzbzyljZ-iinibus
519 584 552 614 de
564 585 682 622 Burdeg.
702 584 734 613 de
748 585 830 613 Turri
844 579 882 617 ὠ·
896 580 989 621 Castro
1002 580 1121 618 Burdeg.
1141 579 1225 608 erdem
1247 577 1282 608 11-

467 745 652 780 Hominibus
671 747 793 782 PiHav.
819 747 855 781 de
873 759 906 780 re
923 745 1040 782 eadem.

59 838 168 870 thidem.
209 832 334 895 REX
350 832 446 870 probis
461 833 628 864 hominibus
640 832 676 863 de
691 833 812 865 Poitiers
828 833 952 864 salutem.

313 871 411 903 Sciatis
426 872 504 910 quod
518 872 716 903 commisimus
731 872 840 903 dileeto
855 873 889 904 ὃς
905 871 982 903 fideli
996 870 1087 902 nostri
1102 870 1238 910 Philippo
1246 869 1283 902 de

212 909 319 941 Uletot
333 919 425 942 totam
438 920 542 941 terram
558 909 684 941 nostram
701 911 737 942 de
750 911 876 943 Fiet-avia
885 933 895 950 ,
913 912 974 943 &c.

250 947 288 979 Et
304 948 369 979 ideo
384 950 466 980 vobis
481 949 646 979 mandamus
663 949 741 988 quod
754 949 848 980 eidem
863 950 1015 988 Philippo,
1033 959 1169 989 tanquam
1181 948 1284 980 Senes-

213 986 287 1018 callo
302 987 420 1026 nostro,
437 988 491 1018 sitis
504 989 534 1018 in
548 988 703 1028 omnibus,
721 999 787 1028 quae
799 988 834 1020 ad
853 999 907 1020 nos
927 989 1089 1028 pertinent,
1107 987 1285 1020 intendentes

210 1026 245 1057 &
260 1025 465 1064 respondentes.

250 1064 367 1103 Vosque
387 1075 523 1103 rogamus
539 1073 675 1105 quatenus
697 1067 727 1096 in
749 1065 820 1105 fide,
840 1066 896 1105 qua
918 1067 1003 1097 nobis
1015 1066 1170 1105 tenemini,
1188 1065 1283 1099 eidem

211 1101 363 1143 Philippo,
382 1102 441 1139 &c.
459 1111 490 1134 ut
505 1107 534 1135 in
542 1107 667 1144 proximo
682 1104 763 1135 brevi
776 1105 848 1146 quod
849 1104 974 1144 staperius
978 1104 1111 1146 scriptum
1124 1103 1169 1146 est.

288 1181 392 1211 Eodem
407 1182 481 1211 modo
488 1180 622 1221 scribitur

251 1257 348 1287 Probis
367 1258 517 1289 hominibus
529 1259 561 1289 de
577 1261 702 1289 Civitate
719 1261 859 1299 Petragor.

249 1297 358 1334 Majori
372 1296 410 1332 (ῥ’
421 1297 513 1336 probis
528 1297 676 1328 hominibus
692 1301 793 1329 Baion.

248 1334 344 1364 Probis
356 1335 506 1365 hominibus
520 1334 559 1370 (ᾤ’
574 1336 684 1376 Confili0
697 1338 817 1376 Burdeg.

248 1373 344 1403 Probis
357 1374 507 1404 hominibus
521 1376 554 1404 de
564 1374 678 1412 Regula.

248 1412 344 1442 Probis·
355 1413 504 1443 hominibus
518 1414 550 1443 de
558 1414 656 1453 Jauflo
674 1414 821 1445 Emiliano.

249 1452 357 1489 Majori
370 1450 408 1486 (ἶν’
419 1457 570 1483 commuuae
581 1453 613 1482 de
624 1455 734 1483 Niorto.

251 1492 359 1528 Majori
373 1488 411 1524 ὀ·
427 1495 579 1521 Communae
593 1491 625 1520 de
641 1491 765 1530 Rupella.

249 1528 269 1547 ²¹²
290 1528 397 1567 fllajmi
410 1528 449 1565 ῤ’
463 1528 615 1569 Conftlatui
628 1532 769 1560 Lemovic.

248 1566 362 1596 Civibus
376 1568 407 1598 de
421 1567 523 1607 Besaz.

248 1605 404 1646 Asilitibus,
420 1607 535 1637 Civibus
550 1606 589 1642 ὠ·
600 1607 784 1645 Magnatibus
796 1608 828 1640 de
842 1607 937 1639 honore
950 1608 982 1639 de
997 1609 1057 1638 Eis.

247 1645 401 1674 Baronibus
417 1645 454 1681 ὠ·
470 1645 610 1676 Militibus
625 1647 658 1676 de
674 1650 798 1676 Xanton.

245 1683 341 1713 Probis
354 1684 505 1715 hominibus
519 1686 551 1715 de
558 1684 657 1724 Jizndlo
674 1685 826 1715 Leonardo.

246 1722 400 1753 Baronibus
415 1721 454 1758 ὠ
464 1723 555 1762 probis
570 1723 720 1753 hominibus
734 1725 766 1754 a'e
781 1726 923 1762 Petragor.

246 1762 391 1803 Praeposito
404 1761 442 1797 ὠ·
452 1762 544 1801 probis
557 1762 707 1792 hominibus
721 1763 753 1792 de
762 1761 864 1801 Rusaz.

249 1802 358 1837 Majori
372 1800 411 1835 &
426 1805 576 1831 Communae
582 1799 675 1840 fiznc‘i'i
688 1801 829 1840 Johannis
843 1798 945 1839 Angel-

250 1839 391 1869 Militibus
404 1837 442 1874 ό·
458 1839 554 1870 Probis
568 1839 717 1870 hominibus
731 1840 763 1870 αἰ*
779 1838 872 1877 Pugel.

250 1881 375 1907 Dominis
390 1878 421 1907 de
438 1879 596 1908 Malemort.

249 1916 344 1947 Probis
358 1916 507 1947 hominibus
523 1918 554 1947 de
567 1920 674 1949 caniac,

60 1539 76 1557 ’θ
95 1539 118 1567 1.
129 1537 191 1575 243.

248 1993 362 2024 Eodem
378 1994 470 2026 modo
490 1995 620 2026 scribitur
641 1995 776 2026 omnibus
792 1992 1034 2032 Archiepiscopis,
1048 1991 1283 2031 Episcopis,Ab-

211 2033 336 2071 batibus,
355 2033 539 2073 Comitibus,
555 2034 728 2072 Batonibus,
747 2033 890 2064 Militibus
904 2034 938 2063 &
953 2032 1042 2062 libere
1057 2032 1235 2070 tenentibus,
1247 2032 1283 2064 &

210 2073 346 2103 omnibus
361 2072 418 2103 aliis
433 2072 470 2103 de
481 2072 678 2105 'Comitatibus
692 2072 828 2104 Pictaviae
841 2073 874 2104 &
890 2071 1062 2102 Wasconiae.

248 2202 360 2232 Comiti
378 2198 530 2233 diarchia
548 2203 584 2238 ὠ·
602 2199 778 2247 Ingolismi,
805 2197 841 2232 de
849 2197 954 2244 sbrore
970 2199 1058 2245 Regis
1075 2195 1246 2232 liberanda.

275 2285 335 2316 EX
373 2287 435 2317 &c
457 2285 547 2316 Fideli
565 2286 599 2316 ὃς
616 2284 761 2317 karissimo
778 2286 849 2325 patri
871 2284 995 2325 Hugoni
1011 2283 1126 2316 Comiti
1141 2283 1282 2316 Marchiae

89 2349 164 2369 12..0
295 2326 328 2356 &
344 2309 488 2364 ingolismi
503 2325 626 2356 salutem.
1174 2362 1179 2368 ¹
1193 2363 1199 2368 .
1222 2362 1227 2368 ⁸
1244 2362 1250 2368 .

61 2384 105 2407 Au
126 2363 143 2369 ““
165 2364 171 2369 ”
249 2361 453 2394 Mandavimus
465 2365 548 2395 vobis
561 2363 624 2394 alias
639 2363 735 2402 quod³
755 2362 825 2394 sicut
839 2361 985 2394 honorem
1000 2360 1133 2393 nostrum
1152 2361 1282 2401 dlllgltls,

63 2398 95 2445 ΗΖ
108 2400 115 2406 ”
129 2389 159 2414 4⁶
212 2402 359 2433 mitteretis
374 2403 458 2433 nobis
472 2402 607 2434 dilectam
620 2403 747 2433 sororem
763 2401 909 2440 nostram,
951 2411 1017 2432 uam
1038 2401 1146 2431 habetis
1167 2401 1197 2430 in
1217 2410 1282 2431 cus-

62 2428 143 2483 &223⁹
210 2439 301 2478 todia,
320 2441 354 2472 &
370 2441 444 2471 illam
459 2442 488 2471 in
501 2451 619 2472 manum
633 2441 798 2471 venerabilis
813 2441 896 2479 patris
911 2459 923 2471 A
943 2439 1113 2471 antoniensis
1127 2438 1280 2478 Episcopi,

61 2467 182 2531 H-3'rb'2
210 2481 239 2509 in
255 2480 321 2510 villa
336 2479 432 2510 nostra
448 2480 597 2518 Rupellae,
615 2479 776 2510 redderetis.
1195 2517 1200 2523 ¹

121 2518 125 2522 '
158 2517 164 2523 ”
187 2517 193 2523 ”
247 2518 351 2550 Adhuc
366 2528 461 2549 autem
476 2520 560 2549 vobis
574 2518 755 2556 mandamus,
775 2525 906 2558 rogantes
920 2518 949 2547 in
964 2516 1035 2555 fide,
1054 2526 1109 2555 qua
1131 2517 1215 2547 nobis
1238 2524 1280 2547 te-

209 2559 334 2597 nemini,
353 2559 387 2589 &
401 2558 469 2589 sicut
482 2558 626 2589 honorem
642 2556 773 2588 nostrum
788 2565 959 2595 perpetuum
981 2555 1109 2595 diligitis,
1128 2564 1160 2586 ut
1181 2555 1281 2594 praefa-

211 2604 269 2627 tam
284 2596 411 2628 sororem
428 2596 555 2627 nostram
573 2596 635 2633 (nisi
649 2606 712 2626 eam
726 2597 756 2626 in
769 2605 887 2627 manum
902 2594 1029 2632 praediffi
1049 2593 1183 2632 Episcopi
1199 2594 1279 2625 resti-

213 2636 354 2673 tuereris)
382 2636 440 2665 fine
459 2635 586 2666 ulteriori
605 2635 739 2665 dilatione
760 2635 794 2666 &
817 2634 967 2665 occasione
985 2633 1107 2662 liberetis
1124 2632 1232 2663 dilectis
1246 2634 1280 2664 &

210 2672 339 2704 fidelibus
360 2674 460 2704 nostris
482 2674 615 2712 Phiiippo
638 2673 674 2703 de
687 2673 794 2704 Uletot
809 2673 868 2709 (cui
884 2680 989 2703 terram
1003 2670 1130 2701 nostram
1145 2671 1280 2702 Pietaviae

207 2713 242 2743 &
264 2713 429 2743 wasconiae
447 2711 665 2745 custodiendam
684 2710 892 2748 commisimus)
916 2711 949 2741 &
972 2709 1096 2740 Decano
1121 2709 1231 2741 Pietav.
1250 2710 1280 2740 in

209 2750 274 2782 villa
286 2750 382 2782 nostra
396 2751 537 2792 Rupellae.
929 2788 934 2793 Ι
1092 2787 1098 2793 ⁴
1253 2787 1258 2792 .

246 2790 317 2820 Nec
333 2791 360 2820 in
373 2790 432 2821 hoc
449 2801 500 2821 vos
512 2790 664 2820 exhibeatis
677 2787 824 2826 difficiles,
843 2797 912 2818 cum
928 2787 1011 2825 ipsius
1021 2787 1135 2827 longior
1153 2785 1281 2817 detentio

211 2829 293 2895 vofibis
308 2839 367 2859 non
382 2829 463 2860 cedat
477 2828 512 2860 ad
527 2830 687 2866 honorem,
696 2829 729 2859 &
745 2838 799 2858 nos
812 2826 879 2857 inde
894 2825 1040 2865 possemus
1052 2826 1172 2866 graviter
1180 2825 1281 2864 damp-

211 2876 240 2896 nl
261 2876 328 2896 CAH.

249 2904 287 2935 Et
300 2906 328 2935 in
341 2906 440 2945 hujus,
458 2907 519 2938 &c.

63 2302 138 2332 aim.
151 2300 191 2331 D.
211 2285 274 2347 R

249 2981 340 3012 Teste
362 2981 512 3021 Himetto,
536 2984 595 3015 &e
615 2982 688 3021 apud
707 2982 842 3013 NVinron.
867 2981 903 3012 16
924 2981 970 3012 die
990 2980 1184 3020 Septembris,
1202 2989 1281 3011 anno

211 3022 290 3060 regni
306 3020 395 3051 nostri
413 3031 518 3058 quarto.

421 3146 470 3177 De
487 3142 712 3190 Archiepiscopo
730 3145 911 3192 Burdegaliae
928 3143 1069 3192 eligendo-

271 3228 353 3258 Etrus
368 3228 428 3259 Dei
441 3229 526 3267 gratia
540 3228 748 3260 wintoniensis
762 3230 935 3269 Episcopus,
949 3231 1046 3261 amico
1058 3231 1089 3260 in
1102 3228 1220 3260 Christo
1234 3237 1282 3259 ca-

65 3239 142 3271 Ann'
158 3240 199 3272 D'
214 3227 261 3286 P
280 3267 387 3298 riffimo
410 3266 545 3298 Domino
566 3267 703 3298 Huberto
725 3268 761 3299 de
785 3269 879 3308 Burgo
890 3269 1053 3307 justici-ario
1068 3268 1196 3308 Angliae,
1212 3267 1281 3298 salu-

65 3288 170 3353 ³325..
214 3314 273 3335 tem
288 3307 321 3336 &
336 3307 451 3337 fincerae
464 3305 624 3336 dilee‘tionis
638 3306 786 3337 affeeium.

66 3362 101 3385 H.
121 3367 144 3394 3·
252 3343 380 3375 Innotuit
395 3345 479 3375 nobis
493 3352 543 3383 per
558 3344 724 3375 Dominum
739 3345 781 3376 G.
799 3345 836 3376 de
850 3345 942 3376 Nevil
963 3346 1180 3384 Camerarium,
1198 3343 1279 3384 quod

66 3400 106 3423 Ex
125 3396 198 3431 0753-
215 3380 449 3421 Archiepiscopus
469 3383 675 3423 Burdegalensis
698 3383 834 3425 ingressus
855 3383 896 3413 est
916 3385 993 3415 viam
1014 3385 1106 3415 carnis
1126 3382 1279 3422 universae;

66 3434 179 3462 Bundela
215 3419 307 3450 Unde
321 3423 451 3463 expedire
466 3422 626 3460 credimus,
645 3423 679 3453 δε
694 3422 884 3460 consulimus,
900 3422 979 3460 quod
994 3433 1047 3453 vos
1060 3423 1166 3453 faciatis
1179 3422 1261 3453 scribi

66 3474 191 3501 Brevium
216 3458 266 3501 sub
281 3459 366 3497 sigillo
382 3460 504 3491 Domini
516 3460 621 3501 Regis,
642 3460 764 3492 Decano
776 3462 810 3493 &
824 3460 959 3498 Capitulo
972 3459 1183 3499 Burdegalensi,
1198 3471 1258 3498 quo

67 3514 180 3539 inTurre
215 3496 264 3532 ipsi
298 3497 439 3529 rondemt
452 3498 489 3529 de
502 3499 549 3530 tali
563 3500 689 3538 pastore,
706 3502 754 3538 qui
769 3509 830 3530 non
844 3499 877 3529 sit
891 3498 1030 3536 suspectus
1045 3499 1181 3529 Domino
1201 3499 1280 3538 Regi

66 3552 175 3579 Laneion.
218 3535 252 3564 &
297 3535 395 3566 onsilio
409 3537 608 3575 ipsius-,immo
622 3539 670 3576 qui
685 3539 754 3570 velit
767 3540 801 3570 &
814 3537 911 3578 diliget
924 3537 1071 3567 honorem
1084 3538 1118 3568 &
1131 3538 1279 3568 utilitatem

217 3572 340 3615 Domini
362 3574 448 3614 Regis
468 3577 501 3606 &
522 3576 636 3616 Regni,
655 3578 807 3613 praesertim
827 3586 896 3607 cum
920 3575 1067 3606 Dominus
1087 3575 1153 3605 Rex
1174 3574 1207 3606 sit
1227 3575 1278 3606 sub

218 3610 346 3654 custodia
355 3613 390 3654 ⁴&
404 3615 582 3650 proteffione
593 3615 728 3645 Ecclesia:
742 3616 894 3647 Romanae.

259 3649 374 3680 Paeiatis
395 3652 475 3681 etiam
498 3653 579 3683 scribi
599 3653 734 3684 Domino
748 3654 840 3684 Alano
858 3652 894 3684 de
914 3653 1023 3684 Monte
1045 3652 1179 3690 Morelli,
1199 3651 1278 3690 quod

220 3687 337 3731 Castra,
356 3698 420 3726 quae
433 3698 509 3719 tenet
521 3700 556 3720 ex
577 3701 721 3730 praecepto
732 3693 859 3730 praediffl
874 3691 1105 3730 Archiepiscopi,
1122 3691 1198 3722 salvo
1215 3700 1278 3721 cus-

219 3725 307 3756 todiat
329 3726 363 3755 ad
384 3728 574 3758 commodum
594 3732 628 3762 &
649 3730 810 3761 fidelitatem
834 3730 959 3761 Domini
978 3731 1084 3770 Regis3
1102 3730 1136 3761 &
1157 3729 1260 3760 litteras

220 3774 288 3802 quas
308 3765 444 3808 mittimus
463 3765 584 3796 Decano
603 3770 636 3799 ὃς
655 3768 790 3807 Capitulo
808 3769 989 3808 Burdegalen.
1014 3769 1034 3800 si
1056 3769 1147 3807 placet
1160 3791 1172 3806 ‚
1195 3767 1248 3798 sim

221 3812 291 3834 cum
306 3802 406 3835 Literis
420 3801 544 3835 Domini
557 3805 644 3847 Regis
658 3809 696 3839 eis
711 3808 814 3840 faciatis
826 3807 937 3839 deferri.
976 3807 1058 3842 Vale.

679 98 1489 149 coNVENTioNE33
1543 98 1935 154 LITERAE,

2413 214 2492 247 Ann.
2505 215 2549 250 D.

1365 271 1501 306 Lewlino
1520 273 1656 319 Principi
1674 272 1869 316 Norwalliae‚
1895 271 1977 321 quod
1991 270 2097 320 injuste
2116 275 2227 320 Regem
2234 271 2366 318 fitorum
2416 263 2527 333 Ηξῗὶζ

1583 322 1761 366 facinorum
1777 322 1943 356 Morem
1965 327 2134 357 vocaverit.

1329 404 1454 474 REg(
1468 406 1603 475 ‹sarlmibus
1617 405 1761 438 Militibus
1776 408 1811 440 &
1825 407 1915 439 libere
1928 409 2089 440 tenentibus
2099 408 2136 440 de
2149 408 2300 443 comitatu
2322 410 2400 443 Pen-
2417 420 2469 447 An.
2484 423 2526 456 4(

1435 454 1459 474 r.
1513 452 1602 475 utem.

1343 520 1347 525 Ι
1368 481 1468 514 Sciatis
1505 483 1563 514 uod
1577 493 1638 514 non
1650 484 1825 516 advocamus
1835 485 1945 516 faecum
1958 485 2073 516 Leulini
2095 485 2236 524 Principis
2258 488 2401 521 Norwal-
2417 461 2484 524 izit?
2492 505 2521 532 4.

1330 518 1483 565 1112,un
1522 521 1682 567 fecitecum
1702 524 1806 554 ultimo
1825 523 2018 563 ingrederetur
2039 533 2144 555 terram
2165 524 2292 558 Domini
2313 528 2400 560 vestri
2418 537 2548 572 H.3.m.1.

1331 557 1482 589 Willielmi
1497 559 1624 591 Comitis
1640 561 1817 601 Marescalli,
1832 562 1954 601 dampna
1967 563 2051 594 nobis
2066 564 2100 595 &
2114 563 2225 602 injurias
2237 565 2401 607 inferendo,

1330 595 1366 627 &
1384 604 1470 627 terras
1488 598 1598 644 nostras
1618 599 1756 631 vastando
1774 602 1808 633 &
1828 600 2020 641 destruendo,
2037 602 2072 634 &
2091 601 2198 641 praedas
2211 603 2400 645 abducendo,

1330 633 1434 679 unde,
1442 644 1474 666 ut
1485 637 1660 677 audivimus,
1678 649 1732 670 nos
1747 640 1863 671 vocavit
1875 641 2035 671 auitorem.

1367 672 1415 718 Et,
1427 673 1494 705 ideo
1510 676 1593 706 vobis
1614 677 1782 709 mandamus
1802 679 1882 717 quod
1901 678 1982 711 dieto
2000 679 2136 711 Domino
2161 680 2257 713 vestro
2287 681 2401 715 Comiti

1330 710 1496 756 Willielmo
1512 713 1682 747 Marescallo
1695 717 1725 746 in
1739 718 1876 748 omnibus
1891 717 1946 748 sitis
1959 718 2151 758 intendentes,
2170 720 2242 751 ficut
2255 721 2329 759 prius
2340 732 2401 753 era—

1329 752 2026 832 Qssnffssfflepffifffffessssfffflnsssuffffi{3¹²3}
2036 757 2400 830 ‘ggffiissffgffigffldffi
2420 768 2437 786 ⁴*
2451 769 2475 797 ¹·
2486 777 2559 805 ²4⁹²

1332 838 1419 874 manu
1441 829 1553 875 nostra,
1571 831 1606 862 &
1628 831 1757 864 custodia
1765 817 1858 871 ’ipfius
1875 833 2008 874 Leulini,
2026 822 2173 874 quousque
2186 836 2261 868 aliud
2280 847 2296 869 a
2316 839 2402 870 nobis

1331 867 1502 906 susciperetis
1516 869 1690 901 mandatum.

1368 907 1404 938 N
1406 918 1440 938 ec
1457 907 1551 938 eidem
1571 908 1694 939 Leulino
1706 910 1894 949 respondeatis
1908 911 1945 943 de
1959 911 2090 944 Centum
2103 913 2180 944 libris
2195 914 2231 945 de
2251 914 2403 955 Censarffi,

1332 955 1400 985 quas
1422 948 1447 977 ei
1467 947 1576 978 solvere
1596 949 1838 990 conventionastis
1858 950 1929 980 infra
1950 950 2076 983 O&abas
2090 954 2225 984 omnium
2239 952 2402 986 finitorum

1331 986 1468 1024 proximo
1479 985 1628 1026 instantes,
1646 988 1697 1017 nili
1712 997 1765 1018 nos
1779 998 1832 1019 vos
1845 987 1913 1018 inde
1925 991 2083 1028 acquietare
2095 991 2241 1023 vellemus.

1368 1024 1541 1056 Mandamus
1554 1026 1639 1056 etiam
1653 1026 1738 1057 vobis
1753 1025 1833 1064 quod
1844 1026 1938 1057 eidem
1953 1028 2089 1061 Domino
2103 1029 2200 1062 vestro
2215 1031 2270 1062 sitis
2281 1032 2398 1064 viriliter

1330 1064 1360 1093 in
1376 1064 1511 1095 auxilium
1525 1064 1560 1094 ad
1575 1064 1723 1103 reparanda
1738 1063 1838 1095 Castra
1850 1064 1896 1095 sua
1909 1065 1945 1096 de
1958 1066 2113 1098 Nereberd
2128 1070 2162 1100 &
2175 1069 2212 1100 de
2225 1069 2317 1110 Wiz,
2332 1081 2399 1109 quae

1330 1103 1461 1140 praefatus
1477 1103 1611 1134 Leulinus
1622 1102 1764 1141 prosterni
1778 1103 1864 1142 fecit,
1882 1113 1943 1134 non
1957 1105 2088 1137 obstante
2111 1109 2306 1140 conventione
2328 1119 2399 1140 cum

1330 1141 1454 1210 εοᾶὲᾷα
1468 1140 1547 1181 quod
1561 1141 1718 1174 nullatenus
1730 1150 1938 1182 repararentur,
1953 1143 2005 1174 nifi
2019 1143 2057 1175 de
2069 1143 2175 1177 affensu
2199 1147 2233 1178 &
2255 1147 2402 1179 voluntate

1329 1189 1371 1210 no
1398 1191 1436 1211 ra.
2240 1208 2245 1209 ν

1368 1218 1408 1251 Et
1423 1220 1452 1250 in
1465 1219 1547 1259 hujus
1562 1220 1603 1252 rei
1616 1219 1832 1260 testimonium,
1849 1221 1912 1253 &c.

1331 1295 1459 1374 quffr'gie
1472 1295 1628 1337 Huberto,
1646 1298 1707 1330 &c.
1725 1297 1800 1337 apud
1813 1295 1942 1330 Westrn.
1961 1306 1978 1338 5
1994 1298 2041 1331 die
2054 1299 2213 1340 Ostobris,
2231 1299 2321 1333 Anno
2336 1301 2402 1334 &c.·

1365 1411 1422 1443 Per
1437 1413 1561 1444 etmdem
1575 1414 1611 1446 δε
1624 1413 1793 1446 Concilium
1803 1413 1930 1446 Domini
1942 1414 2041 1457 Regis.

1329 1557 1453 1589 Littera
1472 1556 1624 1591 Lewelino
1645 1559 1778 1605 Princiffl
1796 1557 1908 1590 Wzlliae
1919 1584 1928 1599 ‚
1954 1556 1991 1591 de
2005 1556 2126 1591 damnis
2143 1561 2180 1596 (ῤ’
2209 1560 2340 1605 Injuriis
2366 1561 2408 1594 il-

1373 1605 1452 1701 1γῖξὲ
1454 1607 1573 1687 1.ῖίἶὲζί
1590 1606 1757 1643 Wllielmo
1777 1606 1968 1652 Marqsc'allo
1981 1609 2020 1647 ὠ·
2039 1604 2206 1649 Baronibus
2226 1607 2380 1642 Marchiae
2391 1636 2404 1653 ,

1329 1737 1446 1796 REX
1460 1738 1610 1772 Lewelino
1624 1740 1750 1780 Principi
1762 1740 1933 1773 Norwalh'ae
1948 1740 2074 1773 salutem.
2422 1747 2499 1779 Am
2508 1749 2551 1780 D,

1392 1817 1398 1822 ν
1423 1777 1494 1809 Satis
1510 1779 1681 1819 recolimus,
1701 1780 1781 1819 quod
1801 1790 1854 1811 vos
1880 1780 2009 1812 recolere
2021 1780 2148 1819 debetis,
2163 1781 2259 1820 quod,
2279 1781 2309 1812 in
2327 1790 2403 1820 prae-
2442 1797 2531 1818 1220,

1329 1812 1415 1858 sentia
1427 1816 1538 1856 nostra,
1554 1828 1624 1862 cum
1639 1818 1745 1852 ultimo
1759 1818 1905 1850 fuissemus
1917 1818 1993 1858 apud
2013 1818 2178 1861 Salopiam,
2193 1821 2279 1851 motis
2302 1830 2404 1859 quere-
2420 1829 2474 1855 An,
2493 1837 2523 1863 4,

1329 1853 1364 1884 lis
1386 1856 1421 1887 ὃ(
1434 1857 1667 1887 contentionibus
1679 1858 1761 1889 variis
1773 1859 1846 1888 inter
1859 1866 1912 1889 vos
1948 1858 1983 1889 &
1995 1856 2137 1888 dilectum
2153 1859 2187 1890 δε
2202 1857 2318 1890 fidelem
2336 1869 2404 1890 nos·
2422 1870 2458 1893 H.
2477 1874 2506 1902 3.

1329 1900 1407 1938 πτωρ
1420 1895 1614 1940 wafieimuin
1627 1895 1779 1927 comem
1795 1881 2012 1934 Maenium,
2029 1897 2064 1928 δε
2076 1896 2212 1935 quosdam
2224 1896 2292 1928 aiios
2307 1906 2342 1928 ex
2350 1897 2403 1929 Ba·
2421 1903 2511 1941 ciuus.
2522 1911 2538 1940 4
2552 1924 2563 1932 .

1328 1933 1448 1963 sonibus
1470 1933 1633 1974 Marchiae,
1646 1934 1683 1965 de
1703 1943 1848 1974 praecepto
1867 1933 1969 1966 nostro
1991 1936 2026 1967 &
2039 1934 2147 1966 assensu
2163 1935 2288 1967 Domini
2303 1936 2330 1966 L
2382 1937 2404 1968 ti
2424 1946 2558 1981 apim„

1330 1970 1365 2001 ὃ(
1379 1971 1489 2003 consilii
1501 1972 1612 2018 nostri,
1631 1983 1712 2018 capta
1726 1974 1779 2005 fuit
1793 1974 1936 2018 treuga&
1948 1973 2100 2013 concessa,
2118 1975 2192 2005 inter
2203 1985 2272 2019 voS‚
2292 1946 2404 2007 &ffi-

1331 2017 1395 2040 tum
1416 2009 1587 2051 Comitem,
1605 2013 1640 2045 δε
1660 2013 1755 2044 distes
1775 2013 1962 2044 Marchionec
1979 2012 2066 2052 usque
2086 2014 2116 2044 in
2138 2011 2306 2045 Crastinum
2317 2013 2406 2047 saneti

1332 2047 1485 2080 Michaelis
1497 2050 1635 2082 duratura.

1368 2087 1408 2119 Et
1428 2088 1558 2127 praefixus
1581 2090 1633 2122 fuit
1654 2090 1738 2121 vobis
1750 2089 1809 2120 dies
1821 2092 1851 2121 in
1886 2090 2012 2121 raesentia
2027 2088 2123 2119 nostra
2135 2089 2342 2130 comparendi,
2360 2093 2406 2122 vi-

1330 2125 1435 2158 delicet
1449 2129 1479 2158 in
1495 2127 1630 2159 Crastino
1645 2129 1731 2159 saneti
1745 2101 1885 2173 Petri-adp
1882 2128 2012 2165 vincula,
2031 2127 2105 2165 apud
2123 2127 2223 2172 onn⁴
2244 2136 2276 2159 ut
2297 2128 2406 2161 ibidem

1329 2166 1390 2196 tarn
1408 2167 1509 2206 vobis,
1550 2168 1617 2198 uam
1637 2167 1718 2197 (1ίᾶῒο
1743 2166 1858 2197 Comiti
1871 2166 2042 2197 Marescallo
2055 2167 2089 2197 &
2103 2165 2179 2205 alus,
2196 2167 2257 2196 tam
2270 2166 2307 2198 de
2322 2168 2405 2199 Mar-

1329 2204 1393 2236 chia
1436 2206 1502 2236 uam
1553 2205 1627 2246 nglia
1647 2205 1826 2237 contentiose
1835 2205 1991 2237 -vobiscum
2005 2204 2170 2245 agentibus,
2188 2205 2218 2235 in
2235 2204 2324 2237 Curia
2337 2216 2406 2238 nos-

1329 2251 1370 2275 tm
1387 2245 1392 2250 “
1439 2245 1488 2275 itia
1503 2244 1692 2275 exhiberetur.

1368 2255 1416 2313 lid
1431 2293 1519 2321 quem
1533 2292 1629 2314 tamen
1643 2283 1720 2313 diem
1732 2292 1786 2314 nec
1801 2282 1935 2321 venistis,
1948 2291 2003 2313 nec
2017 2281 2207 2314 sufficientem
2221 2283 2332 2314 misistis
2346 2288 2404 2315 res-

1328 2321 1491 2361 ponsalem,
1509 2323 1616 2353 caeteris
1637 2322 1867 2360 comparentibus
1889 2331 1991 2354 coram
2013 2321 2116 2360 nobis,
2135 2321 2169 2353 &
2191 2321 2252 2352 tam
2261 2321 2401 2361 justitiam

1328 2360 1533 2399 offerentibus,
1551 2362 1639 2399 quarn
1654 2361 1822 2399 petentibus.

1368 2399 1460 2431 Unde
1476 2399 1554 2430 diem
1568 2400 1655 2429 alium
1673 2399 1755 2430 vobis
1773 2398 1990 2436 assignavimus,
2007 2407 2058 2436 per
2075 2396 2179 2429 litteras
2197 2398 2306 2430 nostras
2321 2410 2404 2431 man-

1329 2437 1425 2470 dantes
1442 2447 1489 2477 ut,
1507 2439 1537 2469 in
1550 2437 1685 2469 Crastino
1698 2437 1785 2468 sanffl
1801 2436 1968 2476 Michaelis,
1984 2445 2084 2467 coram
2107 2437 2208 2476 nobis,
2225 2437 2300 2476 apud
2320 2438 2405 2470 Lon-

1327 2477 1406 2517 don,
1423 2478 1556 2510 veniretis
1576 2476 1727 2518 suppleturi
1749 2475 1829 2516 quod
1851 2476 1945 2507 minus
1964 2475 2063 2506 adium
2075 2475 2128 2506 fuit
2141 2475 2205 2507 alias
2217 2477 2247 2507 in
2264 2476 2317 2508 hac
2340 2488 2406 2517 par-

1328 2523 1365 2547 te.

1366 2555 1430 2595 Set,
1447 2555 1520 2586 infra
1531 2553 1609 2586 diem
1624 2554 1729 2594 istum,
1748 2554 1820 2585 sicut
1834 2562 1915 2585 cerro
1927 2553 2013 2584 relatu
2024 2551 2195 2593 didicimus,
2210 2554 2258 2592 in,
2276 2555 2310 2586 &
2333 2565 2405 2587 cum

1329 2593 1511 2625 multitudine
1524 2601 1716 2632 armatorum,
1736 2601 1839 2623 terram
1853 2591 1963 2631 praefati
1976 2591 2102 2623 Comitis
2117 2592 2227 2632 ingreffi
2242 2592 2321 2632 estis,
2341 2605 2405 2626 vas-

1328 2633 1415 2664 tando
1430 2643 1493 2664 eam
1509 2631 1644 2664 incendio
1659 2633 1692 2663 &
1705 2631 1941 2669 depraedatione3'
1952 2631 2094 2674 capientes
2107 2629 2167 2662 duo
2181 2630 2281 2662 Castra
2295 2632 2341 2663 sua
2367 2634 2404 2665 &

1327 2671 1519 2703 subvertentes
1539 2671 1600 2701 solo
1621 2678 1718 2708 tenus,
1737 2671 1870 2700 homines
1891 2669 1954 2700 suos
1966 2670 1995 2698 in
2011 2678 2048 2699 eis
2062 2677 2195 2700 inventos
2213 2671 2405 2711 penmeritec3

1328 2710 1379 2748 &‚
1397 2718 1429 2740 ut
1444 2709 1583 2741 crudelius
1598 2716 1741 2748 ageretur,
1780 2707 1885 2738 raedarn
1904 2707 2075 2744 maximam,
2092 2716 2158 2745 quae
2177 2717 2247 2738 cum
2269 2709 2404 2742 facilimte

1326 2747 1430 2778 abduci
1444 2757 1505 2779 non
1520 2754 1646 2786 poterat,
1663 2748 1748 2777 incen
1771 2747 1798 2777 ὀ
1811 2744 1977 2789 σαάἰάίίὶςίερ
1995 2745 2128 2776 homines
2145 2747 2268 2783 partium
2290 2747 2403 2780 illarum

1328 2786 1363 2817 ad
1385 2786 1536 2817 censariam
1559 2785 1690 2816 Centum
1703 2786 1841 2816 librarum
1855 2782 2004 2824 coegistis,
2020 2791 2137 2821 accepta
2150 2784 2188 2814 ab
2201 2785 2240 2814 eis
2255 2785 2403 2818 securitate

1328 2825 1409 2864 quod
1429 2826 1514 2857 nobis
1548 2825 1594 2854 vel
1610 2824 1694 2855 vobis
1718 2824 1739 2854 si
1775 2823 1990 2866 raeceperimuS,
2006 2820 2148 2866 did-tarum
2163 2821 2295 2855 Centum
2316 2823 2402 2855 libra-

1327 2874 1392 2895 rum
1415 2863 1463 2896 fiet
1482 2848 1586 2895 sol'utio
1604 2862 1676 2894 infra
1702 2871 1735 2902 15
1773 2863 1809 2893 'es
1827 2860 1952 2893 instantis
1962 2858 2120 2892 festivitatis
2140 2862 2275 2893 omnium
2289 2861 2403 2895 saneto-

1332 2913 1480 2981 miii'super
1491 2949 1587 2973 autern
1597 2941 1694 2986 jurare
1707 2938 1884 3009 comdpulistis
1898 2937 2033 2978 eosdem,
2052 2938 2132 2977 quod
2147 2937 2228 2970 disto
2244 2938 2358 2971 Cor-niti
2370 2941 2403 2973 in

1328 2981 1409 3012 nullo
1422 2982 1459 3012 de
1473 2990 1579 3012 caetero
1590 2988 1673 3011 erunt
1687 2987 1765 3010 inten
1785 2986 1863 3010 entes
1876 2977 1923 3009 vel
1937 2977 2156 3017 respondentes3
2169 2978 2220 3017 &‚
2237 2978 2318 3017 quod
2332 2989 2401 3011 mo-

1327 3019 1422 3051 lestius
1443 3020 1609 3060 graviusque
1630 3018 1762 3058 ferimus,
1778 3018 1861 3049 nobis
1879 3017 2014 3055 inponitis
2035 3017 2069 3048 &
2093 3015 2174 3047 dicto
2189 3016 2299 3057 Legato
2321 3018 2403 3056 quod

1327 3060 1387 3090 hoc
1415 3057 1452 3089 de
1472 3065 1617 3097 praecepto
1637 3056 1737 3088 nostro
1763 3057 1798 3088 &
1817 3055 1985 3087 auetoritate
2011 3054 2139 3086 Domini
2165 3055 2266 3095 Legati
2296 3056 2404 3088 fecistis

1326 3098 1408 3166 didflto
1429 3095 1542 3129 Comiti
1555 3121 1566 3139 ‚
1591 3105 1680 3135 quem
1701 3105 1755 3126 nos
1774 3096 1805 3126 in
1822 3093 1902 3126 nullo
1924 3093 2026 3127 scimus
2040 3118 2051 3133 ,
2076 3093 2123 3126 vel
2142 3093 2285 3125 credimus
2304 3094 2407 3128 offen<

1327 3137 1357 3168 di
1383 3147 1407 3167 e.
2444 3147 2447 3150 .

1365 3173 1543 3212 Praesertim,
1559 3183 1629 3205 cum
1642 3173 1704 3203 alias
1717 3173 1800 3204 vobis
1814 3170 2014 3210 scripserimus,
2032 3169 2218 3214 signifigantoe
2233 3181 2286 3203 nos
2307 3172 2396 3211 pluri-

1327 3210 2396 3289 {2¹32}{g‘ggffi{1¹¹3ss3332ssdeigoisssrggsussgcssssotggffiofflmvggfffflg

1326 3292 1428 3329 fastae,
1445 3289 1578 3321 videlicet
1593 3289 1671 3327 quod
1684 3297 1783 3328 terras,
1801 3272 1954 3327 occupatas
1966 3287 1983 3317 a
1993 3287 2185 3318 wallensibus
2204 3287 2233 3317 su
2254 3297 2285 3317 er
2307 3287 2400 3319 Baro-a

1325 3341 1375 3362 nes
1391 3327 1502 3369 Angliae
1516 3329 1550 3360 &
1566 3327 1724 3366 Marchiae,
1741 3337 1872 3365 tempore
1884 3335 2010 3367 guerrae,
2025 3325 2059 3356 ad
2075 3335 2175 3357 manus
2186 3335 2223 3356 ve
2243 3335 2290 3370 ’ras
2311 3336 2397 3358 revo-

1326 3370 1425 3401 caretis
1438 3376 1489 3406 per
1500 3366 1583 3404 poffe
1595 3365 1736 3397 vestrum:
1751 3365 1811 3397 Cui
1823 3365 2020 3396 sufficientiam
2034 3366 2174 3404 majorem
2185 3363 2395 3405 adhiberemus,

1327 3409 1347 3439 si
1360 3408 1436 3439 forte
1449 3406 1543 3436 minus
1556 3404 1695 3436 sufficiens
1707 3405 1764 3436 esse
1777 3405 1956 3443 nosceretur,
1972 3414 2026 3435 nec
2040 3403 2225 3434 credebamus
2238 3402 2317 3440 quod
2340 3414 2395 3435 oc-

1324 3447 1438 3479 casione
1452 3443 1576 3475 mandati
1589 3443 1680 3475 nostri
1691 3452 1795 3476 terram
1810 3443 1892 3482 ipsius
1907 3442 2034 3475 Comitis
2044 3441 2155 3481 ingredi
2174 3439 2336 3473 debuissetis
2348 3441 2397 3474 vel

1325 3486 1440 3518 velletis.

1364 3522 1539 3555 Mandarnus
1554 3522 1635 3561 igitur
1649 3522 1732 3552 vobis
1745 3522 1773 3551 in
1786 3520 1841 3552 fide
1849 3545 1859 3560 ,
1877 3530 1933 3560 qua
1946 3520 2030 3552 nobis
2041 3517 2194 3556 tenemini,
2214 3517 2333 3562 firmiter
2346 3519 2392 3548 in-

1320 3564 1486 3603 jungentes,
1506 3568 1640 3599 quatenus
1658 3561 1695 3591 ab
1716 3560 1863 3591 exaetione
1884 3559 2081 3601 praedieiamm
2094 3555 2391 3601 Centum'librarum,

1324 3611 1393 3640 quas
1406 3602 1526 3631 nomine
1539 3599 1668 3630 censariae
1683 3599 1719 3630 ab
1733 3599 1898 3630 hominibus
1910 3598 1978 3629 disti
1992 3596 2116 3627 Comitis
2136 3603 2261 3639 exigitis,
2276 3593 2391 3625 deslsta-

1323 3638 1698 3709 ἒῗιὲὶζῖᾒξὲῗῗὲῗυῗῗὶῗὲὅ
1713 3647 1906 3708 isslaessfflssfiiss
1920 3636 2159 3713 Ξιῗξῗέῗέιίυῗξέ
2165 3642 2231 3703 ’κ’ἕὲ
2230 3633 2239 3663 ¹
2252 3631 2319 3701 ¹32³?
2325 3633 2391 3702 33.

1324 3726 1399 3756 th,
1415 3716 1472 3747 sive
1483 3701 1626 3746 obstante}
1638 3726 1698 3760 quo
1712 3687 1806 3760 mitius
1817 3714 1906 3758 cast-ra¹
1918 3711 2112 3757 iiia-praedicta
2125 3695 2333 3778 erigeree’iyalegt
2353 3710 2391 3741 δι’

1322 3749 2390 3832 sassuresmssahfisssgnsasssaiasinsessi

1323 3831 1430 3872 agenda
1443 3831 1490 3861 sua
1503 3831 1670 3862 consuetum
1683 3834 1717 3864 &
1729 3831 1858 3862 debiturn
1871 3814 2006 3873 auxilium
2017 3823 2190 3871 impendant.

1362 3869 1453 3900 Diem
1467 3871 1551 3900 etiam
1566 3871 1649 3901 vobis
1661 3871 1832 3911 praefigimus
1844 3869 1875 3898 in
1887 3867 1997 3911 odiabis
2009 3866 2082 3895 beati
2097 3861 2238 3901 Andreae,
2255 3870 2286 3894 ut
2301 3870 2387 3904 tunc,

1322 3908 1398 3948 apud
1415 3908 1552 3945 wigorn.
1571 3918 1669 3939 coram
1692 3910 1777 3940 nobis
1796 3913 1997 3945 comparium,
2013 3902 2094 3941 super
2105 3900 2218 3932 excess'u
2233 3910 2315 3934 tanto
2334 3913 2388 3934 no-

1324 3948 1366 3979 bis
1380 3946 1551 3984 responsuri,
1569 3947 1604 3977 &
1613 3948 1669 3986 juri
1681 3947 1804 3985 parituri.
2320 3980 2326 3986 ,

1361 3985 1533 4016 Mandamus
1544 3986 1629 4016 etiam
1644 3987 1729 4018 vobis
1739 3983 1868 4023 quatinus
1880 3989 1982 4012 ornnes
1994 3987 2096 4016 terras,
2112 3987 2265 4020 occupatas
2284 3989 2359 4018 prius
2371 3990 2388 4012 a

1324 4023 1532 4063 wallensibus,
1549 4033 1617 4063 quas
1628 4023 1663 4056 ad
1675 4031 1795 4056 manum
1805 4019 1929 4053 vestram
1940 4027 1991 4056 per
2007 4016 2088 4055 poffe
2107 4016 2236 4049 vestrum
2255 4028 2387 4086 τενοεέξ·
