2570 4261
661 153 790 195 ET
899 153 1217 196 ACTA

71 238 147 270 Ann.
161 235 202 268 D.
224 240 324 268 Simoni
340 238 372 268 de
386 237 531 279 Hayfhrd,
540 236 645 278 Custodi
657 242 802 269 Terrarum
813 238 851 273 ὠ·
865 242 1082 269 Tenementorum
1094 239 1284 277 praediCZorum

94 284 179 343 ¹1i311.
261 276 468 315 Templariorum
478 300 489 316 ,
506 277 544 313 ὠ·
561 276 680 317 Episc'opi
693 301 704 316 ‚
728 281 757 307 in
771 276 947 307 Comitatibus
962 277 1107 317 Norfilciae
1129 275 1167 311 ὀ·
1188 275 1284 314 Suffbl-

71 318 94 342 E
110 326 141 344 ν.
161 324 188 343 2.
260 318 306 344 ciae

224 338 354 392 Johar’mi
368 353 399 383 de
423 355 467 382 Ho
480 376 491 392 ,
516 352 620 393 Custodi
640 356 785 383 Terrarum
803 351 841 387 ὠ·
860 356 1077 383 Tenementorum
1093 353 1284 391 praetorum

261 390 485 430 Temfflariorum,
499 390 537 425 (γ’
550 390 685 430 Episcopi,
698 396 726 420 in
740 395 878 421 Comitatu
890 391 991 430 Effix,

226 429 355 469 Johanni
367 430 398 459 de
413 429 565 468 Bloxham,
579 429 684 469 Custodi
698 433 841 459 Terrarum
857 429 895 465 (ἔγ
915 433 1131 459 Tenementorum
1141 428 1285 467 praediffo-

263 478 323 497 rum
336 470 372 497 Te
415 468 544 497 lariorum
552 490 562 506 ,
570 466 607 502 ό·
625 467 743 506 Episcopi
751 471 795 506 ‚in
813 467 993 498 comitatibus
1005 471 1124 497 Oxoniae
1136 465 1174 502 ό·
1187 468 1286 504 Berks,

263 505 365 546 Wyltes
435 505 635 544 Norhampton.

228 543 358 583 Johanni
372 544 403 574 de
420 543 683 583 Ferrariis,c1cst0di
697 546 841 573 Terrarum
857 542 894 578 ό
910 547 1128 575 Tenementorum
1143 545 1286 582 praediblo·

266 592 327 611 rum
344 582 567 621 Templariorum,
580 580 618 616 ὠ·
635 584 662 611 E
680 582 772 620 iscopi,
784 585 812 611 in
825 585 962 611 Comitatu
974 582 1157 621 Gloucestriae,

228 620 395 651 Alexandro
407 621 439 650 de
452 625 581 659 Cumpton
590 642 600 658 ,
614 589 718 693 effodi
735 623 879 649 Terrarum
895 619 932 654 ὠ
952 625 1169 650 Tenementorum
1184 622 1287 659 praedi-

267 660 370 688 {iorum
385 658 607 698 Templariorum,
680 658 799 697 Eptfiopi
813 681 823 697 ,
846 662 876 687 in
895 660 1071 689 eomitatibus
1100 661 1230 690 Warwt'ci
1248 658 1286 694 &-

268 700 310 728 Le
326 709 352 727 ce
376 700 439 726 riae·

231 738 274 767 W
272 696 379 765 illiyehgi
394 736 426 765 de
432 721 581 774 ’Spannehy
590 734 710 776 ,Custodi
721 738 909 765 Maneriorum
924 734 962 771 &
975 735 1151 774 Ecclefiarum
1166 735 1290 776 Templa-

267 777 386 812 riorum,
396 777 425 803 in
440 776 577 802 comitatu
592 773 740 803 Lincolniae
749 796 760 812 ,

229 811 359 851 Galfrido
380 812 412 841 de
433 810 461 840 la
476 813 532 840 Lee
553 811 659 850 Custodi
677 815 822 841 Terrarum
842 809 880 845 όν
896 815 1114 842 Tenementorum
1127 811 1289 852 Templario-

227 861 345 934 RoZffrmt}
357 848 958 965 zq'ssg7333'553321w'ffeig'ssggzz‘grss
968 851 1154 930 ῗέῥὶῐίῖςβοκ
1161 912 1172 928 ,
1185 893 1214 919 in
1240 894 1289 920 Co-

264 933 367 956 :mtatu
417 939 427 956 ι
475 937 488 955 e
500 937 534 955 ex

228 967 347 996 Henrico
367 966 398 994 de
419 951 663 1003 Cobelaart’zfjuniori
676 988 686 1004 ,
711 964 820 1004 Custodi
841 969 986 995 Terrarum
1008 964 1046 1001 <ly
1073 968 1290 997 Tenementorum

264 1003 489 1043 Templariorum,
506 1006 535 1033 in
554 1003 730 1033 comitatibus
747 1006 865 1042 Kantii,
881 1003 1045 1044 Surriae‚&
1060 1005 1201 1044 Suffixiae‚

229 1044 348 1074 Henrico
365 1043 396 1071 de
414 1045 496 1082 Percy
519 1041 624 1081 Custodi
643 1045 764 1072 Manerii
783 1042 989 1082 Templariorum
1006 1044 1038 1073 de
1055 1044 1290 1085 Templewerreby‚

265 1083 295 1110 in
313 1084 450 1111 Comitatu
462 1064 597 1119 Esoraci,

230 1119 358 1158 Galfrido
374 1120 405 1149 de
425 1118 546 1159 Wston,
564 1118 670 1159 Custodi
686 1122 830 1149 Tewarum
848 1118 886 1154 ό
903 1124 1118 1151 Tenementorum
1131 1120 1290 1160 Templario-

269 1168 329 1187 rum
342 1161 371 1188 in
386 1157 527 1197 Chiriton,
545 1161 574 1188 in
592 1162 756 1188 Comitatum
775 1157 885 1197 Wyltes.

97 1281 182 1311 *HL

117 1322 171 1357 298

81 1371 160 1403 Ann.
173 1342 214 1400 D.

415 1283 437 1305 *
463 1282 521 1316 Ad
547 1285 654 1330 Regem
679 1285 866 1316 Francorum
882 1282 917 1315 de
936 1283 1104 1318 Credentia.

231 1367 517 1430 EXcellentissimo
530 1367 673 1407 Principi‚
696 1367 828 1399 Domino
845 1379 878 1399 ac
892 1367 967 1399 Patri
980 1369 1027 1401 suo
1042 1369 1200 1414 karissimo2
1226 1371 1292 1403 Do-

113 1418 199 1449 1311.
308 1407 390 1438 mino
404 1407 555 1446 Philippo,
574 1406 631 1437 Dei
643 1407 750 1446 gratia,
765 1407 841 1444 Regi
864 1407 1032 1438 Francorum
1047 1408 1162 1447 Illustri,
1177 1409 1292 1442 Edwar-

81 1452 134 1476 An.
150 1457 178 1483 5.
231 1448 299 1486 dus,
311 1447 432 1485 ejusdem
447 1446 550 1484 gratia,
564 1445 625 1476 ὅτε.
640 1445 752 1475 salutem
767 1446 800 1476 &
818 1445 928 1484 felices,
943 1446 978 1476 ad
993 1456 1074 1485 vota,
1088 1447 1232 1479 successus.

81 1491 111 1514 Ε.
124 1496 152 1513 2.
268 1486 386 1516 Litteras
403 1485 525 1522 nostras,
539 1494 586 1521 per
607 1483 780 1521 Magistrum
801 1484 977 1516 Richardum
999 1486 1034 1516 de
1054 1486 1181 1527 Tybetot
1203 1486 1293 1519 Cleri-

80 1522 195 1557 Rom·&
230 1535 317 1562 cum,
336 1524 369 1555 &
383 1523 543 1563 Johannem
560 1521 596 1552 de
614 1521 756 1562 Alevagne
774 1522 917 1561 Militem,
935 1522 1055 1562 vestros,
1076 1525 1157 1555 vobis
1180 1526 1291 1563 pridem

160 1584 168 1592 .
230 1563 445 1600 transmisimus,
463 1562 635 1592 continentes
655 1561 747 1599 quod,
768 1561 846 1598 super
867 1562 986 1599 negotio
1001 1585 1012 1600 ,
1033 1572 1087 1601 pro
1111 1574 1168 1601 quo
1186 1565 1294 1604 iidem,

80 1605 113 1629 E.
132 1610 158 1629 2.
176 1610 214 1630 m.
230 1601 358 1633 Clericus
371 1602 404 1632 &
419 1599 520 1639 Miles,
538 1599 571 1630 ad
585 1609 637 1630 nos
649 1609 683 1630 ex
698 1608 771 1637 parte
786 1599 877 1630 vestra
890 1609 1040 1639 venerunt,
1061 1609 1172 1632 certum
1183 1603 1294 1641 respon-

82 1648 130 1669 20.
231 1641 311 1679 sum,
328 1649 377 1678 per
390 1638 501 1671 eosdem
511 1662 521 1678 ,
536 1646 647 1676 propter
661 1637 768 1677 aliqua,
782 1638 812 1667 in
833 1637 916 1668 dietis
931 1638 1041 1669 Litteris
1054 1639 1154 1671 nostris
1176 1651 1294 1673 conten-

230 1686 275 1718 ta,
288 1679 370 1709 vobis
379 1701 389 1717 ,
398 1676 466 1709 func
481 1678 632 1714 temporis,
648 1677 758 1707 mittere
773 1677 894 1706 minime
909 1676 1084 1708 valebamus:

269 1717 431 1757 Qiodque,
451 1715 513 1754 post
534 1715 781 1752 deliberationem,
794 1714 860 1744 inde
873 1715 1014 1754 habitam,
1028 1716 1154 1748 nostrum
1168 1719 1294 1758 propofi-

230 1764 293 1788 tum
309 1756 410 1793 vobis,
423 1765 472 1792 per
488 1754 621 1784 Nuncios
636 1752 744 1783 nostros
758 1754 901 1792 proprios,
915 1754 1099 1786 mitteremus:

269 1794 324 1832 Et,
339 1794 402 1831 quia
412 1793 559 1832 negotium
574 1790 639 1822 illud
655 1791 736 1822 cordi
748 1791 844 1822 nostro
860 1792 1014 1829 plurimum
1027 1794 1295 1835 insidebat,statim,

251 1832 295 1863 ost
311 1829 449 1862 recessum
472 1829 657 1860 Nunciorum
674 1829 828 1861 vestrorum
849 1830 1049 1868 praedictorum
1066 1843 1082 1863 a
1098 1835 1181 1864 nobis
1195 1858 1206 1872 ,
1227 1844 1295 1865 curn

229 1842 356 1902 {raelatis
374 1870 406 1900 &
424 1868 584 1906 proceribus
602 1868 698 1905 Regni
715 1867 800 1899 nostri
816 1891 826 1907 ,
845 1877 913 1899 tunc
934 1870 1083 1902 nobiscum
1102 1871 1296 1912 existentibus,

230 1909 309 1948 super
322 1908 380 1938 hoc
395 1908 542 1938 habuimus
557 1906 733 1944 colloquium
749 1908 782 1938 &
795 1907 956 1946 tractatum,

272 1948 419 1987 roirca
435 1945 554 1975 dilectos
570 1945 604 1976 &
621 1944 712 1975 fideles
726 1968 736 1984 ,
759 1945 922 1983 johannem
943 1946 979 1976 de
999 1946 1194 1980 Crombwelle
1213 1949 1297 1981 Mili-

231 1994 293 2017 tem
307 2008 316 2024 ,
342 1986 375 2016 &
397 1983 567 2021 Magistrum
580 1983 735 2023 Jordanum
752 1983 888 2015 Moraunt
906 1984 1089 2016 Canonicum
1117 1988 1148 2017 in
1171 1987 1294 2020 Ecclesia

230 2023 403 2055 Cicestrenfi
425 2022 571 2053 Clericum
581 2044 591 2061 ,
605 2021 727 2060 nostros,
741 2022 907 2053 exhibitores
923 2023 1099 2060 praesentium
1109 2047 1119 2063 ,
1134 2027 1232 2064 quibus
1245 2037 1298 2058 no-

231 2063 317 2094 stram
334 2063 368 2093 &
387 2061 494 2092 consilii
508 2060 596 2091 nostri
612 2060 841 2091 deliberationem
859 2063 887 2091 in
905 2061 958 2092 hac
977 2070 1068 2101 parte,
1090 2065 1170 2094 vobis
1187 2074 1234 2104 per
1254 2068 1298 2104 ip-

230 2102 292 2141 sos,
310 2101 355 2131 vel
374 2110 470 2131 eorum
487 2099 619 2138 alterum,
633 2099 801 2137 injunximus
818 2100 1012 2137 exponendam
1043 2101 1077 2131 ad
1093 2102 1214 2133 vestram
1226 2113 1298 2141 prae-

230 2140 348 2171 sentiam
363 2139 549 2177 destinamus,
558 2137 701 2175 Rogantes
717 2139 841 2176 quatinus
860 2138 977 2176 praefatis
992 2123 1116 2170 N'unciis
1131 2141 1228 2171 nostris
1236 2142 1298 2180 ,vel

231 2188 331 2209 eorum
349 2178 425 2217 alteri
441 2178 470 2207 in
484 2177 553 2215 hiis,
565 2186 629 2215 quae
642 2177 724 2207 vobis
738 2176 815 2214 super
830 2176 992 2215 praemiffis,
1001 2187 1034 2207 ex
1047 2187 1123 2215 parte
1137 2179 1245 2218 nostra,
1255 2182 1297 2211 vi-

232 2217 373 2286 νῇὶῥξέέίε
384 2214 501 2247 oraculo
512 2215 703 2254 exposuerint,
712 2214 756 2248 vel
770 2215 939 2254 exposuerit,
949 2214 1036 2247 fidem
1055 2216 1144 2249 velitis
1157 2218 1299 2250 credulam

234 2265 252 2286 a
291 2266 299 2285 i
339 2265 379 2287 re.

267 2330 358 2364 Teste
376 2331 460 2369 Rege
477 2329 550 2369 apud
568 2327 693 2361 Westm.
713 2329 761 2360 26.
777 2328 824 2361 die
842 2329 1019 2363 Decembris.

257 2460 307 2492 De
329 2454 566 2490 proclamatione
588 2453 669 2501 quod
691 2457 795 2488 Petrus
818 2453 854 2488 de
876 2453 1029 2499 Gavaston
1045 2465 1100 2502 pro
1114 2455 1203 2502 fideli
1226 2461 1263 2497 (ῥ’

600 2501 757 2549 ρναβιιόίίὶ
779 2513 926 2538 teneatur.

211 2616 218 2623 .
234 2590 318 2649 LE
335 2590 402 2632 Roy
420 2602 454 2622 au
472 2589 606 2621 Visconte
623 2589 811 2631 d'Everwyk,
829 2590 923 2622 salutz.

187 2656 195 2663 .
324 2629 405 2661 Com
419 2629 564 2660 Monsieur
579 2628 663 2659 Peres
679 2628 714 2658 de
729 2629 891 2668 Gavaston,
910 2627 1023 2660 Counte
1044 2628 1081 2660 de
1104 2628 1296 2672 Cornwaille,

178 2694 184 2700 .
234 2668 397 2706 n'adgueres
415 2668 470 2699 fust
491 2667 561 2699 exile
574 2667 638 2697 hors
658 2667 694 2698 de
707 2667 801 2699 nostre
815 2667 958 2706 Reaume,
976 2676 1074 2699 contre
1098 2669 1135 2700 les
1150 2670 1197 2700 leis
1215 2672 1248 2703 &
1263 2671 1302 2702 les

234 2707 329 2745 usages
341 2707 377 2737 de
397 2707 514 2737 mesmes
531 2705 557 2736 le
576 2705 734 2745 Roiaume,
751 2716 778 2737 as
792 2717 878 2745 queus
899 2706 999 2743 garder
1014 2707 1047 2737 &
1063 2708 1210 2739 meintenir
1230 2719 1301 2741 nous

169 2769 175 2775 .
211 2770 217 2776 .
235 2745 324 2777 sumes
348 2754 433 2777 tenuz
454 2756 502 2783 par
521 2744 548 2774 le
561 2743 723 2782 Serement,
742 2754 795 2783 que
813 2754 882 2775 nous
900 2744 1010 2775 feismes
1027 2756 1043 2776 a
1056 2746 1148 2777 nostre
1171 2746 1301 2780 Corone-

209 2808 216 2814 .
235 2793 332 2824 ment,
349 2794 384 2814 en
409 2784 498 2822 lequel
521 2782 575 2813 exil
593 2782 612 2813 il
636 2782 667 2813 fu
689 2793 777 2814 nome
791 2786 874 2814 'autre
896 2793 950 2821 que
973 2784 1032 2814 bon
1054 2784 1087 2815 &
1103 2785 1164 2815 leal.

275 2822 311 2853 Et
324 2822 443 2853 mesmm
458 2821 530 2852 celui
546 2820 661 2860 Coum,
679 2825 726 2859 par
738 2821 840 2852 'nostre
859 2821 1076 2861 maundement,
1091 2822 1140 2854 'seit
1151 2823 1180 2861 ja
1196 2834 1300 2856 revenu

233 2872 251 2893 a
265 2872 335 2893 nous
350 2872 385 2891 en
398 2861 439 2891 dit
456 2860 602 2897 Reaume,
619 2861 709 2897 preste
719 2859 816 2890 d'ester
829 2870 845 2890 a
860 2860 953 2898 droit,
971 2860 1073 2892 devant
1088 2871 1174 2900 nous,
1203 2865 1219 2893 a
1240 2871 1302 2894 tous

234 2910 292 2970 Rue
307 2899 344 2930 de
357 2901 416 2930 rien
429 2899 448 2929 li
463 2898 585 2930 vodront
598 2899 764 2938 chalanger‚
781 2899 871 2929 solom
885 2898 923 2929 les
935 2899 991 2939 leys
1003 2899 1036 2930 &
1057 2899 1094 2930 les
1107 2900 1202 2939 usages
1218 2912 1303 2933 avan-

255 2947 309 2969 itz·
675 2954 680 2958 ·

272 2976 327 3007 Par
343 2976 390 3014 qui
406 2985 475 3005 nous
488 2974 508 3005 li
524 2983 634 3006 tenoms
650 2976 709 3006 bon
723 2976 755 3006 &
772 2975 851 3014 loial,
869 2976 903 3007 &
918 2985 935 3006 a
947 2975 1043 3006 nostre
1057 2975 1094 3007 fei
1115 2977 1149 3008 &
1171 2988 1187 3009 a
1208 2977 1302 3010 nostre

233 3013 319 3053 Pees‚
336 3015 370 3045 &
385 3024 470 3052 unqes
491 3024 507 3043 a
522 3022 596 3044 autre
609 3025 645 3044 ne
657 3013 676 3043 li
688 3014 832 3052 tenismes3

271 3053 375 3091 Nous,
394 3052 430 3082 de
446 3051 539 3082 nostre
557 3051 629 3082 Real
647 3052 737 3090 Poer,
756 3063 826 3083 vous
843 3052 1064 3091 commandons‚
1081 3063 1134 3091 que
1154 3064 1206 3092 por
1224 3054 1261 3087 tel
1283 3055 1304 3086 li

234 3099 368 3132 tegnetz,
385 3091 419 3121 δε
433 3090 508 3121 ceste
523 3091 607 3121 chose
618 3090 700 3121 facez
715 3101 763 3129 par
775 3100 832 3122 tote
848 3091 943 3123 vostre
958 3091 1048 3122 baillie
1062 3092 1180 3130 publier.

275 3167 355 3200 Dori.
371 3178 386 3199 a
398 3166 557 3207 Everwyk,
572 3166 598 3196 le
614 3166 661 3197 28.
671 3166 736 3205 jour
748 3167 784 3199 de
792 3168 932 3208 janevoir.

276 3245 398 3278 Autieles
412 3244 517 3275 Lettres
529 3243 593 3274 sont
609 3243 724 3275 mandes
738 3255 766 3275 as
781 3245 930 3277 chescunes
946 3246 1082 3279 Viscontz
1103 3247 1306 3286 d'Engleterre.

239 3390 339 3441 de
358 3389 438 3424 idem
463 3394 588 3433 Petrus,
611 3401 714 3423 contra
736 3391 828 3438 legem
852 3392 991 3425 exulatus
1014 3420 1023 3435 ‚
1061 3391 1098 3435 est
1118 3391 1203 3436 stare
1224 3392 1306 3441 Juri

399 3450 546 3487 paratm5
569 3443 605 3477 &⁶
628 3438 664 3472 de
690 3438 877 3483 Restitutione
897 3441 948 3486 ipsi
958 3441 1115 3486 facienda.

242 3525 359 3583 REX
377 3525 553 3557 Vicecomiti
567 3524 707 3563 Eboraci,
723 3524 845 3556 salutern.

336 3566 417 3596 Licet
432 3574 533 3602 nuper,
551 3573 602 3601 pro
614 3573 649 3594 eo
664 3563 742 3602 quod
758 3562 855 3594 Petrus
868 3563 905 3594 de
918 3562 1066 3595 Gavaston
1080 3563 1187 3595 Comes
1194 3564 1306 3597 Comu-

241 3603 299 3634 biae
311 3612 384 3634 extra
401 3603 536 3640 Regnum
550 3601 676 3632 nostrum
691 3603 779 3632 extitit
793 3602 911 3632 exulatus
946 3603 998 3632 tibi
1042 3605 1207 3641 raecepimus
1229 3605 1306 3643 quod

242 3644 339 3673 omnia
360 3641 473 3679 Castra,
493 3639 595 3679 Villas,
611 3640 728 3678 Terras,
747 3640 900 3679 Redditus,
918 3625 1000 3671 i’offe
1023 3651 1116 3680 iones,
1134 3642 1167 3672 &
1188 3642 1238 3672 alia
1252 3643 1303 3674 bo-

244 3691 278 3711 na
292 3680 338 3711 sua
352 3679 577 3718 quaecunque,in
589 3678 694 3709 Baniva
707 3678 754 3709 tua
764 3689 890 3718 ‚caperes
903 3681 934 3709 in
950 3689 1067 3710 manum
1087 3679 1209 3710 nostram
1223 3681 1257 3711 &
1274 3691 1306 3713 ea

244 3720 320 3750 salvo
344 3718 512 3756 custodires3
528 3718 565 3747 ita
578 3717 653 3755 quod
671 3717 707 3747 de
720 3718 852 3755 exitibus,
876 3717 943 3747 inde
965 3719 1206 3757 provenientibus,
1224 3720 1306 3750 nobis

244 3757 417 3795 responderes
432 3756 467 3786 ad
482 3756 661 3786 Scaccarium
682 3755 826 3794 nostrum,
844 3755 984 3794 quousque
1003 3756 1076 3787 aliud
1097 3767 1113 3787 a
1133 3757 1216 3787 nobis
1238 3758 1305 3788 inde

245 3796 359 3826 haberes
373 3798 401 3825 in
417 3794 564 3824 mandatis:

91 3531 167 3564 Ann.
182 3529 224 3561 D.

112 3580 197 3611 1312.

90 3613 144 3644 An„
158 3619 186 3646 5.

91 3652 122 3675 E.
140 3657 166 3674 2.

89 3685 178 3722 Claus.
198 3693 226 3721 5.

90 3728 124 3752 Ε.
146 3733 173 3750 2.
190 3733 227 3751 m.

94 3771 139 3799 ¹5·
157 3761 184 3790 d.

283 3834 359 3873 Qia
374 3842 467 3864 tamen
482 3833 556 3862 idem
572 3832 687 3862 exilium
703 3833 731 3861 in
744 3831 912 3870 praedic'tum
927 3831 1041 3863 Petrum
1057 3856 1067 3870 ,
1092 3840 1190 3863 contra
1211 3833 1306 3871 legem

244 3871 278 3902 &
292 3871 518 3903 consuetudinem
532 3871 550 3889 ²*
569 3870 665 3908 Regni
686 3870 790 3908 nostri,
810 3869 844 3899 ad
862 3880 981 3907 quarum
1000 3871 1221 3902 observationem
1243 3874 1307 3903 vin-

244 3909 311 3941 culo
320 3910 466 3948 juramenti
479 3908 570 3939 sumus
582 3908 701 3945 astriffi,
717 3908 769 3938 fuit
785 3908 1010 3946 promulgatum:

280 3947 414 3986 Idemque
435 3947 556 3985 Comes,
573 3947 609 3977 de
627 3946 758 3976 mandato
778 3945 889 3983 nostr0‚
905 3946 940 3977 ad
956 3956 1007 3977 nos
1028 3949 1057 3978 in
1079 3948 1219 3985 Regnum
1234 3957 1306 3988 piat-

242 3984 353 4016 diaestum
369 3987 430 4023 jam
445 3985 572 4024 accessit,
591 3993 696 4022 paratus
710 3994 806 4015 coram
819 3985 900 4027 nobis
916 3986 945 4015 in
956 3987 1090 4018 omnibus
1104 3985 1172 4018 stare
1175 3986 1230 4025 juri
1235 4007 1246 4024 ,
1263 3987 1303 4017 se-

241 4023 368 4055 cundum
379 4023 479 4094 iegkffm
493 4025 527 4055 &
539 4023 770 4056 consuetud‘mem
785 4022 942 4063 praedictam,

291 4065 363 4094 Tem.
398 4084 405 4092 .
450 4085 458 4093 .
472 4065 522 4095 W.

110 3865 131 3886 *ι
147 3867 203 3894 III.

118 3914 186 3943 ²99·

1329 150 1910 195 PUBLICA.

2322 170 2399 211 203

1368 235 1421 266 Per
1435 236 1511 275 quod
1525 235 1616 275 ipsum
1635 236 1787 269 Comitem
1804 237 1840 270 ad
1859 246 1960 277 pacem
1981 238 2014 271 δε
2031 237 2116 269 fidem
2138 237 2261 271 nostram
2280 240 2391 271 admisi·
2408 239 2483 270 Arm.
2501 239 2541 270 D.

1327 282 1625 381 mqfi’bigaecipimus
1638 313 1715 352 quod
1732 313 1826 344 eidem
1841 313 1969 354 Comiti‚
1986 314 2031 346 vel
2045 316 2103 346 e'us
2117 315 2266 346 Attomato
2286 317 2317 360 in
2338 318 2390 350 hac
2406 288 2518 345 1:232.

1326 359 1418 390 parte,
1480 351 1549 389 stra,
1569 350 1672 390 Villas,
1689 352 1804 389 Terras,
1824 351 1960 384 Redditus
1993 352 2035 384 Po
2058 353 2191 393 essiones,
2205 354 2240 385 δε
2261 353 2312 384 alia
2335 356 2390 386 bo-

1327 398 1366 432 na*
1377 388 1419 418 sua
1436 399 1626 433 quaecunque,
1643 391 1672 419 in
1686 389 1789 420 Balliva
1801 389 1862 428 tua,
1876 376 2024 422 occassone
2038 393 2160 423 mandati
2181 392 2268 423 nostri
2290 394 2392 433 praedi-

1327 425 1368 456 <Sh
1377 449 1387 464 ,
1406 436 1454 464 per
1467 435 1495 457 te
1508 437 1538 457 in
1553 437 1669 458 manum
1683 427 1808 458 nostram
1822 437 1919 467 capta,
1938 429 1995 460 una
2007 439 2077 473 curri
2094 431 2226 470 exitibus,
2245 441 2295 470 per
2306 439 2335 462 te
2349 432 2393 463 in-

1326 464 1529 534 destperceptidsfl
1546 476 1562 495 a
1575 473 1703 504 tempore
1718 467 1853 504 captionis
1869 468 2044 507 eorundem,
2069 478 2099 499 in
2128 478 2248 501 manum
2267 469 2392 502 nostram

1327 512 1356 533 re
1381 510 1447 533 ltuas
1459 513 1489 533 m
1531 512 1581 535 ate.

1365 577 1454 610 Teste
1471 578 1557 617 Rege
1574 579 1647 618 apud
1665 578 1847 620 Eboracum,
1863 589 1911 611 20.
1925 580 1972 612 die
1982 580 2114 621 januarii.

2013 664 2066 692 Per
2083 661 2166 702 ipficm
2182 666 2286 703 Regem.

1366 732 1478 765 Eodem
1502 735 1592 766 modo
1612 734 1773 766 mandatum
1793 735 1835 767 est
1855 735 2081 769 vicecomitibus
2097 737 2256 772 Cornubiae
2292 741 2394 775 Devo-

1330 771 1571 841 &iiiesommae’
1594 772 1676 804 Berk.
1700 774 1823 814 Sattiae,
1846 774 2000 815 Summe,
2024 776 2157 809 landon.
2183 765 2394 822 ivnddiesexiae,

1410 975 1457 1007 De
1488 973 1589 1018 Castro
1620 973 1892 1023 Knaresburgherfi
1916 977 2073 1012 muniendo
2109 978 2146 1013 de
2168 978 2314 1015 Exitibm

1747 1025 1997 1071 Templariorum.

1330 1106 1539 1162 MAndatum
1551 1107 1591 1139 est
1603 1108 1765 1140 Willielmo
1779 1108 1816 1140 de
1835 1108 2004 1150 Slengesby,
2022 1108 2143 1143 Custodi
2164 1109 2288 1145 Manerii
2302 1114 2397 1146 Tem·
2416 1106 2493 1139 Asm-
2506 1105 2548 1140 ΒΣ

1360 1181 1365 1186 ,
1414 1145 1561 1189 planorum
1574 1147 1611 1177 de
1624 1147 1816 1187 Ribbestayn‚
1834 1149 1864 1178 in
1880 1147 2027 1180 Comitatu
2039 1148 2180 1190 Eboraci,
2199 1153 2228 1182 in
2241 1162 2326 1185 manu
2335 1152 2398 1185 Re·
2437 1155 2524 1187 ¹31²·

1334 1189 1380 1217 g1s
1397 1183 1556 1224 existentis,
1580 1185 1676 1224 quod,
1692 1185 1728 1217 de
1748 1185 1867 1217 exitibus
1887 1185 2011 1218 Manerii
2033 1189 2180 1227 praedicti,
2198 1190 2299 1222 habere
2316 1192 2400 1224 faciat
2417 1188 2470 1212 An.
2494 1194 2523 1221 5·

1336 1218 1555 1254 Constabulario
1569 1223 1663 1254 Castri
1682 1224 1718 1254 de
1742 1223 1942 1263 Knaresburg,
1959 1234 2072 1256 centurn
2096 1229 2229 1265 quarteria
2249 1229 2398 1261 frumenti:
2417 1228 2445 1250 E.
2465 1233 2490 1250 ²·

1333 1257 1437 1290 decem
1472 1261 1583 1293 uarteria
1597 1272 1708 1294 avenae:
1727 1263 1831 1300 viginti
1846 1263 1946 1294 boves:
1971 1264 2007 1295 δε
2027 1266 2222 1302 quaterviginti
2242 1267 2396 1300 multones:
2416 1262 2503 1298 Claus.
2519 1266 2550 1298 5-v

1334 1296 1369 1339 βε
1384 1298 1450 1330 duas
1483 1301 1543 1337 igas
1554 1299 1675 1339 ferratas,
1692 1310 1745 1339 pro
1763 1301 1921 1332 munitione
1936 1300 2026 1332 Castri
2046 1303 2188 1340 praedic‘ci:
2207 1303 2244 1334 Et
2264 1304 2328 1336 Rex
2349 1307 2401 1338 fibi
2418 1303 2448 1328 E.
2466 1309 2493 1328 ²·
2510 1309 2549 1328 7¹²·

1333 1335 1470 1407 inde,hiili³
1480 1347 1618 1407 ςοῑὲρᾳῑο
1639 1339 1706 1378 suc,
1725 1339 1761 1370 de
1782 1340 1899 1371 exitibus
1919 1340 2079 1379 praedietis,
2109 1341 2238 1374 debitam
2256 1343 2401 1377 allocatio-
2422 1346 2466 1367 ¹¹·

1334 1383 1402 1405 nem
1436 1386 1450 1407 a
1472 1386 1517 1407 ere
1544 1385 1625 1408 acret.

1373 1451 1463 1483 Teste
1477 1452 1561 1492 Rege
1575 1453 1649 1493 apud
1663 1453 1844 1495 Eboracum,
1861 1465 1909 1486 21.
1923 1454 1968 1487 die
1976 1455 2106 1496 januarii.

1441 1531 1496 1560 Per
1509 1531 1592 1570 {osiam
1605 1534 1718 1571 Regem,
1732 1535 1879 1563 nuntiante
1892 1532 2031 1564 Wllielmo
2045 1533 2077 1563 de
2093 1530 2209 1565 Melton.

1384 1649 1432 1681 De
1455 1648 1587 1696 Epifiopi
1611 1648 1823 1701 Lichfildetfi,
1848 1655 1886 1691 (y
1908 1649 2087 1696 restitutione
2107 1652 2204 1688 eidem
2218 1653 2375 1700 facienda.

1338 1731 1469 1802 REX
1487 1733 1645 1774 Militibus,
1661 1734 1753 1766 liberis
1763 1735 1944 1777 hominibus,
1967 1738 2003 1769 δε
2021 1740 2157 1770 omnibus
2169 1739 2244 1780 aliis,
2267 1740 2406 1774 Tenenti·
2420 1737 2496 1771 Ann-
2512 1738 2555 1771 D«

1421 1772 1476 1816 bus
1485 1772 1521 1803 de
1536 1772 1670 1805 Maneriis
1703 1774 1801 1805 Terris
1817 1775 1852 1806 ἃ
1867 1775 2053 1808 Tenementis
2060 1777 2183 1810 Walteri
2195 1779 2232 1810 de
2244 1778 2393 1819 Larigeton
2442 1786 2528 1819 1312.

1339 1807 1547 1856 Coventriensis
1561 1811 1596 1841 &
1613 1797 1821 1857 Lyclifeldensis
1834 1813 1987 1854 Episcopi,
2003 1815 2127 1846 salutem.
2394 1805 2405 1820 ’
2421 1821 2473 1845 An.
2489 1827 2517 1854 5-

1376 1847 1457 1878 Cum
1479 1859 1531 1879 nos
1550 1849 1696 1889 Manena,
1710 1851 1811 1882 Terras
1832 1853 1866 1883 &
1883 1853 2062 1885 Tenementa
2099 1855 2211 1887 raedifiia
2245 1855 2355 1888 dudum
2372 1859 2403 1889 in
2422 1860 2451 1883 Ε·
2471 1865 2495 1882 2-

1338 1895 1455 1930 manum
1469 1887 1594 1918 nostram
1609 1891 1689 1927 capi,
1709 1888 1743 1920 ὃς
1757 1899 1807 1928 per
1821 1898 1930 1928 tempus
1943 1891 2054 1930 aliquod
2081 1893 2189 1925 ecimus
2201 1877 2331 1926 detineri:
2419 1897 2466 1922 Pat
2486 1903 2505 1930 5
2508 1913 2513 1919 ·
2522 1896 2553 1920 Ε-

1374 1924 1420 1956 Ac
1443 1935 1489 1970 am
1503 1925 1602 1970 eadem
1617 1927 1764 1966 Manena,
1783 1928 1886 1960 Terras
1899 1929 1933 1961 δε
1950 1929 2128 1962 Tenementa
2149 1932 2267 1970 praefato
2286 1933 2404 1972 Episco·
2423 1942 2448 1959 2·
2466 1938 2492 1969 P·
2511 1939 2536 1960 ¹·

1337 1973 1378 2001 po
1391 1973 1403 1993 r
1439 1963 1607 2010 diderirnus',
1623 1966 1740 1996 tenenda
1753 1965 1825 1997 adeo
1838 1969 1965 2006 integre,
1981 1968 2050 2000 sicut
2060 1979 2093 2000 ea
2107 1972 2195 2002 tenuit
2214 1980 2278 2003 ante
2295 1975 2405 2012 captio-
2417 1980 2454 1999 m·
2465 1979 2492 2008 3·

1338 2011 1406 2031 nem
1421 2003 1576 2033 eorundem
1590 2014 1619 2034 in
1633 2014 1749 2035 manum
1765 2005 1903 2036 nostram:

1356 2078 1361 2083 1
1374 2038 1411 2070 Et
1426 2040 1644 2073 concesserimus
1657 2043 1686 2073 ei
1696 2044 1829 2080 arreragia
1842 2045 2008 2076 debitorum
2027 2055 2092 2084 quae
2109 2045 2147 2077 de
2167 2048 2286 2079 exitibus
2301 2047 2407 2081 Mane-

1339 2079 1691 2151 {ffffiglr'esfagrtrffgegnndffi
1709 2081 1956 2114 Tenementorum
1976 2085 2181 2122 praedicmrum
2201 2086 2351 2127 debentur,
2371 2090 2405 2121 &

1381 2154 1474 2200 Vobis
1487 2157 1650 2188 mandamus
1665 2143 1743 2196 qiiod
1756 2158 1852 2190 eidem
1873 2158 2032 2200 Episcopo,
2048 2169 2182 2200 tanquam
2205 2163 2338 2196 Domino
2358 2175 2409 2196 ve-

1342 2193 1417 2232 stro,
1434 2194 1487 2224 sitis
1502 2196 1674 2239 intendentes
1685 2197 1943 2241 &respondenteQ
1961 2209 2042 2237 prout
2055 2200 2162 2239 dejure
2174 2200 2268 2234 facere
2287 2203 2410 2242 debetis,

1341 2233 1375 2264 &
1389 2241 1452 2263 ante
1466 2242 1626 2272 captionem
1641 2234 1808 2275 praedissam
1822 2235 1915 2268 facere
1927 2237 2116 2270 consuevistis.

1378 2307 1467 2340 Teste
1480 2308 1560 2349 Rege
1577 2311 1651 2349 apud
1664 2310 1844 2351 Eboracum,
1864 2322 1913 2353 23.
1924 2313 1972 2344 die
1982 2313 2114 2353 januarii·

2031 2391 2086 2420 Per
2095 2389 2179 2429 ipfiem
2191 2392 2297 2431 Regem.

1381 2424 1491 2457 Habuit
1505 2425 1571 2458 inde
1586 2428 1708 2467 quinque
1724 2428 1806 2467 paria.

1539 2551 1598 2587 Ad
1619 2554 1736 2600 Papam
1755 2564 1812 2600 pro
1835 2553 1970 2601 Epistopo
1992 2550 2201 2600 Lichftldenfi.

1344 2636 1417 2706 ΡΑ
1427 2635 1450 2666 Ρ
1459 2635 1501 2667 AE
1519 2637 1582 2669 Rex
1599 2638 1700 2670 devota
1715 2638 1822 2677 pedum
1835 2638 1928 2671 oscula
1941 2640 2100 2672 beatorum·
2426 2633 2504 2667 Ann-
2522 2634 2565 2667 D·

1425 2674 1460 2705 In
1479 2686 1575 2708 amore
1595 2678 1700 2708 virtutis
1719 2677 1888 2716 requiescere
1906 2678 2086 2718 arbitramur,
2118 2678 2138 2710 fi
2151 2678 2229 2711 actus
2247 2678 2356 2712 nostros
2373 2681 2412 2714 fic
2456 2683 2542 2715 ¹312·

1344 2714 1504 2751 propensius
1517 2715 1688 2754 dirigamus,
1705 2716 1783 2753 quod
1799 2717 1829 2746 in
1844 2716 1958 2747 subditis
1971 2717 2050 2748 bono
2064 2717 2278 2750 mansuetudinis
2290 2719 2412 2758 perfrua-
2428 2716 2481 2743 ‘¹7³-
2494 2724 2522 2750 5-

1345 2761 1424 2790 mur,
1441 2762 1511 2784 cum
1528 2765 1577 2793 per
1589 2754 1647 2785 hoc
1661 2755 1691 2785 in
1703 2755 1741 2784 eis
1754 2763 1820 2792 erga
1833 2764 1885 2786 nos
1895 2755 1979 2794 vigor
1993 2755 2154 2787 devotionis
2165 2757 2199 2789 &
2214 2756 2278 2789 fidei
2290 2757 2414 2791 crescere
2428 2755 2507 2818 {mz-
2519 2790 2555 2825 ά

1384 2828 1467 2860 Licet
1483 2831 1573 2870 itaque
1586 2830 1757 2863 Venerabilis
1771 2830 1853 2862 Pater
1863 2831 1918 2862 W.
1934 2830 2140 2864 Coveritriensis
2152 2834 2187 2865 &
2208 2833 2416 2875 Lychfeldensis
2435 2831 2478 2856 Fr.
2492 2839 2511 2866 5
2515 2851 2522 2858 ·
2535 2834 2566 2858 Ε·

1344 2866 1514 2908 Episcopus,
1531 2880 1568 2901 eo
1583 2870 1659 2909 quod
1671 2880 1687 2900 a
1701 2869 1800 2900 nostris
1812 2870 2011 2910 beneplacitis,
2029 2871 2064 2902 ad
2078 2871 2271 2910 suggestiones
2277 2883 2413 2913 quorum-
2436 2876 2462 2895 ²·
2471 2877 2509 2896 ²⁷²·
2519 2877 2557 2905 ²¹.

1344 2906 1413 2938 dam
1429 2909 1600 2940 aemulorurn
1613 2909 1744 2947 suorum,
1758 2908 1829 2938 visus
1852 2908 1941 2939 fuerat
1960 2909 2098 2949 deviasse,
2116 2910 2241 2942 nostram
2259 2912 2417 2945 incurrisset
2433 2905 2486 2933 “⁰'‘-

1344 2944 1479 2977 offensam
1488 2969 1498 2985 ,
1518 2957 1568 2985 per
1580 2947 1657 2986 quod
1672 2958 1687 2978 a
1696 2947 1777 2977 nobis
1790 2947 1823 2977 ὃς
1837 2956 1853 2977 a
1866 2946 1964 2978 nostro
1978 2947 2095 2979 consilio
2108 2947 2135 2979 se
2149 2949 2272 2981 reddidit
2282 2950 2417 2992 alienum,

1344 2993 1459 3015 necnon
1473 2986 1506 3016 &
1521 2995 1618 3023 graves
1631 2986 1832 3024 persecutiones
1845 2985 1879 3016 &
1891 2985 2029 3023 angustias
2042 2985 2168 3018 sustinuit
2180 2989 2329 3026 patienter:

1384 3022 1597 3055 Considerantec
1611 3032 1706 3055 tamen
1722 3023 1802 3062 quod
1816 3023 1893 3054 idem
1908 3023 2061 3063 Episcopus
2095 3025 2115 3046 ²¹¹
2128 3026 2172 3057 vir
2184 3027 2280 3066 utique
2292 3026 2412 3060 Gonfilfi

1346 3063 1501 3093 maturitate
1525 3062 1689 3100 conspicuus
1702 3085 1713 3101 ‚
1738 3063 1772 3094 &
1793 3060 1959 3093 discretione
1974 3063 2056 3101 provi
2077 3073 2126 3102 us,
2145 3064 2228 3095 nobis
2251 3074 2287 3097 ac
2311 3067 2415 3107 Regno

1345 3101 1442 3131 nostro
1454 3102 1484 3131 in
1497 3101 1612 3138 agendis
1624 3101 1761 3140 perquam
1781 3101 1868 3139 utilis,
1885 3101 1982 3132 immo
1998 3101 2162 3133 necessarius
2177 3103 2229 3134 hiis
2248 3104 2345 3136 diebus
2357 3106 2416 3136 exi-

1347 3138 1406 3178 stit,
1424 3139 1532 3179 ipsum,
1549 3140 1606 3170 ΟΒ
1628 3148 1798 3171 REVERE
1810 3146 1954 3169 NTiAM
1976 3147 2205 3171 POTISSIME
2232 3150 2319 3173 sams
2337 3150 2416 3174 ΛΡο-

1348 3187 1361 3208 s
1370 3186 1393 3207 ’r
1401 3188 1422 3208 o
1432 3187 1453 3208 1..
1463 3187 1475 3208 1
1483 3188 1500 3209 c
1508 3188 1557 3217 AE,
1573 3188 1607 3209 ac
1627 3177 1774 3216 specialem
1799 3175 1982 3208 affectionem
1990 3200 2000 3216 ,
2019 3187 2103 3217 quam
2111 3203 2121 3217 ,
2140 3178 2222 3210 ciarae
2249 3182 2416 3221 memoriae,

1347 3215 1470 3247 Genitor
1485 3217 1578 3247 noster
1592 3218 1688 3247 habuit
1706 3225 1772 3254 erga
1791 3225 1874 3254 eum,
1890 3215 1925 3246 ad
1944 3216 2047 3248 nostrae
2069 3216 2272 3249 benevolentiae
2292 3220 2414 3257 gratiam

1347 3255 1475 3286 duximus
1488 3255 1704 3287 admittendum.

1385 3293 1437 3331 Et,
1456 3293 1475 3323 si
1489 3304 1551 3333 quae
1572 3294 1651 3325 idem
1664 3293 1818 3331 Episcopus
1838 3301 1905 3329 erga
1923 3302 1975 3324 nos
1996 3292 2128 3324 haetenus
2147 3293 2347 3335 commisisset,
2364 3305 2416 3336 per

1347 3342 1411 3371 quae
1424 3332 1647 3369 indignationem
1661 3331 1783 3362 nostram
1794 3339 1839 3362 aut
1846 3330 1981 3362 offensam
1989 3332 2127 3362 incurrere
2139 3333 2232 3370 potuit
2239 3335 2341 3372 quovis
2348 3345 2416 3367 mo·

1348 3374 1388 3402 do
1423 3381 1455 3402 ea
1469 3371 1520 3401 sibi
1537 3371 1692 3402 remisimus
1704 3370 1812 3408 penitus
1827 3370 2010 3407 ignoscentes.

1388 3395 1495 3440 Elaceat
1515 3410 1601 3446 igitur
1625 3409 1723 3440 vestrae
1739 3407 1907 3440 Clementiae
1931 3407 2099 3445 quaesumus,
2126 3409 2174 3446 pie
2197 3407 2296 3449 Pater,
2313 3410 2415 3449 praedi·

1348 3448 1428 3479 ctum
1443 3447 1616 3488 Episcopum
1651 3448 1727 3486 cujus
1738 3446 1854 3477 honoris
1873 3447 1906 3476 δε
1920 3445 2070 3476 commodi
2084 3454 2270 3483 augmentum
2291 3449 2418 3481 corditer

1348 3485 1509 3517 affectamus
1518 3509 1527 3524 ,
1545 3471 1678 3525 ipsiusque
1690 3486 1818 3522 negotia,
1838 3493 1902 3528 quae
1913 3482 1951 3513 de
1965 3482 2238 3529 vestraenliberalitatis
2245 3485 2414 3518 munificen-

1347 3526 1386 3555 tia
1407 3525 1580 3563 dependent,
1604 3526 1704 3556 habere
1721 3522 1925 3559 favorabiliter,
1948 3521 2038 3552 nostri
2059 3531 2174 3560 intuitu,
2198 3525 2416 3565 commendata

1347 3563 1480 3601 ipsiusque
1493 3565 1638 3601 petitiones
1646 3586 1655 3601 ,
1673 3571 1738 3600 quas
1751 3562 1780 3590 in
1793 3559 1920 3591 custodia
1932 3558 2083 3603 Camerarii
2097 3560 2180 3592 vestri
2190 3561 2320 3594 defuncti
2327 3564 2414 3595 dimi·

1347 3604 1396 3639 fit,
1411 3603 1444 3632 &
1464 3611 1528 3639 quas
1549 3602 1584 3632 ad
1601 3601 1719 3631 Curiam
1733 3598 1854 3629 vestram
1868 3598 1982 3628 Sacram
1999 3607 2057 3642 lam
2076 3598 2113 3643 de
2132 3608 2215 3630 novo
2233 3600 2416 3641 transmittet,

1347 3640 1444 3670 vestrae
1464 3639 1627 3670 beatitudini
1649 3636 1845 3678 porrigendas,
1869 3635 1905 3668 ad
1927 3636 2109 3671 exaudmoms
2132 3639 2252 3677 gratiam
2270 3638 2416 3672 admittere

1342 3679 1537 3748 juxctlzrlilssmrv‘et
1571 3716 1622 3747 &c

1542 3738 1554 3755 ,
1624 3738 1632 3745 .

1344 2789 1511 2823 dinoscatur.

2451 3011 2472 3032 ε’
2481 3014 2540 3042 in.-

2471 3061 2536 3089 300,

1384 3792 1450 3830 Dat.
1469 3792 1543 3831 apud
1560 3791 1709 3831 Eborum,
1725 3800 1773 3831 24.
1789 3789 1835 3822 die
1844 3788 1974 3829 januarii.

2025 3864 2080 3897 Per
2090 3865 2175 3906 ipsum
2187 3868 2293 3908 Regem.

1821 4057 1914 4089 Cea
