2570 4261
0 3575 135 3625 43*

227 113 309 150 206

77 191 161 223 ltin.
178 190 208 220 D
251 236 285 238 γ

101 230 184 260 1282.

76 270 144 296 Edv.
168 278 189 296 ¹·
225 281 332 312 Litcra
350 276 388 311 ab
405 276 601 319 Alexandro,
621 280 817 323 primogenito
833 279 918 325 Regis
939 280 1038 311 Scotiae
1050 283 1221 325 precatoria
1231 289 1287 324 pro

270 326 335 361 Ad.
355 325 390 358 de
410 323 625 359 Kermdbricht
643 326 765 358 Medico
776 352 786 368 ‚
808 330 861 372 qui
872 352 880 366 ‚
894 335 998 372 praeter
1015 339 1199 360 communem
1211 330 1285 361 Me-

270 375 406 407 dicorum
416 375 597 419 sententiam
610 400 619 416 ,
649 374 745 420 ipsitm
763 378 896 407 Sanitati
915 374 1093 419 restituerat.

75 481 116 504 Aa
150 486 180 504 ιο
221 458 516 519 EXcellentiffimo
531 458 629 489 Ptinci
651 460 685 498 i,
712 459 849 490 Domino
869 458 1012 492 Edwardo
1047 460 1105 491 Dei
1128 459 1231 499 gratia,
1250 459 1284 490 il-

74 520 104 542 1.
120 497 136 541 '¹
186 498 191 504 '
297 497 374 528 lustri
388 497 464 536 Regi
480 498 610 536 Angliae,
661 500 762 529 omino
776 497 942 537 Hiberniae,
954 500 987 529 &
1002 483 1080 529 Duci
1094 499 1286 536 Aquitanniae,

73 536 167 580 andeg„
220 536 375 567 Avunculo
394 536 444 567 suo
463 535 622 575 carissimo,
637 536 808 574 Alexander,
825 536 934 567 illustris
953 536 1044 574 Regis
1057 538 1162 568 Scotiae
1176 538 1283 577 primo-

172 574 178 580 '
219 577 346 613 genitus,
364 575 497 613 salutem,
515 575 548 606 &
568 575 671 607 faelices
693 576 728 606 ad
750 584 817 607 vora
835 575 971 606 successus
985 598 995 614 ,
1014 585 1082 607 curn
1104 577 1284 606 incremento

221 615 320 651 gloriae
334 614 367 644 &
380 613 502 644 honoris.

254 652 298 682 Ex
315 653 410 682 innata
420 651 599 682 Celsitudinis
616 652 714 683 vestrae
728 652 878 682 clementia
892 650 1032 682 credimus
1043 661 1095 683 vos
1104 651 1212 682 'totiens
1220 661 1282 689 gra-

220 691 299 721 tulari
309 713 319 730 ,
337 692 467 729 quotiens
482 691 518 721 de
528 690 597 720 statu
609 691 706 721 nostro
720 701 796 720 nova
809 689 939 729 prospera
953 690 1036 720 vobis
1049 692 1233 720 nunciantur:

254 729 337 759 Hinc
350 729 389 759 est
404 729 482 770 quod
492 729 592 759 statum
607 730 688 766 partis
702 728 790 759 nostri
805 729 951 766 kariliimi,
970 730 1004 760 &
1017 728 1147 759 nostrum
1162 728 1282 759 Celsitu-

217 768 275 799 dini
294 766 394 798 vestrae
415 769 584 798 nunciamus
602 768 768 805 prosperum
782 768 815 798 &
829 768 1003 806 jocundum,
1019 767 1097 798 idem
1112 768 1148 798 de
1160 767 1283 798 Sanitate

218 806 306 837 vestra
321 807 389 836 scire
405 807 534 843 cupimus
549 808 658 845 potius,
669 816 756 844 quam
768 807 878 842 audire,
895 807 979 836 omni
992 806 1083 836 cordis
1099 806 1241 836 desiderio.

255 844 336 874 Cum
357 852 452 875 autern
473 844 611 881 Magister
626 845 681 874 Ad.
695 845 731 876 de
747 843 968 883 Kert-adbriclit,
985 844 1118 875 Medicus
1134 843 1280 883 quondam

218 883 345 914 Robetti
357 883 393 913 de
407 882 492 920 Brus,
510 884 539 912 in
553 883 664 913 servitio
679 885 761 920 patris
774 882 865 913 nostri
878 884 911 913 &
929 882 1028 913 nostro
1043 894 1120 914 nunc
1136 891 1281 921 moratur,

214 924 248 953 &
262 933 277 952 a
287 922 377 959 januis
390 922 487 952 mortis
502 921 545 951 sua
558 921 709 959 industria,
728 922 869 952 mediante
884 923 980 952 favore
996 922 1100 953 caelesti
1115 945 1124 961 ,
1141 933 1192 953 nos
1213 921 1281 951 libe-

214 962 285 991 ravit
299 983 308 999 ,
327 961 359 991 &
379 960 496 990 Sanitati
515 959 658 999 restituit,
683 961 766 1000 idque
789 969 889 991 contra
903 970 1091 991 communem
1111 963 1280 999 opinionem

219 999 432 1037 Medicorum,
451 1000 485 1030 δε
507 998 577 1029 cum
599 999 731 1029 beneficia
754 998 888 1037 possideat
911 998 1104 1030 Ecclesiastica
1124 1001 1153 1029 iii
1175 999 1222 1029 Re
1242 1009 1281 1029 no

68 1045 131 1072 «11.
144 1051 206 1079 207.
218 1038 328 1076 vestro,
347 1037 424 1076 super
438 1038 536 1077 quibus
551 1037 585 1067 de
600 1037 647 1068 die
662 1039 692 1068 in
704 1037 781 1068 diem
799 1037 978 1077 molestatur,
991 1049 1027 1068 eo
1040 1038 1117 1077 quod
1130 1038 1185 1077 ipsa
1200 1038 1217 1056 ²*
1250 1048 1280 1068 e-

218 1076 319 1108 neficia
331 1077 437 1106 visitare
455 1086 516 1106 non
530 1077 650 1114 poterit,
669 1077 744 1107 circa
757 1076 845 1107 salutis
858 1076 961 1107 nostrae
975 1087 1073 1107 curam
1087 1084 1249 1116 occupatus.

260 1114 507 1154 Magnificentiam
527 1114 646 1146 vestram
668 1115 778 1145 devotis
800 1115 928 1153 precibus
948 1116 1102 1155 flagitamus
1145 1123 1280 1153 quatenus

213 1154 303 1185 literas
317 1152 437 1192 vestras,
456 1154 474 1184 si
491 1153 602 1194 placet,
629 1154 762 1184 mandare
781 1154 937 1192 dignemini
955 1154 1090 1185 Dominis
1141 1155 1278 1185 orwicen.

214 1194 248 1224 ὅ(
265 1192 396 1222 Lincoln.
414 1192 557 1230 Episcopis
573 1215 583 1231 ‚
604 1201 655 1230 pro
671 1192 772 1223 nostris
785 1193 914 1232 precibus
928 1193 962 1223 &
974 1203 1071 1223 amore
1091 1202 1120 1223 ut
1136 1193 1224 1231 ipsum
1237 1192 1279 1222 su-

213 1240 263 1271 per
279 1229 424 1269 praemissis
437 1231 550 1271 amplius
565 1241 623 1261 non
637 1232 817 1270 perturbent,
835 1232 892 1270 ejus
904 1241 1026 1270 namque
1039 1231 1199 1270 praesentia,
1216 1231 1280 1261 abs-

213 1280 269 1310 que
282 1269 365 1300 statiis
379 1269 467 1300 nostri
481 1271 687 1308 irrecuperabili
701 1270 842 1310 periculo,
860 1279 954 1300 carere
967 1280 1028 1300 non
1042 1269 1193 1310 possumus.

252 1308 396 1338 Domitios
412 1318 479 1338 vero
496 1307 566 1338 Rad.
581 1307 616 1339 de
635 1307 741 1349 Couny
755 1309 787 1339 &
809 1307 939 1338 Bernatd.
959 1308 995 1339 de
1012 1308 1079 1338 Brus
1091 1332 1101 1347 ,
1123 1316 1154 1339 ut
1169 1309 1220 1338 sint
1239 1310 1279 1338 ei-

212 1346 295 1385 dem,
313 1356 380 1377 cum
395 1346 446 1377 suis
458 1346 705 1386 procuratoribus,
724 1346 899 1378 consulentes
912 1348 946 1378 &
961 1347 1134 1386 auxiliantes,
1152 1348 1185 1378 &
1200 1347 1277 1377 nullo

212 1394 348 1416 nocentes
363 1393 408 1415 aut
424 1386 612 1425 perturbantes
650 1386 795 1416 literatorie
810 1394 907 1424 rogare
922 1386 1086 1425 dignemini.

250 1423 339 1463 Super
360 1424 416 1453 aliis
436 1424 538 1466 injuriis
552 1447 561 1462 ,
584 1426 609 1454 ei
631 1435 675 1454 ern
697 1425 773 1454 illatis
795 1434 843 1462 per
862 1424 969 1462 aliquos
986 1424 1022 1454 de
1044 1424 1149 1463 Regno
1167 1423 1278 1464 vestro,

213 1470 297 1500 prout
313 1463 379 1492 lator
393 1464 573 1502 praesentium
588 1464 669 1493 vobis
684 1472 730 1494 aut
738 1462 866 1493 Confilio
881 1462 975 1493 vestro
990 1462 1174 1501 monstrabit,
1191 1462 1275 1494 Con-

211 1502 300 1532 lilium
315 1510 508 1540 oportunum,
527 1501 546 1531 si
560 1501 667 1540 placet,
684 1511 826 1547 apponere
840 1502 928 1532 velitis
939 1511 1005 1532 cum
1020 1501 1136 1532 effedlu:

249 1539 292 1569 Ex
307 1539 408 1578 magna
425 1549 548 1580 namque
563 1540 734 1570 confidentia
750 1539 965 1570 Dominatioiiis
983 1540 1098 1579 vestrae,
1117 1539 1276 1579 hujusmodi

214 1578 416 1616 supplicationis
433 1578 577 1609 audaciam
599 1579 763 1609 assirmendo
776 1603 785 1616 ‚
811 1578 947 1617 speramus
969 1579 1048 1617 quod
1070 1579 1196 1618 speciales
1212 1589 1277 1610 nos-

212 1626 270 1647 tros
283 1641 292 1654 .,
314 1617 346 1647 &
366 1618 490 1647 maxime
505 1617 655 1648 Sanitatem
676 1618 801 1655 corporis
816 1616 904 1647 nostri
924 1617 1118 1648 conservantes
1131 1619 1166 1648 ab
1180 1627 1280 1657 angus-

212 1657 255 1687 tiis
269 1656 302 1687 &
316 1656 439 1695 injuriis,
457 1656 506 1687 sibi
519 1656 614 1695 illatis,
632 1664 761 1696 potenter
774 1655 894 1687 relevare
909 1666 968 1686 non
983 1658 1128 1687 omittetis.

247 1732 314 1764 Dat.
328 1733 401 1772 apud
417 1733 502 1763 Scon.
517 1734 600 1763 tertio
618 1733 663 1764 die
672 1733 757 1772 Julii,
775 1743 851 1764 anno
867 1733 990 1764 Domini
1011 1733 1157 1764 millesimo
1170 1733 1277 1765 ducen-

211 1772 312 1802 telimo
324 1772 502 1812 octogesimo
516 1772 648 1803 secundo.

256 1906 363 1937 Lirem
381 1902 421 1937 ab
441 1905 592 1939 Alianora
610 1909 722 1939 Matre
739 1910 825 1954 Regis
837 1911 977 1953 petitoria
988 1935 997 1949 ‚
1024 1906 1105 1954 quod
1120 1910 1227 1954 Regem

298 1956 429 1986 Franciae
447 1958 563 1988 nomine
573 1956 630 2000 fito
643 1955 821 2001 sbllicitaret
840 1960 871 1989 in
888 1960 998 2003 negotio
1015 1959 1187 1991 Provinciae.

276 2038 412 2077 Lianore,
432 2049 480 2079 par
494 2041 518 2071 la
534 2050 618 2080 grace
634 2041 669 2072 de
689 2041 786 2081 Dieu,
804 2041 902 2073 Roine
915 2041 1105 2081 d'Engleterte
1120 2064 1129 2079 ,
1152 2051 1167 2072 a
1182 2042 1275 2074 nostre

282 2078 366 2109 chere
380 2078 444 2117 filz,
463 2079 488 2109 le
504 2079 590 2120 Roy,
606 2080 679 2110 saluz
691 2082 724 2111 δε
739 2080 832 2110 nostre
847 2082 1008 2119 benoyzon.

252 2115 320 2146 Nos
339 2127 426 2147 avons
446 2117 574 2148 mestiere
592 2118 628 2148 de
647 2119 737 2149 vestre
755 2118 833 2149 Prier
850 2131 884 2150 au
900 2119 960 2150 Roi
975 2119 1011 2150 de
1029 2118 1136 2150 France
1150 2142 1160 2157 ,
1184 2129 1239 2159 que
1258 2120 1277 2150 il

214 2164 285 2185 nous
299 2155 349 2186 soit
365 2155 456 2186 aidant
469 2167 485 2187 a
497 2157 653 2194 porchacer
672 2157 767 2187 nostre
785 2157 909 2189 droiture
923 2169 959 2189 en
975 2157 999 2189 la
1012 2159 1120 2198 partie,
1136 2159 1184 2198 qui
1197 2169 1277 2198 apar-

212 2194 281 2223 tieiit
299 2204 313 2223 a
328 2203 386 2224 noz
400 2204 434 2223 eri
449 2195 473 2224 la
488 2204 560 2225 terre
571 2195 607 2225 de
622 2194 784 2226 Provence:

249 2231 317 2262 Nos
331 2242 428 2262 avonis
442 2234 481 2263 fet
495 2234 552 2263 fere
564 2243 619 2264 une
632 2234 710 2264 lettre
725 2234 760 2265 de
779 2244 827 2272 par
841 2244 892 2265 vos
907 2257 916 2272 ,
941 2235 966 2265 la
979 2235 1061 2274 quele
1077 2245 1148 2266 nous
1166 2246 1205 2266 vo
1226 2246 1276 2267 en-

210 2271 328 2308 voions,
347 2272 381 2302 &
395 2281 451 2301 voz
465 2274 589 2310 priorns,
606 2282 661 2310 que
675 2283 727 2303 vos
740 2273 765 2303 la
780 2272 881 2303 vuillez
895 2274 955 2311 oir,
972 2274 992 2304 si
1006 2274 1048 2304 ele
1068 2284 1119 2304 vos
1137 2274 1224 2312 plest,
1241 2276 1274 2306 &

209 2309 290 2339 ficez
306 2309 328 2339 la
345 2310 428 2347 selet3
445 2312 478 2342 ὃς
495 2311 511 2340 si
526 2321 602 2349 non,
620 2310 723 2341 voillez
738 2312 923 2342 commander
936 2322 990 2351 que
1010 2313 1051 2342 ele
1072 2312 1124 2342 soit
1136 2313 1274 2343 emendee

210 2358 226 2378 a
241 2347 331 2377 vestre
346 2348 440 2388 plesir,
459 2349 492 2380 ὅτ
507 2359 556 2386 per
570 2360 621 2380 vos
634 2349 685 2380 soit
701 2350 757 2380 tost
769 2351 887 2381 envoiee
901 2361 916 2381 a
929 2350 1018 2381 vestre
1038 2351 1138 2381 Autele
1153 2361 1198 2382 ma
1212 2351 1273 2382 Da-

211 2395 259 2416 me
271 2386 307 2416 de
323 2387 438 2417 France.

246 2424 284 2455 Et
299 2436 364 2464 vos,
403 2427 489 2457 rioms
501 2426 607 2457 onkere
622 2437 677 2468 que
691 2436 750 2458 voz
764 2427 868 2459 voillez
883 2427 997 2458 mandet
1012 2452 1021 2467 ,
1049 2438 1097 2466 par
1116 2428 1205 2459 vestre
1223 2429 1273 2460 let-

209 2471 268 2501 tre,
285 2474 299 2494 a
317 2463 371 2494 Me
398 2475 427 2494 re
440 2465 530 2495 Bonet
544 2466 632 2496 vestre
647 2465 733 2496 Clerc
749 2491 758 2503 ,
784 2476 839 2506 que
858 2467 874 2496 il
889 2467 971 2497 voille
987 2468 1121 2505 mostrer,
1140 2468 1173 2498 &
1188 2477 1271 2499 avan-

207 2511 254 2532 cer
267 2502 343 2532 ceste
356 2503 493 2543 bosoigne
504 2514 539 2534 en
551 2504 575 2534 la
588 2504 680 2535 Court
692 2505 729 2535 de
744 2505 869 2544 France,
886 2515 901 2536 a
915 2515 1000 2537 meuz
1011 2516 1066 2544 que
1079 2507 1098 2536 il
1112 2515 1203 2544 porra.

245 2540 272 2570 A
286 2540 361 2572 Dieu
376 2551 433 2573 voz
447 2543 664 2573 commendoms.

62 2053 141 2084 Ann.
158 2051 199 2083 D.

85 2093 169 2122 1282.

65 2134 117 2157 An.
141 2140 185 2160 10.

64 2174 93 2196 E.
116 2179 137 2195 i.

63 2207 169 2236 ibidem.

247 2617 366 2649 Donees
379 2629 394 2650 a
408 2619 565 2651 &Vautham
581 2620 608 2650 8.
623 2621 664 2659 jor
677 2620 713 2651 de
723 2621 807 2660 Juyll.

210 2754 258 2785 De
275 2749 498 2797 Coupirztoribus
509 2750 704 2798 providendis
722 2755 758 2790 (ῤ’
777 2746 915 2798 eligendis
933 2750 978 2783 ad
996 2750 1093 2798 paffus
1112 2760 1273 2797 amputan-

539 2799 589 2833 dos
608 2798 788 2846 inpartibus
808 2800 934 2835 Walliae.

63 2904 131 2934 Anu
157 2901 188 2932 D
211 2884 338 2940 REX
359 2887 533 2918 Vicecomiti
549 2884 713 2917 Gloucestr.
730 2885 853 2916 salutem.

84 2927 155 2971 1232,
192 2928 198 2933 '
306 2925 384 2963 Qiia
396 2926 430 2955 ad
446 2926 535 2965 paffus
548 2925 734 2965 amputandos
745 2926 773 2955 in
789 2923 911 2964 partibus
926 2923 1042 2955 Walliae
1063 2925 1274 2962 coupiatoribus

63 2985 106 3008 An
141 2964 172 3007 ff)
214 2963 335 2993 multum
348 2963 403 2993 indi
423 2975 501 2994 emus
516 2964 549 2994 ad
570 2964 686 3001 praesens
700 2986 709 3002 ,
734 2964 814 2993 vobis
834 2964 1029 3003 praecipimus,
1048 2962 1165 2994 firmiter
1182 2965 1275 3001 injun-

111 3002 117 3007 '
177 3001 182 3007 ’
214 3010 323 3040 gentes,
342 3011 380 3039 qu
435 3002 540 3041 statim,
557 3003 618 3032 visis
632 3003 726 3032 litteris
740 3002 796 3033 istis
807 3025 817 3040 ,
843 3003 975 3032 omnibus
993 3002 1049 3032 aliis
1064 3003 1181 3040 negotiis
1197 3002 1274 3040 post-

66 3023 141 3083 {Jnf'
214 3040 324 3080 positis,
342 3040 481 3078 provideri
495 3042 577 3070 facias
591 3041 626 3070 de
639 3050 755 3071 centum
769 3041 997 3079 coupiatoribus,
1016 3040 1051 3071 de
1071 3041 1275 3077 potentioribus

67 3077 134 3121 Wffl
155 3105 161 3121 Ι
213 3080 247 3110 &
262 3078 424 3109 fortioribus
437 3078 472 3109 de
487 3079 587 3109 balliva
602 3088 664 3117 tua,
683 3081 719 3109 ita
732 3079 811 3118 quod
823 3080 940 3118 quilibet
961 3088 1061 3109 eorum
1074 3079 1172 3109 habeat
1187 3090 1274 3110 unam

67 3136 98 3160 Σ,
122 3116 144 3158 χ’,
169 3106 195 3123 0’
213 3118 335 3155 bonam,
356 3127 489 3157 magnam
506 3118 539 3148 &
552 3117 656 3147 fortem
675 3117 803 3148 hachiam
818 3141 827 3156 ,
849 3118 892 3147 vel
907 3117 1025 3148 securim
1073 3118 1107 3148 ad
1122 3118 1223 3157 grossas
1240 3119 1274 3149 δε

68 3180 104 3197 m.
121 3179 148 3205 5.
212 3166 308 3194 parvas
321 3156 431 3186 arbores
444 3155 619 3186 succideiidas
632 3157 665 3186 «Sc
678 3156 888 3195 prosternendas
896 3179 906 3194 ,
926 3164 1010 3194 prout
1025 3140 1143 3186 d'iletffms
1160 3157 1193 3187 &
1207 3156 1275 3187 fide-

212 3195 244 3224 lis
258 3193 352 3224 noster
368 3194 540 3224 Vllillielmus
553 3194 587 3224 de
603 3193 693 3233 Percy
706 3218 715 3232 ,
738 3204 824 3234 quem
839 3195 873 3225 ad
888 3204 916 3225 te
930 3204 961 3225 ea
980 3195 1129 3225 occasione
1151 3195 1274 3234 speciali-

211 3241 252 3262 ter
268 3234 421 3271 mittimus,
440 3233 473 3263 &
487 3234 516 3263 in
531 3234 607 3270 cujus
620 3233 762 3270 praesentia
776 3233 906 3264 volumus
919 3233 997 3273 quod
1011 3232 1085 3264 dieti
1097 3234 1274 3271 coupiatores

210 3271 361 3310 eligantur,
379 3272 429 3302 tibi
443 3271 511 3302 scire
523 3271 604 3302 faciat
619 3281 653 3300 ex
669 3280 745 3309 parte
758 3271 859 3302 nostra.

252 3310 289 3340 Et
312 3310 406 3340 modis
430 3311 563 3341 omnibus
581 3310 726 3350 provideas
744 3310 821 3350 quod
838 3310 907 3340 dieti
928 3309 1103 3348 coupiatores
1125 3310 1178 3342 sint
1202 3310 1276 3349 apud

215 3346 371 3387 Cestriam,
388 3348 434 3379 die
448 3349 540 3379 Sabati
555 3372 565 3387 ,
588 3350 617 3378 in
631 3347 742 3378 octabis
764 3347 887 3378 instantis
902 3348 976 3378 Festi
992 3349 1064 3378 beati
1077 3347 1154 3379 Petri
1167 3349 1201 3380 ad
1213 3351 1277 3381 vin-

215 3387 293 3423 cula,
310 3389 395 3424 parati
414 3386 448 3417 ad
470 3386 640 3418 veniendum
657 3385 692 3416 ad
715 3396 765 3416 nos
783 3387 855 3423 apud
876 3387 1030 3417 Rothelan.
1049 3387 1095 3416 die
1118 3387 1276 3418 Dominica

215 3426 339 3492 proxipcia
353 3425 494 3465 sequenti,
513 3425 546 3456 ad
557 3424 719 3456 faciendum
732 3425 842 3455 ulterius
856 3425 934 3463 quod
948 3427 985 3456 eis
997 3426 1154 3464 injungetur
1167 3435 1201 3457 ex
1216 3436 1278 3466 par-

215 3469 244 3491 te
256 3472 294 3491 no
320 3474 355 3494 sa.

220 3536 226 3541 ⁵
249 3498 293 3541 *Et
307 3501 341 3530 de
355 3503 471 3533 exitibus
485 3502 596 3533 ballivae
611 3510 668 3532 tuae
680 3502 782 3533 habere
794 3503 854 3532 faci.
864 3511 875 3529 τ
891 3502 1007 3534 cuilibet
1017 3502 1054 3533 de
1067 3503 1276 3540 coupiatoribus

217 3536 268 3578 illis
279 3539 356 3568 vadia
371 3541 415 3571 sua
428 3551 486 3580 prce
501 3541 646 3578 manibus,
664 3541 812 3580 videlicet,
830 3541 981 3578 unicuique
1000 3550 1101 3572 eorum
1118 3549 1171 3572 tres
1191 3541 1277 3571 dena-

219 3583 274 3603 rios
287 3584 335 3612 per
349 3577 424 3607 diem
433 3602 443 3617 ,
461 3581 475 3609 31
489 3579 536 3610 die
548 3578 667 3610 recessus
683 3579 722 3609 sui
737 3580 752 3609 a
766 3589 810 3618 te,
829 3578 912 3618 usque
924 3579 958 3609 ad
976 3580 1049 3610 06ὶο
1068 3579 1125 3610 dies
1139 3581 1274 3620 proximo

218 3611 355 3648 sequentes
369 3617 531 3653 completos.

258 3649 406 3682 Provideas
422 3656 504 3685 etiam
519 3655 597 3695 quod
611 3655 701 3686 diistos
720 3656 894 3692 coupiatores
905 3678 916 3693 ,
941 3665 989 3694 per
1009 3657 1131 3696 aliquem
1152 3655 1188 3686 de
1207 3656 1277 3694 tuis,

219 3686 255 3717 de
278 3698 335 3731 quo
352 3691 466 3722 confidis
479 3716 488 3730 ,
513 3694 592 3724 dit-Tro
609 3694 655 3724 die
677 3693 841 3724 Dominico
859 3694 957 3724 habeas
976 3695 1051 3733 apud
1069 3694 1224 3726 Rothelan.
1241 3695 1277 3724 ita

220 3726 298 3764 quod
313 3726 375 3764 ille,
393 3739 476 3765 quem
492 3733 581 3762 mittes
595 3732 629 3762 ad
646 3733 717 3771 ipsos
731 3731 931 3763 conducendos
964 3743 994 3763 er
1007 3733 1097 3764 visum
1117 3733 1151 3764 &
1165 3740 1278 3762 contra-

222 3763 347 3806 rotulum
363 3767 485 3802 praedieti
500 3769 542 3798 W
545 3770 648 3800 illielnii
661 3793 671 3808 ,
697 3770 732 3800 de
753 3771 916 3801 nominibus
988 3771 1112 3810 personis
1131 3771 1278 3809 coupiato-

222 3811 287 3831 rum
302 3801 413 3832 illorum
428 3806 509 3835 nobis
522 3807 603 3843 possit
616 3808 787 3846 respondere.

259 3839 295 3869 Et
309 3839 384 3907 hog,
401 3840 449 3870 sub
462 3845 585 3881 periculo
598 3846 749 3877 amissionis
762 3847 892 3877 omnium
907 3857 972 3887 quae
991 3846 1111 3888 poffides
1125 3869 1136 3886 ,
1161 3845 1276 3877 nullate-

222 3887 273 3907 nus
287 3887 346 3907 omi
371 3888 406 3908 as.

258 3915 295 3945 Et
308 3916 343 3945 de
356 3918 490 3960 pecunia,
509 3927 592 3954 quam
607 3922 644 3950 eis
657 3922 814 3954 liberaveris
825 3947 835 3962 ,
857 3924 910 3955 tibi
922 3924 952 3954 in
973 3930 1114 3965 compoto
1134 3930 1186 3954 tuo
1198 3920 1278 3952 debi-

223 3960 281 3985 tam
297 3954 493 3984 allocationem
507 3955 608 3986 habere
622 3959 760 3990 faciemus.

79 4005 208 4036 ·ii.208.
260 3992 279 4012 ³‘
299 3991 389 4023 Teste
401 3991 488 4031 Rege
500 3994 571 4031 apud
586 3994 736 4028 Rothelan.
752 4007 796 4037 15.
810 3998 856 4030 die
865 3998 950 4039 Julii,
967 4000 1027 4032 sec.

677 106 1484 159 coNVENTioNEQ

1542 107 1928 160 LITERAE,

1362 192 1540 224 Confimiles
1555 193 1641 224 literae
1657 193 1813 233 diriguntur
1836 193 2008 225 Vicecomiti
2029 191 2181 225 Hereford.
2203 193 2239 225 de
2264 195 2298 226 eli
2318 197 2393 229 endo

1332 240 1450 262 centum
1464 232 1653 271 coupiatores:
1675 233 1848 263 Vicecomiti
1857 233 1950 270 Salop.
1963 233 1996 263 &
2005 231 2136 270 Stafford.
2151 233 2187 263 de
2199 204 2330 273 eligendgo
2342 235 2394 267 du-

1333 279 1432 300 centos
1443 272 1619 309 coupiatores
1631 282 1641 310 3
1666 272 1700 301 ὃς
1719 270 1841 301 Custodi
1860 270 1983 301 Fotestae
1997 270 2033 301 de
2046 270 2124 301 Den.
2142 270 2179 301 de
2193 281 2309 303 centum
2323 284 2392 305 cou-

1331 309 1483 345 piatoribus
1495 308 1646 348 eligendis,
1664 310 1693 339 in
1705 310 1847 349 praesentia
1862 308 2015 339 Willielmi
2027 309 2063 339 de
2079 308 2185 350 Percy,
2203 311 2251 350 qui
2264 321 2295 341 m
2307 322 2394 344 occa-

1332 347 1409 377 fione
1422 347 1541 377 mittitur
1555 346 1588 377 ad
1603 347 1761 378 Comitatus
1776 347 1943 385 praedictos,
1959 348 1992 378 ὃς
2006 348 2148 378 mittendis
2160 357 2191 379 ut
2204 351 2289 387 supra.

1369 384 1540 415 Consimiles
1558 385 1644 415 literae
1664 385 1824 423 diriguntur
1844 385 1870 416 V
1873 386 2016 416 icecomiti
2035 386 2169 417 Leicestr.
2190 388 2225 418 &
2244 388 2340 419 Warr.
2355 389 2394 420 de

1330 432 1447 453 centurn
1463 422 1685 461 Coupiatoribus
1698 435 1708 462 3
1733 425 1766 455 &
1783 424 1957 455 Vicecomiti
1971 423 2116 464 Notingh.
2137 426 2171 456 &
2185 425 2279 457 Derb.
2291 426 2328 458 de
2340 427 2393 459 du-

1331 462 1421 491 centis
1432 461 1669 502 Coupiatoribus,
1687 463 1715 492 in
1730 462 1871 502 praesentia
1884 462 2023 493 Nicholai
2036 463 2072 493 de
2084 463 2291 503 Baffingburne.

1369 536 1538 568 Consimiles
1555 538 1654 569 litterae
1667 538 1821 578 diriguntur
1833 537 2012 570 Vicecomiti
2023 539 2112 571 Lanc.
2128 540 2164 571 de
2177 540 2304 573 ducentis
2310 541 2392 573 Cou-

1330 576 1480 614 piatoribus
1494 577 1641 616 eligendis,
1659 578 1720 608 &c.
1735 586 1767 608 ut
1779 577 1865 615 supra.

1365 652 1454 683 Teste
1466 661 1497 684 ut
1512 653 1598 691 supra.

1327 781 1436 813 Litera
1454 790 1474 811 a
1491 777 1672 825 quibusdam
1699 777 1823 812 Civibus
1846 780 2009 828 Burdegal.
2028 779 2212 815 venientibus
2231 781 2276 815 ad
2286 782 2389 828 sbrvi-

1375 831 1454 860 tium
1479 831 1566 874 Regis
1592 831 1622 859 in
1647 828 1796 874 Angliam
1814 841 1826 859 :
1859 833 1912 875 qui
1933 839 2052 876 propter
2071 829 2275 864 inhibitionem
2300 834 2389 879 Regis

1373 879 1506 909 Franciae
1518 902 1528 918 ‚
1552 876 1677 919 trarfire
1690 886 1846 921 nequeunt.

1327 960 1555 1023 ILlustrisiimo
1571 960 1706 1005 Domino
1721 959 1881 1006 EdwardO,
1898 961 1955 992 Dei
1970 962 2072 1002 gratia,
2087 963 2164 1002 Regi
2178 963 2303 1009 Angliae,
2318 964 2385 996 Do-

1365 1009 1447 1030 mino
1461 999 1609 1030 Hiberniae
1620 1023 1630 1038 ‚
1655 1000 1688 1030 &
1705 998 1784 1030 Ducr
1803 1001 1936 1038 Aquitan.
1955 1000 2112 1032 Galhardus
2126 1003 2162 1032 de
2175 1002 2301 1043 solario,
2320 1003 2386 1034 Do-

2410 200 2487 233 Ami.
2502 203 2547 238 D,

2430 243 2513 273 1282.

2410 282 2477 310 Edv.
2500 292 2510 310 ι
2517 303 2523 311 .

2403 964 2480 997 Anii.
2496 966 2538 998 D:

2425 1006 2510 1036 1282.

1326 1038 1420 1068 minus
1434 1038 1470 1069 de
1484 1038 1627 1068 Debelme
1642 1060 1653 1076 ,
1676 1038 1710 1068 &
1727 1037 1796 1068 Am.
1812 1038 1883 1074 filius
1903 1038 1964 1069 suus
1976 1061 1986 1077 ,
2011 1039 2108 1070 Petrus
2121 1062 2131 1078 ‚
2155 1039 2333 1081 Rostandus,
2350 1044 2383 1074 ὃ(
2402 1047 2456 1071 An.
2476 1054 2518 1071 io.

1325 1074 1446 1107 Benetus
1457 1077 1492 1107 de
1505 1077 1613 1107 Solario
1626 1076 1737 1115 fratres,
1757 1075 1845 1107 Cives
1857 1076 1940 1107 Burd.
1955 1077 1994 1107 sui
2007 1077 2107 1108 subditi
2121 1079 2155 1109 ὅ(
2170 1077 2262 1109 fideles
2276 1081 2306 1110 in
2319 1090 2385 1111 om-
2402 1086 2432 1109 Ε.
2452 1091 2474 1110 i.

1325 1116 1423 1154 nibus,
1439 1115 1562 1146 debitam
1578 1115 1771 1146 obedientiam
1784 1116 1817 1146 &
1834 1116 2034 1155 reverentiam,
2049 1125 2117 1147 cum
2131 1115 2221 1147 salute.

1363 1154 1490 1185 Noverit
1516 1154 1606 1185 vestra
1629 1153 1800 1185 Dominatio
1827 1154 1977 1185 reverenda
2001 1155 2079 1194 quod
2103 1154 2150 1185 diu
2172 1155 2213 1185 est
2232 1157 2388 1194 paravimus

1327 1202 1397 1231 nos,
1416 1202 1483 1223 curn
1501 1194 1599 1230 armis,
1618 1192 1652 1223 ad
1675 1192 1797 1223 eundem
1818 1193 1908 1223 versus
1928 1192 2079 1233 Angliam,
2096 1193 2130 1224 ad
2145 1193 2320 1224 serviendum
2336 1205 2390 1226 vo-

1326 1231 1386 1270 bis,
1404 1232 1437 1262 &
1454 1231 1488 1262 ad
1502 1231 1664 1261 faciendum
1679 1232 1708 1260 in
1721 1232 1871 1270 omnibus,
1889 1241 1943 1271 pro
1961 1233 2066 1262 viribus
2081 1255 2091 1272 ,
2116 1231 2215 1263 vestrae
2229 1233 2392 1273 beneplaci-

1326 1278 1387 1300 tum
1401 1270 1567 1306 voluntatis5
1588 1269 1625 1300 set
1639 1269 1704 1300 ideo
1717 1271 1897 1301 remansimus
1911 1271 1975 1309 quia
1990 1280 2076 1301 nemo
2092 1269 2185 1308 potest
2200 1294 2210 1309 ,
2232 1281 2286 1301 nec
2304 1272 2387 1304 audet

1326 1308 1436 1339 transire
1451 1318 1519 1339 cum
1532 1309 1629 1346 armis,
1648 1317 1761 1346 propter
1776 1309 1979 1339 inhibitionem
1993 1308 2116 1340 Domini
2130 1309 2223 1347 Regis
2236 1309 2369 1341 Franciae.

1366 1347 1548 1386 Qapropter
1560 1346 1661 1378 vestrae
1675 1347 1780 1384 Regiae
1789 1346 1931 1386 Majestati
1943 1347 2087 1378 humiliter
2097 1348 2279 1388 supplicamus
2287 1372 2295 1387 ,
2311 1349 2390 1387 quod

1326 1385 1481 1425 dignemini
1494 1387 1577 1417 nobis
1592 1386 1720 1416 intimare
1735 1386 1802 1423 quid
1816 1385 1895 1424 super
1907 1386 1965 1417 hoc
1979 1395 2061 1425 agere
2079 1386 2247 1425 debeamus,
2262 1388 2319 1426 ire,
2336 1388 2390 1418 sci-

1324 1424 1466 1493 geet,baer(ii
1475 1434 1617 1455 remanere
1633 1447 1642 1462 ,
1667 1425 1802 1464 quoniam
1823 1425 1908 1462 parati
1923 1425 2016 1455 sumus
2028 1425 2135 1463 semper
2155 1427 2238 1457 vobis
2251 1427 2279 1456 in
2291 1427 2393 1457 omni-

1347 1473 1376 1493 us
1391 1473 1411 1492 ο
1468 1473 1515 1493 ire.

1361 1500 1490 1532 Vestram
1505 1501 1614 1539 insuper
1627 1501 1752 1538 Regiam
1767 1499 1946 1539 Majestatem
1962 1509 2098 1539 quantum
2113 1501 2276 1540 possumus,
2294 1502 2391 1534 hurni-

1325 1540 1387 1571 liter
1400 1540 1584 1578 deprecamur
1598 1564 1606 1578 ,
1632 1548 1764 1578 quatenus
1780 1539 1888 1571 Ballivis
1902 1539 1999 1570 vestris
2013 1540 2140 1571 inhibere
2156 1540 2332 1581 dignemini,
2350 1552 2389 1572 ne

1324 1579 1424 1618 nobis,
1442 1587 1488 1609 aut
1505 1579 1602 1610 amicis
1619 1578 1719 1608 nostris
1733 1587 1853 1609 noceant
1869 1601 1879 1617 ,
1901 1588 1956 1608 nec
1979 1580 2064 1609 etiam
2086 1589 2136 1609 nos
2158 1578 2331 1618 molestent3
2353 1581 2389 1612 &

1324 1618 1398 1655 hoc,
1416 1618 1436 1648 ii
1451 1618 1557 1657 placet,
1576 1617 1666 1648 taliter
1680 1618 1717 1647 eis
1736 1626 1784 1655 per
1802 1617 1905 1648 vestras
1924 1617 2026 1647 litteras
2040 1617 2202 1655 dignemini
2222 1618 2391 1658 prohibere,

1324 1665 1355 1687 ut
1369 1656 1525 1694 intelligant
1536 1655 1717 1696 vobis,quod
1729 1656 1805 1686 circa
1818 1666 1870 1686 nos
1885 1656 2006 1694 ficiunt,
2023 1655 2176 1695 displicere:
2194 1655 2299 1688 faciunt
2311 1658 2390 1688 enim

1325 1695 1407 1725 nobis
1420 1695 1519 1726 multas
1533 1696 1642 1734 injurias
1653 1695 1687 1726 ὃ(
1699 1696 1855 1734 frequenter
1866 1717 1877 1734 ,
1901 1695 1935 1726 &
1949 1694 2026 1732 quod
2046 1696 2129 1726 vobis
2148 1695 2290 1734 displicere
2305 1705 2389 1726 corn-

1324 1735 1447 1764 muniter
1461 1735 1497 1764 ab
1510 1734 1644 1764 omnibus
1657 1734 1821 1771 extimatur3
1837 1733 1874 1763 set
1887 1742 1954 1771 rios,
1971 1732 2007 1763 de
2019 1742 2119 1764 amore
2131 1732 2227 1765 vestro
2236 1734 2391 1766 nullatenus

1323 1772 1497 1811 diffidentes,
1516 1773 1574 1803 hoc
1590 1773 1673 1802 vobis
1689 1771 1856 1802 familiariter
1870 1772 2038 1802 intimamus.

1360 1810 1467 1842 Iterum
1483 1835 1493 1849 ,
1517 1819 1654 1850 quantum
1674 1810 1817 1848 possumus
1834 1810 1976 1840 humiliter
1994 1808 2042 1849 sup
2062 1809 2179 1841 licamus
2193 1833 2204 1849 ‚
2228 1817 2260 1841 ut
2277 1810 2387 1848 placeat

1323 1849 1424 1880 vestrae
1442 1850 1546 1887 Regiae
1562 1848 1722 1887 Majestati,
1738 1849 1815 1888 quod
1833 1847 1978 1879 Galhardo
1989 1848 2026 1878 de
2068 1849 2188 1885 icgonio
2203 1871 2213 1887 ,
2234 1848 2388 1880 secundum

1322 1898 1415 1919 mores
1428 1889 1460 1920 ὃς
1481 1888 1695 1919 consuetudines
1717 1889 1813 1926 patriae
1828 1910 1839 1926 ,
1859 1886 1905 1918 fiat
1918 1887 2038 1918 breviter
2052 1886 2167 1926 justitiae
2188 1887 2389 1927 complemen-

1322 1935 1392 1957 tum.

1359 1965 1456 1997 Valeat
1468 1965 1560 1997 vestra
1574 1964 1718 2004 Magestas
1733 1964 1828 2003 Regia
1843 1964 1872 1995 in
1887 1963 2023 1995 Domino
2038 1962 2154 2003 nostro,
2171 1963 2206 1996 &
2219 1963 2337 2002 semper.

1358 2042 1427 2074 Dat.
1442 2042 1526 2074 Burd.
1542 2042 1680 2082 Id.Julii,
1698 2053 1790 2082 ann0‚
1809 2042 1870 2074 &c.

1322 2170 1428 2201 Litera
1443 2178 1463 2200 a
1480 2169 1566 2200 Petro
1586 2170 1662 2214 Rege
1682 2170 1817 2213 Aragon.
1841 2169 1874 2198 in
1893 2163 2043 2198 Barbaria
2067 2164 2205 2209 existente
2222 2192 2232 2208 ‚
2268 2163 2304 2198 de
2321 2174 2389 2197 tra-

1369 2217 1452 2250 Ham
1473 2227 1542 2248 cum
1566 2219 1648 2262 Papa
1658 2229 1669 2254 ,-
1695 2215 1732 2248 de
1748 2212 1886 2261 precibus
1904 2214 2098 2252 Siculorum,·
2130 2213 2167 2247 de
2179 2214 2388 2261 prspffmfizo

1365 2265 1409 2298 ad
1421 2264 1525 2297 Siciliae
1544 2267 1680 2312 Regnum
1695 2262 1930 2296 vendicandum.

1320 2348 1616 2411 EXcellentisiimo
1636 2351 1670 2381 &
1690 2349 1931 2394 quamplurimum
1953 2347 2101 2391 diligendo
2123 2346 2257 2402 Domino
2275 2346 2382 2392 E3Dei

1387 2397 1492 2432 gratia,
1510 2388 1608 2419 illustri
1624 2388 1703 2425 Regi
1719 2388 1833 2425 Angliae
1849 2410 1859 2427 ,
1883 2386 2018 2416 Domino
2032 2385 2169 2415 Yberniae
2188 2385 2221 2416 &
2242 2385 2322 2416 Duci
2341 2387 2382 2417 Α·-

1319 2427 1449 2469 quitaniae
1463 2450 1473 2465 ‚
1496 2426 1528 2457 P.
1548 2437 1596 2467 per
1609 2427 1728 2458 oendem
1748 2427 1883 2465 gratiam,
1901 2424 1966 2455 Rex
1981 2425 2166 2462 Arragonum
2182 2447 2192 2463 ,
2216 2423 2329 2454 salutem
2346 2426 2380 2456 &

1319 2468 1432 2496 iincerae
1443 2466 1602 2497 devotionis
1613 2466 1759 2496 afl'ec‘tum.

2400 1123 2440 1148 Ex
2447 1122 2518 1157 orig.

2404 1159 2470 1197 infra
2477 1162 2539 1187 Tur-A

2401 2355 2478 2387 Ann.
2493 2355 2537 2389 D;

2429 2397 2514 2426 1282.

2398 2437 2450 2462 An.
2471 2444 2514 2463 10.

2399 2477 2429 2500 Ε.
2450 2482 2473 2500 i.

1358 2503 1516 2535 Dileffloni
1529 2504 1634 2549 Regiae
1648 2504 1826 2545 praesentibus
1841 2503 1986 2533 intimetur
2000 2525 2010 2540 ,
2033 2502 2109 2547 quod
2127 2511 2195 2540 nos,
2212 2508 2277 2532 ante
2291 2511 2383 2532 reces-
2398 2515 2427 2538 ln
2435 2510 2537 2539 nunde:

1319 2542 1381 2573 sum
1392 2542 1482 2574 nostri
1495 2544 1589 2574 viatici
1603 2552 1716 2574 armatae
1730 2542 1835 2573 nostrae
1849 2565 1858 2579 ,
1882 2541 2012 2572 videlicet
2026 2566 2036 2579 ,
2061 2551 2090 2572 in
2107 2550 2165 2584 quo
2179 2541 2269 2570 sumus
2280 2562 2290 2578 ,
2314 2550 2382 2584 curn

1320 2590 1543 2620 proponeremus
1562 2583 1639 2613 illam
1659 2582 1694 2612 ad
1713 2581 1770 2612 Dei
1790 2581 1930 2611 servitium
1948 2581 2041 2610 facere
2086 2582 2210 2610 misimus
2230 2578 2384 2610 Nuncium

1319 2619 1448 2650 nostrum
1461 2621 1495 2651 ad
1509 2621 1651 2651 summum
1666 2619 1856 2658 Pontificem,
1874 2628 1906 2650 ut
1923 2619 2021 2657 nobis,
2038 2602 2118 2657 {siper
2132 2617 2234 2649 eodem
2247 2618 2384 2657 negotio,

1319 2657 1469 2688 subsidium
1485 2659 1646 2698 largiretur,

1359 2695 1462 2734 Qem
1475 2697 1551 2727 idern
1566 2697 1722 2728 Nuncium
1735 2696 1826 2727 dictus
1836 2695 1958 2726 summus
1980 2693 2131 2732 Pontifex,
2147 2694 2239 2725 audita
2252 2693 2388 2733 supplica-

1320 2734 1397 2764 tione
1418 2734 1530 2772 nostra,
1549 2736 1652 2766 timens
1670 2745 1706 2764 an
1817 2734 1934 2771 Regem
1953 2731 2058 2762 Siciliae
2076 2732 2223 2762 accederet
2236 2754 2246 2770 ,
2269 2732 2326 2762 fine
2345 2743 2388 2763 re-

1321 2771 1471 2812 sponsione
1484 2773 1572 2812 aliqua
1586 2774 1727 2812 relegavit.

1360 2810 1549 2841 Postmodum
1561 2814 1632 2842 veto
1648 2821 1717 2843 cum
1737 2809 1897 2841 venerimus
1915 2809 1944 2839 in
1959 2807 2137 2846 Barbariam,
2155 2807 2190 2838 ad
2210 2807 2324 2848 locum,
2342 2809 2388 2840 vi-

1323 2848 1442 2888 delicet,
1457 2850 1492 2880 de
1503 2849 1598 2889 Altoyl
1608 2874 1617 2889 ‚
1631 2850 1666 2881 ad
1679 2849 1874 2880 exaltationem
1890 2846 1954 2877 fidei
1974 2846 2142 2891 Christianae
2153 2869 2162 2885 ‚
2174 2846 2301 2891 adhibito
2315 2857 2388 2878 con-

1322 2888 1380 2918 silio
1395 2887 1657 2920 Richerhominum
1670 2888 1821 2919 nobiscum
1833 2885 2021 2917 exsistentium
2033 2908 2043 2922 ,
2066 2885 2265 2916 destinavimus
2283 2893 2385 2916 iterum

1321 2926 1356 2957 ad
1370 2925 1481 2958 dietum
1493 2926 1636 2958 summum
1651 2926 1823 2958 Pontificem
1844 2924 1972 2955 nostrum
1992 2925 2011 2944 ²*
2031 2923 2186 2954 Nuncium
2200 2946 2210 2962 ,
2235 2923 2313 2964 supet
2331 2934 2385 2963 eo,

1321 2965 1467 3004 videlicet,
1485 2966 1562 3004 quod
1576 2966 1658 2996 nobis
1669 2967 1698 2996 in
1713 2963 1793 3004 prose
1812 2963 1906 2994 uendo
1920 2962 2012 3002 fabio,
2027 2971 2076 3002 per
2090 2972 2144 2993 nos
2155 2962 2307 3001 inchoato,
2321 2962 2386 2994 sub-

1321 3005 1444 3042 veniret,
1460 3004 1543 3034 nobis
1556 3004 1666 3035 decima
1679 3014 1728 3042 per
1741 3002 1802 3033 Ecc
1813 3002 1895 3032 esiam
1910 3002 1940 3031 in
1953 3001 2064 3039 Regno
2084 3000 2184 3031 nostro
2204 3010 2269 3031 rece
2300 3012 2316 3032 a
2350 3001 2384 3033 &

1322 3042 1493 3073 concederet
1508 3042 1715 3081 indulgentium
1728 3040 1910 3082 Apostolicam
1930 3040 2014 3070 nobis
2029 3063 2039 3078 ,
2062 3041 2096 3071 &
2111 3040 2163 3070 illis
2175 3009 2384 3083 quihnolbtisgum

1321 3081 1410 3112 essent
1424 3103 1434 3119 ,
1459 3081 1492 3111 &
1515 3083 1599 3112 etiam
1620 3080 1697 3120 quod
1716 3090 1818 3113 tetram
1837 3078 1962 3110 nostram
1981 3079 2015 3110 ὃς
2037 3078 2160 3117 ipsorum
2171 3087 2314 3120 *reciperet
2333 3078 2384 3109 sub

1343 3119 1499 3150 roteffione
1521 3119 1656 3151 Ecclesiae
1679 3120 1713 3151 &
1732 3118 1916 3156 commodo,
1940 3118 1987 3148 cui
2006 3117 2132 3148 Nuncio
2149 3116 2240 3160 dietus
2260 3116 2386 3147 summus

1322 3129 1454 3190 Bontifex
1467 3157 1534 3190 fecit
1546 3158 1687 3197 quandam
1700 3157 1855 3188 dilatoriam
1867 3154 2257 3196 impensionem,distulitque
2268 3154 2317 3185 sibi
2330 3163 2387 3186 tra-

1320 3197 1387 3228 dere
1400 3197 1516 3227 literam.

1357 3235 1435 3266 Cum
1456 3245 1490 3265 ue
1503 3245 1555 3265 nos
1568 3234 1739 3275 refisteremus
1751 3235 1870 3265 inimicis
1884 3232 1948 3264 fidei
1962 3255 1972 3271 ‚
1995 3240 2026 3263 ut
2041 3231 2171 3263 nostrum
2187 3239 2244 3262 erat
2256 3231 2384 3271 propoli-

1322 3283 1385 3305 tum
1400 3274 1419 3305 fi
1453 3274 1510 3304 'cto
1521 3274 1632 3304 summo
1647 3272 1778 3304 Pontifici
1793 3272 1999 3311 complaceret,
2017 3278 2154 3302 venerunt
2172 3269 2206 3301 ad
2228 3280 2282 3301 nos
2295 3270 2386 3301 Nun-

1322 3314 1360 3344 cii
1376 3312 1551 3350 quorundam
1572 3312 1704 3342 locorum
1725 3312 1759 3342 &
1782 3310 1939 3342 Civitatum
1955 3309 2052 3350 Regni
2068 3309 2172 3340 Siciliae
2185 3331 2195 3348 ,
2216 3317 2388 3353 exponentes

1321 3351 1404 3382 nobis
1415 3352 1449 3382 &
1462 3350 1642 3390 supplicantes
1654 3350 1730 3390 quod
1743 3350 1777 3381 ad
1786 3349 1921 3390 Regnum
1936 3349 2026 3386 ipsum
2041 3347 2234 3391 accederemus,
2246 3357 2312 3391 quia
2320 3356 2387 3377 om-

1323 3400 1372 3421 nes
1384 3388 1471 3420 Siculi
1487 3390 1630 3420 unanimes
1644 3390 1678 3421 &
1695 3388 1852 3420 concordes
1866 3397 1918 3419 nos
1934 3388 1962 3417 in
1977 3396 2077 3418 eorum
2085 3385 2251 3417 Dominum
2266 3393 2386 3417 invoca-

1323 3429 1391 3459 bant
1402 3437 1409 3443 ·

1359 3449 1446 3504 Nos,
1461 3465 1596 3503 liquidem
1611 3465 1783 3497 advertentes
1796 3488 1807 3505 ‚
1831 3464 1908 3504 quod
1924 3463 1997 3494 istud
2012 3462 2179 3507 efletnobis
2193 3462 2227 3494 &
2240 3461 2385 3504 Domina-

1322 3506 1394 3536 tioni
1408 3503 1513 3534 nostrae
1526 3504 1720 3535 honorificum
1738 3505 1771 3535 &
1785 3504 1869 3543 utile,
1885 3503 2004 3533 accedere
2017 3501 2051 3532 ad
2065 3500 2325 3545 didium·Regnum
2337 3497 2382 3528 Si-

1323 3544 1397 3573 ciliae
1413 3551 1480 3573 cum
1501 3542 1604 3572 familia
1618 3542 1712 3573 nostra
1732 3544 1766 3574 &
1785 3542 1860 3573 stolo
1873 3564 1883 3580 ,
1904 3541 1938 3572 ad
1953 3539 2114 3570 habendum
2128 3540 2162 3570 δε
2175 3536 2382 3582 impetrandum

1319 3582 1379 3619 jus,
1396 3580 1474 3620 quod
1486 3580 1594 3610 illustris
1607 3581 1639 3611 &
1653 3583 1728 3611 bona
1748 3580 1874 3611 Consors
1896 3579 1991 3610 nostra
2004 3601 2014 3617 ‚
2037 3577 2167 3608 Domina
2184 3574 2383 3618 RegmaAra-

1323 3629 1392 3658 gon.
1405 3619 1439 3649 &
1454 3618 1502 3648 filii
1515 3619 1603 3649 nostri
1615 3619 1717 3650 habent
1731 3621 1760 3649 in
1774 3619 1876 3650 eodem
1885 3618 2007 3656 Regno,
2020 3618 2205 3655 proponimus-3
2220 3615 2254 3645 &
2268 3620 2318 3643 etit
2331 3612 2382 3643 de-

1323 3667 1373 3687 cus
1387 3655 1516 3687 nostrum
1530 3657 1563 3688 &
1579 3657 1762 3695 nostrorum,
1779 3657 1914 3688 Domino
1930 3655 2104 3694 perhibente.

1359 3694 1526 3733 Caetert'im,
1540 3705 1606 3725 curn
1619 3696 1653 3726 ad
1672 3696 1769 3735 gaudia
1787 3702 1959 3726 connotentur
1974 3717 1985 3732 ,
2009 3694 2140 3731 quotiens
2147 3691 2188 3735 ⁷de
2200 3688 2272 3719 statu
2287 3688 2382 3734 ‚vesteo

1322 3733 1405 3764 vobis
1421 3733 1568 3772 prospero,
1579 3733 1675 3772 felicia
1690 3736 1847 3772 audiamus,
1866 3742 1996 3772 rogamus
2010 3741 2062 3762 vos
2080 3737 2205 3772 quatinus
2225 3727 2385 3758 certificetis

1323 3781 1377 3801 nos
1391 3770 1428 3800 de
1455 3771 1537 3801 fiilute
1557 3772 1590 3802 &
1606 3772 1676 3804 statu
1698 3773 1792 3804 vestro
1807 3795 1817 3810 ,
1841 3781 1927 3810 quem
1943 3771 2050 3811 semper
2063 3767 2204 3810 volmmys
2218 3765 2384 3805 prosperum

1323 3810 1357 3840 &
1371 3809 1549 3847 jocundum,
1566 3811 1767 3843 nichilominus
1784 3810 1949 3841 reservantes
2068 3803 2206 3848 qmqlquld'
2279 3842 2284 3848 ¹
2322 3814 2386 3835 ves-

1322 3847 1566 3916 }rae&Discretioni
1730 3849 1806 3881 facto
1821 3847 1981 3889 praemisso,
1995 3841 2187 3884 praemedltato
2207 3841 2241 3873 &
2259 3852 2385 3874 circum-

1335 3895 1369 3924 pe
1399 3895 1428 3915 0.

1361 3960 1429 3993 Dat.
1444 3962 1518 4001 apud
1534 3963 1638 4004 Altoyn
1647 3987 1658 4003 ,
1676 3964 1736 3996 &c.

2401 2549 2425 2577 la
2436 2551 2535 2577 Litera-

2403 2596 2472 2618 rum,
2478 2586 2535 2620 (γε.

2402 2627 2427 2654 in
2450 2627 2536 2654 Turri.

2401 2940 2417 2957 ⁴*
2427 2940 2534 2977 11209,
