2570 4261
746 196 856 238 ET
912 198 1178 241 ACTA

0 278 76 311 Arm.
92 275 135 309 D.
153 281 188 313 δε
203 282 430 321 pertinentiarum
443 279 644 319 praedieorum
657 304 667 318 ,
692 290 822 311 ammoto
835 284 870 312 ab
885 283 922 314 eis
943 286 1070 323 quolibet
1088 286 1216 316 detento-

20 324 104 354 1275-
153 331 200 358 re,
220 322 384 352 auetoritate
399 320 492 350 nostra
508 319 660 357 inducatis,
679 320 712 349 ὃ(
733 319 884 351 defendatis
900 323 1065 361 indueram,
1083 325 1214 354 facientes

0 357 67 386 Ην·
79 365 105 383 ¹·
152 361 261 399 ipsum,
276 360 321 390 vel
335 359 419 389 alium
432 368 484 396 pro
496 367 550 396 eo,
567 358 601 388 ad
615 357 801 389 Praebendam
814 360 931 390 eandem
946 385 955 398 ,
981 364 1011 392 in
1026 363 1100 393 diista
1112 362 1214 392 Eccle-

151 400 204 437 iia,
221 400 250 428 in
267 398 449 428 Canonicum
465 397 498 426 δε
510 396 539 425 in
551 396 662 426 fratrem
675 397 761 436 recipi
775 421 784 435 ,
808 408 840 427 ac
858 399 908 428 fibi
927 400 962 430 de
981 402 1101 440 ipsorum
1117 401 1214 431 Cano-

152 436 261 468 nicatsis
278 437 312 467 &
333 434 499 465 Praebendae
512 434 615 471 juribus
629 457 639 472 ,
665 435 699 465 &
715 437 896 474 proventibus
909 461 917 473 ,
942 449 975 468 ac
996 440 1214 470 obventionibus

151 475 298 511 universis,
315 473 437 511 plenarie
451 483 483 502 ac
495 473 602 511 integre
618 473 774 512 responderi
790 486 799 511 ·,
823 485 882 504 non
895 476 1069 508 obstantibus
1081 479 1214 508 omnibus

152 512 326 554 supradiffis,
343 519 388 541 aut
403 511 423 541 si
438 510 479 540 est
493 511 626 550 aliquibus
637 522 652 541 a
667 511 780 551 praefata
796 512 856 542 sede
872 514 1011 545 indultum
1033 516 1108 555 quod
1129 518 1216 546 inter-

152 552 228 590 dici,
245 550 385 589 suspendi,
402 550 446 580 vel
460 550 702 579 excommunicari
714 560 773 579 non
789 551 892 588 poffint
908 563 956 590 per
975 554 1074 585 litteras
1090 554 1215 594 Aposto-

153 591 234 628 licas,
250 599 313 628 quae
327 589 363 619 de
377 587 485 618 indulto
505 587 662 625 hujusmodi
683 587 794 625 plenam
817 590 850 620 &
869 592 1023 628 expressam
1035 603 1094 623 non
1112 598 1125 611 ¹*
1141 594 1215 623 fece-

154 630 211 659 rint
225 629 418 663 mentionem,
436 627 470 657 &
483 625 685 656 constitutione
696 626 733 656 de
746 627 852 658 duabus
870 629 949 660 dietis
968 630 1040 661 edita
1061 633 1089 661 in
1106 632 1216 662 Conci-

153 667 194 697 lio
208 666 345 706 generali5
366 663 585 695 contradictores
598 664 759 695 auetoritate
769 666 862 697 nostra
882 669 1064 706 appellatione
1079 670 1216 708 postpoli-

153 713 182 737 ta
194 703 412 745 compescendo.

0 604 23 625 ⁸
35 605 74 633 11.
88 611 136 639 55.

189 783 259 815 Dat.
274 783 416 815 Bellicadri
432 783 533 821 quinto
544 781 585 812 Id.
598 782 667 821 Julii
675 805 685 822 ,
703 783 888 816 Pontificatfis
899 786 987 817 nostri
999 798 1074 818 anno
1089 797 1195 829 quarto.

854 856 907 886 Sub
910 856 964 898 filo
979 857 1103 887 canabeo.

155 989 205 1024 De
220 986 445 1022 Adatrimonio,
475 989 552 1019 inter
577 985 739 1032 Istibellam
765 987 800 1020 de
827 989 966 1022 Valentia
989 991 1025 1026 ὠ
1044 987 1219 1034 Johannem

200 1035 238 1068 de
256 1033 421 1082 Hastings,
441 1034 546 1081 gradu
570 1035 833 1082 conflznguinitasis
857 1050 913 1069 non
934 1034 1080 1080 obstante,
1103 1037 1147 1070 ad
1160 1041 1219 1069 ini-

201 1087 336 1117 micitias
347 1083 518 1129 ftdandas,
544 1082 744 1130 dispensanda

5 1186 84 1218 Mn·
96 1182 139 1214 Β,
160 1172 375 1236 GRegorIus
392 1171 545 1212 Episcopus
557 1195 567 1212 ‚
592 1172 682 1203 servus
701 1172 843 1203 servorum
863 1173 946 1212 Dei,
971 1174 1122 1204 venerabili
1145 1173 1221 1205 fratri

37 1231 121 1261 1275·
195 1252 261 1282 (ΝΥ
333 1211 556 1251 Arcliiepiscopo
571 1210 777 1250 Cantuariensi,
793 1212 905 1242 salutem
918 1211 1157 1252 &Apostolicam
1172 1213 1222 1243 be-

158 1262 193 1282 ne
214 1263 222 1281 1
255 1260 359 1280 ionem.

7 1267 99 1332 ἕη,3
195 1289 252 1320 Etsi
267 1289 434 1327 conjunfflo
449 1287 560 1327 copulae
577 1287 727 1326 conjugalis
741 1288 769 1317 in
790 1288 873 1318 tertio
887 1288 922 1318 δε
942 1296 1043 1325 quarto
1058 1289 1225 1330 consangui-

8 1347 48 1371 Β
71 1338 142 1369 Ori'·
159 1330 248 1359 nitatis
261 1328 348 1367 gradu
363 1327 442 1356 sacris
457 1327 488 1355 fit
503 1326 658 1355 canonibus
680 1325 829 1355 interdieta
840 1349 851 1364 ,
875 1326 1051 1363 Apostolicae
1069 1336 1163 1357 tamen
1185 1328 1225 1358 se-

113 1359 128 1372 ⁰
157 1369 199 1398 dis
213 1365 445 1403 circumspectio,
465 1365 816 1405 rigorem-nonnumquam
831 1365 1040 1395 mansuetudine
1054 1374 1225 1406 temperans,

158 1407 238 1444 super
250 1405 301 1434 hiis
315 1402 434 1443 provide
446 1401 577 1439 dispensat
592 1402 749 1439 interdum,
769 1401 801 1431 &
815 1424 824 1440 ,
851 1403 928 1441 quod
947 1413 1028 1441 negat
1041 1404 1109 1441 juris
1123 1405 1225 1435 severi-

160 1453 214 1483 tas,
232 1443 268 1473 de
282 1442 365 1481 gratia
379 1442 484 1478 pietatis
504 1439 646 1478 indulget,
665 1441 788 1471 maxime
809 1450 877 1472 cum
897 1442 1039 1472 necessitas
1058 1444 1142 1483 exigit
1157 1467 1167 1482 ,
1191 1445 1224 1475 ὃς

160 1482 240 1514 causa
255 1480 422 1510 rationabilis
436 1479 464 1509 id
479 1488 512 1508 ex
553 1478 609 1509 scit.

194 1520 268 1550 Sane
283 1518 436 1549 carissimus
450 1518 479 1547 in
525 1517 613 1548 hristo
625 1516 694 1546 filius
707 1516 818 1557 noster,

196 1559 263 1589 Rex
271 1557 383 1596 Angliae
398 1555 615 1594 illustris,nobis
628 1556 647 1585 si
668 1555 780 1586 nificare
795 1558 904 1589 curavit
916 1557 992 1597 quod
1008 1558 1087 1596 (cum
1102 1557 1173 1589 olim
1182 1559 1226 1589 in-

159 1607 202 1629 ter
215 1596 305 1635 ipsum
319 1597 352 1627 δε
368 1596 451 1626 clarae
466 1595 614 1625 memoriae
660 1595 786 1625 enricum
796 1595 910 1635 Regem
924 1597 1035 1637 Angliae
1050 1607 1157 1635 patrem
1168 1599 1226 1636 ejus

159 1648 193 1669 ac
208 1638 269 1667 suos
282 1645 317 1666 ex
336 1642 412 1673 parte
431 1644 485 1664 una
497 1657 508 1672 ,
533 1634 567 1664 ὃς
583 1633 728 1671 quondam
747 1634 876 1665 nobilem
894 1636 989 1666 virum
1009 1636 1171 1668 Henricum
1189 1637 1226 1667 de

160 1675 246 1706 Astin
265 1684 293 1704 es
308 1683 341 1704 ac
356 1672 416 1703 suos
431 1672 649 1712 consanguineos
669 1672 702 1702 δε
721 1674 827 1704 amicos
841 1684 874 1704 ex
896 1674 978 1705 altera
990 1697 1000 1713 ,
1025 1685 1079 1713 pro
1095 1686 1130 1706 eo
1148 1675 1226 1715 quod

160 1715 240 1746 idern
285 1712 410 1749 enricus,
428 1719 485 1741 tem
507 1720 558 1741 ore
571 1711 736 1741 turbationis
745 1711 840 1750 Regni
853 1713 978 1752 Angliae‚
998 1713 1136 1753 praedicto
1145 1713 1228 1744 Hen-

161 1754 224 1784 rico
238 1751 314 1790 Regi
326 1749 462 1780 hostiliter
486 1759 501 1779 e
513 1748 661 1788 opposuit,
678 1750 833 1780 inimicitiae
846 1761 877 1782 ca
899 1753 971 1782 itales
983 1761 1088 1783 exorta:
1102 1753 1225 1790 fuissent)

161 1791 238 1822 idem
261 1790 328 1820 Rex
342 1811 352 1827 ‚
376 1798 410 1818 ac
435 1787 551 1818 dilestus
572 1787 642 1817 filius
663 1788 764 1830 nobilis
784 1790 826 1819 vir
892 1790 1018 1821 illielmus
1039 1791 1074 1822 de
1090 1791 1229 1831 Valentia,

160 1828 308 1860 Dominus
319 1828 356 1858 de
369 1827 534 1865 Pembrok,
550 1826 635 1857 frater
648 1826 770 1864 ejusdem
778 1827 1010 1868 HenriciRegis,
1029 1840 1145 1862 necnon
1157 1840 1229 1870 prae-

159 1869 230 1900 dieti
242 1866 441 1905 consanguinei
456 1867 489 1897 ὃ(
500 1866 584 1895 amici
620 1865 853 1905 raefatiHenrici,
867 1867 1028 1905 Johannem
1043 1868 1129 1899 filium
1146 1869 1229 1899 Hen-

162 1908 235 1945 rici,
253 1905 454 1937 &Ysabellam
466 1904 550 1934 filiam
608 1903 713 1934 illielmi
729 1905 934 1942 praedictorum
942 1930 952 1946 ,
970 1907 1096 1937 invicem
1112 1908 1162 1938 fibi
1175 1917 1231 1938 ter-

159 1947 207 1977 tio
221 1947 254 1976 &
271 1952 369 1983 quarto
383 1943 626 1986 consanguinitatis
640 1943 725 1982 gradu
744 1944 915 1982 conjunifi'tos
931 1968 940 1984 ,
967 1955 1019 1984 pro
1041 1946 1163 1977 sedandis
1176 1948 1231 1977 ini-

162 1985 276 2015 micitiis
289 1982 448 2021 hujusmodi
460 1982 493 2012 δε
508 1990 581 2019 pacis
595 1981 749 2012 concordia
768 1983 946 2014 reformanda
969 1984 1120 2016 intendunt
1134 1987 1230 2016 matri-

162 2023 322 2054 monialiter
336 2021 487 2058 copulare,

204 2062 304 2101 Qiare
316 2069 370 2100 pro
382 2068 459 2097 parte
471 2058 541 2089 dieti
553 2058 641 2098 Regis
653 2057 706 2089 fuit
717 2060 799 2090 nobis
812 2060 955 2091 humiliter
966 2061 1148 2102 supplicatum
1156 2086 1166 2101 ,
1185 2070 1231 2102 ut,

164 2101 242 2130 circa
256 2100 300 2137 id,
318 2099 354 2128 de
365 2107 517 2138 oportunae
532 2096 734 2135 dispensationis
746 2099 833 2137 gratia
851 2100 999 2137 providere
1017 2101 1233 2133 misericorditer

164 2140 345 2179 dignaremur
355 2147 366 2173 ε,

203 2176 386 2208 Attendentes
398 2176 482 2214 igitur
498 2173 576 2212 quod
587 2175 616 2204 in
636 2173 750 2213 talibus,
769 2175 819 2206 nifi
833 2175 976 2206 necessitas
996 2177 1109 2208 evidens
1122 2187 1234 2218 urgeat,

165 2217 199 2248 &
213 2216 312 2246 utilitas
326 2213 354 2244 id
368 2213 494 2251 suadeat,
514 2223 575 2243 non
589 2211 630 2243 est
644 2212 724 2242 facile
739 2213 948 2254 dispensandum
957 2238 966 2254 ‚
985 2217 1146 2248 fraternitati
1158 2227 1214 2248 ture
1223 2241 1233 2257 ,

164 2255 200 2285 de
221 2264 275 2294 qua
293 2252 424 2283 fiduciam
442 2253 473 2282 in
494 2251 629 2282 Domino
647 2252 770 2290 gerimus
791 2253 947 2290 pleniorem
964 2277 973 2293 ,
997 2265 1046 2293 per
1068 2255 1233 2296 Apostolica

164 2294 265 2330 scripta
277 2291 439 2322 mandamus
447 2314 456 2328 ,
469 2291 599 2328 quatinus
607 2313 617 2328 ‚
630 2290 807 2321 consideratis
819 2291 980 2331 diligenter,
993 2303 1057 2333 quae
1069 2295 1145 2325 circa
1160 2305 1233 2332 prae-

164 2331 242 2362 mifla
254 2331 356 2361 fuerint
369 2329 552 2366 attendenda,
571 2338 638 2359 cum
648 2328 780 2367 Johanne
792 2339 825 2360 ac
840 2330 964 2362 Ysabella
975 2332 1115 2370 praediffls
1123 2356 1132 2371 ,
1150 2334 1233 2373 siqui-

164 2371 233 2401 dem
247 2368 385 2409 praedic‘to
399 2368 504 2407 Regno
517 2368 610 2405 illam,
627 2376 659 2397 ut
672 2367 845 2406 praemiffum
860 2369 916 2407 est,
934 2371 1008 2410 pacis
1020 2372 1053 2401 ὃς
1069 2373 1234 2402 concordiae

166 2410 314 2439 utilitatem
329 2417 363 2437 ex
375 2407 500 2444 ipsorum
514 2405 655 2444 conjugali
677 2407 779 2446 copula
799 2409 950 2446 provenire
963 2408 1042 2446 posse
1063 2410 1234 2447 prospexeris

168 2448 221 2485 (ob
233 2457 317 2487 quarn
332 2446 362 2474 in
375 2445 422 2474 tali
435 2444 497 2474 casu
510 2444 612 2482 abique
634 2443 762 2474 scandalo
783 2445 872 2475 valeat
892 2446 1047 2485 dispensari)
1070 2449 1234 2479 aufiorirate

168 2486 264 2517 nostra
279 2484 325 2515 dis
338 2483 428 2520 enses,
444 2482 523 2522 quod
539 2483 751 2512 matrimonium
773 2483 808 2512 ad
823 2485 948 2515 invicem
967 2485 1072 2525 poffint
1086 2488 1236 2517 contrahe-

168 2534 217 2563 re,
234 2525 310 2562 impe
330 2523 441 2552 imento
453 2520 614 2559 hujusmodi
627 2531 688 2551 non
704 2520 844 2553 obstante.

207 2602 275 2634 Dat.
290 2602 435 2633 Bellicadri
448 2601 513 2632 Idus
523 2600 608 2640 Julii,
627 2600 809 2633 pontificatus
822 2602 911 2634 nostri
924 2614 1000 2634 anno
1012 2613 1121 2644 quarto.

840 2672 931 2711 sigillo
945 2674 1048 2713 avulfh.

217 2803 307 2837 Bulla
317 2829 328 2845 ,
353 2802 389 2836 de
408 2800 505 2835 tribus
525 2802 647 2836 clericis
657 2806 744 2851 Regis
760 2804 804 2837 ad
819 2802 956 2849 beneficia
970 2806 1191 2852 promovendis.

25 2901 102 2934 Am,
114 2899 156 2931 D,
174 2892 391 2955 GRegorius
404 2891 560 2937 Episcopus
572 2917 581 2933 ,
607 2891 699 2922 servus
721 2892 867 2938 servorum
886 2893 944 2925 Dei
958 2896 1143 2940 ³'venerabili
1163 2896 1239 2926 fratri

45 2947 131 2978 1275,
259 2970 264 2975 ι
289 2970 294 2976 ι
348 2931 522 2975 Bathonienii
536 2932 569 2962 &
579 2931 719 2975 wellensi
733 2931 893 2977 Episcopo,
911 2943 943 2964 ac
955 2933 1061 2964 dilecto
1076 2934 1135 2964 filio

25 2984 79 3008 Aa·
95 2989 121 3015 3,
175 2968 563 3038 strphrdraclpncngCprseriae,
576 2980 607 3000 in
619 2970 744 3002 Ecclesia
764 2971 967 3010 Saresbiriensi,
984 2973 1146 3004 salutem&
1160 2973 1240 3011 Apo-

26 3022 67 3085 Ξ
80 3026 161 3092 3ήρ
201 3017 325 3090 Ἥξῖἳῑι
343 3017 658 3091 Ξὲνοῖῑέξῗῐῗῗῗῐίεςήῑεε
676 3048 807 3093 carissimi
822 3049 852 3094 113
867 3048 986 3094 Christ9
1006 3049 1056 3081 fiiri
1075 3047 1241 3093 nostri-Ed-

176 3084 266 3115 wardi
279 3083 367 3129 Regis
382 3084 493 3124 Anghae
506 3084 631 3123 illustris,
647 3093 695 3129 ut,
713 3096 770 3125 ejus
782 3095 898 3127 intuitu,
913 3088 1031 3120 clericos
1047 3090 1080 3120 ὃς
1094 3088 1240 3119 familiares

174 3122 238 3154 suos
251 3122 360 3167 speciali
374 3125 571 3168 prosequamur
585 3132 669 3167 gratia
683 3126 716 3156 &
729 3125 841 3157 favore:

215 3160 298 3206 Hinc
313 3161 354 3192 est
368 3161 445 3200 quod
460 3171 512 3192 nos
525 3184 535 3200 ,
557 3164 638 3206 ipsius
652 3162 739 3208 Regis
754 3164 1000 3205 supplicationibus
1012 3166 1136 3197 inclinati
1151 3188 1161 3203 ,
1181 3164 1241 3208 'dis-

176 3208 300 3245 cretioni
320 3200 421 3245 vestrae
435 3210 485 3240 per
499 3200 664 3245 Apostohca
681 3202 779 3239 scripta
795 3203 960 3235 mandamus
1010 3206 1137 3244 quatinus
1152 3203 1240 3233 tribus

179 3238 302 3269 clericis
320 3239 441 3283 ejusdem
453 3238 540 3278 Regis
549 3238 665 3283 ydoneis
678 3262 698 3283 ,q
707 3250 778 3278 quos
792 3242 848 3283 ipse
861 3243 942 3273 vobis
982 3245 1069 3274 uxerit
1091 3243 1241 3273 nominan-

178 3276 246 3321 dos,
265 3277 300 3307 de
314 3277 433 3307 totidem
443 3276 586 3321 beneficiis
602 3277 806 3322 ecclesiasticis,
820 3281 1045 3320 praebendalibus
1060 3281 1105 3313 vel
1120 3281 1193 3318 aliis,
1208 3279 1241 3310 ad

177 3315 323 3360 cujuscurn
346 3326 380 3360 ue
401 3315 809 3360 collationem-speirantibus,
836 3329 905 3350 cum
926 3319 994 3350 cura
1015 3320 1060 3350 vel
1080 3321 1137 3350 sine
1158 3318 1242 3355 cura,

178 3354 249 3384 nulh
265 3354 310 3398 alii
344 3365 359 3384 e
373 3364 431 3399 iure
446 3353 545 3385 debitis
559 3377 583 3398 ‚⁸
594 3362 631 3384 ita
646 3354 723 3393 quod
737 3356 848 3396 singulis
862 3358 980 3389 Clericis
995 3359 1055 3396 ipfis
1076 3358 1112 3388 de
1132 3357 1243 3397 singulis

180 3392 324 3437 beneficiis
337 3391 514 3437 provideatur
529 3393 560 3429 (si
575 3402 605 3422 in
619 3391 852 3437 Regno'Angliae
873 3405 972 3428 vacant
985 3398 1019 3428 ad
1039 3397 1153 3435 praesens
1168 3419 1177 3435 ,
1199 3395 1243 3438 vel

179 3431 375 3476 quamcitOGad
391 3431 420 3461 id
439 3430 465 3460 se
486 3430 600 3475 facul-tas
617 3431 766 3469 obtulerit)
790 3443 838 3473 per
851 3445 901 3466 vos
916 3459 926 3475 ,
949 3435 995 3466 vel
1016 3446 1064 3474 per
1079 3436 1181 3480 alium,
1199 3437 1244 3464 ieu

178 3470 407 3549 ἷῗῗοῗξὲἶὲῗὲἑῗ
416 3468 1243 3551 {Sffitffisrlssr‘liussssssffissffi’dZFtssniZ‘iissssffifiiiZEfc's“¹¹³³

216 3546 440 3616 Olgorsseobsgante
453 3546 473 3577 si
485 3546 569 3614 allilqui
583 3545 662 3614 supgr
682 3548 842 3616 provisione
851 3573 863 3590 ,
888 3551 939 3581 fibi
957 3551 1083 3582 facienda
1103 3550 1138 3581 de
1151 3549 1246 3588 hujus-

30 3630 51 3651 *
67 3631 106 3659 ῃ,
120 3631 167 3666 5⁶,
183 3595 292 3669 {¹30er
307 3595 508 3655 ffissffisrffn}
523 3589 1166 3668 fioffissififfcssffffjszu‘ffaassslsssaeissfflssffi
1177 3598 1246 3657 «¹223

181 3663 397 3708 dim-generales
408 3662 455 3708 vel
468 3661 597 3706 speciales
612 3661 713 3705 litteras
726 3664 926 3705 impetrarunt,
942 3668 1042 3705 quibus
1056 3666 1188 3698 nolumus
1199 3676 1246 3696 au-

179 3702 309 3746 &oritate
324 3700 502 3739 praesentium
517 3699 712 3740 praejudlcmm
730 3704 879 3744 generari,
903 3706 960 3735 five
974 3706 994 3736 fi
1007 3706 1140 3742 aliquibus
1155 3707 1170 3735 ‘a
1186 3704 1248 3735 sede

180 3740 366 3784 sit-indultum
382 3740 497 3778 eadem,
517 3739 598 3783 quod·
608 3738 643 3769 ad
659 3747 851 3783 receptionem
865 3742 912 3772 vel
929 3744 1121 3782 provisionem
1134 3743 1248 3781 alicujus

183 3781 302 3822 minime
315 3778 527 3822 teneanturz&
540 3777 574 3822 ad
592 3777 620 3807 id
641 3777 798 3817 compelli,
824 3779 955 3823 quodque
973 3782 1121 3820 interdici,
1139 3782 1249 3822 suspen-

182 3815 292 3861 d1,·vel
305 3826 546 3862 excommunicari
560 3826 619 3846 non
635 3815 739 3855 possint
755 3839 764 3853 ,
788 3826 838 3856 per
852 3817 952 3849 litteras
969 3820 1164 3860 Apostolicas,
1183 3830 1248 3860 quae

183 3853 220 3884 de
234 3856 345 3887 indulto
364 3855 523 3894 hujusmodi
544 3855 656 3898 plenam
676 3856 709 3886 &
723 3856 878 3900 expressam
891 3879 901 3894 ,
925 3867 959 3887 ac
978 3858 1014 3889 de
1033 3859 1123 3889 verbo
1137 3859 1172 3889 ad
1189 3869 1251 3888 ver-

183 3892 254 3936 bum
269 3904 328 3924 non
344 3896 462 3939 fecerint
482 3902 657 3938 mentionem
671 3904 682 3930 :,
705 3892 751 3923 seu
765 3893 889 3932 qualibet
903 3895 961 3939 'alia
979 3897 1153 3940 indulgentia
1167 3897 1250 3928 dierae

184 3930 251 3961 sedis
264 3934 383 3976 generali
395 3933 440 3965 vel
456 3932 581 3970 speciali,
600 3933 798 3975 cujuscumque
818 3940 923 3977 tenoris
943 3934 1037 3966 existat
1052 3958 1062 3974 ,
1089 3945 1138 3975 per
1151 3946 1252 3975 quam,

183 3969 363 4013 praesentibus
377 3983 439 4003 non
451 3970 621 4014 expressam,
643 3977 688 4014 aut
702 3970 822 4000 totaliter
835 3980 896 4014 non
911 3971 1059 4012 insertam,
1075 3973 1194 4004 effeetus
1207 3984 1252 4004 ea-

185 4016 251 4037 rum
264 4009 394 4053 impediri
409 4010 497 4041 valeat
511 4009 556 4039 vel
569 4007 677 4053 differri
683 4020 692 4046 3
710 4009 743 4039 ὅ(
757 4008 793 4038 de
805 4008 860 4048 qua
872 4019 900 4038 in
910 4009 1013 4041 nostris
1024 4012 1120 4042 litteris
1132 4011 1193 4042 fieri
1206 4013 1255 4043 de-

185 4045 250 4075 beat
264 4055 370 4090 mentio
381 4048 504 4085 specialis
519 4058 525 4077 ι
550 4046 772 4079 ςοηῐτειάιξὶοῑες
793 4057 843 4086 per
856 4048 1001 4080 censuram
1014 4049 1256 4090 Ecclefiafficam‚

184 4083 368 4127 appellatione
381 4086 550 4126 postposita,
568 4085 786 4127 compescendo.

1261 194 1726 241 PUBLICA.
2237 215 2317 255 149

1293 281 1433 326 Volumus
1451 292 1543 328 autern
1559 285 1636 322 quod
1657 286 1727 316 dicti
1742 285 1870 325 Clerici,
1894 286 1912 317 si
1928 287 1966 318 eis
1984 286 2020 318 de
2036 285 2196 326 beneficiis,
2216 298 2313 319 curam
2325 287 2400 318 Ann.
2415 286 2455 319 D.

1255 329 1413 351 animarum
1428 320 1609 365 habentibus,
1627 325 1769 360 provideri
1787 327 1951 365 contigerit,
1969 327 2003 356 ad
2023 326 2135 357 ordines
2149 350 2159 365 ,
2182 337 2252 367 quos
2265 338 2315 357 eo-
2355 335 2436 365 1275.

1256 369 1320 389 rum
1335 368 1402 388 cura
1417 369 1530 402 requirit
1546 384 1556 399 ,
1579 362 1650 404 infra
1669 373 1772 393 annum
1790 365 1862 400 juxta
1884 365 2089 395 constitutionis
2109 365 2214 395 nostrae
2233 374 2314 396 teno-
2327 369 2393 394 Eav.
2412 375 2435 394 ι.

1254 407 1334 436 rem,
1349 397 1375 426 se
1389 396 1489 427 faciant
1506 398 1611 429 staturis
1625 403 1798 437 temporibus
1813 405 1992 442 promoveri,
2010 404 2041 433 ὃ(
2062 405 2238 442 personaliter
2252 405 2315 434 resi-

1254 436 1340 480 deant¹
1350 436 1379 465 in
1392 435 1511 474 eisdem,
1527 437 1649 478 alioquin
1663 439 1819 477 hujusmodi
1832 442 1954 480 provisio
1969 442 2070 472 nullius
2084 444 2192 481 penitus
2206 443 2237 473 sit
2252 452 2315 473 mo-

1255 483 1352 505 menti.

1297 555 1366 586 Dat.
1379 555 1523 587 Bellicadri
1543 554 1658 586 decimo
1675 566 1775 595 quarto
1793 556 1857 588 Kal.
1874 558 1947 598 Aug.
1963 560 2147 591 Pontificatus
2165 560 2255 590 nostri
2268 570 2318 591 an-

1255 604 1295 624 no
1310 602 1417 633 quarto.

1908 665 1963 695 Sub
1973 665 2018 703 filo
2033 667 2155 697 canaheo.

1403 798 1451 829 De
1469 810 1540 842 equo
1559 808 1579 829 a
1595 799 1672 843 Rege
1690 795 1760 828 dato
1777 797 1821 830 ad
1834 797 1966 831 duellum
1978 800 2169 844 faciendum.

1257 882 1311 937 R
1321 881 1385 913 EX
1404 884 1493 915 nobili
1506 887 1569 917 viro
1584 886 1618 917 &
1633 887 1727 917 amico
1748 887 1912 924 praedilecto
1927 887 2063 919 Emerico
2077 889 2204 921 &Vechet
2218 913 2228 929 ,
2251 890 2320 921 salu-
2336 894 2411 926 Ann.
2428 893 2467 924 D.

1320 930 1387 951 tem.
2382 944 2395 955 ’ν
2402 942 2416 952 'i
2426 944 2435 948 ·

1297 959 1376 1003 Cum
1392 970 1430 991 nu
1467 970 1479 990 r
1495 961 1577 992 vobis
1598 962 1820 993 mandaverimus
1838 965 1915 1001 quod
1935 975 2040 1004 equum
2059 966 2186 996 nostrum
2200 990 2210 1005 ,
2234 976 2320 1005 quem
2338 944 2445 1008 Αἴξ)

1258 999 1341 1042 vobis
1355 999 1422 1028 tradi
1442 1000 1514 1028 imus
1529 999 1762 1039 custodiendum,
1781 1001 1885 1032 dilecto
1906 1004 2112 1042 consanguineo
2129 1004 2226 1035 nostro
2236 1005 2322 1035 Mau·
2338 1016 2366 1038 Ε.
2395 1020 2417 1037 i.

1259 1038 1330 1067 ricio
1343 1036 1379 1066 de
1386 1036 1534 1067 Credomo
1549 1038 1714 1076 liberarem,
1732 1040 1780 1076 qui
1794 1040 1907 1078 quidem
1923 1052 2008 1078 equus
2021 1042 2061 1071 cst
2076 1043 2166 1073 adhuc
2182 1045 2210 1072 in
2227 1042 2323 1074 custo·
2338 1053 2397 1076 Par.
2409 1058 2434 1075 ⁴.

1260 1075 1304 1106 dia
1319 1074 1426 1118 vestra,
1444 1076 1477 1106 &
1493 1076 1609 1113 praefato
1623 1076 1828 1115 consanguineo
1841 1077 1938 1108 nostro
1951 1080 2080 1110 nondum
2095 1082 2239 1119 liberatus,
2339 1091 2368 1114 Ε.
2390 1069 2421 1113 ι.>

1296 1113 1335 1144 Et
1345 1123 1421 1152 Jam,
1440 1115 1521 1144 certis
1536 1113 1571 1143 de
1586 1115 1686 1152 causis,
1704 1115 1821 1144 velimus
1842 1116 1918 1153 quod
1933 1126 2017 1155 equus
2030 1118 2076 1147 ille
2091 1118 2194 1149 dilecto
2210 1120 2243 1150 δε
2255 1119 2324 1150 fide-
2340 1135 2376 1153 m.
2396 1133 2439 1160 ¹4-

1261 1152 1281 1182 li
1297 1153 1411 1190 nostro,
1431 1151 1564 1182 Emerico
1578 1153 1613 1183 de
1628 1152 1678 1183 Ru
1699 1163 1714 1182 e
1729 1152 1867 1192 Canardi,
1887 1154 2016 1185 liberetur
2037 1156 2071 1185 ad
2089 1167 2159 1196 opus
2173 1158 2325 1188 Willielmi

1261 1190 1297 1220 de
1318 1190 1405 1229 Rupe
1427 1189 1550 1221 Canardi
1567 1191 1653 1222 fratris
1682 1192 1736 1229 ui,
1764 1192 1811 1230 qui
1830 1192 1973 1229 quoddam
1997 1193 2134 1224 Duellum
2154 1197 2183 1224 in
2205 1197 2328 1235 partibus

1263 1228 1442 1297 &lemovicen
1456 1229 1591 1268 vadiavit,
1609 1229 1643 1260 ad
1662 1229 1737 1260 idern
1751 1229 1890 1261 Duellum
1913 1231 1991 1269 super
2012 1232 2113 1262 eodem
2129 1243 2203 1271 equo
2225 1234 2329 1265 facien-

1284 1277 1347 1297 um·

1303 1291 1393 1349 deis
1407 1305 1570 1336 mandamus
1581 1307 1658 1346 quod
1673 1316 1776 1347 equum
1792 1306 1871 1336 illum
1885 1307 2003 1346 praefato
2011 1308 2147 1339 Emerico
2160 1309 2252 1340 modis
2264 1320 2331 1341 om-

1264 1345 1347 1375 nibus
1361 1344 1495 1382 liberetis,
1514 1345 1547 1375 ὃς
1561 1344 1618 1376 hoc
1632 1345 1787 1376 nullatenus
1799 1346 1941 1376 omittatis.

1302 1382 1336 1413 In
1351 1384 1445 1421 cujus,
1463 1384 1523 1414 &c.

1302 1463 1391 1494 Teste
1406 1463 1488 1503 Rege
1502 1463 1575 1504 apud
1591 1463 1710 1495 Brehull.
1726 1464 1862 1495 vicesimo
1877 1464 1984 1497 oetavo
1997 1464 2042 1496 die
2051 1466 2128 1505 julii.

1537 1601 1594 1631 Pro
1613 1596 1745 1644 Philippo
1763 1599 1876 1631 Comite
1891 1596 2057 1632 Sabaudiae.

1268 1686 1392 1744 REX
1412 1688 1563 1727 omnibus,
1581 1688 1641 1719 &c.
1659 1688 1782 1719 salutem.
2352 1698 2430 1729 Am,
2443 1697 2486 1729 D·

1370 1727 1448 1765 Qiia
1464 1736 1512 1764 per
1532 1735 1719 1765 compotum,
1739 1728 1767 1756 in
1787 1725 1953 1757 Garderoba
1973 1726 2068 1757 nostra
2088 1725 2245 1766 redditum,
2263 1728 2334 1758 inter
2381 1746 2465 1775 12-5.

1269 1777 1319 1797 nos
1333 1766 1366 1796 &
1379 1774 1532 1795 attornatos
1546 1765 1667 1805 Philippi
1684 1765 1807 1795 Comitis
1821 1765 1967 1795 Sabaudiae
1980 1788 1990 1802 ,
2015 1766 2097 1795 nobis
2111 1766 2237 1804 constat,
2256 1766 2333 1804 quod
2350 1781 2402 1805 An.
2421 1765 2447 1805 ζ,

1270 1806 1324 1835 illae
1339 1804 1416 1835 mille
1429 1803 1557 1842 Μαι-ωε,
1578 1805 1605 1833 in
1623 1805 1723 1843 quibus
1743 1803 1873 1834 Thomas
1893 1805 2035 1843 quondam
2051 1803 2159 1834 Comes
2181 1805 2334 1844 Flandriae,
2353 1820 2380 1843 E.
2405 1798 2433 1842 1?

1270 1844 1351 1874 frater
1364 1842 1492 1881 praedicti
1508 1842 1648 1882 Philippi,
1666 1842 1801 1872 Domino
1818 1841 1857 1871 H.
1874 1841 1950 1881 Regi
1968 1843 2038 1881 patri
2053 1842 2152 1872 nostro
2173 1853 2221 1880 per
2235 1843 2335 1874 litteras
2351 1858 2407 1881 pas,
2425 1862 2450 1889 3,

1270 1883 1328 1913 suas
1340 1888 1462 1922 parentes
1475 1882 1620 1911 tenebatur
1635 1890 1668 1910 ex
1684 1890 1803 1918 mutu0,
1822 1881 1871 1910 sibi
1887 1891 1935 1920 per
1948 1881 2070 1911 eundem
2086 1889 2192 1917 patrem
2207 1881 2335 1912 nostrum
2358 1897 2386 1919 E.
2406 1902 2429 1918 ι,

1271 1922 1366 1959 faeto,
1384 1920 1476 1949 eidem
1494 1921 1563 1959 patri
1579 1919 1677 1949 nostro
1694 1920 1722 1948 in
1740 1920 1888 1963 Arreragiis
1903 1919 2000 1958 feodi,
2027 1919 2104 1957 quod
2118 1920 2194 1950 idem
2208 1920 2336 1950 Thomas
2353 1941 2390 1958 m,
2413 1938 2455 1964 ¹4-

1271 1959 1304 2027 ai}
1320 1959 1488 1989 scaccarium
1504 1958 1629 1995 praedi-Sti
1646 1959 1725 1996 patris
1741 1958 1828 1987 nostri
1842 1968 1871 1987 in
1887 1959 1944 1988 vita
1957 1958 2002 1988 sua
2016 1958 2158 1997 percipere
2178 1959 2339 1998 consuevit,

1271 1999 1295 2029 al
1306 2006 1424 2028 ocantur

1308 2037 1376 2067 Nos
1391 2020 1559 2073 prkdietum
1576 2035 1756 2074 Philippum,
1777 2045 1891 2066 necnon
1907 2035 2030 2066 haeredes
2046 2037 2079 2066 ὃ(
2093 2044 2254 2066 executores
2269 2045 2343 2075 prae-

1274 2075 1322 2106 fati
1335 2076 1464 2105 Thomae
1481 2096 1491 2112 ,
1515 2073 1550 2103 de
1565 2074 1684 2111 praefatis
1700 2074 1777 2103 mille
1792 2073 1900 2104 Marcis
1920 2083 2018 2105 tenore
2039 2075 2216 2112 praesentium
2231 2075 2342 2114 acquie-

1277 2123 1376 2146 tamus.

1311 2152 1345 2183 In
1358 2152 1454 2189 cujus,
1473 2151 1534 2181 &c.

1311 2231 1399 2265 Teste
1412 2231 1494 2272 Rege
1507 2231 1580 2272 apud
1596 2230 1694 2261 Oxon.
1709 2229 1786 2261 sexto
1802 2231 1848 2261 die
1862 2231 1989 2271 Augusti.

1320 2371 1370 2402 De
1384 2365 1540 2413 difiordiis
1557 2370 1635 2399 inter
1654 2367 1782 2398 Barones
1797 2369 1833 2404 ὠ
1852 2366 1976 2399 Milites
1993 2369 2025 2398 in
2047 2364 2201 2399 Hibernia
2211 2368 2298 2412 paci-

1732 2413 1872 2458 ficmzdis.

1277 2503 1365 2560 RE
1375 2502 1406 2533 X
1424 2503 1628 2534 venerabilibus
1643 2503 1781 2543 patribus,
1797 2502 2021 2543 Archiepiscopis
2035 2501 2069 2533 &
2086 2501 2245 2542 EpiscopiS,
2263 2509 2345 2533 terrae
2365 2505 2441 2537 Ann.
2458 2503 2499 2536 D.

1341 2540 1507 2580 Hiberniae,
1525 2542 1647 2572 salutem.
2384 2552 2465 2581 1275-

1316 2580 1446 2618 Qualiter
1460 2581 1552 2610 Terra
1574 2580 1723 2618 praedista,
1739 2589 1789 2618 per
1810 2579 1959 2609 discordias
1978 2579 2011 2610 δε
2029 2588 2156 2617 guerras,
2174 2578 2280 2609 ibidem
2297 2578 2345 2610 diu
2364 2588 2416 2612 Aa.
2435 2593 2460 2620 3.

1278 2618 1320 2648 est
1333 2619 1454 2658 habitas,
1472 2619 1654 2659 depauperata
1667 2618 1758 2647 existit
1774 2617 1828 2647 fide
1845 2617 2011 2657 perpenditis
2024 2618 2152 2655 oculata,
2170 2617 2262 2655 unde,
2277 2627 2345 2648 cum
2367 2628 2395 2650 E.
2414 2632 2436 2650 ι,

1279 2657 1359 2696 super
1372 2657 1429 2688 hoc
1444 2657 1551 2695 sumus,
1569 2667 1624 2687 nec
1639 2657 1798 2694 immerito,
1814 2657 1916 2686 anxiati
1928 2657 2025 2686 animo
2045 2656 2079 2686 ὃς
2099 2656 2216 2694 turbati,
2232 2657 2266 2687 &
2279 2657 2346 2686 totis
2366 2665 2421 2688 Pas.
2440 2669 2465 2696 3.

1280 2696 1415 2726 desideriis
1427 2695 1590 2726 affectemus
1604 2695 1682 2733 quod
1701 2695 1861 2734 hujusmodi
1882 2695 2082 2725 comroverfiae
2103 2695 2136 2725 ὃ(
2151 2703 2258 2733 guerrae
2272 2696 2348 2732 paci-
2367 2704 2395 2727 Ε.
2417 2708 2440 2725 i.

1281 2734 1417 2773 ficentur,
1436 2735 1469 2765 &
1483 2734 1560 2772 quod
1572 2736 1606 2764 ad
1620 2733 1746 2764 nostram
1759 2735 1793 2765 ὃς
1815 2733 1935 2764 vestram
1951 2735 2074 2771 quietem
2089 2756 2100 2772 ,
2125 2733 2231 2764 ibidem
2248 2742 2300 2771 pax
2314 2733 2347 2764 &
2367 2747 2403 2766 m.
2427 2746 2471 2774 13.

1282 2773 1460 2813 tranquillitas
1472 2773 1618 2803 haberetur
1626 2796 1634 2810 ‚

1318 2811 1410 2842 Vobis
1424 2812 1452 2841 in
1468 2811 1522 2842 fide
1536 2812 1568 2842 &c
1585 2811 1752 2848 dilectione,
1771 2811 1870 2848 quibus
1884 2811 1965 2841 nobis
1985 2810 2144 2848 tenemini,
2169 2810 2349 2849 mandamus,

1282 2860 1411 2889 rogantes
1424 2859 1573 2890 quatenuS,
1592 2850 1629 2880 de
1642 2850 1759 2880 consilio
1770 2849 1918 2888 justiciarii
1936 2848 2024 2878 nostri
2040 2857 2122 2878 terrae
2138 2849 2299 2887 praedictae,
2318 2850 2352 2880 &

1282 2889 1402 2920 aliorum
1415 2889 1541 2919 fidelium
1561 2888 1726 2918 nostrorum
1747 2888 1766 2908 ²¹¹²
1781 2889 1901 2927 partium
1921 2888 2029 2917 illarum
2042 2910 2050 2925 ,
2075 2887 2161 2916 taliter
2176 2887 2210 2917 ad
2228 2888 2354 2917 invicem
2374 2892 2389 2907 ἥ
2408 2891 2446 2919 11.
2460 2896 2504 2927 57.

1282 2928 1449 2968 provideatis
1464 2950 1473 2964 ,
1499 2926 1577 2965 quod
1611 2938 1641 2957 er
1656 2927 1785 2957 divinum
1807 2927 1976 2964 adjutorium
1997 2927 2030 2956 ὃς
2051 2925 2169 2955 vestram
2183 2926 2355 2965 circumspe-

1283 2967 1360 2997 &am
1374 2967 1571 2997 discretionem
1615 2965 1752 3002 ujusmodi
1775 2965 1973 2995 controversiae
1994 2966 2027 2995 &
2048 2972 2155 3003 guerrae
2170 2963 2351 3002 pacificentur

1283 3005 1317 3036 δε
1330 3005 1474 3042 sedentur,
1493 3014 1526 3034 ac
1540 3006 1610 3034 inter
1624 3004 1759 3041 Barones,
1779 3002 1903 3040 Milites,
1924 3004 1957 3034 &
1977 3004 2044 3033 alios
2058 3002 2093 3032 de
2114 3012 2187 3032 terra
2200 3003 2353 3041 praedicta,

1284 3045 1373 3074 unitas
1386 3045 1419 3074 ὃς
1443 3052 1539 3073 mutua
1554 3042 1669 3072 dileetio
1689 3043 1822 3072 habeatur
1838 3048 1858 3079 3'
1870 3042 1903 3072 &
1924 3040 2044 3081 praefati's
2058 3040 2185 3071 fidelibus
2207 3041 2308 3071 nostris
2324 3043 2353 3071 in

1284 3082 1450 3120 praemisfis,
1468 3082 1500 3111 &
1515 3081 1572 3110 aliis
1586 3091 1638 3110 nos
1651 3080 1754 3110 ibidem
1769 3081 2014 3120 contingentibus,
2031 3079 2151 3110 obtentu
2163 3079 2268 3118 nostri,
2284 3089 2356 3111 con-

1285 3121 1374 3151 silium
1391 3121 1424 3151 &
1438 3120 1570 3150 auxilium
1586 3120 1756 3158 impendatis,

1320 3200 1411 3231 Teste
1423 3200 1506 3240 Rege
1518 3199 1591 3237 apud
1606 3198 1778 3229 Wodestok.
1797 3208 1841 3228 12.
1856 3198 1902 3229 die
1918 3198 2044 3238 Augusti.

1325 3282 1427 3312 Eodem
1439 3282 1513 3311 modo
1529 3279 1689 3309 mandatum
1703 3278 1739 3319 est
1759 3277 1917 3317 Militibus,
1936 3278 2025 3308 liberis
2043 3277 2192 3308 hominibus
2206 3299 2216 3316 2
2240 3273 2278 3310 ὠ
2299 3287 2356 3306 om-

1286 3320 1364 3350 nibus
1376 3319 1438 3349 aliis
1452 3321 1483 3349 de
1498 3326 1575 3348 terra
1596 3318 1755 3354 Hiberniae,
1775 3318 1847 3357 quod
1866 3318 1898 3346 de
1918 3317 2018 3358 confilio
2034 3317 2159 3360 praedisti
2178 3314 2355 3354 Justiciarii,

1287 3358 1484 3389 venerabilium
1497 3364 1624 3395 patrum,
1642 3357 1768 3386 Midden.
1783 3354 1949 3395 lVaterford.
1970 3358 2153 3395 Episcoporum
2167 3376 2178 3392 ,
2203 3363 2303 3383 necnon
2317 3351 2356 3388 &⁴

1289 3396 1423 3434 aliorum,
1441 3395 1501 3431 ἀντ.
1517 3394 1614 3424 taliter
1626 3395 1793 3433 provideant
1803 3417 1812 3433 ,
1833 3393 1894 3430 &a

1291 3531 1342 3563 De
1367 3526 1529 3574 recipiendo
1546 3553 1555 3567 ,
1589 3525 1635 3559 ad
1664 3526 1804 3573 Officium
1827 3523 2068 3568 Conqstabulariae
2086 3523 2199 3570 Angliae
2215 3550 2225 3565 ‚
2260 3525 2361 3570 Nepo-

1346 3587 1405 3610 tem
1425 3574 1595 3619 Humfrecli
1614 3574 1650 3608 de
1666 3575 1787 3613 bohun,
1813 3578 1887 3608 Avo
1907 3572 1940 3606 ob
1958 3573 2141 3606 Seneffutem
2161 3571 2305 3606 inidoneo.

1293 3665 1518 3728 ILlustrisfimo
1530 3663 1619 3702 Viro,
1637 3664 1670 3695 δε
1688 3663 1823 3694 Domino
1836 3665 1884 3694 suo
1896 3661 2134 3699 reverentissimo,
2154 3660 2287 3693 Domino
2301 3662 2359 3692 Ed·
2378 3668 2453 3698 Am,
2470 3668 2513 3697 D,

1331 3704 1447 3742 wardO,
1464 3703 1523 3733 Dei
1537 3703 1638 3742 gratia,
1658 3702 1733 3742 Regi
1757 3703 1803 3733 An
1823 3703 1867 3731 liae
1882 3724 1891 3740 ,
1916 3701 2048 3731 Domino
2063 3699 2212 3730 Hiberniae
2228 3702 2261 3732 &
2280 3701 2358 3731 Duci
2399 3714 2482 3745 1275,

1295 3742 1322 3773 A
1345 3743 1456 3772 uitanice
1471 3742 1532 3771 suus
1546 3741 1602 3771 sem
1623 3750 1653 3769 er
1668 3741 1786 3771 devotus
1832 3739 1975 3770 umfredus
1990 3739 2026 3769 de
2041 3738 2161 3777 Bohun,
2179 3738 2288 3769 Comes
2298 3739 2359 3768 He·
2377 3750 2429 3773 Aa.
2449 3755 2475 3781 3,

1293 3791 1323 3811 re
1336 3780 1440 3819 ordiae,
1459 3779 1607 3809 Constabu
1618 3779 1688 3810 arius
1700 3779 1830 3819 Angliae,
1845 3778 1974 3816 salutem,
1989 3777 2023 3809 &
2038 3786 2164 3818 paratum
2183 3777 2218 3808 ad
2231 3787 2357 3818 praecep-
2379 3789 2406 3810 Ε.
2427 3793 2451 3810 ι.

1297 3827 1323 3850 ta
1335 3819 1507 3850 famulatum.
2379 3827 2409 3849 L.
2418 3825 2453 3848 A⁴
2458 3820 2485 3858 f.

1337 3858 1414 3897 Qiia
1429 3856 1462 3887 ad
1475 3855 1606 3887 officium
1621 3854 1845 3886 Constabulariae
1865 3854 1966 3885 deince
1985 3864 1998 3884 s
2017 3853 2095 3885 nullo
2115 3855 2207 3885 modo
2226 3855 2304 3884 valeo
2321 3855 2364 3883 in-
2385 3862 2444 3891 196-
2464 3869 2490 3886 a.

1298 3893 1428 3934 tendere,
1446 3904 1526 3925 aetate
1544 3895 1577 3926 &
1597 3893 1846 3925 inconvalescentia
1866 3903 1950 3932 quam
1981 3892 2106 3923 urimum
2127 3902 2276 3932 gravatus,
2299 3893 2364 3922 ideo
2381 3900 2510 3924 Penesca«

1299 3935 1434 3965 dilectum
1450 3934 1602 3972 Nepotem
1616 3942 1713 3963 meum
1735 3933 1768 3963 ὃς
1783 3931 1940 3962 Haeredem
1989 3931 2143 3962 umfridum
2159 3931 2194 3961 de
2208 3931 2308 3961 Bohun
2324 3931 2366 3960 lo-
2381 3944 2474 3963 merar.

1301 3984 1339 4004 co
1358 3974 1414 4003 mei
1432 3971 1564 4011 assignavi
1583 3971 1618 4001 ad
1641 3970 1772 4001 officium
1793 3971 1961 4010 praedictum
1978 3970 2188 4010 exequendum,
2207 3969 2367 3999 conceden-

1302 4012 1342 4042 do
1355 4012 1446 4042 eidem
1461 4011 1567 4041 dietam
1584 4009 1829 4041 Constabulariam
1842 4009 1878 4040 de
1899 4009 2092 4040 dominatione
2108 4007 2197 4038 vestra
2216 4007 2366 4037 tenendam

1305 4061 1374 4081 curn
1387 4050 1520 4079 omnibus
1533 4049 1717 4088 pertinentiis:

1341 4088 1422 4120 Hinc
1439 4087 1479 4119 est
1495 4087 1573 4127 quod
1587 4087 1776 4118 dominationi
1792 4086 1892 4156 vssrae
1913 4086 2036 4126 benigne
2057 4085 2183 4125 supplico
2201 4084 2234 4114 &
2248 4083 2370 4118 devote,

1872 4134 1887 4164 3
2298 4130 2369 4158 qua-
