2570 4261
259 88 309 125 62

114 168 193 200 'Anii
204 167 245 198 D.
260 167 392 198 Marchifi
409 165 550 202 Militem,
569 163 647 202 quod
662 163 768 200 aliquos
781 162 817 193 de
832 170 918 199 gente
930 161 1027 193 nostra
1047 162 1224 193 mitteremus
1244 159 1318 204 apud

140 215 224 245 1290.
261 206 458 244 Pei-pinianum
473 228 483 241 ,
504 204 532 232 in
551 201 670 232 crastina
692 201 738 231 die
759 201 963 231 PurIficationis
982 201 1072 231 beatae
1095 200 1199 242 Μανίᾳ
1221 209 1318 238 proxi-

116 248 184 272 Βιυ.
203 255 227 273 ι.
261 245 309 274 me
324 243 454 280 venturi,
474 251 527 279 pro
540 240 618 270 faCto
630 247 755 277 treugae,
773 241 845 270 inter
858 239 974 278 Regem
984 239 1110 270 Franciae
1124 239 1158 270 &
1177 249 1247 277 nos,
1265 247 1316 277 per

301 293 312 311 s
325 290 412 311 iiiitae·

260 292 332 349 VOEt
345 328 396 347 nos
405 304 579 347 ’dedissemus
594 315 676 345 vobis
690 315 877 353 responfivam
886 314 981 354 ‚quod
995 314 1029 345 ad
1037 315 1137 346 locum
1145 314 1317 358 praedidtum

258 359 433 387 mitteremus
447 355 582 385 Nuncios
595 353 726 391 nostros,
744 364 805 384 non
820 362 914 384 tamen
928 354 958 384 in
973 353 1083 392 forma,
1100 355 1130 384 in
1145 353 1201 392 qua
1213 354 1317 384 fuimus

258 404 308 431 pei·
324 404 375 424 vos
390 393 469 430 super
483 391 622 429 praediCtis
637 392 776 431 requisiti,
795 402 848 430 pro
863 402 919 431 eo,
936 394 1078 430 maxime,
1097 391 1176 430 quod
1191 401 1225 422 ex
1239 391 1316 428 ipso,

258 432 361 462 honori
375 432 469 461 vestro
482 431 623 461 videretur
636 430 781 470 derogari,
800 431 819 461 fi
834 430 916 469 alius,
934 431 1021 468 quiirn
1033 441 1102 469 VOS,
1117 430 1212 460 eidem
1225 438 1316 468 nego-

258 471 300 501 tio
313 469 340 499 se
353 470 528 507 inmisceret,

292 507 412 545 Propter
432 507 511 546 quod
526 530 536 546 ,
559 507 642 537 nobis
660 505 872 553 significabatis,
889 506 969 545 quod
986 506 1182 545 obligaveratis
1203 514 1257 536 vos
1276 504 1313 535 de

255 545 400 614 gargipriis,
418 547 531 584 utrique
545 547 630 585 parti,
648 545 765 576 durante
779 553 876 585 treuga
887 544 981 582 diet-21,
998 544 1165 583 inferendis,
1183 542 1317 574 emendas

386 594 400 613 a
476 596 482 602 .

276 593 360 652 61)ιὲῗὸ
367 585 467 661 {gine
474 608 533 652 bbli
569 623 680 652 tionem
694 621 769 666 Regi
784 621 909 652 Franciae
920 621 956 651 de
969 620 1113 664 dampnis,
1132 620 1183 651 sibi
1199 620 1234 651 &
1247 619 1316 658 suis,

256 670 305 697 per
323 671 376 691 nos
398 661 432 692 &
451 662 470 681 ²¹²
488 664 540 691 nol
556 671 617 699 ros,
633 660 704 690 infra
723 659 830 690 (licitam
847 668 989 700 treugam,
1008 659 1102 698 illatis,
1120 660 1256 690 tenemini
1270 667 1316 689 re-

254 699 410 738 spondere,
1120 736 1125 741 .
1280 737 1286 742 .

290 737 329 769 Et
343 736 483 769 conlimili
496 735 587 767 modo
599 736 736 767 tenemini
749 737 831 767 nobis
845 736 882 767 de
895 736 1038 774 dampnis,
1055 735 1140 766 nobis
1153 737 1187 768 ὃς
1198 735 1315 775 nostris,

251 776 323 806 infra
335 777 441 807 dictam
452 784 595 814 treugam,
614 784 663 813 per
676 774 787 805 distum
800 775 914 815 Regem
927 774 950 804 F
952 775 1054 804 ranciae
1067 775 1101 806 &
1112 774 1176 805 suos
1189 775 1276 805 illatis.

286 813 325 844 Et
338 814 415 852 quod
424 838 433 851 ,
451 813 548 844 habito
563 813 691 850 diligenti
704 814 822 844 tractatu
836 823 904 844 cum
917 813 1037 844 consilio
1060 811 1175 852 vestro,
1193 813 1311 845 videba-

249 860 295 883 tur
308 853 392 883 vobis
406 851 484 891 quod
493 875 502 889 ,
520 850 554 881 ad
568 853 804 882 examinationem
819 853 852 883 ὃ(
867 853 1062 890 receptionem
1076 850 1190 882 testium
1205 852 1313 890 produ-

248 890 407 922 cendorum
429 891 459 920 in
478 890 557 921 facto
577 890 737 929 praemiffo,
755 890 789 921 ad
806 890 962 921 videndum
981 890 1099 929 qualiter
1120 890 1272 929 deputandi
1295 891 1311 921 a

249 930 330 960 vobis
349 931 378 959 in
399 928 503 960 eodem
523 930 641 969 negotio
664 928 836 967 procedent,
855 939 908 967 pro
923 937 1041 967 utraque
1055 937 1133 969 parte
1149 928 1310 968 (videlicet,

249 978 305 1006 pro
318 968 401 998 nobis
417 969 450 998 &
466 977 520 1006 pro
533 967 617 1008 Rege
630 968 769 1005 Franciae)
783 966 888 998 debent
908 968 993 1006 probi
1013 967 1145 998 homines
1164 967 1310 1006 interesse,

248 1016 301 1044 pro
316 1017 351 1037 eo
365 1006 444 1044 quod
458 1014 576 1044 uterque
589 1006 723 1037 nostrsim
736 1014 846 1037 tenetur
860 1016 909 1044 per
923 1006 950 1037 se
964 1016 1016 1037 vos
1030 1005 1196 1044 indempnes
1203 1006 1310 1038 servare

247 1045 343 1082 quoad
357 1044 506 1083 emendas,
523 1044 558 1075 ad
573 1055 639 1084 quas
652 1044 716 1076 estis
729 1045 812 1076 nobis
823 1045 857 1076 &
868 1044 918 1084 ipsi
932 1045 1008 1085 Regi
1023 1045 1166 1084 Franciae,
1187 1053 1218 1076 ut
1237 1055 1311 1084 prae-

248 1084 386 1121 mittitur,
402 1083 534 1123 obligati:

286 1121 407 1160 Propter
424 1121 520 1160 quod,
538 1121 637 1159 nobis,
652 1130 683 1152 ut
705 1122 801 1152 amico
816 1120 912 1152 vestro
925 1120 1051 1160 speciali,
1069 1120 1258 1160 supplicastis,
1274 1130 1306 1154 ut

247 1159 319 1191 duos
332 1162 454 1198 peritos,
472 1161 505 1191 &
518 1170 608 1191 unuin
624 1160 779 1191 Notarium
794 1161 855 1199 (qui
870 1161 905 1191 ad
917 1161 1154 1191 examinationem
1167 1162 1309 1200 &recep-

247 1200 357 1230 tionem
371 1199 499 1237 testium,
517 1197 771 1240 producendorum
784 1199 813 1228 in
828 1199 906 1229 facto
919 1198 1072 1238 praedieto,
1091 1209 1125 1229 ex
1141 1208 1219 1238 parte
1242 1211 1309 1230 nos-

247 1237 307 1276 tra,
324 1247 424 1269 coram
436 1236 600 1276 deputandis
611 1238 626 1267 a
641 1237 723 1268 vobis
738 1237 911 1275 interessent)
924 1237 959 1268 ad
971 1237 1049 1269 diem
1062 1239 1096 1270 &
1111 1238 1211 1270 locum
1234 1248 1308 1277 prae-

245 1275 319 1306 fatos
326 1299 335 1314 ,
354 1277 464 1307 mittere
475 1276 657 1306 deberemus:

282 1315 398 1353 Qibus
419 1314 534 1352 quidem
554 1315 649 1345 litteris
671 1313 733 1345 visis
748 1314 781 1346 &
794 1313 942 1355 diligenter
955 1313 1117 1353 intelleffls,
1133 1316 1260 1347 volentes
1277 1318 1307 1347 in

243 1353 377 1383 omnibus
392 1353 545 1383 satisfacere
559 1354 634 1384 votis
648 1353 762 1391 vestris,
780 1354 947 1384 vocavimus
971 1353 1109 1392 Ramnes,
1128 1354 1303 1394 Religiosos,

244 1390 369 1429 Milites,
388 1390 537 1429 Clericos,
554 1393 588 1423 &
602 1391 685 1430 alios,
703 1393 752 1430 qui
764 1401 817 1429 pro
832 1391 1004 1422 Consiliariis
1016 1393 1099 1423 nobis
1109 1392 1233 1432 affignati
1245 1393 1306 1425 flie-

242 1430 298 1459 rint
311 1430 339 1459 in
354 1429 460 1468 Curia,
500 1440 565 1460 uam
580 1430 744 1474 generaliter
759 1430 964 1462 celebravimus
977 1432 1007 1461 in
1021 1430 1129 1463 Monte
1142 1431 1283 1471 Son03&
1293 1457 1303 1472 ,

244 1467 337 1498 habita
352 1468 433 1508 plena
448 1468 466 1499 d
497 1469 652 1499 'berarione
662 1479 732 1499 cum
744 1468 846 1498 eisdem
855 1493 864 1507 ‚

279 1505 443 1537 Invenimus
458 1516 511 1537 nos
524 1507 629 1538 debere
641 1507 784 1545 persistere
796 1509 825 1537 in
841 1506 940 1538 eadem
959 1507 1116 1545 responsiva
1151 1519 1237 1548 quam
1258 1510 1302 1541 su-

239 1554 291 1582 per
307 1545 447 1583 praediffls
461 1547 544 1576 vobis
560 1546 685 1576 misimus
697 1555 747 1583 per
759 1544 909 1592 praedistos
925 1545 1098 1585 Magistrum
1146 1572 1151 1577 .
1166 1547 1203 1579 de
1224 1548 1302 1579 Pini-

239 1584 309 1622 bus,
328 1585 361 1615 &
384 1583 563 1615 Garcionem
581 1584 618 1615 de
639 1583 788 1623 Marchia,
807 1594 875 1615 cum
896 1585 926 1614 in
967 1585 1098 1624 raedieti's,
1117 1586 1136 1616 si
1152 1587 1189 1618 sic
1205 1586 1301 1626 fieret,

238 1621 288 1660 ipsi
300 1621 461 1653 consiliarii
474 1622 589 1654 videant
601 1622 760 1660 dampnum
772 1622 902 1654 nostrum
911 1647 920 1661 ,
949 1623 984 1654 ed
998 1623 1077 1662 quod
1091 1626 1210 1656 nuncios
1233 1636 1301 1657 nos-

237 1668 295 1691 tros
315 1662 458 1692 mittamus
479 1661 553 1702 apud
574 1661 795 1701 Perpinianum,
813 1663 846 1694 &
866 1661 901 1692 ad
913 1661 990 1692 diem
1002 1662 1188 1704 praediCtum,
1205 1664 1302 1696 form&⁴

237 1699 329 1737 aliqua
344 1710 404 1730 non
416 1700 530 1731 mutata.

275 1738 459 1777 Qapropter
473 1737 678 1770 Celsitudinem
692 1738 815 1769 vestram
829 1739 1027 1777 exhortamur,
1046 1741 1174 1779 quatinus
1195 1741 1225 1771 in
1245 1741 1299 1773 hac

237 1785 316 1814 parte
331 1777 400 1808 velit
414 1787 466 1808 nos
479 1777 582 1808 habere
597 1777 755 1816 excusatos;
776 1779 810 1809 &
852 1779 974 1816 raecipue
995 1780 1076 1816 quia,
1088 1780 1165 1818 juxta
1186 1779 1301 1810 ordina-

235 1817 344 1845 tionem
359 1815 445 1846 diet-ie
457 1815 554 1846 Curiae
569 1816 719 1855 generalis,
737 1788 965 1856 aliqukffacere,
982 1816 1028 1848 seu
1043 1818 1221 1857 concedere,
1237 1819 1300 1850 abs-

234 1864 291 1892 que
305 1854 363 1892 ipso
377 1854 512 1892 consilio,
531 1865 590 1885 non
605 1855 739 1885 valemus.

272 1892 410 1923 Praeterea
433 1892 580 1924 Altitudirii
600 1892 701 1924 vestrae
714 1917 723 1932 ‚
747 1891 781 1923 ad
803 1893 936 1932 gaudium
951 1917 962 1932 ,
987 1895 1149 1925 intimamus
1167 1904 1219 1925 nos
1233 1919 1243 1934 ,
1269 1896 1299 1927 in

234 1931 419 1962 confectione
435 1931 632 1971 praesentium,
650 1931 763 1963 sanitate
774 1931 894 1971 perfrui,
913 1933 946 1964 ὃς
963 1933 993 1963 in
1008 1933 1108 1964 nostris
1122 1935 1241 1974 negotiis
1256 1934 1298 1965 fe-

235 1970 324 2000 liciter
338 1970 503 2008 prosperari:

271 2008 353 2039 Tum
367 2010 445 2047 quia,
463 2019 512 2049 per
525 2008 587 2039 loca
597 2018 681 2039 terrae
694 2008 800 2040 nostrae
809 2033 818 2047 ,
835 2008 870 2039 ad
883 2008 1077 2040 defensionem
1092 2010 1230 2050 ejusdem,
1247 2011 1296 2042 ad-

228 2048 384 2085 jutorium,
403 2047 461 2078 sive
482 2049 544 2076 Era
565 2048 706 2087 colligitur
728 2048 761 2079 &
774 2047 935 2086 praestatur3
950 2047 1025 2078 unde
1041 2047 1072 2079 fit
1084 2057 1188 2080 armata
1224 2059 1293 2080 cum

233 2084 290 2128 qua
303 2087 477 2129 poterimus,
495 2086 601 2116 nedum
616 2086 756 2125 resistere,
773 2087 898 2117 omnino
912 2085 1014 2117 inferre
1033 2086 1154 2126 dampna
1173 2073 1293 2126 piurima

235 2133 372 2153 inimicis:

271 2161 352 2230 Tii‘m
374 2163 459 2192 etiarn
481 2162 545 2200 quia
564 2161 631 2193 inde
648 2162 799 2194 Frontariis
822 2162 921 2193 nostris
940 2172 1087 2202 oportuno
1107 2164 1235 2197 remedio
1253 2165 1295 2197 est

253 2210 306 2230 rov
328 2210 386 2230 um:

232 2210 251 2239 p
268 2239 349 2269 Tum
371 2238 481 2276 insuper
500 2240 563 2277 quia
580 2238 714 2277 Sancius,
731 2240 780 2278 qui
800 2238 828 2269 se
839 2239 908 2270 dicit
923 2240 1036 2280 Regem
1051 2240 1198 2282 Castellae,
1218 2243 1293 2274 nulla

230 2277 313 2307 nobis
325 2277 370 2307 vel
382 2285 465 2307 terrae
479 2277 582 2307 nostrae
597 2277 682 2308 infert
703 2277 768 2307 dam
791 2288 843 2316 na,
861 2279 953 2309 inimo
976 2290 1025 2317 per
1044 2281 1172 2311 nobilem
1195 2283 1288 2312 virum

230 2315 375 2346 Didaciim
388 2315 424 2346 c'e
440 2315 528 2354 Fato,
547 2317 581 2346 δε
595 2315 660 2346 alios
673 2317 701 2345 in
717 2315 746 2346 C
787 2316 848 2346 ella:
869 2316 1015 2348 Frontarici
1034 2319 1196 2359 existentes,
1216 2321 1290 2351 infe-

231 2363 330 2385 runtur
345 2362 427 2384 teriae
442 2353 573 2384 Cistellae
587 2354 708 2392 dampna
719 2355 837 2392 plurima
852 2355 886 2385 &
898 2355 1009 2387 diversa.

266 2392 359 2423 Status
372 2393 486 2431 quidem
503 2392 586 2423 vestri
600 2395 804 2424 continentiam
814 2418 824 2432 ,
840 2395 896 2424 una
908 2405 977 2425 cum
990 2395 1170 2434 beneplacitis
1177 2396 1288 2436 vestris,

227 2432 310 2461 nobis
324 2431 341 2461 fi
363 2431 475 2462 nificare
486 2431 553 2462 velit
565 2431 657 2463 vestra
670 2431 761 2471 Regia
776 2432 967 2473 Excellentia3
984 2433 1019 2465 ad
1034 2444 1097 2473 quae
1112 2436 1284 2474 complenda

227 2480 280 2507 pro
295 2471 347 2502 viri
371 2480 400 2500 us
410 2480 462 2501 nos
477 2480 626 2508 promptos
637 2472 763 2502 inveniet
777 2472 811 2502 ὅ(
826 2481 944 2509 paratos.

110 683 241 719 '‘H-4⁶¹·

264 2545 331 2576 Dat.
352 2546 426 2585 apud
446 2547 594 2577 Alcoleam
616 2547 732 2579 decimo
755 2549 857 2587 quinto
871 2548 936 2579 Kal.
952 2548 1112 2590 Februarii,
1129 2561 1206 2584 anno
1220 2551 1288 2585 Do-

228 2586 297 2615 mini
309 2585 458 2616 millesimo
474 2585 669 2617 ducentesimo
685 2587 879 2627 oc'tuagesimo
892 2597 980 2619 nono.

1050 2667 1176 2708 Samsta.

222 2790 330 2821 Litera
355 2786 394 2821 ab
422 2790 548 2835 Aisonsb
574 2793 649 2837 Rege
672 2792 830 2838 Aragoniae
847 2819 856 2833 ‚
891 2794 1021 2825 Antonio
1047 2791 1117 2835 Bek
1140 2792 1281 2840 Epiftopo

267 2838 459 2881 Dunelmcnsi
479 2839 667 2884 excusbztoria
685 2866 695 2881 ,
721 2839 803 2886 quod
827 2842 971 2874 Oratores
989 2843 1061 2887 suos
1089 2854 1145 2873 non
1175 2845 1281 2874 mittat

267 2885 348 2931 apud
364 2888 576 2932 Perpinianum
587 2888 678 2934 fitper
689 2887 776 2932 faslo
792 2890 911 2937 Treugae
926 2902 994 2923 cum
1013 2893 1089 2938 Rege
1106 2893 1246 2925 Franciae.

260 3045 266 3050 .
302 3017 335 3037 :ic
349 3007 457 3051 Comes
470 3009 680 3050 Barchinoniae,
698 3013 850 3043 venerabili
868 3015 902 3045 ὃς
924 3014 1030 3045 ἀὶΙεᾶο
1050 3014 1197 3052 Antonio,
1215 3025 1279 3054 per-

71 3049 125 3073 An.
146 3047 187 3073 18.
227 3044 357 3089 mistione
365 3047 509 3090 ejusdem,
527 3049 714 3080 Dunelmensi
728 3049 889 3090 Episcopo,
905 3052 1020 3084 salutem
1034 3053 1067 3084 &
1082 3052 1274 3084 dilectionem.

73 3088 103 3110 Ε.
125 3093 146 3112 ι.
223 3122 229 3128 ἠ
261 3082 433 3128 Dilectionis
448 3086 547 3117 vestrae
561 3089 716 3125 recepimus
737 3089 854 3128 litteras,
872 3091 905 3122 &
924 3092 1111 3123 intelleximus
1131 3091 1278 3130 significata

71 3125 101 3149 L.
116 3126 144 3148 Β.
156 3122 178 3157 f.
222 3131 251 3152 in
265 3131 318 3160 eis,
336 3123 456 3161 scilicet,
475 3125 553 3162 quod
565 3126 638 3163 apud
653 3126 851 3165 Perpinianum
864 3131 1038 3161 mitteremus
1052 3129 1188 3161 Nuncios
1211 3141 1278 3162 nos-

78 3161 135 3186 126.
153 3161 179 3187 b.
219 3167 275 3190 tros
295 3161 379 3205 super·
395 3161 472 3192 facto
491 3170 613 3202 treugae,
631 3174 695 3202 quae
717 3166 783 3197 inita
804 3167 870 3207 fuit,
888 3169 961 3199 inter
975 3169 1088 3210 Regem
1104 3169 1229 3200 Franciae
1243 3171 1278 3201 &

71 3201 140 3223 renes
217 3208 286 3242 nos,
303 3210 351 3240 per
372 3199 508 3244 illustrem
528 3202 641 3270 Regkem
664 3203 786 3242 Angliie,
799 3207 875 3243 juxta
893 3207 1017 3239 formam
1029 3217 1115 3247 quam
1130 3209 1212 3238 nobis
1225 3208 1275 3239 diu

73 3239 203 3265 eamerar.
218 3237 292 3267 misit
313 3249 363 3276 per
383 3238 555 3282 Magistrum
610 3265 615 3270 .
636 3241 672 3271 de
688 3241 802 3273 Pinibus
816 3244 982 3285 Clericum,
1001 3248 1035 3278 &
1050 3246 1229 3276 Carcionem
1241 3246 1278 3277 de

218 3275 349 3320 Marcbia
364 3276 509 3317 Militem,
527 3281 646 3310 nuncios
659 3280 738 3319 suos,
869 3284 983 3323 Qiibus
997 3285 1092 3315 litteris
1107 3285 1167 3314 visis
1185 3287 1219 3316 ὃ(
1232 3286 1276 3315 in—

217 3313 350 3359 τεΠεξὶιε,
367 3315 509 3359 volentes,
527 3327 581 3355 pro
602 3318 695 3356 posse,
714 3321 818 3351 votivis
837 3322 984 3354 affectibus
1003 3322 1131 3362 praedisti
1153 3323 1275 3354 Domini

218 3351 306 3392 Regis
323 3354 432 3398 Anghae
446 3356 479 3386 &
492 3355 590 3399 vestris
612 3357 781 3397 satisfacere,
799 3363 965 3392 vocavimus
988 3361 1124 3398 Baiones,
1143 3361 1276 3403 Religio-

219 3391 276 3428 sos,
287 3392 410 3436 Milites,
427 3392 576 3437 Clericos,
593 3396 627 3426 &
642 3396 724 3434 alios,
743 3398 791 3434 qui
806 3399 887 3429 nobis
900 3410 953 3439 pro
967 3400 1138 3431 Consiliariis
1152 3400 1276 3441 assignati

219 3428 329 3460 fuerunt
348 3442 376 3461 in
399 3431 501 3470 Curia,
521 3443 607 3470 quam
626 3434 829 3466 celebravimus
847 3439 1012 3473 generaliter
1033 3440 1062 3468 in
1076 3438 1273 3478 Montesono3

217 3466 268 3502 ὅτ,
286 3468 377 3499 habita
394 3470 474 3507 plena
488 3470 689 3503 deliberatione
704 3483 773 3504 cum
786 3474 889 3505 eisdem
903 3501 912 3515 ,

255 3503 414 3550 Invenimus
428 3519 480 3539 nos
493 3509 597 3540 debere
609 3511 750 3548 persistere
762 3513 790 3541 in
802 3513 901 3545 eadem
915 3515 1086 3554 responsiva,
1095 3524 1181 3553 quam
1193 3516 1274 3555 super

215 3542 349 3578 praedicstis
362 3547 485 3590 misimus
500 3547 631 3579 Domino
646 3550 720 3589 Regi
735 3550 845 3589 Angiiae
859 3563 909 3590 per
923 3555 979 3592 ejus
1000 3553 1035 3584 N
1037 3554 1135 3584 iincios
1158 3564 1273 3585 memo-

215 3587 306 3618 ratos;
325 3592 391 3613 cum
405 3595 434 3614 in
447 3586 604 3626 praediffls,
623 3587 641 3617 fi
656 3589 692 3618 sic
707 3588 859 3627 fieret,ipsi
873 3591 1031 3622 Coniiliarii
1043 3592 1157 3623 videant
1169 3592 1270 3631 damp-

217 3626 287 3661 num
306 3619 450 3661 nostrum,
468 3624 514 3654 sed
536 3626 614 3663 quod
634 3626 770 3657 Nuncios
782 3628 896 3660 nostros
914 3631 933 3649 ²*
954 3633 1097 3662 mittamus
1110 3630 1183 3671 apud
1199 3631 1272 3662 Per-

218 3664 377 3695 pinianum,
389 3660 487 3705 ,forma
499 3663 579 3701 super
593 3665 737 3703 praemiffis
753 3667 782 3695 in
797 3667 891 3705 aliquo
902 3678 963 3699 non
978 3677 1091 3700 mutata.

255 3693 352 3736 Qare
368 3696 547 3730 dileffitionern
564 3702 684 3733 vestram
706 3713 868 3735 exortamur
884 3729 894 3745 ,
918 3709 1047 3744 quatinus
1066 3708 1095 3737 in
1117 3707 1170 3737 hac
1191 3715 1271 3745 parte

215 3731 282 3761 velit
296 3742 346 3761 nos
360 3733 459 3766 habere
470 3740 625 3779 excusat053
644 3744 785 3780 praecipue
796 3745 859 3780 quia
868 3767 877 3781 ,
894 3746 969 3782 juxta
982 3746 1191 3776 ordinationem
1204 3745 1268 3776 dic-

214 3768 520 3844 }ffiguffissngveffiffilkig,
538 3778 627 3817 aliqua
637 3780 747 3820 facere,
765 3780 811 3811 seu
827 3782 1113 3823 concedere,absque
1128 3783 1188 3822 ipso
1195 3793 1269 3815 con-

286 3831 296 3847 ,
511 3836 516 3842 .

76 2968 207 3045 {riqiz-OD.
224 2968 420 3030 ALfonsus,
439 2970 495 3000 Dei
509 2971 611 3011 gratia,
630 2972 696 3004 Rex
709 2973 893 3013 Aragonum,
913 2975 1046 3014 Majoric.
1067 2977 1101 3007 &
1119 2975 1257 3007 Valentiae
1270 3001 1280 3015 ,

69 3617 201 3652 *11.462.

253 3883 320 3915 Dat.
334 3883 407 3924 ²PUd
421 3885 567 3922 Aleoleam
581 3901 613 3931 15
633 3894 697 3926 Kal.
713 3893 871 3934 Februarii,
886 3906 962 3929 anno
981 3897 1107 3929 Domini
1130 3897 1214 3936 1289.

1034 3971 1161 4013 Sacrtsta.

699 73 1495 121 CONVENTIONES,

1578 74 1979 142 LITZERAE,

2432 187 2512 222 Asin.
2524 191 2568 227 D.

1622 248 1671 280 De
1688 248 1800 280 Literis
1818 245 1906 291 mzffis
1924 245 2151 296 Cargdinalibus.
2430 238 2548 299 ,4¹„²·91‘}3··

2430 307 2461 333 E.
2484 316 2507 334 1.

1418 328 1561 359 Enerabili
1583 328 1658 360 Patri
1679 332 1709 362 in
1728 331 1864 371 Christo,
1882 333 1977 364 amico
1992 332 2042 363 suo
2063 332 2224 373 karfflimo,
2242 333 2378 366 Domino
2387 335 2415 375 J.
2429 342 2567 380 clausus,-

1435 367 1494 397 Dei
1508 368 1611 406 gratia,
1628 369 1721 400 Tituli
1734 370 1845 401 Sanctae
1859 370 1975 401 Ceciliae
1997 371 2158 404 Presbitero
2177 372 2338 414 Cardinali,
2355 373 2416 406 Ed-
2431 384 2460 411 Ε.
2472 392 2539 413 Lm,

1353 404 1463 436 wardus
1472 430 1482 444 ,
1500 406 1561 436 &c.
1574 407 1691 438 salutern
1706 409 1739 439 &
1753 409 1868 439 sincerae
1881 409 2039 441 diletstionis
2052 410 2200 442 affectum.
2437 428 2480 456 ¹4·
2494 421 2520 449 d.
2532 426 2535 430 ·

1388 442 1469 487 Cum
1482 467 1492 481 ,
1523 454 1577 481 pro
1597 446 1761 486 quibusdam
1780 447 1882 478 nostris
1900 449 2019 487 negotiis
2033 472 2044 487 ,
2065 448 2102 479 de
2122 450 2225 488 quibus
2243 450 2308 482 alias
2329 450 2416 483 vobis

1351 480 1597 526 scripsimufipro
1615 484 1736 516 subsidio
1755 485 1857 516 Terrae
1876 485 1979 517 sanetae
1992 510 2002 525 ,
2021 487 2150 517 nobilem
2171 489 2266 520 virum
2281 514 2291 528 ,
2307 489 2417 521 Domi-

1351 528 1423 549 num
1443 520 1609 551 Galfridum
1629 521 1666 552 de
1685 522 1838 562 Geynuill,
1858 524 2012 564 Magistros
2032 525 2224 557 willielmum
2245 527 2282 558 de
2303 528 2419 560 Grene-

1351 556 1427 596 feld,
1445 558 1644 604 &Thomam
1655 560 1691 591 de
1706 561 1751 592 Lu
1772 562 1920 630 δοῖ-,ἰωῆς
1933 562 2034 595 Civilis
2055 563 2250 604 Profefforoe,
2266 565 2302 597 ad
2320 566 2416 600 sedem

1354 595 1551 634 Apostolicam
1565 597 1696 630 duximus
1707 599 1743 630 de
1770 610 1834 630 inan
1854 608 1901 631 os:

1388 635 1589 667 Patemitatem
1608 636 1732 669 vestram
1750 638 1904 670 affectuose
1922 649 1954 671 re
1973 642 2090 672 uirimus
2104 642 2138 674 δε
2151 651 2302 683 rogamus,
2319 651 2418 682 quate-

1352 682 1420 716 nus,
1439 674 1494 712 ipsa
1507 676 1620 714 negotia
1635 676 1733 708 favore
1744 677 1882 708 benivolo
1897 688 1951 716 pro
1963 688 2111 719 equemes,
2128 680 2163 712 ad
2176 690 2278 712 eorum
2300 681 2416 722 expedi-

1350 720 1478 756 tionem,
1497 713 1557 743 tam
1577 714 1717 754 celerem,
1735 716 1821 754 quarn
1841 715 1971 755 felicem,
1989 727 2128 756 quantum
2147 720 2307 752 commode
2329 729 2413 760 pote·

1351 759 1426 789 ritis,
1445 759 1626 790 interponere
1640 752 1798 793 dignemini
1814 763 1905 793 partes
1918 755 2031 787 vestras.

1386 827 1455 859 Dat.
1470 827 1544 867 apud
1557 827 1685 860 Westm.
1700 831 1786 861 tertio
1797 829 1843 861 die
1857 830 2009 863 Februarii.

1385 904 1447 936 Sub
1458 904 1560 937 eadem
1573 905 1669 938 formai
1684 906 1814 939 scribitur
1825 906 2021 940 Cardinalibus
2034 907 2207 949 subscriptis,
2222 911 2279 942 viz.

1773 983 1904 1025 Episcopis
1914 1008 1925 1023 ‚

1384 1062 1500 1090 Domino
1514 1060 1551 1100 J.
1567 1058 1714 1101 Tufiulano
1729 1058 1871 1100 Epist-opo,

1382 1100 1499 1129 Domino
1511 1103 1548 1129 B.
1564 1098 1688 1139 Epist-opo
1704 1099 1854 1140 Penestren.

1382 1139 1498 1167 Domino
1511 1142 1547 1168 Β.
1563 1137 1686 1178 Episcopo
1700 1141 1829 1169 Portuen.

1382 1178 1500 1205 Domino
1515 1180 1552 1207 L.
1567 1177 1644 1218 Host.
1658 1175 1697 1212 ὀ·
1712 1176 1834 1207 Wlletr.
1847 1174 1971 1217 Epifiopo
1980 1202 1991 1215 ,

1381 1215 1498 1244 Domino
1510 1215 1638 1247 Sabinen.
1652 1215 1786 1256 Episcopo.

1746 1292 1913 1334 Presbyteris
1925 1316 1936 1332 ,

1379 1370 1496 1399 Domino
1509 1371 1549 1399 H.
1565 1368 1652 1399 Tituli
1666 1371 1774 1400 Sanessae
1787 1369 1896 1400 Sabinae
1911 1369 2064 1400 Presbitero
2078 1370 2224 1401 Cardinali
2232 1395 2242 1411 ,

1380 1409 1505 1476 D‘Zzl'tini'
1517 1411 1560 1438 M.
1580 1407 1667 1438 Tituli
1687 1410 1782 1439 Sancti
1797 1411 1945 1439 Laurentii
1959 1411 1989 1439 in
2004 1411 2154 1449 Damazo,
2169 1410 2322 1443 Presbitero
2335 1415 2405 1443 Car-

1378 1458 1543 1516 Domirtioti’.
1556 1484 1643 1516 Tituli
1654 1488 1750 1516 Sancti
1764 1488 1876 1524 Marci,
1894 1484 2045 1516 Presbitero
2059 1486 2212 1517 Cardinali.

1773 1566 1902 1594 Diaconis
1907 1586 1917 1602 ,

1375 1641 1491 1669 Domino
1501 1640 1538 1679 J.
1551 1641 1659 1670 sanae
1672 1643 1776 1670 Mariae
1790 1644 1819 1671 in
1834 1643 1885 1671 via
1900 1638 1979 1678 lata,
1997 1642 2119 1670 Diacono
2129 1640 2290 1680 Cardinali,

1375 1680 1492 1708 Domino
1507 1681 1540 1708 P.
1555 1680 1650 1709 Sanffl
1665 1679 1821 1719 Eustachii,
1841 1683 1965 1710 Diacono
1978 1678 2138 1718 Cardinali,

1375 1718 1492 1746 Domino
1507 1721 1550 1747 M.
1564 1719 1673 1748 Sanelae
1689 1721 1793 1748 Mariae
1806 1721 1835 1748 in
1851 1720 1977 1756 Portica,
1995 1720 2117 1747 Diacono
2130 1716 2290 1757 Cardinali,

1373 1757 1491 1786 Domino
1505 1758 1547 1786 N.
1561 1758 1658 1786 Saneli
1673 1758 1800 1787 Adriani
1811 1779 1821 1796 ,
1836 1760 1957 1787 Diacono
1971 1755 2132 1795 Cardinali,

1372 1795 1488 1824 Domino
1508 1797 1544 1825 B.
1566 1797 1661 1825 sanai
1682 1794 1813 1827 Nicholai
1831 1799 1861 1826 in
1880 1805 1984 1825 carcere
2005 1794 2148 1834 Tulliano,
2165 1797 2286 1826 niacono
2302 1796 2400 1828 Cardi-

1411 1832 1479 1863 nali.

1334 1968 1384 2000 De
1406 1967 1543 2000 traHatu
1567 1978 1671 2000 coram
1696 1965 1910 2012 Commtffizriis
1937 1969 2024 2014 Regis
2051 1965 2191 2012 Angliae‚
2216 1966 2300 2013 apud
2322 1970 2398 2001 Per-

1372 2019 1554 2062 pignianum
1565 2043 1575 2059 ‚
1592 2016 1685 2062 sicper
1706 2015 1827 2048 damnis
1842 2015 1937 2048 illatis
1951 2042 1961 2059 ,
1985 2014 2114 2048 durante
2131 2024 2238 2061 treuga
2254 2019 2332 2049 inter
2339 2018 2400 2050 Re-

1370 2076 1424 2111 ges
1440 2067 1571 2097 Francia
1587 2067 1623 2103 ὠ·
1646 2065 1883 2110 Majoricarum
1900 2076 1938 2097 ex
1958 2075 2020 2098 una
2041 2073 2152 2112 parte,
2176 2068 2214 2102 ὅν
2241 2068 2400 2112 Aragom'ae

1379 2115 1490 2161 Regem
1508 2125 1547 2146 ex
1566 2113 1664 2146 altera
1675 2140 1685 2156 ‚
1710 2111 1914 2147 emendandis.

1361 2198 1397 2230 N
1413 2198 1550 2229 Nomine
1563 2197 1689 2229 Domini
1702 2196 1807 2228 Amen.

1399 2237 1487 2268 Anno
1501 2237 1623 2275 ejusdem
1636 2236 1785 2266 millesimo
1800 2235 1996 2267 ducentesimo
2008 2234 2202 2277 octuagesimo
2224 2244 2321 2267 nono:
2342 2235 2392 2267 In·
2412 2234 2487 2265 Ann.
2502 2232 2546 2272 D.1

1329 2274 1459 2306 difflonis
1481 2276 1586 2307 tertiae:
1606 2274 1791 2306 Pontificatsis
1811 2274 1936 2305 Domini
1955 2274 2079 2305 Nichol.
2102 2275 2187 2313 Papae
2212 2277 2302 2314 quarti
2316 2285 2392 2306 anno
2430 2282 2517 2312 1290.

1329 2314 1470 2352 secundo,
1488 2314 1582 2344 mense
1603 2313 1746 2344 Februarii
1759 2337 1769 2351 ,
1786 2312 1832 2343 die
1854 2314 1936 2344 teitio
1963 2314 2087 2344 intrantis
2108 2314 2188 2351 iplius
2209 2314 2331 2352 mensis,
2348 2315 2392 2345 vi·
2406 2317 2459 2341 An.
2479 2314 2522 2340 ¹8-

1327 2352 1447 2397 delicet,
1463 2352 1509 2383 die
1521 2352 1654 2391 Veneris,
1671 2353 1702 2382 iri
1715 2351 1868 2383 crastinum
1882 2351 2088 2383 Purificationis
2101 2352 2191 2382 beatae
2206 2351 2308 2383 Mariae
2322 2352 2393 2383 infra
2409 2355 2439 2418 Ξ
2453 2361 2515 2427 1}ss

1328 2400 1489 2475 telfiliarixiiei,
1504 2429 1581 2461 Petri
1595 2429 1739 2474 Robeiti,
1757 2428 1923 2460 auctoritate
1933 2428 2113 2460 sacrosan&ae
2128 2428 2271 2474 Romanae
2286 2429 2390 2461 Eccle-
2411 2438 2420 2455 ¹
2430 2411 2474 2465 {9·
2488 2413 2518 2456 a:

1325 2469 1371 2499 siae
1384 2469 1492 2508 publici
1506 2469 1641 2506 Notaru,
1656 2467 1809 2506 vitalisque
1821 2467 1857 2498 de
1879 2467 2004 2507 Drono²
2021 2467 2121 2498 eadem
2139 2476 2302 2507 autoritate,
2319 2468 2353 2499 N
2356 2478 2391 2500 o-
2406 2471 2478 2494 Penes

1325 2509 1386 2539 tarii
1398 2508 1571 2553 publici,·‹‘}c
1585 2507 1700 2551 testium
1715 2506 1935 2550 subscriptorum
1952 2506 2112 2547 praesentia,
2180 2547 2186 2552 .
2228 2545 2264 2576 C.
2303 2545 2392 2578 Ραθη-
2406 2509 2540 2534 Camerar.

1326 2584 1359 2615 sis
1364 2545 1876 2623 Pjgbgrtingndhffradgidgdnlgellffiiifsg
1883 2545 2018 2628 {ige-11:323
2031 2545 2392 2630 ggg't‘iuSaireliilgrinicssurde-

1325 2623 1376 2692 {²1³
1391 2624 1485 2694 &alcia
1505 2621 1947 2692 mundsussarriliesgiiibigutslgafflerici
1960 2622 2086 2654 Domini
2097 2623 2187 2662 Regis
2202 2623 2314 2663 Angliae
2328 2624 2392 2655 illu-

1352 2672 1404 2731 Ἑῖ
1420 2701 1456 2731 ab
1476 2672 1590 2744 egdneirtiin
1599 2671 1896 2744 specialiter-‘destinati
1913 2697 1949 2729 ad
1962 2698 2236 2743 insormandumseu
2247 2700 2391 2744 inquiren-

1323 2737 1394 2769 dum
1406 2738 1486 2777 super
1499 2738 1618 2769 articulis
1631 2737 1796 2775 propositiS,
1811 2745 1845 2780 ex
1860 2745 1939 2774 parte
1952 2736 2077 2766 Domini
2089 2737 2192 2774 Jacobi
2211 2737 2301 2777 Regis
2321 2738 2389 2769 Ma-

1318 2778 1474 2821 joricarum
1487 2776 1722 2821 illustris,contra
1736 2774 1902 2806 Dominum
1917 2773 2098 2813 Alphonsum
2106 2774 2221 2815 Regem
2235 2776 2389 2817 Aragoniae

1323 2815 1839 2896 ¹1hiisirfmxddesiieysffitcsiigzrejaiisticulis
1851 2851 2015 2896 propositis,
2033 2861 2068 2882 ex
2086 2860 2165 2890 parte
2178 2852 2247 2884 dieti
2260 2852 2385 2897 Domini

1321 2893 1411 2930 Regis
1427 2892 1716 2962 Amffi'niae'soessm
1730 2890 1901 2930 praedidtum
1915 2890 2082 2922 Dominum
2097 2890 2213 2931 Regem
2228 2892 2385 2931 Majorica-

1321 2931 1591 3008 ωὲἰιέἓτὲαιτξὲἑίῗ
1598 2940 1799 3012 εἵ)ιζ1ἳι[ἰιτ1)ειῑὶεἸ
1812 2967 1879 2999 hinc
1896 2966 1979 3007 inde,
1997 2969 2016 2987 *⁴
2035 2968 2132 3013 treuga
2152 2969 2311 3008 pendente,
2328 2969 2382 3002 du-
2398 2972 2502 3008 *1146
2506 2980 2534 3010 3.

1318 3007 1390 3039 dum
1405 3008 1475 3040 inita
1507 3019 1556 3047 per
1574 3007 1686 3039 dietum
1705 3006 1872 3037 Dominum
1884 3006 1998 3051 Regem
2013 3006 2141 3052 Angliae,
2159 3009 2232 3039 inter
2244 3008 2382 3040 excellen-

1317 3047 1454 3078 tiffimum
1474 3033 1639 3078 Dominum
1661 3045 1773 3085 Regem
1795 3045 1923 3076 Franciae
1944 3046 1978 3077 &
2002 3045 2142 3090 Yahtores
2160 3047 2222 3078 suos
2241 3057 2276 3078 ex
2303 3057 2383 3086 parte

1317 3096 1389 3124 una,
1411 3086 1444 3117 &
1456 3084 1566 3116 dietum
1582 3085 1747 3116 Dominum
1760 3083 1872 3124 Regem
1888 3084 2041 3128 Aragoniae
2054 3086 2088 3116 &
2108 3085 2248 3128 §salitores
2265 3086 2328 3117 suos
2347 3095 2383 3117 ex

1316 3125 1416 3164 altera,
1432 3133 1517 3163 prout
1531 3126 1562 3167 in
1574 3124 1667 3169 littera
1676 3122 1800 3169 Domini
1815 3123 2085 3168 Angliae-praedieti,
2103 3124 2192 3165 sigillo
2203 3124 2285 3165 ipsius
2308 3125 2381 3165 sigil—

1315 3164 1368 3194 lata
1384 3163 1480 3201 (tenor
1495 3173 1573 3201 cujus
1588 3162 1702 3205 inferius
1713 3163 1842 3205 ponitur)
1860 3170 2038 3206 continetur,
2238 3202 2243 3208 .

1316 3241 1320 3246 Ι
1351 3201 1497 3246 Venerunt
1512 3201 1586 3240 apud
1604 3200 1806 3239 Perpinianum
1825 3211 1854 3231 in
1874 3200 2010 3239 Capitulo
2027 3200 2143 3232 fratrum
2157 3200 2379 3240 praedicatorum

1313 3241 1538 3309 ¹p¹iglrsaiilqeiilt⁷ibus
1560 3278 1627 3308 inibi
1648 3276 1768 3321 discretis
1789 3279 1869 3317 viris,
1887 3277 2024 3322 Dominis
2041 3277 2188 3323 Magistris
2200 3277 2379 3323 Reymundo

1313 3317 1349 3348 de
1369 3317 1480 3349 Monte
1501 3316 1628 3346 Ferrario
1649 3315 1744 3346 Milite
1779 3317 1812 3348 ὃς
1839 3317 1926 3348 Petro
1947 3315 2124 3348 Radimundi
2139 3317 2241 3356 Judice
2262 3318 2378 3357 Majore

1312 3355 1546 3426 {arogffiogihcciigi
1558 3354 1720 3432 Iffaegiiiddket'n
1741 3341 1873 3387 dicebant
1894 3355 2037 3388 advenisse
2057 3365 2092 3387 ex
2105 3356 2239 3388 mandato
2252 3356 2379 3388 Domini

1307 3404 2377 3518 J-Eitis?“iisne-effigies‘isgffiffeeiiefiffit

1311 3512 1380 3555 dieti
1394 3510 1519 3541 Domim
1533 3509 1620 3548 Regis
1637 3509 1844 3548 Majoricarum
1858 3510 2074 3549 sigillat02cujus
2086 3519 2168 3542 tenor
2181 3510 2296 3542 inferius
2303 3519 2376 3541 con-

1310 3558 1516 3618 tinlgtigAEstam
1530 3586 1652 3630 litteram
1666 3587 1875 3618 commistionis
1892 3585 2017 3631 ejusdem
2025 3610 2035 3625 ,
2052 3586 2137 3618 faetae
2148 3588 2165 3617 a
2175 3586 2254 3631 dicfto
2265 3585 2373 3654 D.⁰¹s¹¹i-

1310 3624 2273 3708 ἓὲἒιξῇἓέηἳὲῗεῖεῗξῗῗέῗὲἓὲῑκκιῗὲῑᾶῗῗ,ῐῗὲἓὲᾞὲἰιξὲἔὲἓξέ
2282 3634 2374 3707 aprili?

1309 3701 1761 3771 gupacldissadlaciritefsogssosspmati
1774 3712 1852 3734 erant
1869 3701 2026 3741 procedere
2038 3712 2069 3733 in
2081 3702 2161 3734 dicito
2176 3709 2294 3739 negotio
2307 3711 2373 3741 Jux-

1307 3778 1895 3863 ξεεξξυὲέᾞιωῦἒάἶὲῐὲἣῖἱιῑῖεὲἓιηῖἓὲῗῦῗῐαῑῇ
1905 3778 2372 3860 ἷέῧὲςὺῗὲῗξῗῗὲἓῃίἓἘῗ-Ξηξέ

1306 3855 1436 3893 praedisti
1458 3858 1548 3895 (cujus
1569 3865 1651 3887 tenor
1671 3856 1785 3887 inferius
1806 3855 1980 3899 continetur)
2001 3855 2035 3885 δε
2054 3863 2169 3898 copiam
2203 3864 2318 3900 ecerunt
2335 3856 2375 3887 de

1304 3892 1405 3924 eadem
1424 3892 1632 3926 Commiffariis
1651 3895 1722 3926 dieti
1741 3895 1864 3926 Domini
1888 3894 1980 3936 Regis
2001 3892 2112 3931 Angliae
2133 3892 2294 3931 supradietis
2309 3907 2320 3934 ς
2335 3895 2371 3926 &

1304 3931 1435 3963 dixerunt
1450 3933 1528 3970 quod
1542 3934 1591 3972 ipfi
1602 3943 1680 3965 erant
1694 3935 1778 3972 parati
1791 3932 1946 3971 procedere
1955 3939 2034 3970 Juxta
2046 3938 2186 3974 'tenorem
2207 3933 2368 3967 conceffio-

1304 3971 1365 4010 nis,
1384 3970 1434 4002 sibi
1449 3971 1531 4004 factae
1544 3973 1559 4004 a
1576 3972 1710 4005 Domino
1721 3972 1805 4011 Rege
1822 3971 1948 4002 Franciae
1963 3967 2112 4007 praedieto.
2319 4008 2358 4042 Et
2374 4014 2377 4019 Ι

2362 4034 2376 4048 ³
