2570 4261
24 305 101 337 Ann.
116 303 156 334 D.

45 344 129 381 1298.

22 384 89 410 Eav.
113 391 137 410 i.

24 809 156 847 ⁹11.817.

27 1700 104 1733 Ann.
119 1697 160 1729 D.

49 1739 133 1778 1298.

29 1782 82 1807 An.
96 1780 141 1805 26.

27 1822 57 1846 Ε.
81 1826 105 1844 1.

30 1860 69 1884 Ex
83 1858 139 1882 Au-

28 1901 92 1931 ugr.

48 2874 174 2907 Ann.D.

76 2914 161 2952 1298.

47 2957 102 2981 An.
123 2954 171 2980 26.

47 2995 79 3019 Ε.
99 3001 122 3019 1.

48 3033 90 3057 Ex
105 3032 162 3057 Au-

49 3075 114 3106 ηρ.

650 224 779 267 ET
863 228 1182 270 ACTA
1266 227 1844 279 PUBLICA.

174 315 218 339 tos
232 309 396 347 praesentato
412 310 495 341 nobis
509 309 667 349 hujusmodi
682 311 826 342 electionis
849 312 966 344 decreto
1002 321 1035 344 ut

2247 254 2325 294 199

975 338 985 351 ,
1053 313 1236 345 confirmare—
1273 324 1323 345 cus
1339 314 1448 347 Comes
1462 317 1572 349 Barren.
1591 320 1656 359 suo,
1675 321 1708 352 &
1725 322 1876 354 Gualterus
1891 322 1927 354 de
1942 322 2165 356 Montefalconis
2182 322 2282 364 Miles,
2294 327 2330 357 de
2348 323 2473 356 AnnD..

1278 352 1365 399 dicio·
1378 354 1524 399 Comitatu
1544 357 1731 398 Burgundiae,
1749 361 1799 392 suo
1822 363 1954 400 proprio,
1977 363 2012 393 &
2031 364 2153 394 aliorum
2174 364 2210 394 de
2226 366 2328 395 <odem
2365 363 2449 401 1293-

1278 390 1425 422 Coniitatu
1440 393 1595 425 Nobilium
1606 398 1809 434 pnediilorum
1821 401 1953 438 nomine,
1972 400 2102 431 habentes
2117 403 2150 431 ad
2163 403 2220 432 lioc
2235 403 2329 440 plena·
2343 397 2408 430 212⁴»
2428 412 2453 430 ie

173 357 236 377 mus
250 348 419 378 elerstionem
435 349 592 387 hujusmodi
606 350 687 379 nobis
703 350 846 380 humiliter
859 351 1052 389 supplicarunt.

209 385 277 416 Nos
290 387 392 425 igitur,
408 387 570 423 processum
590 387 668 424 super
690 388 740 418 hiis
761 389 906 427 habitum,
925 391 957 421 δε
982 389 1127 426 personam
1148 391 1229 427 ipsius

173 423 282 462 Eletfii,
308 426 459 455 examinari
481 425 601 455 fecimus
623 426 786 464 diligenter,
806 428 839 457 &
862 429 925 464 quia
948 428 1127 458 Electionem
1148 429 1233 465 ipfiim

173 463 333 493 invenimus
347 463 383 492 de
396 463 512 499 persona
525 463 652 502 ydonea,
670 466 806 495 canonice
826 465 1012 504 celebratam,
1029 476 1091 496 eam
1112 466 1147 496 de
1168 467 1190 496 F
1192 477 1235 496 ra-

173 509 248 531 trum
270 499 433 531 nostrorum
453 502 588 539 consilio,
606 503 769 532 aut‘toritate
789 503 959 542 apostolica,
977 505 1107 534 duximus
1128 505 1234 534 confir—

175 539 324 577 mandam,
344 538 526 576 praeficientes
546 540 668 569 eundem
689 540 880 571 Willielrnum
903 543 952 579 ipsi
971 542 1106 573 Ecclciiae
1121 544 1149 572 in
1164 543 1234 580 Epi-

174 577 292 614 scopum
315 578 348 608 &
370 577 516 607 Pastorem
534 600 544 615 ,
568 587 667 608 curam
689 580 721 609 δε
742 579 1010 611 administrationem
1030 582 1111 619 ipsius
1132 581 1181 611 sibi
1203 583 1231 611 iii

172 615 353 652 spiritualibus
369 616 402 646 &
417 616 618 654 temporalibus
632 617 849 648 committendo,

212 652 258 684 Ac
272 653 476 691 postmodum,
495 664 544 691 per
558 653 754 685 Venerabilem
772 656 895 687 Fratrem
907 656 1037 687 nostrum
1054 657 1099 686 M.
1112 657 1232 695 Episco—

170 700 241 728 pum
263 692 398 722 Portuen.
417 692 537 722 fecimus
559 691 607 722 sibi
629 703 730 723 munus
749 694 965 725 consecrationis
987 696 1130 735 impendi,
1150 696 1231 726 firma

170 729 218 767 spe
231 730 388 769 fiduciaque
401 738 526 760 tenentes
539 730 615 768 quod
629 731 763 768 praedidia
776 731 899 763 Ecclesia
906 733 1001 763 Sansfiti
1011 735 1055 764 An
1063 735 1149 771 iree,
1159 734 1226 764 Deo

171 769 305 806 audiore,
331 779 381 807 per
401 768 483 807 ipsius
503 769 651 799 Willielmi
673 770 815 801 industriae
834 782 867 802 ac
888 772 1147 811 circumspectionis
1171 773 1230 802 fru-

174 808 280 838 &uosae
295 807 438 845 studium,
476 807 663 838 raeservabitur
678 809 694 838 ”a
709 810 799 839 noxiis
814 810 847 840 δε
864 810 882 830 *
904 809 1036 848 adversis,
1055 811 1088 841 &
1108 810 1231 848 spiritua-

174 846 246 876 libus
258 856 292 876 ac
305 845 455 882 temporali
478 856 508 875 us
522 845 651 883 proficiet
664 847 852 878 incrementis.

215 883 295 914 Cum
310 885 402 920 iraque
418 884 449 914 fit
466 885 590 923 virtutis,
607 895 678 922 opus
694 885 751 916 Dei
765 885 924 924 ministros,
942 887 976 917 &
990 887 1140 925 praesertim
1154 886 1233 916 Pon-

173 921 268 952 tificali
282 920 414 961 dignitate
426 923 572 962 praeditos,
591 923 717 962 benigno
730 924 826 956 favore
839 924 982 963 prosequi,
993 936 1026 956 ac
1041 925 1156 956 eosdem
1169 935 1232 956 ver-

172 960 218 991 bis
233 960 267 991 &
280 961 430 998 operibus,
447 972 499 998 pro
514 962 611 991 aeremi
625 961 714 1000 Regis
728 962 816 999 gloria
831 964 973 1001 venerari,

210 997 393 1029 Serenitatem
415 999 538 1038 Regiam
559 1008 663 1030 attente
681 1000 837 1037 rogandam
856 1001 986 1031 duximus
999 1002 1033 1032 ὃς
1047 1001 1232 1038 hortandam,

178 1038 307 1074 quatinus
322 1037 418 1068 eidem
432 1037 591 1078 Episcopo,
608 1038 648 1068 ob
661 1041 847 1070 reverentiam
861 1039 1025 1077 apostolicae
1039 1039 1105 1069 sedis
1127 1042 1160 1070 ὃ(
1180 1049 1235 1069 no-

176 1074 279 1113 stram,
296 1084 324 1106 te
340 1076 435 1106 reddas
451 1076 618 1107 munificum
633 1077 666 1107 &
681 1079 710 1106 in
723 1079 832 1108 cunctis
853 1078 1108 1116 opportunitatibus
1131 1079 1234 1116 gratio-

174 1113 251 1151 sum,
270 1115 308 1144 ita
330 1114 409 1151 quod
429 1114 505 1145 idem
528 1114 700 1153 Episcopus,
719 1123 771 1146 tuo
794 1115 878 1146 fultus
899 1116 1000 1146 auxilio
1033 1116 1062 1145 in
1082 1115 1233 1145 commissa

175 1152 228 1183 fibi
243 1162 310 1182 cura
325 1153 472 1183 Pastoralis
485 1152 575 1183 officii
585 1175 594 1190 ,
611 1152 680 1184 Deo
694 1155 837 1192 propitio,
855 1154 939 1192 poffit
952 1140 1056 1184 assidue
1070 1154 1236 1197 prosperari,

173 1201 208 1221 ac
223 1191 273 1221 tibi
285 1192 384 1222 exinde
397 1192 414 1221 “a
426 1191 495 1222 Deo
508 1192 666 1230 perempnis
681 1193 749 1223 vinae
762 1194 913 1230 praemium
921 1217 930 1231 ,
949 1194 982 1224 ὃς
995 1193 1011 1222 a
1023 1193 1106 1222 nobis
1117 1192 1236 1231 condig-

174 1239 209 1259 na
225 1231 370 1267 proveniat
385 1230 460 1261 aestio
475 1232 638 1268 gratiarum.

212 1306 279 1336 Dat.
299 1305 410 1336 Romae
429 1304 503 1343 apud
521 1305 658 1336 Sannum
677 1305 796 1337 Petrum
822 1314 866 1345 15.
884 1305 949 1337 Kal.
963 1306 1032 1344 Julii
1049 1306 1236 1338 Pontificatfis

174 1344 264 1375 nostri
278 1354 354 1375 anno
367 1352 476 1381 quarto.

843 1420 897 1450 Sub
908 1419 962 1461 filo
981 1421 1105 1451 canabeo.

172 1554 265 1588 Bulla
278 1581 288 1596 ,
314 1552 396 1600 qnod
417 1551 574 1600 Adolphus
598 1557 664 1587 Rex
692 1557 896 1587 Romanorum
910 1581 930 1596 ,.
943 1557 980 1593 ὠ·
999 1556 1066 1587 Rex
1083 1556 1234 1599 francia,

427 1611 550 1648 uterque
564 1600 818 1648 ficisfinibusstnt
837 1607 972 1637 contenti.

229 1685 378 1717 Onifacius
392 1685 564 1723 Episcopus,
579 1685 672 1717 servus
685 1686 833 1718 servorum
845 1687 921 1725 Dei,
938 1687 1106 1727 Univerfis,
1128 1689 1239 1726 presen-

247 1732 287 1756 tes
307 1725 412 1756 litteras
432 1724 595 1761 inspecturis
610 1748 620 1762 ,
644 1724 761 1756 salutem
781 1727 815 1757 <Sc
838 1725 1038 1764 Apostolicam
1061 1727 1238 1758 benedictio-

178 1773 254 1794 nem.

221 1802 360 1841 Qietem
382 1801 416 1832 &
440 1810 542 1840 pacem
565 1810 600 1832 ex
626 1801 728 1832 nostris
753 1804 903 1840 provenire
922 1802 1016 1835 studiis
1035 1804 1152 1835 ubilibet
1169 1803 1240 1834 affe-

178 1839 303 1877 stantes,
320 1840 354 1872 &
373 1840 535 1877 cupientes,
552 1840 674 1879 pericula
691 1841 722 1871 in
741 1840 793 1871 hac
830 1850 887 1872 arte
898 1842 1040 1882 potiffime
1053 1844 1161 1873 cautius
1179 1844 1240 1874 evi-

179 1879 230 1910 tari
241 1878 458 1910 denunciamus:
479 1877 519 1908 Et
530 1877 650 1908 dicimus
661 1878 741 1917 quod
755 1889 796 1910 no
821 1890 861 1910 rae
874 1881 1034 1911 intentionis
1048 1880 1158 1920 existit,

214 1917 264 1948 Ut
278 1915 432 1948 cariffimus
448 1917 477 1946 in
493 1915 610 1947 Christo
626 1916 696 1947 filius
712 1917 808 1948 noster
823 1918 858 1949 A.
878 1918 943 1948 Rex
958 1919 1163 1950 Romanorum
1179 1919 1242 1949 illu-

179 1955 258 1992 stris,
276 1955 348 1986 ultra
361 1954 429 1985 fines
440 1954 588 1985 &limites
601 1955 696 1994 Regni
711 1956 766 1994 sui,
784 1956 810 1986 se
823 1956 859 1987 de
876 1957 1000 1995 juribus,
1017 1957 1137 1994 finibus,
1156 1959 1189 1989 ὃς
1211 1958 1243 1987 li-

180 1995 313 2032 mitibus,
331 1992 462 2024 car-iffirni
485 1993 515 2024 in
532 1992 650 2024 Christo
675 1993 724 2024 filii
744 1994 852 2034 nostri,
866 1994 988 2035 Philippi
1004 1996 1096 2034 Regis
1117 1996 1244 2026 Franciae

181 2031 306 2069 illustris,
323 2041 357 2062 ac
375 2031 476 2069 Regni
490 2032 561 2070 ejus:

220 2070 338 2109 Ipseque
359 2070 425 2101 Rex
447 2070 592 2108 Franciae,
609 2078 685 2101 extra
706 2070 774 2101 fines
797 2072 831 2102 δε
855 2072 958 2103 limites
973 2072 1071 2110 Regni
1086 2073 1143 2111 sui,
1162 2073 1188 2103 se
1208 2071 1245 2103 de

179 2109 305 2149 juribus,
321 2108 424 2139 finibus
439 2109 472 2140 &
486 2108 621 2140 limitibus
638 2108 770 2148 Imperii,
789 2110 974 2148 leupraediffi
992 2111 1120 2142 Alaman.
1139 2111 1244 2151 Regis,

182 2148 338 2179 nullatenus
353 2148 557 2185 intromittant,
667 2162 672 2170 ·

221 2185 279 2217 Sed
295 2194 414 2224 uterque
427 2185 553 2224 ipsorum
563 2185 617 2216 suis
629 2186 755 2225 juribus,
769 2185 872 2218 finibus
878 2210 889 2225 ,
907 2188 940 2219 &
960 2187 1097 2219 limitibus
1120 2188 1153 2219 sit
1174 2197 1246 2219 con-

184 2231 286 2254 tentuS.

223 2262 277 2300 Et,
296 2263 315 2293 si
338 2261 441 2300 aliquid
463 2262 495 2293 sit
516 2262 552 2293 ab
566 2262 695 2293 alterutra
706 2264 829 2300 partium
842 2263 967 2294 indebite
983 2273 1197 2304 attemptatum,
1216 2265 1248 2295 il-

186 2300 236 2332 lud
256 2302 286 2331 in
306 2300 408 2332 statum
429 2300 558 2332 debitum
573 2308 741 2339 revocetur,
759 2312 843 2339 prout
853 2302 961 2340 justum
973 2304 1006 2334 ὃς
1019 2314 1127 2341 equum
1141 2304 1246 2340 fuerit,

189 2339 237 2371 vel
259 2338 467 2370 concordatum
489 2340 610 2369 extiterit
628 2340 699 2370 inter
712 2350 785 2378 eos,
801 2348 849 2371 aut
861 2341 968 2378 modo,
984 2342 1029 2372 vel
1043 2342 1155 2380 modis,
1172 2352 1250 2380 quo,

186 2378 233 2409 vel
255 2379 373 2416 quibus,
393 2387 446 2414 pro
469 2377 565 2414 quiete
585 2377 704 2416 mundi,
732 2378 778 2408 vel
801 2379 865 2410 alias
884 2381 1013 2420 exigente
1025 2380 1148 2418 justitia,
1173 2380 1249 2411 salvo

186 2416 298 2447 honore
311 2415 473 2454 cujussibet,
491 2415 575 2446 fuerit
590 2415 788 2447 ordinandum.

227 2491 295 2523 Dat.
315 2491 424 2522 Romae
441 2489 515 2530 apud
532 2490 673 2523 Sanetum
693 2492 830 2532 Petrum,
856 2500 883 2532 ς.
900 2492 964 2524 Kal.
979 2493 1048 2532 Julii
1066 2493 1252 2526 Pontificatfis

188 2529 280 2560 nostri
292 2540 367 2560 anno
382 2539 492 2568 quarto.

889 2607 942 2638 Sub
953 2607 1005 2649 filo
1026 2608 1122 2639 canai.
1149 2586 1153 2590 ’

226 2747 276 2779 De
293 2745 497 2792 Compromiffit
519 2747 604 2792 Regis
619 2748 650 2777 in
667 2748 782 2791 Papam
793 2772 802 2786 ,
827 2755 987 2791 tamquam
1007 2750 1038 2778 in
1050 2750 1212 2793 privatam

338 2794 494 2839 perfhnam
505 2819 515 2835 ,
555 2804 631 2839 upra
646 2798 767 2840 guerris
782 2804 852 2827 cum
867 2796 944 2841 Rege
962 2796 1105 2828 Franciae.

195 2878 396 2942 BOnifacius
415 2878 590 2916 Episcopus,
615 2878 708 2909 servus
729 2878 876 2909 servorum
898 2878 972 2917 Dei,
998 2879 1163 2918 Universis,
1184 2890 1256 2920 prae-

265 2918 353 2948 sentes
371 2918 462 2948 literas
478 2917 658 2956 inspeetiiris,
675 2917 790 2948 salutem
807 2918 842 2948 &
863 2917 1061 2956 Apostolicam
1079 2919 1257 2950 benedictio·

197 2965 273 2986 nem.
1147 2967 1149 2970 ·

234 2994 387 3032 Tanquam
403 2993 562 3025 universalis
576 2993 675 3024 Pastor
689 2994 724 3024 de
739 2994 912 3034 singulorum
935 2994 1019 3026 salute
1041 2995 1168 3026 fidelium
1185 2995 1259 3026 solli-

199 3032 256 3077 cite
251 3033 442 3101 &ffrffigntfisff
459 3034 580 3071 guerris,
593 3032 1036 3103 fflffenfiomsslisii'&‘di7sc⁰rdfis
1051 3034 1257 3104 cagcffifflcffauffl

197 3080 229 3101 in
416 3080 530 3100 norum
551 3080 592 3100 no
631 3081 715 3102 orum
829 3082 839 3101 i
878 3082 888 3101 i
933 3082 1032 3103 ranem
1062 3082 1067 3084 ·
1216 3083 1227 3102 r

200 3108 316 3146 Angliae
333 3109 453 3147 Regum
471 3107 636 3146 illustrium,
663 3094 765 3148 quib’us
785 3081 950 3142 diffitillebant
968 3096 1129 3143 adinv’icem
1148 3109 1258 3141 dudum

199 3147 1256 3225 dilargigsuissiatporiiiziggoeffiisffiisguispffivkeilsislsnrln'gdisdgiiresrffpldlrimbu?

200 3234 263 3255 non
276 3224 334 3255 sine
347 3223 534 3255 immensitate
547 3209 692 3261 laborum,
705 3234 793 3262 opem
807 3227 841 3257 &
853 3235 972 3264 operam
985 3225 1148 3257 efficacibus
1163 3212 1258 3256 studiis

199 3262 349 3301 adhibere,
368 3262 486 3301 qualiter
506 3271 555 3293 eos
576 3261 710 3293 reducere
728 3262 764 3293 ad
784 3274 886 3304 pacem
906 3265 940 3296 ὃς
954 3264 1140 3296 concordiam
1153 3265 1259 3296 valere-

201 3310 276 3331 muS.

238 3338 375 3377 Cumque
387 3348 476 3379 nuper
491 3338 632 3376 utriusque
645 3337 769 3381 ipsiorum
783 3339 900 3380 Regum
912 3340 1114 3372 Procuratores
1128 3340 1259 3373 &Nun-

202 3377 234 3408 tii
245 3377 360 3408 fuissent
371 3377 406 3408 ad
419 3378 478 3408 hoc
492 3377 528 3408 ab
541 3377 580 3407 eis
594 3376 628 3407 ad
641 3376 770 3420 nostram
787 3379 961 3416 praesentiam
983 3380 1127 3417 destinati,
1145 3380 1194 3418 qui
1216 3380 1259 3409 di-

200 3416 264 3446 eius
284 3415 350 3446 Rex
370 3415 498 3455 Angiiae,
515 3425 549 3445 ac
572 3414 667 3445 diletsti
679 3415 762 3454 Filii,
777 3415 904 3448 Nobiles
915 3418 977 3448 Viri
1101 3418 1124 3448 F
1126 3417 1257 3457 landrice,

200 3454 236 3485 &
339 3452 417 3497 {3²3³
436 3452 584 3497 ComiteS,
601 3453 747 3496 pluresque
769 3453 896 3485 Nobiles
916 3455 953 3487 de
966 3442 1114 3487 domitam
1130 3456 1257 3500 Burgun—

201 3492 274 3529 diae,
291 3491 406 3531 obligati
427 3492 605 3528 adinvicem,
619 3501 652 3522 ac
669 3501 829 3529 juramento
848 3493 930 3525 fiiiss'e
947 3495 1113 3525 dicebantur
1135 3494 1258 3532 astricti,

204 3529 284 3568 quod
303 3530 384 3569 super
405 3530 457 3559 hiis
478 3528 555 3559 idem
576 3528 641 3559 Rex
663 3529 774 3568 Angliae
808 3531 866 3561 sine
888 3531 1034 3564 diciorum
1046 3532 1199 3564 Comitum
1223 3534 1257 3564 ὃς

203 3567 375 3606 Nobilium,
391 3567 535 3605 iidemque
552 3565 682 3598 Comites
700 3568 734 3598 δε
754 3553 870 3599 Nobile
884 3569 940 3600 fine
950 3572 1030 3609 ipsius
1045 3572 1132 3609 Regis
1145 3571 1259 3608 Anglise

201 3606 390 3645 conscientia,
406 3607 441 3637 δε
458 3605 578 3650 assensu,
596 3614 664 3636 cum
684 3605 769 3637 dieto
782 3606 864 3648 Rege
884 3607 1060 3641 Francorum
1080 3609 1188 3640 nullam
1212 3619 1259 3647 pi-

203 3656 270 3678 cem
281 3645 406 3676 facerent
418 3644 464 3675 vel
477 3652 580 3674 inirent
589 3668 599 3682 ,
682 3674 685 3677 ,
816 3658 820 3662 ·
1200 3670 1202 3673 .

206 3707 209 3711 .
241 3683 387 3714 Praedieus
401 3682 634 3713 Procuratoribus
646 3682 680 3714 &
696 3681 815 3713 Nuntiis
827 3683 950 3721 ejusdem
965 3684 996 3715 R
1033 3687 1054 3716 i's
1066 3686 1193 3726 Angliae,
1204 3685 1258 3716 sci-

203 3722 287 3760 licet,
306 3721 519 3753 venerabilibus
539 3720 680 3752 Fratribus
699 3720 818 3758 nostris,
836 3721 1006 3754 Guillielmo
1062 3725 1183 3754 ublinen.
1204 3724 1259 3754 Ar-

204 3760 402 3799 chiepiscopo,
421 3760 456 3790 &
469 3759 601 3797 Johanne
621 3759 646 3790 E
667 3759 764 3797 iscopo
786 3758 969 3791 Wintonien.
987 3772 1020 3793 ac
1039 3763 1147 3793 dilectis
1165 3762 1259 3802 Filiis,

204 3798 362 3830 Nobilibus
379 3798 466 3835 Viris,
485 3797 617 3828 Amedeo
658 3798 750 3828 omite
761 3796 924 3836 Sabaudiae,
942 3798 1054 3830 Ottone
1075 3800 1112 3831 de
1132 3800 1259 3831 Grandi-

204 3836 292 3873 sono,
308 3839 341 3869 &
357 3837 407 3867 Hu
427 3846 487 3867 one
494 3835 530 3867 de
545 3834 621 3874 Ver,
636 3835 797 3874 Militibus,
813 3836 843 3865 in
854 3836 951 3873 nostra
963 3839 1106 3877 praesentia
1120 3839 1258 3871 constitu-

204 3875 255 3913 tis,
271 3877 306 3907 ὃς
326 3876 355 3906 se
373 3885 413 3906 no
434 3885 451 3905 e
472 3874 629 3906 dicentibus
645 3875 717 3904 inter
737 3873 811 3911 ipsos
831 3873 926 3914 Reges
939 3875 1098 3913 hujusmodi
1111 3877 1260 3907 discordias

206 3914 398 3953 concordare,
415 3914 461 3944 vel
475 3913 531 3945 illas
547 3912 717 3943 ordinationi
728 3911 834 3942 nostrae
847 3911 1017 3952 supponere,
1035 3915 1093 3945 fine
1108 3915 1260 3952 praedieio-

61 3953 193 3984 011318.
209 3961 274 3982 rum
294 3951 315 3973 ²⁸
334 3952 489 3991 Flandriae,
507 3961 540 3982 ac
561 3950 640 3982 Bari-i
658 3949 827 3988 Comitum,
845 3951 880 3982 &
892 3950 1049 3984 Nobilium
1062 3953 1099 3984 de
1112 3952 1261 3985 Comitatu

209 3988 379 4027 Burgundiae
393 3991 550 4035 voluntate..
560 4029 575 4035 ..
693 4027 698 4032 .
793 4027 797 4032 ⁴
1073 4031 1078 4037 .
1191 4030 1197 4036 ⁶

247 4027 382 4072 Tandem
400 4028 494 4060 dilecti
514 4028 592 4073 Filii,
616 4026 738 4058 Nobiles
761 4026 840 4064 Viri,
867 4026 1014 4058 Robertus
1031 4028 1260 4076 Primogenitus,

210 4063 284 4096 Phili
305 4076 354 4110 pus
370 4065 553 4111 d.e..m³!²d¹¹3⁴
565 4089 576 4106 ,
594 4067 628 4098 δε
646 4065 790 4110 Jobannes
809 4064 846 4095 de
860 4064 1000 4112 Naranoo
1013 4089 1025 4106 ‚
1047 4067 1118 4098 disti
1134 4067 1259 4112 Comitis

210 4075 349 4138 Flangiiae
363 4104 441 4148 Filii,
457 4105 580 4145 ejusdem
592 4103 717 4138 Comitis
728 4113 830 4136 eorum
846 4103 951 4145 Patris,
967 4113 1051 4148 atque
1068 4106 1135 4148 fiio,
1149 4105 1260 4139 Henn-

1278 438 1346 458 riam
1364 431 1549 473 potestatem,
1566 443 1698 472 quatenus
1714 436 1757 466 sua
1771 438 1804 467 &
1819 447 1938 476 eorum,
1957 449 2078 476 quorum
2095 449 2171 470 erant
2192 440 2331 471 Procura—

1278 474 1368 505 toreS,
1387 477 1529 511 intererat,
1548 472 1592 502 vel
1608 474 1736 514 interesse
1752 484 1859 513 poterat
1880 478 2111 516 quoquomodo,
2130 478 2166 508 de
2187 479 2332 509 voluntate

1277 507 1456 551 ,ac-expresso·
1478 509 1612 540 consensu
1632 512 1834 548 praeuieiomm
1857 513 2038 545 Nuntiorum
2060 517 2093 546 ὅ(
2109 517 2332 547 procuratorum

1278 546 1359 587 ipsius
1380 544 1478 590 Regis⁷
1495 547 1619 589 Angliae,
1646 550 1800 587 voluntati,
1827 551 2011 591 ordinationi,
2037 554 2196 593 arbitratui,
2216 555 2331 592 dispoli—

1278 588 1366 618 tioni,
1388 583 1569 623 diffinitioni,
1592 588 1720 625 arbitrio,
1742 589 1797 617 sive
1816 588 1898 619 laudo
1919 591 2024 629 nostri,
2050 601 2194 631 taiitquam
2216 595 2331 630 privatae

1278 620 1419 663 personae,
1438 633 1470 652 ac
1486 621 1628 655 Benedicti
1642 624 1780 663 Gaytani,
1798 626 1876 662 super
1891 630 2012 666 guerris,
2029 629 2258 669 dilleiiiionibus,
2275 632 2331 660 dis-

1277 657 1398 696 cordiis,
1417 660 1449 690 ἃ
1465 663 1660 692 controversiis
1675 664 1801 700 praedieii
1824 664 1910 703 Regi„
1930 666 2069 706 Franciae,
2087 679 2118 699 ac
2142 670 2208 708 suis,
2227 670 2260 700 &
2280 678 2329 699 eo-

1276 705 1359 733 rum,
1377 707 1500 734 quorum
1517 709 1593 730 erant
1608 701 1824 739 Procuratores,
1844 702 1870 731 se
1884 702 2044 734 submittere
2058 717 2089 736 ac
2103 707 2267 745 supponere.

1313 733 1478 773 Pioefaiiqiie
1500 737 1604 768 Nuntii
1625 741 1657 770 ὃς
1681 739 1879 770 Procuratores
1899 740 1986 778 Regis
1999 742 2110 778 Angliie
2126 745 2331 784 postmodum,

1276 769 1313 814 de
1326 772 1471 814 voluntate
1486 785 1517 805 ac
1535 778 1663 814 expresso
1676 778 1809 808 consensu
1824 778 2025 816 praedictorum
2040 780 2164 813 Comitis
2178 783 2330 821 flandri-ae,

1278 808 1413 852 Filiorum
1435 814 1467 843 &
1485 812 1608 845 Comitis
1625 815 1719 845 Biren.
1736 818 1769 847 &
1784 816 1912 847 Gualreri
1927 817 1962 847 de
1977 817 2220 860 Montefalconis,
2238 823 2332 852 nomi·

1275 848 1357 877 nibus
1379 851 1480 893 quibus
1500 852 1592 891 supra,
1609 855 1639 883 in
1662 863 1730 891 nost,
1750 863 1882 892 tanquam
1907 857 1937 886 in
1959 857 2094 893 privatam
2116 859 2280 898 personam,
2297 861 2331 890 &

1276 892 1408 931 tanquam
1430 898 1459 918 in
1474 891 1608 921 arbitrum
1618 915 1627 929 ,
1644 891 1854 931 arbitratorem,
1872 894 2043 925 laudatorem
2053 918 2062 933 ,
2076 895 2260 927 diffinitorem
2271 921 2279 935 ,
2298 897 2333 928 δί

1274 925 1451 967 amicabilem
1474 929 1715 967 compositorem,
1741 931 1820 968 {uper
1840 934 1962 970 guerris,
1980 934 2210 973 dissensionibus,
2227 936 2332 966 discor-

1275 961 1343 1000 dlis,
1362 965 1395 993 δε
1410 968 1608 997 controversiis
1622 967 1739 1005 Regum
1762 968 1981 1009 praedietoi-iim,
2000 971 2123 1003 similiter
2145 975 2334 1011 compromit-

1276 1008 1335 1030 [ese
1349 1011 1523 1033 curaverunt.

1312 1038 1352 1082 'Et
1388 1042 1431 1070 uia
1446 1042 1473 1070 in
1488 1041 1676 1073 instrumentis
1691 1042 1904 1074 fiibmissionum
1921 1047 2114 1082 praediciariim
2124 1073 2133 1087 ,
2152 1048 2217 1080 inde
2231 1048 2331 1080 confe-

1278 1076 1345 1114 ἂιε,
1389 1088 1406 1107 e
1424 1078 1612 1118 obligatione,
1638 1081 1815 1120 astrictione,
1841 1084 2027 1123 conscientia,
2051 1088 2204 1126 consensu,
2221 1089 2256 1119 δε
2277 1097 2331 1118 νο·

1278 1114 1383 1145 luntate
1398 1117 1550 1156 praediffls,
1568 1119 1712 1156 praemiffo
1727 1120 1816 1150 modo
1832 1123 1940 1151 mentio
1954 1132 2012 1151 non
2027 1123 2151 1155 habetur.

1316 1153 1384 1183 Nos
1396 1155 1476 1191 super
1491 1156 1566 1194 hoc,
1583 1157 1630 1186 has
1645 1157 1751 1188 nostras
1764 1158 1865 1188 litteras
1878 1159 2018 1196 praeditffis
2032 1161 2150 1193 Nuntiis
2171 1165 2204 1195 &
2224 1163 2335 1195 Procu-

1277 1192 1413 1260 ratorigdus
1427 1193 1525 1262 §egis
1544 1195 1659 1233 Angliae
1671 1219 1681 1234 ,
1712 1197 1741 1226 in
1765 1197 1973 1234 praemisloruin
1990 1198 2186 1231 testiinonium
2205 1201 2334 1232 duximus

1277 1240 1354 1260 conc
1391 1241 1426 1261 en
1447 1242 1482 1262 as.

1314 1314 1384 1346 Dat.
1401 1316 1508 1347 Romae
1521 1317 1594 1355 apud
1607 1318 1746 1350 Sanetum
1760 1319 1878 1351 Petrum
1892 1330 1920 1350 2.
1936 1318 2056 1351 Kalend.
2070 1321 2137 1360 Julii
2152 1321 2335 1354 Pontificatils

1277 1353 1366 1384 nostri
1379 1365 1455 1386 anno
1471 1367 1579 1395 quarto.

1945 1443 1999 1476 Sub
2018 1443 2063 1482 filo
2083 1444 2205 1475 canabeo.

1277 1577 1459 1612 Adnullatio
1479 1583 1712 1614 conventionum
1724 1583 1886 1627 fizflizrum
1921 1588 1996 1617 inter
2023 1589 2129 1633 Regem
2158 1590 2274 1635 Angliae
2298 1593 2335 1627 &-

1324 1629 1470 1660 Comitem
1487 1629 1653 1671 Flandriae‚
1680 1630 1715 1662 de
1732 1635 1934 1664 Matrimonia
1958 1635 2152 1668 contrahendo
2184 1640 2261 1670 inter
2284 1640 2338 1671 Fi·-

1325 1675 1403 1708 lium
1419 1679 1505 1723 Regis
1524 1681 1560 1715 &⁴
1578 1679 1692 1711 Filiam
1705 1680 1826 1725 praefim'
1847 1685 1977 1715 comitis.

1279 1768 1479 1829 BOnifacius
1501 1770 1669 1811 Episcopus,
1692 1773 1783 1805 servus
1803 1773 1948 1806 servorum
1972 1773 2048 1815 Dei,
2065 1776 2100 1807 ad
2116 1786 2278 1816 perpetuam
2297 1779 2338 1809 rei

1351 1818 1528 1840 memoriam.

1318 1845 1493 1878 Guerrarum
1505 1849 1643 1887 turbines,
1662 1849 1854 1880 scandalorum
1871 1850 2023 1889 procellas,
2039 1854 2234 1885 turbationum
2248 1856 2337 1893 impe-
2353 1869 2380 1892 A

1280 1892 1340 1922 ωε,
1357 1886 1390 1915 &
1403 1885 1531 1917 fremitus
1545 1887 1758 1925 tempestatum,
1778 1899 1841 1926 quae
1856 1890 1926 1918 inter
1942 1890 2094 1922 carissimos
2108 1893 2136 1921 in
2150 1892 2268 1924 Christo
2289 1895 2336 1924 Fi·
2351 1908 2380 1932 Ε,
2405 1914 2428 1933 χ,

2357 1786 2432 1817 Ann.
2442 1787 2483 1818 D,

2382 1827 2466 1864 1298.

2380 1877 2405 1892 a.
2421 1869 2465 1893 26.

1280 1922 1332 1952 lios
1347 1922 1474 1962 nostros„
1493 1924 1656 1963 Philippum
1670 1926 1794 1957 Franciae
1809 1936 1842 1956 ex
1856 1937 1932 1964 parte
1953 1928 2024 1965 una,
2043 1930 2076 1959 &
2096 1929 2258 1962 Edvardum
2277 1933 2338 1963 An-
2358 1947 2393 1969 Ex
2408 1947 2467 1969 Aa-

1281 1961 1343 1999 gli-ae
1358 1961 1456 1999 Reges
1469 1963 1584 1994 illustres
1599 1974 1633 1994 ex
1645 1964 1744 2003 altera,
1763 1967 1795 1996 ὅ(
1811 1966 1950 2003 utriusque
1972 1965 2071 2006 Regna
2091 1969 2124 1998 δε
2144 1970 2268 2014 Terras,
2276 1973 2336 2014 jam
2352 1990 2416 2018 mgr.

1282 2009 1332 2036 per
1345 2009 1404 2030 non
1418 2001 1525 2032 modici
1539 2004 1673 2040 temporis
1688 2003 1803 2041 spatium
1813 2026 1821 2041 ,
1841 2014 1913 2040 pacis
1928 2006 2060 2043 remulus,
2078 2006 2205 2038 Sathanae
2221 2008 2337 2046 Spiritus

1281 2037 1434 2076 suscitavit,
1453 2049 1486 2070 ex
1503 2041 1603 2077 quibus
1617 2042 1774 2073 animarum
1786 2041 1943 2072 discrimina
1957 2043 2135 2080 personarum
2149 2048 2270 2084 pericula
2279 2071 2289 2087 ,
2303 2049 2336 2080 ὃς

1284 2075 1407 2113 dampna
1420 2087 1513 2109 reruni
1535 2080 1700 2118 innumera,
1719 2080 1793 2118 proh
1817 2080 1914 2110 dolor!
1935 2082 2131 2120 contigerunt,
2149 2095 2208 2115 non
2230 2086 2340 2123 expedit

1283 2116 1439 2183 &primore
1461 2117 1572 2156 litteris,
1598 2127 1666 2148 curn
1688 2118 1746 2148 latis
1767 2119 1797 2148 iri
1818 2128 2007 2150 communem
2029 2123 2156 2152 notitiam
2180 2124 2233 2155 sint
2251 2124 2340 2155 dedu-

1315 2163 1337 2183 a.

1324 2190 1460 2230 Cumque
1471 2194 1547 2230 pacis
1560 2193 1652 2224 Adtor
1665 2204 1714 2232 per
1728 2194 1936 2232 inspirationem
1951 2196 1989 2226 sui
2003 2196 2122 2236 Spiritus
2138 2200 2343 2233 exhortationes

1285 2239 1317 2261 ac
1332 2229 1529 2263 sollicitudines
1542 2232 1649 2263 nostras
1664 2234 1820 2271 continue,
1835 2243 1894 2263 non
1910 2234 1966 2264 sine
1989 2236 2174 2268 immensitate
2195 2238 2342 2278 laborum,

1285 2269 1321 2299 ab
1334 2269 1395 2305 ipso
1406 2278 1568 2309 guerrarum
1590 2271 1791 2308 praedictarum
1815 2273 1972 2310 principio,
1989 2273 2121 2304 adhibitas
2144 2277 2172 2305 in
2192 2277 2245 2307 haic
2266 2288 2342 2316 parte

1287 2317 1377 2344 nuper
1398 2308 1518 2345 ipsarum
1539 2310 1627 2340 corda
1648 2311 1768 2348 partium
1787 2311 1936 2341 emolliss'et
1955 2312 1988 2341 ad
2011 2321 2130 2351 pacem,
2144 2325 2177 2345 ac
2199 2315 2292 2347 fuisset
2314 2319 2343 2347 in

1289 2355 1341 2375 nos
1355 2345 1422 2376 hinc
1437 2348 1470 2378 ὃς
1485 2346 1550 2378 inde
1563 2347 1643 2385 super
1657 2349 1707 2379 hiis
1722 2349 1755 2379 &
1769 2348 1828 2378 aliis
1847 2349 1966 2386 partium
1980 2351 2176 2387 praedictarum
2190 2353 2344 2394 discordiis,

1287 2384 1322 2415 ὃ(
1335 2383 1425 2425 ἱΓυρεῑ
1447 2385 1648 2416 reformatione
1670 2388 1743 2424 pacis
1763 2387 1797 2418 &
1816 2387 1980 2417 concordia:
1999 2391 2237 2426 compromissum
2252 2401 2268 2431 ,'
2292 2404 2344 2425 nos

1288 2420 1472 2453 desiderantes
1494 2433 1524 2455 ut
1547 2423 1705 2463 hujusmodi
1725 2425 1871 2463 negotium
1892 2424 1979 2455 finem
2000 2427 2164 2464 prosperum
2186 2429 2342 2470 ibi-tiretur,

1289 2460 1361 2504 inter
1375 2470 1474 2505 caetera
1488 2472 1652 2500 perpetuam
1668 2462 1727 2492 fieri
1743 2472 1843 2500 paceni
1853 2472 1902 2500 per
1915 2463 2045 2495 nostrum
2060 2466 2206 2497 arbitrium
2220 2479 2346 2506 pronun—

1290 2507 1419 2530 tiavimus
1432 2510 1503 2531 inter
1522 2511 1578 2531 eos.

1328 2536 1366 2567 Et
1388 2537 1422 2567 ad
1441 2538 1601 2573 huiusmodi
1623 2549 1721 2577 pacem
1744 2538 1966 2570 confirmandam
1981 2563 1991 2578 ,
2018 2542 2209 2574 roborandam
2227 2567 2237 2583 ‚
2261 2553 2345 2585 atque

1289 2575 1456 2607 servandum
1480 2577 1666 2616 laudavimus,
1685 2579 1718 2608 &c
1739 2577 1947 2616 mandavimus,
1966 2588 1996 2609 ut
2014 2580 2084 2610 inter
2105 2581 2240 2612 dileetum
2254 2583 2344 2615 filium

1294 2612 1438 2645 Nobilem
1462 2615 1581 2653 Virum,
1600 2615 1763 2656 Edvarduni
1783 2616 1864 2653 ipsius
1885 2615 1970 2656 Regis
1995 2618 2105 2656 Angliae
2126 2619 2232 2659 silium,
2250 2623 2284 2653 &
2303 2623 2347 2654 di—

1289 2651 1393 2682 ledum
1416 2654 1445 2682 in
1467 2653 1584 2684 Christo
1606 2654 1705 2684 Filiam
1725 2653 1868 2684 Nobilem
1889 2653 2041 2685 Mulierem
2064 2657 2219 2697 liiibellam,
2238 2660 2347 2692 Natam

1292 2690 1420 2727 praediciti
1437 2691 1526 2728 Regis
1540 2692 1682 2730 Franciae,
1700 2691 1872 2730 firmaretur,
1891 2695 1923 2724 ὃ(
1938 2693 2017 2724 fieret
2031 2696 2133 2733 copula
2148 2699 2311 2735 conjugalis.

1330 2728 1440 2759 Verum
1463 2731 1527 2768 quia
1549 2730 1677 2768 praefiitus
1700 2730 1765 2763 Rex
1787 2731 1915 2770 Angliae‚
1933 2741 1964 2761 ac
1987 2731 2103 2763 dilectus
2122 2734 2206 2765 Filius
2228 2736 2347 2768 Nobilis

1293 2765 1362 2804 Vir,
1377 2767 1476 2799 Guido
1499 2768 1609 2799 Comes
1631 2768 1783 2806 Flandr'iae,
1802 2771 1873 2799 inter
1891 2770 1918 2799 se
1931 2770 2000 2799 olim
2016 2772 2144 2803 traciass‘e
2158 2783 2237 2804 certo
2256 2776 2347 2807 modo

1294 2806 1327 2835 δε
1348 2807 1513 2838 convenisse
1535 2806 1684 2846 dicuntur,
1706 2807 1783 2846 quod
1805 2807 1954 2845 praedictus
1973 2807 2116 2840 Edvardus
2140 2811 2222 2842 Filius
2244 2814 2348 2850 praefati

1293 2843 1382 2883 Regis
1402 2845 1530 2884 Angliae,
1548 2856 1581 2876 ac
1605 2846 1672 2876 Filia
1695 2847 1883 2883 primogenita
1903 2846 2024 2884 ejusdem
2046 2847 2172 2879 Comitis
2194 2850 2347 2891 Flandri'ae,

1295 2892 1380 2920 quam
1398 2893 1433 2914 ex
1449 2883 1592 2922 superstite
1612 2885 1668 2922 eius
1691 2893 1778 2915 uxore
1795 2883 1926 2922 suscepit,
1945 2886 2182 2917 matrimonialiter
2192 2890 2347 2926 jungeren-

1294 2928 1355 2958 tur,
1374 2921 1408 2952 &
1429 2921 1616 2959 postmodum
1638 2923 1702 2959 quia
1724 2922 1803 2961 super
1820 2923 1877 2953 hoc
1897 2923 1990 2960 quoad
2011 2923 2116 2957 dictam
2131 2928 2347 2967 primogenitam

1296 2968 1407 2990 certum
1428 2960 1608 2997 praestabatur
1629 2959 1805 2992 obstaculum
1821 2984 1830 2998 ,
1855 2960 1940 2991 iidem
1961 2962 2027 2992 Rex
2049 2962 2163 3000 Angliae
2183 2966 2216 2996 &
2237 2965 2347 2998 Comes

1296 2996 1431 3028 Flandriae
1442 3006 1655 3036 convenerunt,
1674 2997 1711 3028 de
1727 2998 1795 3029 Filia
1806 2999 1929 3029 secundo
1952 2999 2044 3038 genita
2064 3002 2264 3038 praedkstorum
2285 3004 2348 3036 Co-

1297 3036 1387 3073 mitis,
1402 3038 1435 3067 ὃ(
1446 3036 1555 3067 Uxoris
1567 3037 1639 3074 ejus,
1654 3046 1722 3067 cum
1735 3036 1872 3077 praedidto
1888 3037 1959 3068 Filio
1972 3038 2061 3075 Regis
2074 3039 2184 3079 Angliae
2199 3044 2347 3075 matrimo-

1295 3074 1402 3104 nialiter
1415 3076 1429 3091 ’ῥ’
1446 3074 1622 3113 copulanda,
1640 3075 1660 3104 si
1671 3075 1830 3113 hujufinodi
1844 3075 1880 3106 de
1893 3076 1970 3106 dicia
1990 3078 2184 3115 primogeiiits
2204 3081 2265 3111 tolli
2286 3092 2345 3112 non

1295 3112 1387 3152 poiset
1401 3113 1598 3151 obstaculum,
1616 3113 1647 3143 &
1663 3113 1822 3150 hujusmodi
1834 3116 2040 3145 conventiones
2057 3117 2129 3147 inter
2149 3118 2263 3148 eosdem
2285 3120 2346 3150 An-

1294 3150 1359 3190 gli-ae
1372 3151 1487 3188 Regem
1501 3153 1534 3183 &
1547 3150 1696 3181 Comitem
1711 3151 1863 3189 Flandriae,
1875 3153 2036 3190 juramentis
2049 3153 2167 3186 firmatae
2181 3157 2308 3197 fuerunt,

1334 3190 1402 3220 Nos
1414 3190 1541 3221 nolentes
1555 3189 1633 3228 quod
1647 3198 1681 3219 ex
1693 3189 1744 3220 hiis
1758 3200 1822 3228 quae
1837 3191 1908 3220 inter
1919 3191 2033 3222 eosdem
2053 3192 2150 3232 Regni
2170 3194 2298 3234 Angiiae,
2313 3198 2347 3227 ὅ(

1297 3225 1447 3258 Comitem
1462 3228 1486 3258 F
1487 3227 1613 3265 landriae,
1632 3236 1661 3258 ut
1675 3228 1850 3267 praedicitur,
1868 3229 1928 3259 aeia
1946 3230 2023 3268 sunt,
2041 3233 2178 3268 praedidio
2199 3235 2347 3265 matrimo-

1296 3267 1346 3298 nio
1366 3265 1505 3297 firmando
1527 3267 1560 3297 ὅ(
1583 3266 1712 3297 faciendo
1737 3267 1808 3297 inter
1822 3267 1950 3304 praefatos
1965 3267 2053 3298 filium
2069 3269 2155 3309 Regis
2168 3270 2293 3309 Angliae,
2311 3284 2345 3304 ac

1296 3304 1395 3335 Filiam
1410 3304 1496 3344 Regis
1509 3304 1652 3342 Franciae,
1670 3305 1703 3334 δε
1717 3314 1766 3344 per
1787 3305 1960 3343 consequens
1981 3307 2148 3344 perfeetioni
2168 3308 2252 3339 dictae
2274 3313 2348 3347 pacis

1297 3342 1386 3373 ullum
1405 3343 1548 3380 praestetur
1567 3342 1825 3411 imdpedimentum,
1842 3344 1888 3375 vel
1905 3344 2068 3383 ambiguitas
2090 3346 2178 3383 aliqua
2193 3348 2346 3387 ingeratur,

1295 3381 1330 3411 &
1350 3382 1520 3412 attendentes
1540 3391 1597 3418 quo
1624 3403 1632 3418 ,
1651 3384 1719 3411 licut
1738 3381 1879 3420 aileritur,
1904 3382 2052 3420 praediCtus
2072 3383 2155 3414 Filius
2175 3384 2261 3423 Regis
2284 3386 2346 3417 An-

1295 3419 1375 3458 gliae,
1395 3420 1440 3450 vel
1451 3421 1539 3458 aliqua
1552 3428 1585 3449 ex
1601 3418 1680 3448 dietis
1693 3418 1811 3450 Filiabus
1832 3419 1955 3450 Comitis
1972 3420 2121 3458 Fiandriae,
2141 3422 2248 3452 nullum
2263 3424 2346 3461 spon,-

1295 3457 1425 3489 fiiliorum
1439 3458 1483 3488 vel
1499 3457 1677 3488 Matrimonii
1691 3458 1950 3489 contrahendorum
1964 3459 2037 3488 inter
2051 3459 2078 3488 se
2090 3461 2214 3490 invicem
2227 3463 2347 3492 consen-

1296 3496 1358 3526 sum
1375 3497 1572 3535 obligatorium
1595 3495 1778 3533 prestiterunt
1794 3519 1804 3537 ,
1828 3496 1983 3534 hujusmodi
2000 3499 2205 3528 conventiones
2223 3499 2347 3540 habitas,

1297 3535 1332 3565 &
1344 3535 1499 3572 juramenta
1521 3532 1638 3571 praestita
1657 3535 1728 3564 inter
1749 3534 1863 3565 eosdem
1884 3534 1996 3573 Regem
2017 3535 2126 3574 Angliae
2148 3537 2180 3567 ὃ(
2194 3536 2346 3570 Comitem

1297 3572 1450 3609 Flandriae,
1465 3572 1509 3602 vel
1522 3572 1587 3601 alios
1603 3573 1722 3603 nomine
1735 3572 1873 3610 ipsorum,
1894 3581 1950 3603 tam
1964 3581 1998 3604 ex
2010 3574 2110 3604 virtute
2123 3578 2346 3612 compromiflb-

1297 3619 1360 3640 rum
1382 3611 1527 3641 duiletum
1547 3609 1679 3649 Regum,
1697 3611 1731 3641 &
1750 3610 1936 3641 submissionis
1957 3611 2061 3648 praefati
2075 3610 2197 3681 comilis
2212 3614 2346 3646 Flandriae,

1295 3649 1325 3678 in
1340 3659 1392 3679 nos
1405 3649 1543 3679 fastorum
1556 3648 1590 3678 ὃς
1605 3649 1726 3685 habitae,
1743 3658 1828 3686 quam
1841 3649 2004 3679 audioritate
2018 3649 2165 3686 Apostolic
2190 3676 2199 3689 ,
2215 3654 2248 3683 &
2266 3654 2348 3692 Apo-

1295 3686 1405 3718 stolicae
1426 3686 1598 3725 plenitudine
1618 3685 1776 3725 potestatis,
1793 3688 1916 3718 omnino
1933 3686 2124 3727 dissblvimus,
2142 3689 2295 3730 caffimiis,
2312 3693 2347 3723 &

1295 3726 1414 3756 totaliter
1426 3724 1613 3755 annullamus:

1335 3764 1528 3794 Decernentes
1544 3761 1776 3801 Conventiones,
1795 3764 1827 3794 &
1840 3764 1994 3801 juramenta
2009 3762 2061 3800 ipsa
2075 3764 2175 3796 nullius
2189 3766 2246 3798 effe
2259 3769 2347 3799 robo-

1297 3803 1345 3840 ris,
1371 3802 1416 3833 vel
1436 3802 1592 3838 momenti,
1609 3800 1756 3839 dictosque
1778 3801 1889 3839 Regem
1911 3802 2022 3839 Angliae
2041 3801 2075 3832 δε
2095 3801 2245 3835 Comitem
2264 3806 2347 3836 Flan—

1297 3840 1379 3877 driae,
1404 3849 1436 3870 ac
1460 3839 1540 3876 ipsius
1562 3838 1647 3877 Regis
1668 3838 1788 3877 Filium,
1812 3840 1845 3870 δε
1867 3839 1986 3883 aliquam
2008 3839 2044 3883 de
2067 3841 2205 3877 praediitis
2226 3845 2349 3883 ejusdem

1298 3877 1421 3908 Comitia
1437 3878 1572 3915 Filiabus,
1598 3877 1632 3906 ad
1647 3887 1748 3908 eorum
1761 3878 1986 3908 observationem
1999 3878 2168 3916 aliquatenus
2188 3892 2248 3912 non
2267 3891 2347 3913 rene-

1299 3917 1339 3954 ri,
1357 3918 1389 3947 &
1409 3926 1458 3952 per
1479 3915 1668 3953 consequens,
1686 3925 1746 3954 quo
1765 3917 1858 3946 minus
1879 3916 1985 3952 praefati
2004 3915 2090 3947 Filius
2109 3918 2137 3948 R
2175 3920 2195 3949 is
2220 3921 2348 3959 Angli'ae‚

1297 3964 1331 3984 ac
1354 3954 1420 3984 Filia
1441 3953 1531 3990 Regis
1554 3953 1696 3991 Franciae,
1721 3953 1962 3984 matrimonialiter
1981 3955 2105 3993 copulari
2124 3967 2158 3987 va
2170 3967 2234 3989 eant
2248 3981 2259 3996 ‚
2282 3959 2347 3988 nul-

1299 3992 1360 4037 lum
1379 4000 1525 4037 propterea
1544 3991 1781 4031 impedimentum
1801 3990 1923 4031 praestari
1934 3992 2033 4033 poste,
2049 3993 2096 4026 vel
2108 3995 2286 4028 obstaculum
2298 3996 2347 4027 ad*

1297 4031 1422 4102 hlblflrillli
1434 4077 1521 4109 erge,
1538 4068 1598 4100 &c-

2284 4143 2351 4177 Dat.

2362 3090 2493 3131 *ir.819.
