2570 4261
685 188 797 229 ET
880 187 1150 230 ACTA

0 319 63 350 [nn.
73 312 114 344 D.

0 360 100 425 ςᾷπξζ
135 363 225 398 Bulla
241 362 323 410 qum
336 374 428 408 neque
451 364 538 404 Rex,
563 373 614 394 ΜΟ
638 360 787 394 Ricardus
805 361 910 406 frater
936 361 1193 394 excommunicen-

0 440 24 463 *l-
44 441 69 469 3·
637 420 699 443 tur.

0 477 101 544 {Zmin
140 496 346 559 HOnorius
368 494 523 539 Episcopus
537 517 547 533 ,
562 495 622 538 &0
636 493 749 538 ‚dilesto
771 494 805 538 ὃς
823 493 897 524 fideli
916 494 1056 524 Romano
1070 518 1080 532 ‚
1099 492 1196 524 Sancti

0 559 27 577 n.
38 555 81 573 12.
94 543 121 572 d.
232 534 336 578 Angeli
350 533 485 578 Diacono
500 532 657 577 Cardinali,
673 531 849 570 Apostolicae
863 532 930 563 sedis
941 532 1048 571 Legato
1056 555 1066 569 ,
1080 532 1195 562 salutem

137 571 636 642 &Episqgiieotliggfftgzzneddffffdlrig‘te
678 608 834 639 raesentium
882 608 1047 638 mandamus
1089 609 1197 638 uatinus

137 659 243 694 contra·
258 648 390 693 kadffirni
412 634 580 692 in'.Ch¹'ist.0.
595 647 647 691 filii.
657 619 762 691 iiostri,
780 632 889 690 illustssris
904 647 991 690 Regis
1006 618 1134 685 Angiliae,
1153 647 1198 677 vel

138 688 257 720 Nobilis
271 688 323 718 vin
337 685 455 717 Ricardi
469 685 594 716 Comitis
616 684 765 723 pustaviae,
782 685 871 715 fratris
892 695 965 723 ejus,
982 685 1147 723 personam,
1165 684 1199 714 ad

139 726 403 762 denunciationem,
421 724 466 754 vel
481 724 669 763 prolationem
682 723 832 760 generalis,
850 723 896 753 vel
916 723 1036 760 specialis
1057 723 1200 753 sententiae

138 764 441 797 excommunicationis
455 773 503 800 per
516 771 560 801 te,
577 761 623 793 vel
640 772 689 806 per
704 762 790 806 aliurn
806 771 866 792 non
882 761 1031 800 procedaS,
1050 761 1100 791 nisi
1120 761 1201 799 super

141 806 199 836 hoc
214 802 377 834 mandatum
390 800 520 832 nostruin
533 800 679 838 susceperis
697 800 820 838 speciale.

180 880 257 911 Data
272 878 399 910 Lateran.
416 877 457 908 ld.
478 876 568 916 Maii,
586 875 746 907 Pontificat.
767 876 827 908 &c.
850 886 894 907 10.

3 1039 41 1067 q
68 1044 132 1072 ²94·
470 1005 490 1026 '⁶‘
518 1004 607 1037 Bulla
628 1003 663 1036 de
678 1007 879 1050 Exemptione.

1 1103 80 1134 Ann-
93 1100 134 1131 D.
149 1069 357 1155 Honorius
378 1089 548 1128 Episcopus,
566 1089 657 1120 servus
675 1089 822 1132 servorum
843 1087 919 1125 Dei,
935 1086 1040 1131 dilecto
1061 1084 1121 1116 filio
1143 1084 1207 1115 Ab-

30 1147 112 1177 1227-
241 1132 299 1175 bati
310 1130 348 1160 de
361 1128 405 1173 Be¹
419 1129 484 1173 liam
493 1153 502 1167 ,
520 1128 636 1172 salutem
651 1128 684 1158 &
698 1126 881 1164 apostolicam
894 1125 1141 1169 benedidtionem3

2 1185 55 1209 An.
75 1189 116 1206 1¹.
189 1169 217 1200 A
231 1169 314 1200 nobis
329 1168 407 1198 humi
420 1176 471 1198 iter
485 1166 626 1205 postulasti
638 1175 686 1210 ut,
701 1175 769 1195 cum
784 1174 842 1194 non
855 1164 955 1208 habens
972 1173 1039 1202 juris
1062 1172 1208 1206 peritiam,

3 1224 38 1247 H.
60 1228 85 1254 3-
153 1210 191 1252 δε-
202 1219 251 1247 per
261 1207 432 1246 judiciorum
446 1205 591 1244 strepitum
607 1212 751 1242 contingat
764 1203 864 1232 sancitae
877 1213 907 1232 m
921 1211 949 1233 te
960 1201 1209 1237 contemplationis

4 1256 136 1292 Exorigi-
152 1257 245 1279 onum
260 1245 406 1283 impediri,
424 1245 544 1274 eximere
557 1252 585 1274 te
596 1253 611 1273 a
624 1241 858 1273 commissionum
872 1241 1033 1271 nostrarum
1047 1238 1210 1275 sollicitudi-

4 1305 44 1323 ης,
153 1296 191 1317 ne
203 1285 388 1325 dignaremur.
413 1282 481 1313 Nos
496 1292 581 1320 ergo,
600 1282 651 1310 tuis
673 1279 916 1317 supplicationibus
935 1286 1105 1316 annuentes,
1120 1277 1209 1307 devo-

153 1325 225 1355 tioni
237 1331 294 1353 tuae
305 1322 469 1353 auetoritate
484 1319 658 1357 praesentium
672 1317 863 1354 indulgemus,
881 1318 919 1346 ne
933 1327 983 1354 per
996 1315 1211 1346 commissiones

154 1362 277 1400 nostras,
294 1370 359 1399 quas
378 1359 415 1389 de
435 1367 540 1388 caetero
558 1356 593 1386 ad
613 1364 640 1386 te
657 1357 798 1392 impetrari
810 1356 976 1394 contigerit,
995 1353 1149 1392 procedere
1169 1361 1211 1383 te-

156 1402 263 1438 nearis,
280 1400 301 1430 fi
316 1399 351 1428 de
364 1396 533 1435 indulgentia
545 1393 703 1432 hujusmodi
716 1403 776 1423 non
789 1394 905 1424 fecerint
923 1394 1109 1423 mentionem.
1129 1391 1213 1422 Nulli

156 1450 186 1470 er
205 1450 225 1469 o
243 1437 365 1469 omnino
387 1435 539 1465 hominum
556 1433 637 1463 liceat
656 1432 729 1462 hanc
753 1433 883 1471 paginam
903 1431 1008 1462 nostrae
1023 1429 1214 1462 concessionis

155 1449 323 1516 inffingere,
338 1474 383 1505 vel
404 1474 430 1503 ei
454 1472 519 1503 ausu
537 1472 685 1502 temerario
704 1472 850 1501 contraire.
887 1470 978 1508 Siquis
993 1479 1089 1500 autem
1102 1470 1160 1500 hoc
1175 1478 1216 1499 at-

155 1523 293 1553 temptare
305 1511 524 1551 praesumpserit,
541 1509 765 1549 indignationem
776 1510 982 1547 omnipotentis
1003 1508 1079 1547 Dei,
1097 1509 1131 1539 &
1151 1508 1218 1538 bea-

155 1562 251 1585 torum
265 1551 342 1583 Petri
355 1552 389 1582 &
404 1550 483 1580 Pauli
495 1549 690 1588 apostolorum
705 1548 762 1586 ejus
774 1548 801 1578 se
813 1549 925 1578 noverit
940 1547 1124 1578 incursurum.

194 1591 263 1623 Dat.
278 1590 407 1622 Lateran.
422 1598 437 1628 3
455 1587 623 1628 KaLJunii,
641 1586 825 1618 Pontificatus
840 1585 927 1617 nostri
940 1596 1016 1616 anno
1030 1585 1154 1616 decimo.

602 1663 669 1695 Filis
676 1662 778 1704 sericiis
784 1664 864 1704 flavi
878 1662 1002 1704 rubeique
1017 1660 1116 1692 coloris.

415 1793 464 1826 De
484 1789 638 1824 Conduilu
658 1793 784 1824 Comitis
802 1789 838 1823 de
858 1792 897 1823 Gi
911 1801 971 1822 nes.

16 1889 149 1924 '‘m-1⁴1),
166 1877 382 1947 BAgiewinus
402 1876 514 1922 Comes
532 1876 569 1907 de
587 1875 688 1907 Gisnes
709 1876 794 1919 habet
812 1875 914 1906 litteras
934 1874 1059 1919 Domini
1078 1873 1168 1917 Regis
1189 1872 1226 1903 de

266 1915 397 1947 ondustu
409 1925 439 1945 in
451 1915 594 1946 vemendo
606 1915 641 1945 ad
656 1914 822 1945 Dominum
837 1914 950 1953 Regem
971 1923 1000 1942 in
1022 1912 1174 1951 Angliam,
1191 1911 1227 1941 ad

18 1938 132 1998 Λὲῗῖζ
166 1954 345 1994 loquendum
356 1963 425 1999 cum
441 1964 495 1999 eo,
509 1955 543 1985 &
556 1953 664 1999 ibidem
678 1952 818 1983 morando
842 1954 876 1984 ὅ(
890 1951 957 1983 inde
968 1950 1226 1989 redeundo,usque

21 2013 55 2037 Η.
77 2017 103 2045 3,
166 1994 203 2025 ad
217 1994 321 2025 festum
333 1993 408 2024 beati
420 1992 496 2023 Petri
509 1993 543 2023 ad
557 1992 688 2030 vincula,
704 2001 797 2030 anno,
849 2002 875 2022 c.
895 2000 940 2021 11.

204 2032 244 2064 Et
257 2030 421 2063 mandatum
432 2031 473 2062 est
485 2031 619 2063 omnibus
633 2030 742 2062 Ballivis
755 2031 789 2061 &
801 2029 927 2060 fidelibus
935 2053 945 2068 ,
962 2029 1023 2060 δῖε.

20 2052 79 2076 Par.
108 2055 150 2072 ii.

22 2090 152 2122 H.3.m.5.

430 2161 480 2193 De
493 2159 529 2191 T
522 2161 618 2205 rengis
635 2169 705 2191 cum
729 2159 806 2204 Rege
825 2159 966 2190 Francia.

27 2264 105 2297 m·
118 2263 162 2294 ο-
175 2244 366 2314 Rsssss·
382 2242 980 2313 swern
1002 2280 1028 2312 ff
1144 2280 1177 2311 ἃ
1192 2279 1219 2309 d-

30 2311 134 2373 ἱῃηιῗι
175 2322 265 2367 idrus
284 2293 426 2366 &atifisdgpis
447 2320 543 2352 noster
552 2291 757 2359 rfflssiisppugege
771 2291 921 2351 Albhrliiragg
933 2306 938 2311 ι
955 2292 1004 2358 qd}
1016 2291 1110 2360 ῐξιῗξέξ
1118 2290 1234 2349 'fueruxii

29 2387 65 2411 Η·
78 2365 109 2415 ¹3-
137 2362 142 2369 '
178 2371 207 2407 in
222 2359 358 2401 Francia,
377 2360 477 2391 reversi
490 2359 569 2398 sunt,
587 2361 750 2404 nunciantes
763 2360 845 2390 nobis
858 2345 936 2397 quod
949 2360 1023 2389 initae
1036 2359 1097 2403 sun-t
1111 2358 1237 2402 Treugie

29 2420 115 2455 claris.
122 2429 129 2445 ¹
141 2428 164 2445 ¹.
179 2408 256 2444 inter·
271 2409 342 2438 nos,
361 2401 402 2453 &‚
415 2399 530 2439 Regem
551 2399 697 2443 Francrae,
712 2398 798 2442 usque
821 2397 855 2427 ad
876 2397 980 2428 festum
994 2397 1089 2428 Saneti
1099 2396 1237 2441 Johanms

31 2463 67 2488 H·
87 2467 111 2494 3·
125 2466 162 2484 m·
180 2437 680 2515 ἓὲιρὲίῆἓξὲἳὲᾙὲῃέῖηωωωῳῑ
691 2445 804 2467 interim
815 2436 949 2467 trac'tetur
960 2436 996 2466 de
1012 2445 1082 2475 pace
1096 2443 1169 2466 inter
1176 2444 1240 2474 nOS,

35 2506 63 2534 ⁷⁴
77 2498 104 2525 ⁴¹⁸
219 2488 309 2553 Slupler
324 2525 382 2553 quo
395 2499 550 2544 retulerunt
563 2513 645 2543 nobis
660 2512 787 2551 praediffi
803 2514 888 2544 verba
909 2513 1003 2550 bona,
1023 2522 1088 2551 quae
1108 2511 1242 2543 nolumus

184 2553 220 2585 ad
235 2553 352 2591 praesens
366 2553 416 2583 scri
438 2561 468 2583 to
483 2551 686 2583 commendare
695 2575 703 2590 ,
721 2553 754 2583 &
767 2562 832 2590 quae
845 2552 927 2582 vobis
942 2551 1165 2588 complacebunt
1172 2560 1242 2581 cum

185 2602 218 2623 ea
230 2591 381 2622 audieritis:
432 2600 444 2621 t
457 2601 526 2629 nOS,
542 2591 595 2620 hac
611 2591 778 2629 occalione,
796 2591 949 2629 passagium
964 2590 1096 2620 nostrum
1110 2591 1138 2619 in
1153 2589 1244 2626 respe—

184 2631 267 2661 &um
283 2629 424 2668 posuimus
433 2652 443 2668 ,
462 2639 516 2659 nec
531 2630 677 2659 veniemus
689 2628 722 2659 ad
736 2629 853 2667 praesens
867 2629 1068 2666 Wintoniam,
1078 2627 1149 2658 sicut
1162 2627 1245 2659 vobis

186 2668 420 2700 mandaverimus.

225 2707 328 2738 Grates
343 2708 426 2746 igitur
441 2706 523 2736 vobis
538 2705 705 2743 multiplices
718 2705 867 2736 referentes
881 2705 917 2736 de
931 2706 1009 2736 bona
1020 2704 1166 2737 voluntate
1186 2713 1249 2736 ves·

186 2754 247 2784 tra,
265 2746 299 2777 ὃς
321 2744 358 2775 de
377 2751 469 2783 paratu
492 2744 605 2781 vestro,
624 2744 702 2775 facto
722 2744 756 2774 ad
776 2744 1008 2775 transfretandum
1028 2743 1198 2781 nobiscum,
1216 2749 1247 2772 ut

187 2784 361 2822 audivimus,
379 2794 431 2828 vos
443 2782 481 2812 de
515 2783 634 2827 raedid‘tis
652 2782 783 2813 duximus
804 2783 1047 2827 praemuniendosz,
1065 2782 1084 2812 si
1107 2781 1249 2827 nifimntes

188 2821 489 2898 {usssstssiaieiffi'a
504 2820 1086 2899 affiisssssffssssffffiaeffisigffiiss‘azff
1110 2831 1157 2852 ¹¹²⁰
1184 2821 1251 2850 Μ’

227 2898 317 2930 Teste
330 2899 413 2939 Rege
423 2897 498 2949 apud
508 2898 796 2930 Westmonasterium
804 2922 814 2938 ‚
836 2907 871 2938 17
885 2898 1011 2938 dieJulii.

406 3021 567 3067 Ejusmodi
586 3024 703 3055 Littera
721 3021 757 3055 de
774 3020 879 3069 iifiiem
895 3022 1033 3069 Treugis.

51 3118 181 3153 Arm-D·
198 3105 283 3164 RB
292 3105 336 3150 X.
347 3106 523 3151 Vicecomiti
537 3106 669 3138 Lincoln.
685 3107 808 3152 salutem.
1222 3146 1227 3152 ,

74 3166 158 3197 1227·
290 3144 366 3175 Scias
377 3144 456 3183 quod
469 3154 545 3176 initae
558 3146 620 3176 sunt
633 3154 738 3185 treugae
752 3156 823 3177 inter
838 3145 922 3184 Nos,
939 3147 973 3178 &
993 3146 1106 3186 Regem
1128 3146 1152 3176 F
1153 3155 1254 3176 ranciae

53 3202 106 3228 Aa*
126 3207 168 3224 Η,
200 3182 287 3227 usque
307 3183 342 3214 ad
363 3183 467 3214 festum
486 3183 581 3214 Sanffi
598 3183 735 3222 Johannis
747 3184 905 3228 Baptistae,
923 3195 1000 3216 anno
1012 3188 1096 3222 Regni
1110 3184 1191 3225 nostri
1210 3194 1255 3214 12.

202 3229 234 3252 ut
247 3230 362 3252 interim
377 3223 509 3253 metetur
521 3222 557 3253 de
571 3231 639 3260 pace
654 3221 734 3252 firma
745 3232 817 3254 mter
828 3234 897 3261 nos,
915 3224 948 3254 &
963 3223 1052 3261 ipsum
1060 3223 1258 3261 reformandaz,

54 3243 136 3273 ⁸3·

52 3259 154 3312 εἰμί,
164 3282 187 3300 ι,
203 3270 257 3299 pro
280 3270 340 3298 quo
362 3270 422 3291 non
443 3261 606 3299 possumus,
623 3260 691 3291 sicut
704 3262 952 3300 proposueramus,
969 3261 1003 3292 ad
1015 3262 1074 3293 hoc
1088 3261 1189 3292 instans
1204 3261 1259 3292 fes-

1 3311 3 3320 *
55 3319 89 3342 H.
112 3323 138 3349 3·
151 3322 187 3340 m·
201 3307 264 3329 tum
277 3298 373 3329 Sandh'
385 3298 463 3329 Petri
472 3298 506 3329 ad
521 3298 649 3338 vincula,
667 3300 696 3328 in
710 3299 860 3330 Wasconia
884 3300 1065 3331 transfretare,

0 3364 1 3367 ¹
57 3361 86 3387 7.
102 3352 128 3380 A.

205 3414 248 3444 W
251 3415 388 3445 intoniam
403 3421 480 3445 erant
494 3414 621 3451 venturi,
638 3413 673 3444 ad
687 3413 832 3451 praefatum
846 3416 1001 3446 terminum
1022 3416 1105 3454 illuc,
1124 3425 1156 3446 ea
1175 3426 1261 3446 occa-

207 3451 302 3491 sione,
318 3462 379 3482 non
394 3452 514 3483 veniant.

244 3490 367 3535 'Litteras
380 3500 474 3521 autern
483 3488 606 3533 nostras,
624 3499 689 3528 quas
703 3489 756 3520 tibi
768 3491 1010 3530 mittimus,certis
1025 3493 1145 3530 personis
1156 3492 1192 3523 de
1199 3491 1264 3523 Co—

210 3537 310 3574 mitatu
323 3537 375 3573 tuo
390 3529 526 3568 dimetas,
543 3528 611 3566 hus,
630 3528 731 3566 quibus
744 3528 913 3568 diriguntur,
931 3540 1001 3562 curn
1019 3532 1132 3563 summa
1151 3530 1265 3562 festina-

210 3576 290 3599 tione
301 3577 402 3599 mittas.

248 3643 340 3676 Teste
353 3643 461 3683 meipso
473 3643 547 3683 apud
559 3641 864 3682 westmonasterium,
884 3653 920 3684 17
934 3645 980 3676 die
987 3645 1063 3685 Julii.

64 3785 80 3801 n
96 3784 121 3812 Ι,
132 3791 196 3819 295·
352 3767 381 3795 ³1&
407 3767 583 3813 Nottficatio
600 3768 791 3814 Treugarum
806 3777 875 3799 cum
891 3769 968 3813 Rege
987 3770 1129 3802 Franciae.

65 3859 143 3890 Ann,
157 3857 199 3889 D,
216 3852 344 3911 REX
368 3854 502 3886 universis
516 3878 527 3892 ,
549 3852 586 3884 ad
606 3862 678 3892 quos
697 3853 844 3890 praeientes
862 3850 950 3882 literae
969 3854 1149 3889 pervenerint
1164 3876 1174 3891 ,
1203 3851 1272 3883 salu-

68 3905 180 3965 ‘3:23-
240 3899 386 3975 ,thxttrerit-
400 3930 558 3962 universitas
572 3929 664 3975 vestra
676 3928 754 3968 quod
769 3937 904 3973 noscum
917 3927 1072 3972 Lodovico
1086 3929 1172 3966 Rege
1186 3928 1274 3959 Fran-

69 3980 132 4003 Hen.
153 3984 178 4011 3.
219 3976 273 4013 Cla}
294 3969 328 3999 &
348 3969 400 3999 suis
419 3979 528 4010 treugas
547 3971 680 4000 inwimus
695 3978 749 4006 pro
760 3967 844 3997 nobis
859 3967 892 3998 &
905 3965 1024 4005 nostris,
1041 3968 1100 3998 tam
1116 3977 1165 4005 per
1180 3977 1275 4004 mare,

67 4017 130 4041 Par.
158 4022 167 4039 1
176 4022 200 4040 1.
219 4014 307 4042 quam
318 4016 367 4043 per
380 4008 596 4047 terram‚usque
607 4007 641 4037 ad
658 4005 773 4036 Festum
787 4005 883 4036 Sandti
892 4003 1029 4043 johannis
1034 4005 1166 4043 Baptistae
1178 4006 1276 4044 proxi-

68 4056 200 4088 111‚3,m,4,
220 4052 272 4073 mo
285 4053 438 4075 venturum
449 4046 590 4077 duraturas
603 4046 650 4076 tali
662 4044 761 4075 modo.

258 4081 350 4121 Quod
364 4082 384 4114 fi
396 4084 425 4119 in
450 4085 453 4087 “
466 4094 536 4125 euga
548 4084 631 4116 fuerit
643 4085 831 4122 interceptum
840 4080 891 4121 ,de
905 4067 1109 4121 interceptione
1121 4080 1277 4114 emendan-

240 3337 279 3368 Et
299 3336 365 3381 ideo
386 3338 437 3367 tibi
459 3339 639 3375 praecipimus
661 3337 757 3376 quod,
774 3348 823 3375 per
835 3347 927 3369 totam
940 3339 1073 3370 ballivam
1088 3347 1182 3377 tuam,
1201 3339 1258 3369 cla-

207 3377 278 3406 mari
291 3375 391 3413 facias,
409 3375 489 3414 quod
501 3385 619 3413 omnes,
637 3377 686 3413 qui
699 3385 748 3413 per
761 3375 1013 3408 summonitionem
1027 3377 1154 3408 nostram
1174 3378 1262 3415 usque

1230 185 1707 232 PUBLICA.

1230 268 1265 300 da
1280 270 1318 301 fic
1331 273 1401 316 erit,
1421 271 1486 309 post
1497 277 1756 306 commonitionem
1767 274 1871 306 saetam
1882 283 1933 313 per
1944 273 2131 307 Senescallum
2155 272 2286 304 nostrum
2301 268 2377 299 ΑΒΗ.
2387 267 2428 297 D-

1232 309 1411 354 Wasconiae,
1431 311 1476 341 vel
1496 321 1545 348 per
1566 312 1702 343 Ballivum
1722 315 1796 353 ejus,
1812 315 1845 345 δε
1866 324 1916 351 per
1934 314 2028 344 bonos
2049 314 2083 344 &
2103 312 2221 342 idoneos
2243 312 2286 342 vi-
2324 312 2409 342 1227·

1231 357 1278 377 ros
1291 371 1301 391 ,
1320 349 1370 378 {ibi
1390 348 1541 379 assistentes
1553 374 1563 387 ,
1583 351 1755 382 malefa&ori
1776 354 1804 382 in
1824 354 1936 390 propria
1957 352 2074 390 persona
2086 374 2096 388 ,
2116 350 2135 380 fi
2155 351 2286 381 inventus
2305 350 2368 375 Hen-
2382 354 2409 380 3·

1232 385 1331 429 fuerit,
1350 386 1489 431 vel-apud
1508 387 1671 426 Hospitium
1692 389 1788 429 suurn,
1806 390 1852 420 vel
1872 389 1946 427 apud
1966 392 2023 428 ejus
2037 389 2162 427 vicinos,
2180 388 2226 418 vel
2235 388 2285 418 ali-

1235 433 1280 453 cui
1293 424 1329 468 de
1343 424 1445 469 familia
1460 425 1521 464 sua,
1540 426 1560 456 si
1581 427 1700 457 inveniri
1717 437 1776 457 non
1794 429 1913 465 poterit,
1932 428 2081 458 emendare
2094 427 2215 464 plenarie
2229 436 2284 456 no-

1233 462 1329 506 luerit,
1347 463 1418 507 infra
1440 464 1618 504 quadraginta
1639 464 1696 495 dies
1716 465 1866 503 postquam
1885 467 2075 496 commonitio
2097 465 2169 495 facta
2184 463 2286 503 fuerit,

1234 500 1295 539 ille,
1314 512 1360 532 cui
1381 501 1466 533 fuerit
1485 503 1661 534 forisfactum
1703 505 1807 544 poterit
1826 513 1938 533 currere
1958 503 2037 541 super
2057 503 2286 541 malefactorem,

1233 538 1328 584 donec
1342 540 1463 578 plenarie
1477 541 1559 572 fuerit
1573 525 1773 579 emendatum,
1794 541 1827 571 &
1842 550 1911 578 nos,
1931 541 1987 571 fine
1997 542 2163 579 mesfacere,
2182 541 2289 580 poteri-

1234 587 1297 608 mus
1310 588 1403 615 1uvare
1415 579 1545 610 nostrum
1559 580 1708 610 hominem
1721 586 1820 609 contra
1833 588 1915 616 eum,
1935 579 1982 616 qui
1996 579 2170 610 forisfaffitum
2185 588 2287 609 emen-

1232 615 1299 684 ‹fiare
1313 617 1450 661 noluerit,
1468 618 1562 649 donec
1576 618 1660 649 fuerit
1678 617 1877 655 emendatum,
1895 618 1928 648 &
1941 617 2007 646 Rex
2020 617 2143 647 Franciae
2164 616 2289 647 similiter

1245 664 1325 686 acere
1337 663 1446 693 poterit.

1271 693 1309 724 Et
1322 694 1466 724 sciendum
1482 693 1560 732 quod
1575 694 1741 725 Maifiacum
1754 703 1814 724 non
1828 693 1869 724 est
1880 694 1909 723 in
1921 701 2034 733 treuga,
2052 702 2105 723 nec
2118 692 2241 723 Banaoni
2260 694 2291 723 in

1237 731 1288 761 hiis
1301 734 1401 772 treugis
1415 734 1518 770 poterit
1530 731 1679 763 inforciari.

1266 770 1431 813 *Praeterea,
1450 771 1469 800 si
1482 771 1570 808 aliqua
1584 772 1725 802 fortericia
1734 793 1743 808 ‚
1758 770 1804 801 vel
1818 769 1930 808 aliquod
1942 769 2092 807 Castrum,
2110 768 2155 799 vel
2178 767 2291 806 persona

1238 807 1350 846 alicujus
1364 809 1484 847 nobilis,
1501 808 1662 839 durantibus
1686 810 1807 847 treugis,
1825 818 1985 847 caperetur,
2002 808 2047 838 vel
2066 807 2170 838 furtive
2191 806 2293 836 subtra-

1241 846 1370 884 heretur,
1389 846 1481 876 statim
1494 857 1563 884 nOS,
1581 848 1626 878 vel
1642 857 1691 885 per
1705 857 1773 884 nOS,
1793 847 1838 878 vel
1853 857 1902 884 per
1912 855 2008 886 gentes
2018 845 2141 883 nostras,
2158 844 2294 875 sinemes-

1240 883 1346 922 facere,
1366 884 1408 929 dr:⁴
1416 885 1467 914 hiis
1481 886 1634 923 poterimus
1649 896 1700 916 nos
1708 886 1821 924 juvare,
1839 886 1872 916 &
1888 885 1954 915 Rex
1966 884 2090 914 Franciae
2112 884 2233 913 similiter
2253 882 2295 913 fa-

1239 931 1305 952 cere
1319 930 1430 960 poterit.

1265 959 1349 1003 'Nos
1362 969 1455 991 autem
1469 961 1517 991 has
1530 970 1591 991 treu
1645 985 1654 999 ,
1669 960 1785 991 fideliter
1797 962 1830 992 &
1845 962 1922 991 bona
1934 959 1990 990 fide
2004 959 2187 990 observandas
2208 969 2223 988 a
2244 968 2298 989 no-

1242 998 1283 1027 bis
1296 999 1329 1028 ὃ(
1344 998 1462 1036 nostris,
1480 1009 1574 1029 conce
1597 1009 1684 1036 imus,
1701 1000 1825 1037 &jurari
1840 999 1957 1028 fecimus
1970 1000 1998 1027 in
2012 1000 2133 1028 animam
2145 997 2271 1027 nostram
2283 1007 2299 1026 a

1242 1037 1394 1066 venerabili
1426 1045 1482 1066 atre
1496 1036 1549 1066 W.
1565 1036 1686 1066 Carleol.
1701 1037 1858 1075 Episcopo,
1875 1038 1908 1067 &
1922 1036 2026 1066 dilen-0
2041 1038 2075 1067 &
2098 1035 2172 1066 fideli
2196 1034 2296 1065 nostro

1245 1072 1379 1112 Philippo
1414 1084 1430 1104 e
1444 1073 1595 1105 Albiniaco
1611 1074 1706 1105 Milite
1719 1074 1826 1104 nostro.

1284 1149 1376 1181 Teste
1388 1151 1496 1189 meipso
1508 1150 1581 1190 apud
1594 1148 1884 1182 Westmonasterium
1892 1173 1902 1187 ,
1925 1157 1960 1187 19
1973 1148 2019 1179 die
2029 1148 2104 1187 Julii.

2203 201 2277 230 101

1530 1279 1650 1310 Littera
1668 1279 1778 1324 Legati
1795 1274 1916 1321 Papalis
1936 1276 2019 1320 Regi.

1252 1362 1438 1424 I.:[Enrico¹
1455 1363 1530 1403 Regi
1549 1362 1715 1408 *Anglorum
1727 1361 1825 1406 illustri
1839 1360 1990 1405 Romanus
2006 1358 2180 1402 miseratione
2194 1354 2306 1392 divina,
2326 1349 2401 1380 Arm.
2413 1348 2454 1379 D.

1344 1402 1441 1433 San&
1453 1401 1556 1441 Angeli
1568 1401 1715 1432 Diaconus
1730 1399 1884 1431 Cardmalis
1892 1423 1902 1438 ,
1910 1397 2086 1437 Apostolicae
2100 1394 2166 1426 sedis
2175 1394 2308 1431 LegatuS,
2358 1395 2443 1424 1227·

1251 1443 1366 1473 salutem
1377 1442 1406 1470 in
1421 1450 1476 1479 eo,
1495 1442 1542 1478 qui
1558 1439 1685 1485 Regibus
1700 1439 1746 1470 dat
1759 1439 1881 1469 salutem.
2329 1430 2380 1454 An.
2404 1434 2448 1452 1¹·

1291 1479 1473 1510 Excellentiae
1486 1478 1587 1509 vestrae
1600 1479 1707 1517 literas,
1725 1480 1759 1510 ὅς
1774 1477 1909 1508 Nuncios
1919 1475 2044 1512 vestros,
2063 1482 2134 1512 quos
2146 1470 2180 1502 ad
2194 1470 2308 1539 ηοῐξιῐὲιέ-
2329 1470 2371 1530 {x
2385 1473 2466 1530 {gova

2304 1532 2313 1545 5

1255 1519 1336 1557 sistis,
1354 1519 1466 1549 honore
1480 1517 1579 1548 debito
1595 1518 1776 1555 recipientes,
1793 1517 1853 1546 tam
1866 1514 1987 1553 ipsarum
2001 1521 2147 1548 tenorem,
2166 1509 2221 1548 qua
2253 1546 2301 1578 dili
2331 1540 2443 1569 sandeta

1255 1567 1321 1596 quae
1341 1558 1424 1587 nobis
1446 1565 1480 1587 ex
1499 1565 1575 1595 parte
1594 1555 1685 1588 vestra
1703 1565 1754 1587 ore
1775 1564 1854 1586 tenus
1867 1553 2038 1590 retulerunt,
2055 1549 2240 1582 intelleximus
2332 1582 2358 1608 in
2365 1582 2445 1606 Turre

1275 1605 1362 1627 enter.

1255 1605 1274 1636 g
1297 1634 1467 1673 Cupientes,
1485 1642 1621 1672 quantum
1634 1643 1702 1664 cum
1716 1632 1785 1663 Deo
1797 1631 1960 1670 possumuS,
1977 1630 2119 1672 honorem
2133 1625 2260 1669 vestrum
2275 1622 2318 1653 di·
2333 1616 2412 1647 tona.

1259 1672 1363 1712 ligere,
1381 1683 1414 1703 ac
1430 1673 1577 1711 personam
1591 1671 1714 1703 vestram
1728 1671 1832 1702 sincera
1845 1670 1961 1701 metare
1973 1671 2004 1699 in
2018 1667 2152 1698 Domino
2166 1665 2318 1700 charitate,

1262 1713 1332 1744 sicut
1347 1711 1426 1750 quod
1438 1711 1592 1749 plurimum
1603 1711 1735 1742 volumus
1749 1720 1813 1748 quae
1826 1709 1861 1740 ad
1873 1708 2015 1739 honorem
2031 1705 2155 1738 vestrum
2179 1703 2214 1734 &
2235 1711 2321 1746 com-5

1262 1750 1385 1782 modum
1405 1750 1529 1788 spen-ire
1549 1749 1697 1787 videntur,
1714 1750 1749 1780 ὃς
1770 1749 1900 1786 cupimus
1915 1754 2080 1785 procurare;
2098 1742 2169 1773 sicut
2191 1739 2320 1780 praedieti

1262 1790 1374 1823 Nuncii
1387 1788 1472 1820 vestri
1485 1787 1586 1820 vestrae
1601 1788 1736 1819 serenitati
1750 1787 1853 1817 referre
1868 1793 2001 1824 poterunt
2012 1785 2076 1815 viva
2087 1791 2170 1813 voce.

1301 1827 1356 1866 Ipsi
1370 1829 1447 1858 enirn
1462 1829 1490 1857 in
1505 1827 1640 1858 omnibus
1653 1836 1703 1858 vos
1718 1833 1850 1863 poterunt
1868 1823 1984 1855 reddere
2005 1823 2155 1858 certiores,
2173 1827 2244 1857 quos
2265 1826 2320 1855 pro

1262 1867 1307 1899 sua
1320 1866 1503 1898 sollicitudine
1516 1866 1549 1896 ὃ(
1564 1865 1660 1896 labore
1673 1863 1763 1896 velitis
1776 1864 1879 1894 habere
2072 1856 2298 1890 commendatos.

1244 1963 1246 1967 -
1303 1943 1371 1974 Dat.
1384 1941 1460 1973 Paris
1477 1952 1494 1981 9
1509 1941 1575 1972 Kal.
1593 1940 1668 1979 Aug.

1646 2014 1733 2056 Dorfh

1808 2018 1847 2046 H.
1861 2016 1926 2053 Regi
1941 2012 2094 2052 Anglorum
2109 2010 2216 2053 illustri.

1458 2166 1577 2198 Litterae
1594 2160 1794 2197 Credentiales
1811 2155 1997 2205 Principibus
2015 2159 2150 2203 Imperii.

1335 2250 1403 2283 Ex
1425 2250 1566 2282 nobilibus
1582 2250 1663 2288 viris,
1679 2249 1713 2280 sc
1733 2247 1830 2278 amicis
1852 2245 1882 2275 in
1902 2243 2022 2275 Christo
2035 2241 2193 2280 karissimis,
2210 2239 2333 2271 Praeiatis
2351 2222 2483 2299 Aug-7¹?-

1271 2256 1328 2312 R
1347 2293 1380 2323 &
1395 2290 1573 2328 Principibus
1583 2287 1717 2327 Imperii,
1735 2287 1784 2325 qui
1796 2284 1925 2317 venerint
1937 2281 2022 2320 usque
2036 2280 2166 2312 Aunvers
2179 2279 2332 2310 inoccursu
2375 2273 2387 2293 ¹

1273 2330 1464 2400 Issaelatomffi
1481 2329 1521 2398 «ἓξ
1537 2327 1711 2366 Magnarum
1730 2322 1896 2356 nostrorum
1911 2346 1921 2361 ,
1944 2321 2060 2351 salutem
2086 2320 2121 2351 &
2147 2318 2281 2350 sinceram
2303 2319 2331 2349 in
2352 2306 2469 2376 2'f'3{¹·

1310 2378 1412 2400 ommo
1447 2377 1482 2398 ie
1513 2377 1621 2398 ionem.

1310 2408 1363 2441 ,Ad
1382 2406 1557 2447 praesentiam
1579 2403 1730 2436 nobilitatis
1749 2401 1850 2434 vestrae
1868 2398 2037 2431 destinamus
2059 2397 2230 2428 venerabiles
2251 2403 2339 2435 patres
2355 2384 2477 2452 {5²⁸2}

1278 2446 1334 2477 W.
1350 2446 1483 2477 Eborum
1498 2443 1754 2482 Archiepiscopum
1769 2439 1880 2477 Angliae
1893 2438 2069 2475 {Primatem‚
2084 2436 2121 2466 A.
2141 2434 2283 2467 Coventr.
2305 2435 2339 2466 &
2359 2456 2376 2484 d
2388 2427 2421 2453 '3'
2454 2436 2459 2442 ’
2482 2434 2491 2442 ·

1279 2486 1341 2516 Th.
1357 2484 1496 2516 Norwic.
1510 2483 1682 2521 Episcopos:
1703 2482 1736 2513 &
1750 2479 1869 2511 dileetos
1883 2478 1917 2509 &
1931 2476 2025 2507 fideles
2034 2474 2149 2521 nostros
2169 2474 2221 2505 W.
2237 2473 2343 2504 Comi·
2378 2477 2384 2483 ·

1281 2532 1341 2555 tem
1356 2523 1393 2554 de
1407 2522 1510 2554 Penbr.
1526 2519 1724 2552 Marescallum
1740 2518 1870 2557 Angliae,
1885 2515 1925 2546 G.
1949 2514 2103 2546 Comitem
2118 2511 2287 2557 Cloucestr-
2308 2511 2343 2542 &

1280 2561 1430 2593 Hertford.
1451 2560 1504 2591 W.
1524 2559 1675 2591 Comitem
1700 2555 1854 2588 Albemarl.
1876 2554 1904 2592 J.
1928 2551 2175 2584 Constabularium
2194 2550 2288 2581 Cestr.
2309 2550 2344 2581 δε

1281 2600 1440 2632 Radulfiitn
1454 2599 1544 2630 filium
1558 2596 1698 2628 Nicholai
1712 2595 1880 2633 Dapiferum
1894 2591 2041 2629 nostrum,
2058 2589 2093 2621 ad
2106 2589 2284 2620 tradiandum
2291 2598 2347 2620 vo-

1281 2640 1390 2670 biscum
1412 2637 1449 2669 de
1468 2635 1716 2668 confoederatione
1735 2632 1860 2664 facienda
1877 2632 1948 2662 inter
1966 2629 2136 2674 *illustrem
2150 2628 2263 2668 Regem
2277 2626 2346 2658 Ale-

1284 2678 1405 2709 manniae
1419 2678 1452 2708 &
1470 2676 1516 2707 lm
1537 2676 1644 2713 erium,
1662 2675 1696 2706 «Sc
1709 2682 1761 2703 nos
1774 2673 1808 2704 &
1822 2671 1977 2710 Regnum,
1987 2677 2065 2708 Juxta
2080 2667 2160 2706 quod
2179 2668 2290 2699 locutus
2307 2664 2349 2710 ei’t

1285 2716 1437 2748 nobiscum
1449 2716 1493 2746 vir
1507 2686 1639 2745 discretus
1651 2711 1818 2750 Conradus,
1836 2707 2006 2747 Praepositus
2021 2705 2139 2745 Spirens.
2153 2715 2188 2738 ex
2196 2712 2273 2745 parte
2279 2704 2350 2736 dian

1286 2756 1376 2792 Regis
1391 2755 1424 2785 &
1438 2752 1552 2792 Imperii
1564 2751 1598 2782 ad
1612 2761 1664 2782 nos
1679 2749 1785 2781 miffus.

2365 2647 2381 2664 ”
2391 2647 2415 2675 1.
2431 2642 2496 2681 ²962

2002 2782 2121 2814 raedistis
2135 2782 2222 2814 fidem
2236 2782 2350 2814 adhibe-

1328 2793 1442 2832 Qibus
1461 2791 1583 2823 Praelatis
1603 2790 1637 2822 δε
1660 2789 1698 2820 Μ
1733 2788 1841 2820 natibus
1859 2785 1959 2817 nostris
2001 2824 2006 2828 Ι
2060 2823 2065 2828 .
2256 2823 2261 2827 .

1387 2832 1392 2837 ·
2027 2830 2100 2853 erint
2120 2823 2153 2854 ὃς
2176 2822 2294 2853 fecerint
2316 2829 2353 2852 ex

1288 2843 1319 2864 re
1338 2831 1445 2868 velitis,
1465 2831 1544 2872 super
1564 2829 1616 2860 hiis
1638 2798 1773 2860 omriffius
1794 2836 1859 2865 quae
1877 2825 1959 2857 vobis

1291 2879 1367 2910 parte
1381 2869 1485 2902 nostra.

1327 2946 1419 2978 Teste
1433 2944 1540 2983 meipso
1552 2942 1626 2985 apud
1639 2941 1780 2974 Windles.
1795 2948 1896 2980 quarto
1909 2940 1955 2971 die
1968 2936 2148 2976 Septembris.

1434 3081 1485 3113 De
1506 3074 1726 3120 confirmatione
1740 3072 1830 3106 Feodi
1843 3084 1899 3120 pro
1922 3072 2036 3104 comite
2051 3067 2210 3104 Flandriae.

1295 3161 1542 3232 Rlffigniimico
1562 3160 1612 3190 suo
1633 3157 1775 3189 kariffimo
1795 3157 1827 3188 F.
1848 3156 1960 3188 Comiti
1979 3154 2116 3186 Flandriae
2128 3154 2162 3186 &
2177 3152 2301 3184 Hanoiae
2318 3150 2358 3182 sa·
2373 3157 2503 3235 A1n211271)

1332 3241 1430 3271 Sciatis
1443 3237 1520 3278 quod
1534 3235 1718 3268 concedimus
1730 3235 1829 3273 vobis,
1847 3244 1900 3272 pro
1914 3234 2052 3270 homagio
2067 3233 2101 3263 &
2115 3231 2227 3262 servitio
2240 3227 2335 3259 vestro
2344 3252 2354 3265 ,
2372 3240 2425 3265 An.
2444 3246 2454 3264 ι
2463 3245 2489 3263 r.

1298 3280 1352 3310 tale
1366 3278 1482 3309 feodum
1497 3275 1657 3306 habendum
1680 3273 1717 3304 de
1736 3274 1834 3311 nobis,
1854 3272 1936 3310 quale
1955 3271 2100 3302 Dominus
2119 3268 2261 3312 Joharines
2279 3274 2356 3304 pater
2374 3281 2439 3304 Hm,
2458 3283 2483 3311 3,

1299 3317 1393 3349 noster
1405 3317 1486 3348 vobis
1502 3313 1639 3345 concessit
1653 3322 1783 3350 tempore
1797 3311 1846 3342 suo
1860 3321 1914 3349 pro
1928 3310 2061 3348 homagio
2074 3309 2107 3339 &
2121 3304 2355 3349 servino'yestro.
2373 3319 2432 3342 Par.
2445 3322 2454 3340 ι
2464 3322 2473 3339 1
2482 3332 2489 3339 ,

1339 3356 1372 3386 In
1386 3356 1464 3393 cujus
1478 3355 1517 3384 rei
1531 3352 1726 3384 testimonium
1741 3350 1789 3381 has
1802 3351 1901 3381 litteras
1916 3347 2022 3379 nostras
2042 3354 2166 3385 patentes
2188 3343 2272 3375 vobis
2292 3352 2359 3374 mit·
2374 3357 2437 3391 HG·
2446 3361 2472 3379 n.
2482 3351 2509 3385 ²}

1301 3396 1395 3426 timus.

1339 3470 1430 3502 Teste
1444 3468 1551 3507 meipso
1566 3465 1640 3506 apud
1653 3464 1825 3497 Windlesor.
1840 3464 1955 3495 decimo
1967 3461 2044 3493 sexto
2057 3459 2103 3491 die
2116 3459 2287 3490 Decembris
2295 3468 2361 3498 ,an-

1303 3520 1344 3540 no
1359 3509 1452 3548 Regni
1467 3506 1556 3538 nostri
1570 3505 1731 3537 undecimo.

1343 3585 1418 3615 Idem
1433 3588 1523 3615 Comes
1545 3583 1629 3613 hahet
1650 3584 1777 3611 Litteras
1792 3579 1824 3608 de
1842 3578 1971 3608 conduEu
1986 3585 2035 3616 pro
2045 3574 2076 3614 β
2089 3572 2127 3609 &
2133 3573 2193 3614 suis
2204 3585 2268 3615 quos
2274 3573 2363 3614 ficum

1306 3624 1383 3653 ducet
1395 3627 1423 3653 in
1437 3623 1569 3654 veniendo
1584 3626 1612 3651 in
1628 3619 1761 3656 Angliam
1778 3617 1818 3647 ad
1832 3615 1988 3657 loquendum
2005 3625 2063 3644 cum
2085 3615 2201 3643 Domino
2221 3616 2260 3643 Re
2275 3624 2306 3652 e,
2324 3611 2363 3648 &-

1307 3661 1405 3692 ibidem
1419 3662 1564 3698 morando,
1582 3658 1620 3694 ό·
1638 3659 1697 3687 inde
1708 3656 1855 3692 redeund05
1876 3654 1914 3689 &
1930 3656 2027 3685 durent
2038 3652 2140 3682 litterae
2156 3650 2214 3691 tstae
2227 3624 2307 3692 usgue
2327 3649 2369 3681 ad

1307 3700 1412 3740 Festum
1424 3701 1519 3731 Sandli
1534 3700 1674 3735 Martini,
1691 3705 1761 3725 anno
1775 3694 1930 3726 duodecimo.

1346 3775 1436 3807 Teste
1456 3784 1487 3807 ut
1500 3774 1585 3813 supra.

2382 3838 2511 3870 Ann.D.

2411 3883 2495 3913 1227.

2382 3920 2433 3944 An.
2450 3924 2492 3941 ii.

2381 3958 2416 3981 H.
2438 3962 2462 3989 3.

2022 3997 2081 4029 Dei
2092 3997 2177 4037 gratia
2190 3994 2266 4034 Regi
2281 3993 2367 4024 Fran-
2380 3992 2446 4019 Clau
2461 3999 2481 4016 .1
2490 3998 2515 4016 ι.

1995 4022 2062 4069 Rex
2073 4034 2204 4073 Angliae,
2220 4034 2281 4066 &o
2299 4031 2367 4063 salu-
2385 4034 2418 4095 1²1
2433 4038 2462 4094 Ξ
2477 4036 2513 4058 ω.

2290 4108 2372 4139 Sere-

1459 3919 1508 3951 De
1522 3912 1775 3962 interceptionibus
1793 3926 1862 3947 cum
1878 3916 2010 3947 Francia
2022 3910 2220 3947 emendandis.

1379 4002 1493 4033 Omino
1506 4000 1556 4031 suo
1569 4000 1603 4031 &
1613 3999 1821 4038 consanguineo
1837 3996 1990 4030 Ludovico

1398 4042 1450 4073 ciae
1470 4038 1586 4078 illustri,
1604 4037 1748 4070 Hernicus
1768 4035 1868 4068 eadem
1888 4038 1975 4076 gratia

1312 4004 1377 4064 D

1313 4088 1384 4112 tem.

1741 4112 1777 4144 N
1799 4123 1815 4152 3
