2570 4261
166 222 249 251 1288.

136 261 205 287 Edv.
226 269 249 287 i.

289 111 342 153 24

284 224 375 254 dietus
398 223 516 253 Carolus
538 221 744 259 primogenitus
763 228 823 248 non
843 218 1032 255 compleverit
1052 215 1201 253 praedicta:
1221 225 1277 245 nec
1289 213 1345 253 ipse

285 261 405 292 Carolus
420 260 502 299 poffit
517 261 554 290 eis
566 259 640 289 diCta
652 257 753 289 Castra
767 257 888 287 auferre·
967 294 972 300 .
1073 293 1078 298 .
1137 293 1142 298 ¹

325 299 381 337 Et,
400 299 418 328 s1
431 300 583 337 contigerit
594 298 628 327 ali
651 299 691 328 uis
705 305 739 327 ex
755 296 804 326 illis
824 276 987 325 Caiiellanis
1005 302 1096 331 mon,
1110 291 1207 336 Διέὶᾳε
1225 289 1346 322 Carolus

286 339 490 376 primogenitus
502 346 563 367 non
576 347 615 374 po
640 346 678 375 it,
693 336 762 366 loco
776 334 900 372 ipsorum
912 332 1133 376 deffindtoruin,
1151 331 1274 374 aliquem
1283 368 1287 372 Ι
1297 328 1345 359 vel

281 376 388 412 aliquos
400 374 573 405 Castellanos
587 374 770 412 substituere,
786 372 838 403 nifi
849 372 885 403 de
898 371 1109 410 consanguineis
1122 368 1344 407 proximioribus

280 414 427 444 diciorum
444 414 584 444 obsidum.
1158 447 1163 452 ,

320 450 359 481 Et
373 451 423 489 ipsl
434 451 573 483 substituti
584 451 688 483 faciant
700 451 867 490 homagium
883 459 953 480 curn
965 450 1142 490 sacramento
1156 443 1345 488 ipsi—Alphon-

281 489 312 519 so
327 490 361 519 &
373 490 529 521 haeredibus
543 491 609 530 suis,
625 492 701 529 juxta
713 490 838 521 formam
853 488 904 519 sub
919 497 974 526 qua
986 485 1113 529 defuncti
1127 485 1177 522 ipsi
1191 483 1285 514 eidem
1291 481 1344 526 Al-

281 527 393 565 phonso
412 528 523 560 dietum
539 530 734 568 juramentum
755 529 789 559 &
807 527 974 566 homagium
998 524 1208 568 praejstiterunt,
1235 522 1268 551 &
1289 520 1345 557 ipsa

282 565 381 596 Castra
396 568 636 599 commendentur
649 569 682 599 &
697 566 854 605 tradantur,
871 574 935 595 ante
948 564 1142 594 liberationem
1156 561 1238 603 ipsius
1251 558 1344 589 Caro-

278 603 299 634 li
313 606 513 646 primogeniti,
531 607 743 646 consanguineis
755 604 974 642 proximioribus
990 602 1114 644 ipsorum
1125 598 1274 642 obiidurrn
1322 636 1327 641 ·

315 642 353 673 Et
367 644 585 684 nichilominus,
603 654 657 683 pro
672 643 812 683 praedictis
824 642 958 674 omnibus
970 641 1004 672 &
1017 639 1142 679 singulis,
1160 637 1276 677 Syndici
1290 634 1343 666 Ci-

278 682 400 713 vitatum
414 684 447 714 &
463 683 620 722 Villarum,
638 683 757 714 nomine
771 683 822 713 suo
843 683 878 713 &
899 677 1124 711 Univerfitarum
1144 677 1269 720 suarum:
1289 674 1342 705 Ba-

278 729 363 751 rones
376 731 471 753 autern
483 723 517 753 &
531 722 640 752 Milites
652 731 702 759 per
717 721 744 752 se
757 720 860 752 faciant
876 721 1077 761 uramentum,
1095 717 1129 747 &
1148 715 1278 759 obligent
1297 713 1341 752 se,

277 767 346 789 cum
357 761 476 798 publicis
490 760 682 791 instrumentis
714 759 807 790 eidem
822 759 859 790 Al
871 758 960 796 ons0,
978 756 1025 787 vel
1039 756 1092 787 suis
1105 753 1281 799 haeredibuS,
1295 754 1341 784 vel

275 797 334 834 ejus
350 800 548 836 procuratori,
567 807 631 829 ante
651 783 882 830 deliberationem
902 795 1001 828 Caroli
1021 796 1203 839 primogeniti
1224 801 1339 822 memo-

274 837 343 874 rati,
362 837 441 876 quod
459 836 601 868 attendant
622 839 655 869 &
677 836 812 868 obediant
835 837 878 875 ei,
895 844 926 866 ut
947 834 1100 877 Domino,
1118 832 1164 862 vel
1176 841 1232 875 ejus
1247 830 1338 860 haere-

273 872 373 913 dibus,
392 876 442 906 nisi
454 875 545 906 didius
557 876 679 906 Carolus
695 876 898 916 primogenitus
913 873 957 903 vel
970 881 1007 903 ita
1021 871 1223 915 compleverit,
1241 868 1288 901 vel
1301 869 1336 900 ad

272 912 356 949 iplius
371 913 483 945 Alfonsi
499 914 655 945 Carcerem
667 915 795 953 redierit,
814 913 859 943 vel
873 911 1018 943 haeredum
1030 910 1164 948 suorum,
1181 908 1251 939 infra
1264 917 1337 951 pra}-

271 950 384 982 ditstum
405 954 577 992 terminum,
595 953 719 985 absolvat
737 964 786 984 eos
807 961 875 983 cum
896 950 1011 991 publico
1029 948 1220 991 instrumento
1239 946 1288 977 suo
1303 949 1337 991 {17

272 990 342 1028 gillo
364 991 498 1032 sigillato,
516 993 533 1022 a
551 992 740 1030 naturalitate,
758 991 906 1029 fidelitate,
923 990 957 1020 &
978 988 1122 1019 Dominio
1135 1010 1145 1026 ,
1163 985 1266 1025 quibus
1285 985 1335 1016 sibi

270 1035 409 1061 tenentur.

311 1067 384 1099 Item
398 1092 408 1107 ,
432 1079 497 1101 ante
517 1069 750 1102 deliberationem
769 1068 851 1107 ipfius
872 1066 968 1098 Caroli
987 1065 1169 1105 primooeniti
1181 1089 1191 1103 ‚
1225 1062 1331 1095 debent

272 1109 419 1145 prorogari
434 1110 467 1140 &
482 1108 587 1139 firmari
601 1118 724 1149 treugae,
743 1118 806 1147 quae
821 1109 882 1138 sunt
897 1105 984 1136 hodie
996 1107 1068 1136 inter
1082 1090 1196 1144 Regem
1209 1102 1334 1133 Franco-

272 1153 338 1175 rum
352 1146 487 1178 illustrem
500 1149 533 1178 &
545 1148 669 1178 eundem
681 1147 850 1184 Alfonsum,
868 1145 973 1176 eodem
994 1144 1085 1187 modo
1106 1150 1166 1187 quo
1187 1141 1333 1187 praesentes

270 1191 381 1222 treugae
400 1185 472 1217 datae
494 1188 527 1217 &
547 1186 664 1218 firmatae
677 1186 755 1224 sunt,
774 1186 790 1215 Ξι
809 1183 893 1215 Festo
906 1182 1002 1214 Sancti
1016 1181 1181 1219 Michaelis,
1199 1190 1332 1226 proximo

272 1225 401 1263 venturi,
419 1225 505 1263 usque
518 1225 551 1256 ad
565 1235 671 1256 annum
687 1223 883 1263 completum,
899 1223 933 1253 &
947 1220 1025 1259 quod
1033 1220 1134 1264 ‚diuus
1149 1219 1270 1250 Carolus
1277 1230 1332 1258 pri-

269 1265 431 1294 mooenitus
450 1264 533 1295 faciat
551 1263 611 1294 dari
631 1273 692 1295 treu
713 1274 740 1294 as
761 1273 809 1301 per
827 1271 934 1292 annum
953 1259 1122 1298 praedi&um
1135 1258 1331 1299 completum,

270 1298 307 1329 de
321 1289 380 1331 i’ota
394 1301 563 1342 Provincia,
577 1303 658 1334 disto
671 1273 808 1339 Aisonso,
825 1300 871 1332 vel
879 1299 993 1338 Jacobo
1007 1298 1083 1329 fratri
1096 1298 1163 1337 suo,
1179 1299 1213 1330 δε
1228 1307 1330 1328 eorum

271 1338 447 1378 haeredibus,
464 1341 502 1372 de
514 1342 649 1372 omnibus
661 1352 725 1380 quae
738 1340 824 1371 hodie
838 1345 942 1370 tenent.

308 1376 399 1416 Item,
414 1378 505 1410 dietus
519 1379 639 1410 Carolus
652 1380 870 1419 primogenitus,
889 1375 953 1415 post
969 1376 1164 1407 liberationem
1179 1374 1330 1414 suam,de-

266 1414 317 1446 bet
335 1426 485 1454 procurare
507 1419 541 1449 «Sc
557 1419 650 1449 facere
673 1419 768 1457 quod,
786 1416 857 1447 infra
879 1417 1110 1455 prorogationem
1131 1414 1330 1453 praedictarum

265 1460 444 1495 treugarum,
459 1457 532 1495 ipse,
551 1458 584 1488 &
599 1457 724 1488 Ecclesia
736 1457 885 1493 Romana,
903 1455 937 1486 &
953 1454 1059 1492 praefati
1074 1453 1199 1484 Franciae
1211 1454 1244 1484 &
1260 1453 1330 1483 Ara-

236 1508 244 1515 ·
267 1496 361 1531 goniae
374 1494 485 1534 Reges,
502 1506 555 1534 pro
571 1497 597 1527 se
610 1498 643 1528 ὃ(
657 1496 828 1527 Valitoribus
841 1494 910 1531 suis,
927 1492 1035 1523 dabunt
1054 1500 1114 1522 treu
1134 1502 1161 1522 as
1181 1492 1328 1530 praedictas

103 2647 240 2689 ’11.362.

267 1541 428 1564 memorato
449 1534 587 1574 Alfonso,
605 1536 639 1566 &
656 1535 771 1573 Jacobo
793 1533 870 1564 fratri
884 1532 949 1570 suo,
968 1532 1001 1562 δε
1013 1531 1119 1574 haeredi
1142 1541 1172 1561 us
1184 1531 1310 1569 ipsorum
1321 1554 1331 1570 ,

263 1580 297 1600 ac
312 1573 395 1602 etiarn
408 1571 580 1604 Valitoribus
592 1573 778 1611 eorumdem,
797 1571 834 1602 de
845 1571 978 1602 omnibus
993 1580 1058 1608 quae
1073 1569 1142 1601 diffl
1156 1569 1329 1608 Alphonsus,

264 1610 299 1641 &
329 1611 435 1642 acobus
471 1612 504 1643 &
519 1611 646 1643 haeredes
659 1612 785 1651 ipsorum
797 1610 952 1648 tenebunt,

335 1660 351 1680 e
366 1660 420 1688 qua
433 1636 574 1682 dabuntur
587 1659 694 1691 treugae
705 1650 853 1681 dictorum
868 1649 955 1679 trium
977 1657 1118 1678 annorum
1132 1648 1147 1678 a
1162 1648 1209 1679 die
1228 1648 1328 1679 libera-

264 1687 350 1718 tionis
365 1690 420 1720 suae
433 1690 521 1728 usque
533 1689 568 1720 ad
581 1699 636 1720 tres
647 1700 736 1720 annos
750 1688 928 1729 completOS,
947 1687 980 1718 &
995 1687 1065 1717 ultra
1078 1697 1129 1725 per
1141 1687 1185 1717 sex
1201 1687 1326 1727 menses,

265 1726 286 1756 fi
302 1726 394 1758 dietus
407 1727 529 1759 Carolus
565 1729 768 1766 rimogenitus,
786 1729 816 1757 in
831 1726 1046 1766 finedic‘torum
1058 1727 1147 1756 trium
1169 1736 1328 1766 annorum,

263 1775 323 1796 non
345 1766 457 1798 redierit
476 1767 510 1797 ad
562 1777 686 1798 arcerem
706 1766 816 1798 Alfonfi
840 1764 985 1804 praediffl,
1003 1764 1050 1795 vel
1070 1764 1215 1795 haeredurn
1228 1765 1329 1804 ipfius3

263 1804 345 1842 quod
366 1805 415 1836 nili
434 1806 538 1836 faceret
559 1807 593 1838 &
616 1806 791 1844 compleret,
809 1805 842 1836 &
865 1804 926 1834 fieri
939 1803 1042 1834 faceret
1054 1803 1088 1834 &
1103 1804 1262 1842 compleri,
1281 1806 1327 1835 vel

262 1843 313 1873 nili
334 1844 368 1874 ad
389 1844 546 1875 Carcerem
566 1845 635 1875 diCti
658 1844 787 1883 Alfonsi,
807 1843 852 1874 vel
869 1841 1016 1873 haeredum
1028 1841 1144 1873 suorum
1158 1843 1268 1873 redierit
1282 1844 1326 1873 in-

261 1881 303 1912 fra
323 1885 557 1923 prorogationem
597 1883 775 1914 raedi&arum
795 1891 955 1926 treugarum
975 1881 1056 1911 unius
1077 1882 1143 1911 anni
1158 1906 1168 1919 ,
1202 1881 1328 1921 hostagia

261 1923 374 1960 omnia,
393 1932 443 1962 per
459 1923 552 1961 ipsum
592 1922 701 1953 arolum
716 1923 938 1961 primogenitum
957 1918 1036 1958 data,
1054 1920 1088 1950 ὃ(
1109 1929 1181 1951 terra
1202 1920 1326 1951 Provin-

259 1960 314 1990 ciae
329 1984 338 1998 ,
362 1962 395 1992 &
440 1963 553 1992 uantitas
596 1963 777 2001 uinquaginta
796 1960 909 1990 milium
931 1957 1110 2001 Marem-um,
1119 1960 1225 1999 argenti
1240 1982 1250 1999 ,
1268 1969 1322 1998 pro

259 1997 405 2030 securitate
613 2010 727 2031 omanae
748 1998 878 2030 facienda
891 2023 901 2036 ,
920 1996 1051 2040 assignata
1063 2021 1073 2035 ,
1093 2000 1145 2027 iint
1165 1998 1272 2029 incursa
1294 2000 1323 2029 in

259 2037 342 2074 posse
361 2038 470 2069 Alfonfi
488 2038 634 2078 praediffi,
652 2039 699 2070 vel
718 2037 866 2069 haeredum
886 2037 984 2075 ipsius,
1000 2035 1034 2066 ad
1058 2035 1220 2067 faciendum
1234 2037 1271 2068 de
1285 2039 1324 2069 eis

253 2076 316 2106 suas
336 2077 433 2108 liberas
452 2078 610 2109 voluntates
629 2079 719 2116 (salvis
738 2075 882 2108 obfidibus
899 2076 956 2106 vita
976 2075 1010 2106 &
1031 2075 1180 2112 membris)
1195 2077 1229 2106 &
1244 2077 1324 2114 quod

260 2113 354 2145 dietus
366 2115 496 2146 Alfonsus
510 2116 610 2153 debet,
629 2127 681 2155 pro
694 2116 740 2154 se,
759 2117 792 2147 &
804 2114 918 2154 Jacobo
929 2113 1012 2143 fratre
1026 2113 1092 2152 suo,
1110 2115 1144 2145 δε
1158 2114 1322 2145 nichilomi-

258 2162 311 2183 nus
330 2154 388 2184 dari
400 2154 481 2184 faciat
494 2155 531 2184 ab
546 2154 650 2185 eodem
661 2155 776 2193 Jacobo
789 2162 895 2192 treugas
909 2152 1043 2182 omnibus
1057 2152 1210 2191 praediffls,
1229 2154 1245 2183 a
1261 2155 1324 2192 qui-

257 2191 311 2222 bus
324 2200 432 2233 treugas
446 2194 599 2231 recipient,
618 2195 651 2225 ὃς
667 2203 704 2223 eo
719 2192 810 2223 modo
825 2201 884 2230 quo
900 2191 950 2221 sibi
962 2190 1112 2222 dabuntur.

298 2230 389 2269 Item,
407 2231 497 2262 dietus
513 2231 634 2263 Carolus
650 2229 954 2271 primogeninis,infra
967 2239 1058 2260 unum
1073 2239 1180 2260 annum
1197 2230 1261 2268 post
1274 2231 1324 2262 de-

256 2269 455 2300 liberationem
479 2270 571 2308 suam,
590 2271 754 2308 procurabit
775 2271 809 2301 &
831 2269 913 2299 faciet
936 2267 995 2298 fieri
1018 2268 1097 2306 quod
1115 2268 1240 2299 Eccleiia
1258 2270 1323 2301 Ro-

259 2317 343 2338 mana
356 2308 449 2339 firmet
464 2309 497 2340 &
512 2309 649 2340 aisecuret
663 2309 777 2348 ydonee
791 2307 886 2346 quod,
902 2307 951 2336 nisi
964 2306 1056 2337 dic'tus
1071 2306 1191 2338 Carolus
1213 2310 1323 2346 primo-

277 2348 366 2377 enitus
386 2347 468 2378 faciat
488 2357 589 2385 pacem
612 2347 706 2378 eidem
727 2346 850 2378 Alfonso
865 2347 899 2377 ὃς
910 2345 1023 2384 Jacobo
1039 2346 1114 2376 fratri
1129 2346 1195 2385 suo,
1214 2347 1250 2377 de
1266 2358 1320 2386 qua

258 2355 311 2416 sint
329 2387 459 2417 contenti
479 2386 565 2416 iidem
586 2385 720 2417 Alfonsus
743 2387 777 2417 δε
797 2386 854 2424 ejus
873 2384 1013 2423 haeredes,
1031 2385 1077 2415 vel
1091 2384 1140 2415 nisi
1156 2385 1267 2416 redierit
1287 2386 1321 2416 ad

257 2422 413 2455 Carcerem
427 2425 508 2463 ipsius
524 2425 652 2464 Alfonsi,
670 2425 740 2456 infra
753 2433 809 2455 tres
821 2433 910 2453 annos
929 2422 994 2461 post
1011 2423 1208 2454 liberationem
1226 2424 1321 2464 suam,

256 2463 291 2494 δε
305 2463 384 2501 quod
397 2463 521 2494 Ecclefia
533 2474 593 2494 non
608 2464 690 2495 faciat
701 2472 832 2504 guerram
845 2461 964 2492 Alfonso
977 2462 1131 2501 praedieto,
1150 2462 1196 2493 vel
1204 2461 1320 2501 Jacobo

254 2500 331 2531 fratri
343 2502 410 2541 suo,
428 2502 473 2533 vel
487 2502 644 2533 haeredibus
657 2501 844 2539 eorumdem,
861 2510 916 2531 nec
931 2502 1009 2531 terris
1030 2511 1096 2539 quas
1116 2501 1203 2532 hodie
1223 2510 1321 2533 tenerit

255 2540 290 2570 &
301 2540 460 2579 poffident,
478 2551 532 2571 nec
543 2542 652 2579 juvabit
669 2541 910 2580 praenominatum
923 2538 1062 2569 Carolum
1077 2541 1317 2581 primogenitum,

255 2588 310 2609 nec
326 2581 443 2610 nocebit
459 2580 552 2611 eidem
568 2580 706 2618 Alfonso,
724 2590 777 2610 nec
787 2579 901 2618 Jacobo
916 2577 992 2608 fratri
1007 2578 1075 2617 suo,
1092 2589 1146 2610 nec
1161 2579 1320 2611 haeredibus

256 2618 441 2656 eorumdem,
459 2629 514 2649 nec
534 2620 611 2649 terris
635 2629 702 2656 quas
725 2618 811 2648 hodie
826 2616 967 2656 poffident
982 2626 1016 2647 ex
1028 2617 1119 2655 aliqua
1133 2617 1228 2657 causa3
1247 2619 1281 2649 &
1296 2619 1316 2649 fi

256 2655 337 2686 istam
350 2656 523 2688 securitatem
539 2667 599 2688 non
612 2658 821 2695 procuraverit,
837 2665 892 2685 nec
904 2655 962 2685 fieri
977 2656 995 2674 ²*
1015 2655 1130 2694 fecerit,
1145 2656 1215 2686 infra
1228 2667 1318 2687 unum

254 2704 379 2734 annum,
398 2695 462 2734 post
483 2695 716 2726 deliberationem
736 2694 830 2733 suam,
851 2703 882 2724 ut
904 2694 1102 2738 praemittitur,
1117 2695 1224 2725 amittat
1236 2696 1319 2733 quin-

253 2734 474 2804 fflaffssssssdffi?
488 2734 660 2812 fflffcssffi
670 2735 799 2810 affigetis
814 2732 1184 2809 &ffussiss‘lffirsz‘ss‘uffssffess‘e'r
1197 2732 1317 2809 ’ἓξὲἓὲἳ

451 2000 560 2031 ccleiiae

254 2811 416 2842 Anoiorum
429 2811 583 2850 illustrem,
599 2820 665 2842 ante
679 2812 717 2841 sui
730 2811 943 2847 liberationem,
961 2810 990 2839 in
1003 2809 1083 2847 poffe
1102 2810 1183 2847 iplius
1205 2810 1326 2847 Alfonli

254 2851 289 2881 &
303 2836 450 2881 haeredum
465 2850 598 2889 suorum,
616 2850 666 2880 sub
679 2849 823 2880 securitate
835 2847 871 2878 de
886 2858 939 2886 qua
953 2848 1039 2878 iidem
1054 2848 1186 2879 Alfonsus
1202 2850 1235 2880 &
1256 2850 1316 2880 hae-

255 2888 334 2919 redes
349 2890 406 2927 ejus
419 2889 480 2922 sunt
495 2890 640 2927 contenti,
659 2889 734 2919 salvo
749 2886 845 2926 quod,
864 2886 883 2916 si
897 2887 966 2916 infra
979 2886 1073 2917 didlos
1086 2896 1140 2918 tres
1160 2897 1249 2918 annos
1264 2898 1314 2926 pa-

254 2936 320 2956 cem
333 2929 430 2961 fezerit
442 2927 535 2958 eidem
550 2927 669 2958 Alfonso
691 2928 725 2958 &
741 2926 874 2965 Jacobo,
893 2927 927 2957 δε
948 2925 1105 2956 haeredibus
1119 2926 1170 2956 suis
1205 2925 1241 2956 de
1259 2937 1313 2965 qua

254 2964 332 2995 idem
355 2966 486 2996 Alfonsus
506 2967 539 2997 δε
559 2968 615 3004 ejus
634 2965 759 2996 haeredes
780 2965 869 3003 pacati
887 2964 1019 3002 existant,
1038 2964 1083 2995 vel
1101 2963 1135 2994 ad
1187 2975 1313 2996 arcerem

253 3003 394 3041 saepedicti
418 3005 544 3043 Alfonl'i,
562 3004 608 3034 vel
628 3004 776 3034 haeredum
794 3003 908 3034 suorum
928 3003 1054 3040 redierit,
1071 3002 1146 3033 dieta
1166 3002 1313 3043 securitas,

253 3043 360 3072 ratione
375 3042 496 3081 praefatae
511 3052 621 3081 poenae,
640 3044 672 3073 sit
686 3043 824 3079 absoluta,
842 3043 876 3073 &
895 3042 951 3080 ipse
970 3041 1090 3073 Carolus
1109 3043 1315 3081 primogenitus

251 3080 392 3111 absolutus
406 3081 422 3110 a
438 3092 532 3118 poenae
546 3082 705 3111 incursione
720 3080 872 3119 praedictae.

289 3118 381 3158 Item,
401 3119 421 3149 ii
436 3120 582 3157 praetac‘tus
595 3119 714 3150 Carolus
727 3118 1024 3158 primogeiiitus,infra
1038 3126 1092 3150 tres
1107 3118 1200 3150 diCtos
1213 3129 1312 3159 annos,

273 3168 353 3188 acem
369 3167 428 3188 non
442 3158 540 3188 fecerit
575 3158 673 3188 raefatis
686 3157 806 3188 Alfonso
822 3158 979 3196 &jacobo
994 3158 1070 3189 fratri
1083 3157 1132 3188 suo
1146 3160 1180 3189 ὃς
1195 3159 1313 3189 haeredi-

251 3166 305 3226 bus
317 3197 384 3235 suis,
404 3207 456 3234 pro
469 3197 496 3227 se
507 3197 541 3227 &
582 3196 681 3227 cclelia
694 3196 844 3235 Romana,
862 3199 895 3228 δε
909 3197 1025 3235 praefatis
1042 3195 1166 3227 Franciae
1187 3198 1221 3228 δε
1243 3197 1315 3227 Ara-

249 3236 345 3274 goniae
366 3235 512 3274 Regibus,
530 3235 566 3265 de
586 3245 639 3273 qua
660 3235 729 3265 dicfti
751 3235 881 3265 Alfonsus
901 3237 935 3267 ὃς
949 3236 1006 3274 ejus
1021 3235 1145 3265 haeredes
1160 3237 1249 3273 pacati
1264 3245 1312 3266 cx-

252 3274 352 3313 istant,
370 3275 416 3305 vel
431 3274 480 3303 nili
496 3273 604 3304 redierit
619 3273 653 3303 ad
667 3273 822 3303 Carcerem
837 3273 957 3312 ejusdem
972 3273 1083 3304 Alfonsi
1097 3274 1143 3304 vel
1164 3274 1310 3305 haeredum

250 3312 347 3351 ipsius,
366 3313 490 3352 hostagia
512 3313 626 3350 omnia,
644 3322 693 3350 per
712 3312 802 3349 ipsum
821 3312 960 3343 Carolum
983 3314 1208 3350 primogenitum
1229 3313 1310 3352 data,

249 3353 284 3382 &
298 3360 368 3381 terra
382 3351 544 3382 Provinciae
559 3351 611 3380 sint
625 3351 730 3381 incursa
744 3351 772 3380 in
787 3351 867 3388 posse
880 3351 1025 3381 mitorum
1039 3350 1149 3381 Alfonfi
1158 3377 1167 3390 ,
1186 3352 1232 3382 vel
1248 3352 1309 3382 hae-

249 3390 350 3420 redum
364 3390 461 3428 ipsius,
478 3389 513 3419 ad
525 3388 687 3420 faciendum
702 3389 737 3419 de
749 3390 786 3419 eis
802 3389 858 3419 suas
873 3390 972 3420 liberas
986 3389 1160 3428 voluntates3
1179 3390 1258 3421 salvis
1266 3392 1310 3428 ip-

251 3427 284 3457 sis
297 3429 438 3459 obsidibus
453 3430 508 3458 vita
523 3429 557 3459 δε
570 3428 720 3466 membris,
739 3428 773 3458 &
786 3427 861 3458 salvo
876 3429 971 3467 quod,
989 3429 1008 3459 si
1023 3430 1201 3468 contingeret
1218 3429 1308 3467 ipsum

251 3464 389 3497 Carolurn
409 3467 632 3505 primogenitum
655 3467 747 3504 mori,
764 3466 834 3496 infra
851 3467 944 3497 όίξὶοε
964 3477 1018 3498 tres
1029 3477 1132 3505 annos,
1153 3468 1205 3506 &,
1223 3477 1310 3498 occa-

253 3503 329 3533 sione
349 3506 429 3543 ipfius
450 3506 550 3535 mortis
567 3504 784 3542 supervenientis
797 3528 808 3543 ,
826 3515 886 3535 non
907 3505 999 3543 posset
1019 3515 1121 3543 pacem
1136 3505 1228 3537 facere
1240 3531 1250 3545 ,
1275 3514 1307 3537 ut

253 3542 429 3583 praedicitur,
447 3543 574 3582 hostagia
587 3553 636 3581 per
648 3543 737 3581 ipsum
752 3543 830 3582 data,
848 3544 881 3574 &
901 3553 972 3574 terra
994 3544 1154 3575 Provinciae
1174 3555 1235 3574 non
1255 3544 1307 3574 sint

253 3581 358 3620 incursa
377 3583 405 3610 in
428 3582 508 3620 poffe
526 3582 671 3612 di6torum
692 3581 817 3620 Alfonsi,
835 3582 868 3612 δε
888 3582 1034 3613 haeredum
1055 3583 1154 3621 ipsiu83
1172 3583 1218 3613 sed
1239 3582 1307 3613 dieti

253 3616 363 3660 oblides
375 3628 533 3650 remaneant
546 3621 579 3651 &
592 3620 643 3651 lint
655 3619 706 3650 sub
719 3619 891 3660 obligatione
904 3621 948 3651 sua
962 3622 995 3652 &
1011 3622 1068 3659 ejus
1077 3621 1221 3651 Dominio
1236 3630 1308 3651 tam-

253 3654 318 3692 diu,
336 3655 427 3686 donec
446 3659 534 3697 ipsum
553 3660 703 3696 negotium
723 3668 772 3696 per
791 3669 908 3699 pacem,
923 3659 959 3689 de
981 3661 1037 3698 qua
1052 3660 1161 3698 praefati
1174 3659 1307 3689 Alfonsus

254 3692 288 3721 &
303 3693 425 3736 haeredes
438 3696 476 3725 sui
489 3699 578 3733 pacati
592 3696 722 3734 existant,
740 3697 822 3727 fuerit
842 3697 1086 3729 consummatum·
1107 3698 1184 3728 salvis
1203 3697 1307 3728 eisdem

251 3729 394 3773 obsidibus
412 3734 468 3763 vita
487 3736 520 3765 ὃς
540 3736 690 3773 membri83
708 3737 742 3766 ὃς
756 3758 766 3773 ‚
784 3744 1047 3775 quantumcumque
1066 3723 1210 3767 differatur
1233 3736 1309 3774 pacis

247 3767 407 3806 perfedho,
424 3769 470 3801 fiet
485 3772 622 3804 restitutio
635 3774 671 3804 de
684 3773 816 3812 hostagiis
832 3774 895 3811 post
909 3777 982 3811 pacis
997 3775 1213 3813 perfectionem.

291 3805 382 3843 Item,
400 3809 525 3842 praefatus
538 3811 668 3842 Alfonsus
680 3811 831 3849 assecuta,
849 3822 898 3849 per
908 3814 967 3850 jam
980 3813 1089 3844 dictum
1110 3813 1225 3852 Regem
1245 3811 1308 3842 An-

273 3844 390 3887 lorum,
413 3846 488 3880 quod
507 3849 648 3891 compleat
669 3849 800 3888 saepefato
820 3849 929 3881 Carolo
951 3852 1143 3891 primogenito
1159 3873 1169 3889 ,
1193 3852 1226 3882 &
1249 3851 1307 3888 ejus

277 3881 430 3926 aeredilaus,
447 3892 542 3914 omnia
555 3886 619 3922 quae
632 3888 681 3917 fibi
695 3889 850 3925 promittit,
868 3889 1004 3926 praedieto
1017 3899 1114 3920 tamen
1127 3888 1234 3919 Carolo
1250 3889 1308 3926 pri-

256 3928 406 3964 mogenito
417 3922 579 3964 complente
592 3926 674 3955 etiam
689 3927 770 3957 dieto
783 3925 902 3957 Alfonso
910 3950 920 3966 ,
938 3929 972 3959 &
985 3928 1038 3959 suis
1050 3926 1224 3965 haeredibus,
1243 3935 1308 3964 quae

257 3959 308 3990 iibi
323 3968 351 3987 in
365 3962 409 3987 iiia
422 3957 584 3988 liberatione
595 3965 740 3997 promittit.

293 3995 384 4034 Item,
401 3995 543 4035 faepefatus
554 3996 672 4030 Carolus
684 4003 888 4042 primogenitus
900 4005 1064 4043 promittet,
1081 4013 1151 4036 cum
1165 4003 1310 4043 juramen-

733 87 1534 139 CONVENTIONES‚
2189 151 2194 153 ξ

138 180 347 223 Anti-Dari,
364 184 409 215 seu
428 184 527 223 quibus
547 182 623 214 idem
643 180 774 212 Alfonsus
794 179 840 211 vel
862 177 989 210 haeredes
1009 177 1048 208 sui
1062 175 1272 214 mandaverint,
1291 175 1341 206 ubi
1378 181 1426 212 to,
1444 175 1630 213 corporaliter
1649 176 1827 216 praestando,
1845 177 1986 215 praedietis
2006 175 2128 207 Alfonso
2148 177 2183 209 &
2203 177 2261 216 ejus
2272 177 2449 220 haeredibus,
2465 173 2570 214 Ann.1'

1601 88 1987 143 LITERAE‚

1381 222 1447 244 ante
1459 213 1498 244 sui
1513 214 1725 254 liberationem,
1741 217 1776 247 &
1790 218 1874 247 etiarn
1887 216 2040 254 postquam
2054 215 2137 245 fuerit
2154 225 2224 246 cum
2241 216 2326 256 Rege
2336 219 2447 259 Anglo-

2490 221 2570 253 1288.

1383 261 1449 282 rum
1462 252 1618 291 praedieto,
1636 253 1708 284 infra
1722 255 1864 293 triduum,
1884 254 1961 292 quod
1977 254 2060 284 faciet
2075 264 2176 292 pacem
2199 253 2292 284 eidem
2311 256 2448 298 Alfonso,
2461 259 2529 287 Edv.
2550 265 2570 289 1-

1383 290 1418 320 &
1434 289 1550 328 Jacobo
1571 291 1647 323 fratri
1670 293 1743 330 ejus,
1761 303 1794 323 ac
1818 293 1976 323 haeredibus
1991 292 2181 331 eorumdem,
2198 303 2253 331 pro
2265 293 2309 332 se,
2327 296 2361 325 &
2380 296 2446 327 Ro-

1383 337 1467 370 mana
1480 328 1624 368 Ecclesia,
1641 339 1758 361 necnon
1772 333 1806 363 &
1912 331 1936 360 F
1938 332 2039 361 ranciae
2050 332 2084 363 &
2099 330 2208 362 Carolo
2217 331 2369 371 Aragoniae
2382 333 2446 365 Re-

1381 367 1462 410 gibus
1477 370 1655 406 memoratis,
1672 369 1709 399 de
1724 380 1778 408 qua
1792 370 1861 400 diCti
1876 369 2008 400 Alfonsus
2021 371 2054 401 ὃς
2069 370 2194 400 haeredes
2201 370 2283 408 ipiius
2298 371 2351 402 sint
2364 382 2446 409 paca-

1381 413 1420 447 ti,
1439 405 1484 436 vel
1503 405 1606 437 redibit
1624 408 1658 437 ad
1680 407 1834 438 Carcerem
1855 407 1924 438 dieti
1949 408 2077 447 Alfonsi,
2093 409 2140 439 vel
2151 409 2298 439 haeredum
2313 409 2446 449 suorum,

1382 443 1453 485 infra
1470 444 1623 475 triennium
1644 444 1709 483 post
1727 442 1924 477 liberationem
1946 446 2039 484 suam,
2059 450 2093 477 &
2109 447 2188 485 quod
2199 447 2269 478 infra
2282 448 2401 485 spatium
2414 459 2445 479 e-

1376 481 1488 518 jusdem
1507 484 1620 513 triennii
1641 484 1727 514 nichil
1748 486 1802 522 pati
1821 487 1996 515 contrarium
2017 486 2195 523 procurabit,
2214 496 2308 524 neque
2328 497 2378 525 per
2399 487 2445 525 se,

1382 529 1476 558 neque
1489 530 1540 558 per
1552 521 1638 551 alium
1668 531 1714 553 aut
1727 523 1874 554 tractando
1884 523 1920 554 de
1935 524 2141 562 praediistorum
2154 523 2266 554 Alfonfi
2278 526 2312 556 &
2322 526 2426 564 Jacobi
2434 548 2446 564 ‚

1382 559 1428 588 vel
1442 558 1588 590 haeredum
1603 546 1728 604 ipsorum
1741 561 1916 601 incomodo,
1935 570 2072 600 quantum
2092 562 2126 591 ad
2150 562 2294 601 personas,
2311 565 2345 594 &
2368 565 2446 595 bona

1382 597 1416 640 ὃς
1430 599 1573 641 terras,&
1587 598 1652 637 aha,
1662 609 1727 637 quae
1740 601 1790 637 ipii
1805 601 1943 631 tenebunt
1957 601 1990 631 δε
2002 600 2182 638 poffidebunt
2197 609 2329 639 tempore
2341 603 2442 634 libera-

1383 643 1476 679 tionis.
1488 635 1586 667 Caroli
1602 638 1783 678 primogeniti
1805 637 1970 676 supradicti,
1987 648 2034 670 aut
2058 638 2201 670 molestias
2221 649 2271 677 per
2291 639 2318 670 se
2329 641 2376 671 vel
2389 651 2440 679 per

1380 673 1448 704 alios
1468 674 1633 713 inferendo,
1650 685 1698 707 aut
1717 677 1936 715 conspirationes
1958 677 2060 716 aliquas
2080 687 2181 708 contra
2202 687 2251 708 eos
2272 678 2319 709 vel
2340 689 2443 710 eorum

1380 711 1502 757 aliquem
1519 713 1666 757 faciendo,¹
1685 723 1732 746 aut
1746 714 1805 759 fieri
1818 716 2028 760 permittendo,
2045 717 2094 747 ubi
2106 716 2162 755 ipse
2176 726 2226 755 per
2241 716 2285 755 se,
2303 716 2443 749 velaliutn

1379 751 1658 835 ωἰὲἓιιὲἶᾝξέὶῖιῗεὴυ
1665 753 2143 832 ξιξῗιῗεὼρξῧξῗέἑειῑᾚπῖξάπῗόῐηίηίῑ
2155 817 2165 831 ,
2184 794 2218 825 δε
2230 794 2335 832 jurabit
2348 817 2358 833 ,
2375 803 2442 826 ante

1380 827 1647 874 suihberationem‚
1665 830 1981 875 quod-complebitQ&
2015 833 2054 861 eri
2068 831 2167 870 faciet,
2185 834 2311 863 terminis
2332 834 2362 863 iii
2381 834 2442 864 hoc

1377 866 1481 906 scripto
1494 876 1653 907 contentis,
1670 877 1768 899 omnia
1781 879 1846 907 quae
1860 870 1980 907 superius
1992 870 2054 901 sunt
2066 870 2203 909 expressa,
2222 872 2256 902 δε
2269 872 2348 910 quod
2365 873 2442 910 jura-

1377 914 1474 936 menta
1491 907 1525 937 &
1546 908 1644 937 omnia
1662 907 1757 946 pasta,
1777 908 1806 938 iri
1826 908 1966 946 praesentis
1979 908 2073 946 scripti
2087 911 2268 940 annotatione
2281 920 2437 950 contenta,

1377 945 1527 975 renovabit
1542 945 1613 975 infra
1629 945 1755 976 triduum
1770 947 1924 986 postquam
1936 946 2020 977 fuerit
2033 957 2103 978 cum
2118 947 2199 987 Rege
2221 948 2383 988 Anglorum
2402 949 2437 980 il—

1377 983 1473 1022 lustri,
1492 984 1588 1024 quod,
1606 983 1627 1014 fi
1640 994 1700 1014 non
1719 983 1822 1015 faceret
1862 985 1894 1015 sit
1916 985 2025 1015 infamis
2037 987 2071 1017 &
2084 987 2224 1024 perjurus,
2241 987 2274 1018 ὃς
2288 997 2436 1027 nunquam

1375 1021 1487 1053 honore
1500 1022 1597 1062 Regio
1610 1024 1751 1062 potiatur,
1767 1023 1815 1055 vel
1828 1008 1927 1061 Regio
1940 1025 2059 1054 nomine
2069 1026 2241 1056 nominetur.

1405 1099 1481 1144 Dat
1493 1099 1603 1145 Rornae
1615 1099 1688 1139 apud
1701 1100 1841 1133 Sanctum
1855 1099 1975 1132 Petrum
1988 1099 2031 1132 Id.
2048 1099 2148 1132 Martii
2155 1101 2360 1140 ‚pontificatus
2370 1114 2439 1136 nos⁴

1375 1146 1412 1170 tn
1422 1148 1498 1169 anno
1515 1149 1616 1177 primo.

1374 1277 1425 1309 De
1451 1272 1666 1310 conditionibus
1675 1305 1685 1321 ‚
1704 1264 1898 1325 fitb⁰quibus
1919 1279 2045 1312 Carolus
2069 1282 2206 1325 Princeps
2229 1275 2438 1314 Salernitanus

1481 1337 1502 1357 a
1523 1328 1647 1359 Carcere
1669 1327 1791 1372 Alfonfi
1802 1329 1891 1375 Regis
1907 1329 2067 1375 Aragom'ae
2086 1325 2212 1361 liberari
2227 1326 2324 1362 debet.

1372 1409 1576 1473 querint
1596 1412 1720 1480 ffiverfi
1741 1411 1820 1482 (1ιὲἒό
1826 1422 1907 1481 θῇς,
1925 1412 2059 1457 Alfonsus
2070 1452 2077 1461 Ἰ
2092 1412 2150 1443 Dei
2163 1413 2267 1483 gigatiah,
2284 1412 2352 1482 Riex
2367 1413 2437 1446 Ara-

1371 1488 1441 1518 tiam
1453 1459 2053 1530 affiififitiodss'sscffireniffimeffizissics‚
2071 1452 2437 1530 ssfffftniaizcdv‘virdl‘jstissl

1371 1527 1413 1565 gis
1435 1527 1546 1567 Angliae
1565 1527 1677 1558 illustris
1691 1551 1701 1568 ,
1718 1529 1852 1559 volumus
1863 1552 1873 1566 ,
1891 1529 2078 1559 concedimus
2096 1530 2129 1560 &
2148 1531 2335 1567 approbamus
2356 1530 2435 1569 quod

1370 1565 1481 1596 inclitus
1496 1568 1556 1605 vir,
1574 1566 1721 1597 Dominus
1737 1567 1875 1605 Karolus,
1893 1566 2029 1605 Princeps
2041 1567 2244 1606 Salernitanus,
2262 1568 2435 1608 hostagietur

1371 1605 1405 1635 &
1418 1604 1551 1635 liberetur
1564 1605 1615 1635 sub
1629 1605 1841 1636 conditionibus
1855 1605 2040 1644 inii-ascriptis.

1406 1642 1554 1674 Ponantur
1574 1645 1603 1674 in
1626 1644 1708 1683 poffe
1728 1644 1853 1675 Domini
1873 1643 1983 1675 Alfonii
2005 1644 2093 1684 Regis
2108 1644 2277 1685 Aragoniae,
2294 1646 2328 1676 ὅτ
2341 1646 2434 1677 haere-

1369 1680 1440 1712 dum
1454 1683 1536 1720 ipfius
1571 1692 1624 1720 pro
1643 1683 1662 1702 ²*
1680 1683 1839 1721 obsidibus,
1855 1691 1909 1713 tres
1924 1683 1972 1713 filii
1985 1685 2167 1723 primogeniti
2183 1683 2320 1722 Principis
2342 1685 2433 1715 Saler-

1369 1722 1457 1751 nitani
1477 1722 1511 1765 ᾧ(
1533 1706 1672 1753 Dominae
1692 1721 1869 1765 Principis&
1889 1721 1999 1752 Uxoris
2022 1722 2099 1760 suae,
2120 1722 2180 1753 duo
2195 1722 2299 1752 scilicet
2313 1725 2434 1762 majores

1369 1758 1435 1797 post
1449 1762 1674 1807 primogenitum
1686 1769 1750 1792 ante
1763 1761 1977 1800 liberationem,
1994 1759 2054 1795 &a
2063 1768 2147 1800 prout
2161 1764 2190 1790 in
2202 1772 2273 1791 anno
2279 1760 2434 1803 spperiore,

1369 1799 1402 1827 de
1407 1798 1790 1876 Ihagzgiirglltleitimonium
1805 1837 1921 1877 praesens
1933 1838 2069 1877 scriptum
2083 1837 2161 1878 figilli
2173 1837 2263 1869 nostri
2273 1839 2396 1869 munum'
2388 1840 2434 1871 'ne

1369 1875 1489 1907 fecimus
1503 1876 1641 1907 roborari.
1853 1890 1857 1894 ¹

1406 1952 1516 1984 Aetum
1529 1954 1603 1993 apud
1619 1954 1858 1995 Caesaraugustam
1872 1955 1956 1986 tertio
1971 1954 2076 1985 Nonas
2092 1954 2212 1994 Aprilis,
2228 1964 2304 1986 anno
2326 1954 2434 1986 Domi-

1366 1992 1397 2021 ni
1411 1992 1562 2024 millesimo
1574 1994 1770 2026 ducentesimo
1785 1994 1981 2033 oCtuagelimo
1993 1995 2108 2026 ostavo.

1482 2140 1589 2171 Litera
1603 2136 1643 2170 ab
1665 2138 1867 2182 Univetfitase
1883 2138 2053 2181 Bononiensi
2067 2139 2142 2184 Regi
2151 2139 2303 2184 petitoria.

1368 2233 1634 2295 GLoriofiffimo
1647 2235 1799 2273 Domino,
1817 2233 1978 2271 Edwardn,
1996 2232 2178 2264 illustriffimo
2194 2232 2307 2270 Angliae
2329 2232 2424 2276 Regi,

1455 2272 1526 2304 Odo
1546 2273 1583 2303 de
1603 2273 1691 2303 Casali
1715 2273 1878 2303 Ordinariizs
1902 2274 1928 2302 in
1943 2272 2068 2303 Eccleiia
2083 2272 2190 2311 Major‘i
2205 2271 2427 2309 Mediolanenli,

1364 2311 1398 2341 &
1413 2311 1495 2350 Lego
1511 2311 1710 2342 Ceothoiiicus
1725 2312 1852 2349 Cos-152,
1871 2311 1895 2341 R
1905 2311 2013 2341 stiores
2032 2311 2229 2341 Universitatis
2250 2310 2407 2341 Scolarium
2417 2334 2426 2349 ,

1364 2357 1422 2379 tarn
1438 2351 1466 2379 in
1480 2350 1583 2387 Civili,
1603 2351 1688 2388 quam
1703 2349 1764 2380 Can
1778 2352 1856 2380 mico
1867 2349 1949 2387 lure,
1968 2350 1997 2378 in
2013 2348 2153 2379 Bononia:
2168 2348 2292 2380 Civitate
2312 2348 2427 2380 studen-

1364 2389 1437 2418 tium
1446 2412 1455 2425 ,
1472 2389 1584 2426 ipsaque
1598 2389 1713 2419 Univet
1725 2390 1774 2419 ‘itas
1788 2397 1864 2426 tota,
1883 2387 2048 2427 Collegium
2062 2388 2096 2419 ὅ(
2116 2387 2242 2418 Scolares
2252 2411 2262 2427 ,
2276 2398 2343 2418 cum
2364 2397 2428 2426 per-

1366 2435 1450 2464 petua
1461 2428 1675 2458 recommendat
1682 2445 1684 2451 ·
1690 2438 1745 2457 one
1756 2427 1829 2465 seipii.
1835 2437 1863 2457 is.

1402 2464 1499 2496 Habet
1513 2475 1622 2496 certum
1639 2465 1780 2497 Professio
1795 2465 1952 2497 Christ-iana
1988 2475 2053 2503 quae
2065 2464 2177 2495 San&ae
2197 2464 2354 2495 Sanfflonis
2371 2465 2426 2495 im-

1364 2505 1445 2541 perio
1459 2505 1600 2545 profitetui
1612 2528 1621 2544 ,
1640 2505 1719 2543 quod
1734 2504 1776 2534 est
1790 2505 1929 2535 Bononiae
1943 2488 2051 2534 Civitas
2065 2503 2196 2542 alumpna
2211 2503 2426 2542 Scolarium,&

1360 2542 1456 2573 Mater
1471 2543 1585 2574 rudibus
1596 2544 1758 2574 volentibus
1773 2543 1891 2581 erudiri,
1909 2553 1959 2584 per
1974 2542 2175 2573 Theodofium
2196 2542 2340 2573 Caesarem
2359 2543 2419 2581 ipe-

1363 2581 1439 2610 cialis
1452 2581 1535 2612 studii
1551 2584 1713 2613 muneribus
1727 2582 1865 2620 adoptata.

1399 2619 1482 2651 Nam
1497 2621 1630 2652 humanae
1646 2621 1721 2659 leges
1735 2621 1783 2651 hic
1799 2620 1918 2651 militant
1928 2621 1977 2658 ,&
1993 2620 2206 2658 compescentes
2220 2620 2325 2650 arbitrii
2340 2619 2425 2650 liber-

1359 2665 1465 2697 tatem,
1483 2658 1648 2689 concedunt
1661 2659 1833 2697 honestum,
1852 2660 2026 2688 contrarium
2043 2659 2121 2689 latius
2135 2659 2328 2695 prohibentes.

1399 2695 1469 2727 Huc
1491 2706 1559 2737 ergo
1578 2697 1704 2728 scolares
1726 2699 1760 2728 &
1783 2696 1912 2733 Clerici,
1931 2698 2102 2734 contemptis
2126 2705 2260 2726 terrarum
2283 2696 2421 2733 marisque

1358 2735 1506 2774 periculis,
1525 2735 1726 2774 undecumque
1749 2735 1886 2772 profeffi,
1904 2742 1934 2764 ut
1953 2734 2105 2773 gaudeant,
2124 2734 2189 2771 post
2207 2734 2335 2764 laborum
2350 2736 2423 2774 vigi-

1357 2773 1420 2810 lias,
1437 2773 1540 2804 divitiis
1562 2773 1730 2814 disciplinae,
1749 2782 1882 2811 tanquam
1904 2772 2020 2802 infantes
2041 2772 2101 2802 finu
2122 2771 2250 2802 Civitatis
2265 2773 2344 2809 iplius
2360 2783 2421 2803 ma-

1358 2819 1439 2842 terno
1460 2813 1631 2849 recipiuntur
1652 2811 1758 2842 affedm
1773 2836 1781 2848 ,
1815 2812 1849 2842 &
1868 2809 1977 2848 bajulari
1996 2811 2013 2839 a
2030 2810 2253 2841 Bononiensibus
2273 2810 2394 2842 Civibus
2409 2835 2422 2851 2

1355 2858 1500 2888 tamquam
1515 2851 1626 2889 fratres,
1644 2852 1681 2881 ab
1696 2850 1749 2888 ipsa
1764 2849 1877 2880 infantia
1890 2849 1975 2887 usque
1986 2848 2021 2878 ad
2036 2848 2119 2879 studii
2131 2848 2207 2879 Gad.
2222 2850 2252 2878 in
2265 2850 2351 2880 virilis
2357 2859 2419 2881 tan-

1356 2887 1423 2918 dem
1438 2890 1550 2919 scienta:
1564 2890 1651 2919 robur
1665 2888 1795 2920 evadunt.

1396 2926 1509 2958 Merito
1531 2929 1624 2965 itaque
1644 2927 1732 2958 Cives
1752 2935 1913 2965 reputamus
1934 2926 2029 2957 fratres
2044 2926 2176 2965 nostros,
2193 2925 2289 2957 Patres
2302 2926 2336 2956 &
2352 2924 2420 2956 Do-

1356 2966 1467 3004 minos,
1485 2966 1514 2995 in
1533 2976 1636 2996 eorum
1658 2965 1827 3006 pastionibus
1850 2967 2054 3003 compatientes
2075 2965 2125 2996 illis
2139 2989 2150 3004 ,
2167 2966 2201 2996 &
2223 2966 2253 2995 in
2271 2964 2420 2995 doloribus

1356 3003 1559 3042 condolentes,
1576 3006 1606 3034 in
1622 3006 1722 3043 quibus
1736 3004 1896 3034 dilectionis
1909 3004 2031 3042 qualitas.

1391 3042 1464 3073 Sane
1476 3043 1605 3073 nobilem
1619 3045 1728 3082 virum,
1747 3043 1913 3073 Dominum
1928 3042 2106 3073 Bonifacium
2122 3042 2158 3073 de
2175 3042 2340 3085 Langlano,
2357 3040 2418 3071 Bo-

1354 3082 1448 3111 noniae
1469 3080 1670 3119 canonicum,
1689 3090 1843 3119 nepotem,
1862 3081 1958 3112 doetae
1978 3082 2196 3119 recordationis,
2211 3081 2333 3111 Domini
2351 3079 2416 3110 Oc-

1355 3120 1472 3157 taviani,
1488 3120 1600 3151 Sanetae
1615 3120 1718 3151 Mariae
1732 3121 1762 3150 in
1777 3122 1822 3151 via
1836 3120 1889 3150 lata
1902 3119 2029 3151 Diaconi
2041 3119 2212 3157 Cardinalis,
2231 3121 2260 3149 in
2275 3118 2419 3149 detentio-

1352 3167 1390 3188 ne
1403 3159 1541 3196 peniionis
1553 3169 1654 3189 annuae
1669 3160 1703 3189 tri
1725 3160 1782 3189 ‘nta
1797 3158 1982 3189 Marcharum
1998 3158 2212 3197 sterlingorum,
2228 3157 2321 3188 eidem
2333 3155 2415 3187 debi-

1352 3205 1388 3226 tae
1405 3198 1433 3226 in
1444 3196 1568 3227 Ecclesia
1585 3198 1620 3228 de
1634 3168 1821 3237 Synthihgdon
1837 3197 2041 3228 Lincolniensis
2048 3196 2250 3234 Diocesis,per
2261 3195 2413 3226 discretum

1351 3236 1444 3265 virum
1459 3258 1468 3272 ,
1488 3234 1652 3266 Dominum
1672 3236 1856 3273 Radulphum
1876 3235 1914 3266 de
1931 3236 2056 3274 Hyngan
2070 3258 2081 3274 ,
2098 3235 2263 3266 familiarem
2283 3233 2411 3266 vestrum

1349 3282 1496 3311 potentem
1511 3297 1521 3312 ,
1539 3276 1573 3305 δε
1595 3274 1695 3305 karum
1710 3299 1719 3313 ,
1738 3275 1808 3305 sicut
1830 3274 1911 3313 ipsius
1932 3275 2033 3305 nobilis
2057 3275 2214 3304 narratione
2231 3274 2411 3315 percepimus

1503 3312 1639 3350 justitiam
1657 3312 1804 3344 molestari.

1386 3350 1420 3380 In
1435 3351 1512 3389 cujus
1528 3351 1742 3391 molestatione,
1759 3352 1874 3382 suorum
1896 3352 2066 3382 meritorum
2090 3350 2243 3391 exigentia,
2261 3349 2409 3388 loquentffl

1348 3389 1398 3420 sub
1412 3388 1520 3419 Christi
1542 3389 1721 3429 testimonio,
1737 3391 1891 3429 plurimum
1912 3390 2133 3427 conturbamur,
2151 3390 2220 3420 cum
2238 3388 2334 3426 illum,
2350 3395 2410 3425 prae

1349 3429 1456 3458 caeteris
1479 3427 1617 3458 Bononiae
1637 3428 1758 3461 Civibus
1773 3453 1782 3467 ,
1808 3429 1842 3460 ad
1863 3429 2060 3460 Universitatis
2078 3429 2183 3459 nostrae
2194 3451 2204 3467 ,
2218 3428 2408 3462 omniumque

1348 3465 1482 3497 nostrum
1505 3466 1676 3509 singulariter
1688 3492 1698 3506 ,
1716 3468 1839 3498 honores
1860 3468 1893 3498 &
1916 3467 2071 3498 commoda
2085 3491 2095 3505 ,
2119 3466 2198 3505 super
2219 3463 2409 3508 impendimus

1347 3504 1523 3543 expeditum,
1541 3509 1630 3543 litque
1644 3507 1700 3544 ejus
1714 3506 1859 3537 liberalitas
1872 3515 1930 3536 tam
1945 3505 2077 3535 industria
2086 3529 2095 3542 ,
2112 3506 2148 3535 &
2161 3501 2405 3546 industrialibera-

1347 3544 1379 3574 lis
1392 3567 1402 3581 ,
1409 3542 1504 3612 fiquod
1525 3544 1582 3582 ejus
1601 3545 1688 3582 opera
1708 3544 1768 3575 suos
1789 3554 1868 3576 natos
1887 3544 1922 3574 ad
1940 3544 2073 3582 placitura
2089 3552 2213 3581 quaeque
2229 3541 2352 3572 alliciunt
2370 3539 2405 3575 ὅί

1349 3592 1407 3612 con
1441 3589 1540 3611 rmant.

1387 3620 1606 3659 Qamobrem‚
1623 3621 1808 3652 amantissime
1829 3621 1963 3658 Princeps
1979 3644 1989 3659 ,
2008 3619 2137 3659 praefatus
2151 3616 2294 3649 »familiaris
2313 3616 2406 3661 vester

1348 3658 1427 3696 haec,
1444 3657 1494 3687 sub
1506 3658 1590 3688 vestri
1604 3659 1669 3690 licet
1684 3662 1834 3699 ignorantis
1847 3658 2008 3690 fortitudine
2021 3659 2142 3696 brachii,
2159 3656 2292 3695 perficere
2312 3655 2403 3685 credi-

1347 3703 1392 3726 tur
1407 3696 1424 3725 ὲ
1436 3695 1578 3735 pluribus,
1598 3697 1738 3736 Majestati
1751 3699 1870 3736 vestrae,
1889 3697 1927 3727 de
1941 3707 1996 3736 qua
2012 3697 2094 3735 plene
2113 3693 2297 3738 confidimus,
2316 3704 2408 3731 quan-

1346 3742 1409 3764 turn
1428 3734 1553 3765 valemus
1569 3735 1749 3767 devotiffime
1767 3737 1952 3775 supplicamus
1963 3760 1973 3774 ,
1991 3736 2117 3774 quatinus
2133 3731 2266 3777 justitiam
2280 3756 2290 3769 ,
2316 3742 2404 3771 quam

1348 3771 1534 3802 indesinenter
1555 3774 1674 3805 coluisse
1695 3775 1850 3813 dicimini,
1873 3774 1910 3804 de
1931 3783 2014 3804 more
2029 3773 2111 3803 solito
2129 3771 2272 3814 diligentes
2286 3793 2296 3808 ,
2315 3771 2406 3801 velitis

1348 3810 1471 3840 eundem
1486 3811 1650 3843 Dominum
1663 3813 1848 3851 Radulphum
1858 3812 2008 3850 inducere,
2025 3811 2046 3840 fi
2060 3818 2123 3848 quae
2135 3818 2164 3837 in
2177 3818 2214 3838 eo
2226 3811 2312 3846 turpis
2326 3819 2406 3847 quae-

1349 3849 1390 3879 vis
1403 3849 1554 3880 obstinatio
1566 3851 1666 3890 fuerit,
1683 3852 1760 3883 velut
1773 3851 1878 3882 honori
1895 3849 1991 3881 vestro
2014 3854 2163 3890 congruat,
2182 3845 2334 3890 efficaciter
2352 3857 2407 3878 co-

1349 3895 1416 3926 gere
1435 3888 1469 3918 ad
1489 3888 1703 3921 satisfadtionem
1725 3897 1890 3920 memoratae
1912 3887 2050 3926 pensionis
2071 3883 2187 3928 pacifice
2208 3885 2287 3916 dic'to
2313 3884 2406 3916 nobili

1349 3925 1554 3965 exhibendam,
1571 3935 1629 3958 tam
1642 3938 1696 3966 pro
1731 3928 1870 3963 raeterito,
1888 3926 1974 3964 quam
1986 3924 2098 3961 futuro,
2116 3931 2151 3953 ita
2164 3924 2241 3962 quod
2253 3924 2346 3954 eidem
2369 3923 2409 3954 de

1350 3963 1400 3994 illo
1450 3965 1560 3996 nullum
1582 3976 1681 3997 coram
1735 3975 1772 3996 eo
1791 3966 1838 3995 vel
1859 3963 2023 3994 hominibus
2041 3970 2181 3992 remaneat
2199 3963 2243 4001 jus
2262 3971 2408 4006 quere·ae;

1351 3987 1505 4041 praeiertim
1525 4014 1594 4036 cum
1611 4004 1665 4037 ista
1683 4013 1747 4039 aaa
1761 4003 1856 4037 sorum
1869 4003 1901 4034 in
1915 4001 1954 4032 sui
1967 3999 2112 4032 iaefionem
2124 4001 2261 4041 honoris,
2277 4002 2413 4068 quimmge

2456 1407 2570 1441 Ann.D

2476 1449 2570 1483 1288..

2455 1490 2507 1514 An.
2527 1488 2570 1518 104

2454 1529 2484 1552 E.
2507 1535 2532 1553 i.

2453 1567 2485 1591 L.
2498 1568 2528 1591 B.
2538 1562 2568 1602 f.

2457 1610 2519 1638 ¹3²·
2533 1612 2561 1631 a.

2451 1645 2520 1677 penes
2528 1644 2570 1670 Cn

2451 1687 2546 1706 merar.

2452 1716 2570 1755 *II-363

2448 2236 2525 2268 Ann.
2538 2238 2570 2273 D

2468 2279 2554 2309 1288.

2446 2321 2498 2344 An.
2518 2319 2566 2346 16ae

2446 2359 2474 2382 Ε.
2501 2365 2524 2382 1.

2444 2397 2484 2420 Ex
2503 2398 2570 2422 Run-

2447 2431 2563 2460 demire-

2444 2472 2519 2497 vium
2541 2468 2570 2504 ά

2444 2510 2558 2536 Littera-

2444 2556 2520 2578 rum,

2443 2586 2469 2612 in
2491 2585 2570 2613 Tum'.
