<?xml version="1.0" encoding="UTF-8"?>
<!DOCTYPE html PUBLIC "-//W3C//DTD XHTML 1.0 Transitional//EN"
    "http://www.w3.org/TR/xhtml1/DTD/xhtml1-transitional.dtd">
<html xmlns="http://www.w3.org/1999/xhtml" xml:lang="en" lang="en">
 <head>
  <title>
</title>
<meta http-equiv="Content-Type" content="text/html;charset=utf-8" />
  <meta name='ocr-system' content='tesseract 3.04.00' />
  <meta name='ocr-capabilities' content='ocr_page ocr_carea ocr_par ocr_line ocrx_word'/>
</head>
<body>
  <div class='ocr_page' id='page_1' title='image "./fderaconventione01ryme_0570.png"; bbox 0 0 2570 4261; ppageno 0'>
   <div class='ocr_carea' id='block_1_1' title="bbox 240 100 294 139">
    <p class='ocr_par' dir='ltr' id='par_1_1' title="bbox 240 100 294 139">
     <span class='ocr_line' id='line_1_1' title="bbox 240 100 294 139; baseline -0.019 0"><span class='ocrx_word' id='word_1_1' title='bbox 240 100 294 139; x_wconf 86' lang='lat'>60</span> 
     </span>
    </p>
   </div>
   <div class='ocr_carea' id='block_1_2' title="bbox 683 78 1482 135">
    <p class='ocr_par' dir='ltr' id='par_1_2' title="bbox 683 78 1482 135">
     <span class='ocr_line' id='line_1_2' title="bbox 683 78 1482 135; baseline -0.016 0"><span class='ocrx_word' id='word_1_2' title='bbox 683 78 1482 135; x_wconf 82' lang='lat' dir='ltr'>CONVENTIONES,</span> 
     </span>
    </p>
   </div>
   <div class='ocr_carea' id='block_1_3' title="bbox 1559 81 1954 136">
    <p class='ocr_par' dir='ltr' id='par_1_3' title="bbox 1559 81 1954 136">
     <span class='ocr_line' id='line_1_3' title="bbox 1559 81 1954 136; baseline 0.003 -12"><span class='ocrx_word' id='word_1_3' title='bbox 1559 81 1954 136; x_wconf 75' lang='lat' dir='ltr'>L1TERAE,</span> 
     </span>
    </p>
   </div>
   <div class='ocr_carea' id='block_1_4' title="bbox 92 155 2570 216">
    <p class='ocr_par' dir='ltr' id='par_1_4' title="bbox 92 155 2570 216">
     <span class='ocr_line' id='line_1_4' title="bbox 92 155 2570 216; baseline -0.005 -2"><span class='ocrx_word' id='word_1_4' title='bbox 92 181 167 212; x_wconf 80' lang='lat' dir='ltr'>Ann-</span> <span class='ocrx_word' id='word_1_5' title='bbox 183 181 222 211; x_wconf 90' lang='lat' dir='ltr'>D.</span> <span class='ocrx_word' id='word_1_6' title='bbox 239 183 414 214; x_wconf 82' lang='lat' dir='ltr'>subditorum</span> <span class='ocrx_word' id='word_1_7' title='bbox 437 179 600 211; x_wconf 84' lang='lat' dir='ltr'>nostrorum</span> <span class='ocrx_word' id='word_1_8' title='bbox 616 200 625 216; x_wconf 80' lang='lat'>,</span> <span class='ocrx_word' id='word_1_9' title='bbox 649 185 681 208; x_wconf 88' lang='lat' dir='ltr'>ut</span> <span class='ocrx_word' id='word_1_10' title='bbox 698 176 799 208; x_wconf 80' lang='lat' dir='ltr'>vestrae</span> <span class='ocrx_word' id='word_1_11' title='bbox 819 176 963 214; x_wconf 80' lang='lat' dir='ltr'>possemus</span> <span class='ocrx_word' id='word_1_12' title='bbox 978 174 1131 207; x_wconf 85' lang='lat' dir='ltr'>satisfacere</span> <span class='ocrx_word' id='word_1_13' title='bbox 1143 170 1299 208; x_wconf 87' lang='lat' dir='ltr'>voluntati,</span> <span class='ocrx_word' id='word_1_14' title='bbox 1335 166 1439 197; x_wconf 87' lang='lat' dir='ltr'>nostris</span> <span class='ocrx_word' id='word_1_15' title='bbox 1452 166 1556 206; x_wconf 88' lang='lat' dir='ltr'>literis,</span> <span class='ocrx_word' id='word_1_16' title='bbox 1571 168 1662 200; x_wconf 88' lang='lat' dir='ltr'>versus</span> <span class='ocrx_word' id='word_1_17' title='bbox 1676 168 1792 200; x_wconf 91' lang='lat' dir='ltr'>Collem</span> <span class='ocrx_word' id='word_1_18' title='bbox 1807 169 1843 201; x_wconf 91' lang='lat' dir='ltr'>de</span> <span class='ocrx_word' id='word_1_19' title='bbox 1856 167 2026 200; x_wconf 87' lang='lat' dir='ltr'>Paniczariis</span> <span class='ocrx_word' id='word_1_20' title='bbox 2045 167 2079 200; x_wconf 92' lang='lat'>&amp;</span> <span class='ocrx_word' id='word_1_21' title='bbox 2099 174 2189 206; x_wconf 72' lang='lat' dir='ltr'>partes</span> <span class='ocrx_word' id='word_1_22' title='bbox 2210 165 2396 207; x_wconf 79' lang='lat' dir='ltr'>Roffilionis,</span> <span class='ocrx_word' id='word_1_23' title='bbox 2411 155 2570 202; x_wconf 61' lang='lat' dir='ltr'>Annnz&#39;l</span> 
     </span>
    </p>
   </div>
   <div class='ocr_carea' id='block_1_5' title="bbox 94 221 204 286">
    <p class='ocr_par' dir='ltr' id='par_1_5' title="bbox 94 221 204 286">
     <span class='ocr_line' id='line_1_5' title="bbox 115 221 197 258; baseline 0.024 -10"><span class='ocrx_word' id='word_1_24' title='bbox 115 221 197 258; x_wconf 85' lang='lat'>1289.</span> 
     </span>
     <span class='ocr_line' id='line_1_6' title="bbox 94 259 204 286; baseline 0 0"><span class='ocrx_word' id='word_1_25' title='bbox 94 259 161 286; x_wconf 70' lang='lat' dir='ltr'>Edu.</span> <span class='ocrx_word' id='word_1_26' title='bbox 181 267 204 286; x_wconf 83' lang='lat'>1.</span> 
     </span>
    </p>
   </div>
   <div class='ocr_carea' id='block_1_6' title="bbox 100 1373 232 1409">
    <p class='ocr_par' dir='ltr' id='par_1_6' title="bbox 100 1373 232 1409">
     <span class='ocr_line' id='line_1_7' title="bbox 100 1373 232 1409; baseline -0.03 -6"><span class='ocrx_word' id='word_1_27' title='bbox 100 1373 232 1409; x_wconf 73' lang='lat'><em>&#39;11.456.</em></span> 
     </span>
    </p>
   </div>
   <div class='ocr_carea' id='block_1_7' title="bbox 240 214 1338 4018">
    <p class='ocr_par' dir='ltr' id='par_1_7' title="bbox 241 214 1249 252">
     <span class='ocr_line' id='line_1_8' title="bbox 241 214 1249 252; baseline -0.012 0"><span class='ocrx_word' id='word_1_28' title='bbox 241 221 291 252; x_wconf 87' lang='lat' dir='ltr'>sub</span> <span class='ocrx_word' id='word_1_29' title='bbox 309 222 389 251; x_wconf 88' lang='lat' dir='ltr'>certis</span> <span class='ocrx_word' id='word_1_30' title='bbox 403 218 614 249; x_wconf 58' lang='lat' dir='ltr'>cenditionibus</span> <span class='ocrx_word' id='word_1_31' title='bbox 627 215 757 245; x_wconf 83' lang='lat' dir='ltr'>duximus</span> <span class='ocrx_word' id='word_1_32' title='bbox 770 214 955 245; x_wconf 87' lang='lat' dir='ltr'>liberandum.</span> <span class='ocrx_word' id='word_1_33' title='bbox 1244 247 1249 252; x_wconf 93' lang='lat'>.</span> 
     </span>
    </p>

    <p class='ocr_par' dir='ltr' id='par_1_8' title="bbox 240 250 1299 483">
     <span class='ocr_line' id='line_1_9' title="bbox 281 250 1298 293; baseline -0.011 -6"><span class='ocrx_word' id='word_1_34' title='bbox 281 258 431 289; x_wconf 77' lang='lat' dir='ltr'>Credimus</span> <span class='ocrx_word' id='word_1_35' title='bbox 460 257 544 285; x_wconf 82' lang='lat' dir='ltr'>etiam</span> <span class='ocrx_word' id='word_1_36' title='bbox 565 253 687 284; x_wconf 88' lang='lat' dir='ltr'>vestram</span> <span class='ocrx_word' id='word_1_37' title='bbox 707 254 829 293; x_wconf 78' lang='lat' dir='ltr'>Regiam</span> <span class='ocrx_word' id='word_1_38' title='bbox 849 252 1054 283; x_wconf 87' lang='lat' dir='ltr'>Cellitudinem</span> <span class='ocrx_word' id='word_1_39' title='bbox 1070 250 1104 281; x_wconf 89' lang='lat' dir='ltr'>ad</span> <span class='ocrx_word' id='word_1_40' title='bbox 1127 254 1298 280; x_wconf 84' lang='lat' dir='ltr'>memoriam</span> 
     </span>
     <span class='ocr_line' id='line_1_10' title="bbox 244 285 1298 330; baseline -0.012 -3"><span class='ocrx_word' id='word_1_41' title='bbox 244 296 379 327; x_wconf 80' lang='lat' dir='ltr'><strong>reducere</strong></span> <span class='ocrx_word' id='word_1_42' title='bbox 391 295 597 324; x_wconf 85' lang='lat' dir='ltr'>conventiones</span> <span class='ocrx_word' id='word_1_43' title='bbox 609 293 643 323; x_wconf 69' lang='grc' dir='ltr'>ὃ(</span> <span class='ocrx_word' id='word_1_44' title='bbox 657 292 752 330; x_wconf 62' lang='lat' dir='ltr'>pacta,</span> <span class='ocrx_word' id='word_1_45' title='bbox 771 293 800 321; x_wconf 91' lang='lat' dir='ltr'>in</span> <span class='ocrx_word' id='word_1_46' title='bbox 813 291 893 329; x_wconf 89' lang='lat' dir='ltr'>ipsius</span> <span class='ocrx_word' id='word_1_47' title='bbox 905 291 1069 321; x_wconf 85' lang='lat' dir='ltr'>liberatione</span> <span class='ocrx_word' id='word_1_48' title='bbox 1084 291 1155 319; x_wconf 88' lang='lat' dir='ltr'>inter</span> <span class='ocrx_word' id='word_1_49' title='bbox 1170 296 1221 317; x_wconf 89' lang='lat' dir='ltr'>vos</span> <span class='ocrx_word' id='word_1_50' title='bbox 1236 310 1246 323; x_wconf 94' lang='lat'>,</span> <span class='ocrx_word' id='word_1_51' title='bbox 1257 285 1298 328; x_wconf 37' lang='grc' dir='ltr'>,δε</span> 
     </span>
     <span class='ocr_line' id='line_1_11' title="bbox 242 325 1298 373; baseline -0.013 -7"><span class='ocrx_word' id='word_1_52' title='bbox 242 335 332 373; x_wconf 89' lang='lat' dir='ltr'>ipsum</span> <span class='ocrx_word' id='word_1_53' title='bbox 349 332 527 370; x_wconf 81' lang='lat' dir='ltr'>Principem,</span> <span class='ocrx_word' id='word_1_54' title='bbox 545 331 579 361; x_wconf 91' lang='lat'>&amp;</span> <span class='ocrx_word' id='word_1_55' title='bbox 591 339 643 359; x_wconf 91' lang='lat' dir='ltr'>nos</span> <span class='ocrx_word' id='word_1_56' title='bbox 653 330 747 361; x_wconf 87' lang='lat' dir='ltr'>habita</span> <span class='ocrx_word' id='word_1_57' title='bbox 760 330 793 360; x_wconf 72' lang='grc' dir='ltr'>ὅτ</span> <span class='ocrx_word' id='word_1_58' title='bbox 806 328 900 367; x_wconf 72' lang='lat' dir='ltr'>finita,</span> <span class='ocrx_word' id='word_1_59' title='bbox 918 339 968 368; x_wconf 87' lang='lat' dir='ltr'>ac,</span> <span class='ocrx_word' id='word_1_60' title='bbox 986 328 1050 367; x_wconf 90' lang='lat' dir='ltr'>post</span> <span class='ocrx_word' id='word_1_61' title='bbox 1065 327 1145 365; x_wconf 73' lang='lat' dir='ltr'>ipsiu:</span> <span class='ocrx_word' id='word_1_62' title='bbox 1157 325 1298 369; x_wconf 62' lang='lat' dir='ltr'>liberatio—</span> 
     </span>
     <span class='ocr_line' id='line_1_12' title="bbox 244 362 1297 408; baseline -0.006 -7"><span class='ocrx_word' id='word_1_63' title='bbox 244 381 311 402; x_wconf 88' lang='lat' dir='ltr'>nem</span> <span class='ocrx_word' id='word_1_64' title='bbox 324 395 333 408; x_wconf 92' lang='lat'>,</span> <span class='ocrx_word' id='word_1_65' title='bbox 358 379 408 407; x_wconf 88' lang='lat' dir='ltr'>per</span> <span class='ocrx_word' id='word_1_66' title='bbox 426 370 514 407; x_wconf 89' lang='lat' dir='ltr'>ipsum</span> <span class='ocrx_word' id='word_1_67' title='bbox 527 391 536 406; x_wconf 87' lang='lat'>,</span> <span class='ocrx_word' id='word_1_68' title='bbox 562 367 729 399; x_wconf 83' lang='lat' dir='ltr'>existentem</span> <span class='ocrx_word' id='word_1_69' title='bbox 749 369 777 398; x_wconf 92' lang='lat' dir='ltr'>in</span> <span class='ocrx_word' id='word_1_70' title='bbox 791 367 873 406; x_wconf 73' lang='lat' dir='ltr'>plena</span> <span class='ocrx_word' id='word_1_71' title='bbox 882 367 1025 405; x_wconf 85' lang='lat' dir='ltr'>libertate,</span> <span class='ocrx_word' id='word_1_72' title='bbox 1043 366 1129 404; x_wconf 70' lang='lat' dir='ltr'>longe</span> <span class='ocrx_word' id='word_1_73' title='bbox 1144 366 1160 393; x_wconf 66' lang='grc' dir='ltr'>ὗ.</span> <span class='ocrx_word' id='word_1_74' title='bbox 1175 373 1248 407; x_wconf 63' lang='lat' dir='ltr'>tetra</span> <span class='ocrx_word' id='word_1_75' title='bbox 1258 362 1297 404; x_wconf 36' lang='lat'>¹&amp;</span> 
     </span>
     <span class='ocr_line' id='line_1_13' title="bbox 240 402 1299 448; baseline -0.01 -9"><span class='ocrx_word' id='word_1_76' title='bbox 240 408 433 448; x_wconf 59' lang='lat' dir='ltr'>jurisdictione</span> <span class='ocrx_word' id='word_1_77' title='bbox 453 406 551 437; x_wconf 62' lang='lat' dir='ltr'>nostr&amp;⁴</span> <span class='ocrx_word' id='word_1_78' title='bbox 563 428 573 445; x_wconf 94' lang='lat'>,</span> <span class='ocrx_word' id='word_1_79' title='bbox 596 415 631 436; x_wconf 84' lang='lat' dir='ltr'>ex</span> <span class='ocrx_word' id='word_1_80' title='bbox 643 406 718 437; x_wconf 72' lang='lat' dir='ltr'>certa</span> <span class='ocrx_word' id='word_1_81' title='bbox 728 406 842 437; x_wconf 73' lang='lat' dir='ltr'>scientia</span> <span class='ocrx_word' id='word_1_82' title='bbox 855 406 1025 446; x_wconf 89' lang='lat' dir='ltr'>approbata,</span> <span class='ocrx_word' id='word_1_83' title='bbox 1043 413 1111 435; x_wconf 90' lang='lat' dir='ltr'>cum</span> <span class='ocrx_word' id='word_1_84' title='bbox 1126 402 1244 441; x_wconf 81' lang='lat' dir='ltr'>publico</span> <span class='ocrx_word' id='word_1_85' title='bbox 1256 408 1299 428; x_wconf 89' lang='lat' dir='ltr'>in-</span> 
     </span>
     <span class='ocr_line' id='line_1_14' title="bbox 244 444 718 483; baseline -0.006 -6"><span class='ocrx_word' id='word_1_86' title='bbox 244 447 417 483; x_wconf 84' lang='lat' dir='ltr'>strumento,</span> <span class='ocrx_word' id='word_1_87' title='bbox 432 446 594 483; x_wconf 84' lang='lat' dir='ltr'>juramento</span> <span class='ocrx_word' id='word_1_88' title='bbox 605 444 718 476; x_wconf 84' lang='lat' dir='ltr'>vallato.</span> 
     </span>
    </p>

    <p class='ocr_par' dir='ltr' id='par_1_9' title="bbox 243 480 1302 752">
     <span class='ocr_line' id='line_1_15' title="bbox 282 480 1299 522; baseline -0.01 -8"><span class='ocrx_word' id='word_1_89' title='bbox 282 484 351 514; x_wconf 91' lang='lat' dir='ltr'>Nos</span> <span class='ocrx_word' id='word_1_90' title='bbox 364 487 435 514; x_wconf 83' lang='lat' dir='ltr'>vero</span> <span class='ocrx_word' id='word_1_91' title='bbox 447 483 630 522; x_wconf 72' lang='lat' dir='ltr'>immediate,</span> <span class='ocrx_word' id='word_1_92' title='bbox 646 483 705 521; x_wconf 90' lang='lat' dir='ltr'>ipso</span> <span class='ocrx_word' id='word_1_93' title='bbox 720 483 809 513; x_wconf 88' lang='lat' dir='ltr'>taliter</span> <span class='ocrx_word' id='word_1_94' title='bbox 824 482 941 512; x_wconf 91' lang='lat' dir='ltr'>liberato</span> <span class='ocrx_word' id='word_1_95' title='bbox 957 481 1035 519; x_wconf 85' lang='lat' dir='ltr'>(quia</span> <span class='ocrx_word' id='word_1_96' title='bbox 1049 480 1120 509; x_wconf 86' lang='lat' dir='ltr'>inter</span> <span class='ocrx_word' id='word_1_97' title='bbox 1131 487 1183 521; x_wconf 81' lang='lat' dir='ltr'>nos</span> <span class='ocrx_word' id='word_1_98' title='bbox 1197 484 1299 506; x_wconf 88' lang='lat' dir='ltr'>omnes</span> 
     </span>
     <span class='ocr_line' id='line_1_16' title="bbox 244 515 1301 558; baseline -0.01 -5"><span class='ocrx_word' id='word_1_99' title='bbox 244 524 281 553; x_wconf 87' lang='lat' dir='ltr'>ita</span> <span class='ocrx_word' id='word_1_100' title='bbox 300 522 464 552; x_wconf 88' lang='lat' dir='ltr'>ordinatum</span> <span class='ocrx_word' id='word_1_101' title='bbox 483 521 572 552; x_wconf 89' lang='lat' dir='ltr'>fuerat</span> <span class='ocrx_word' id='word_1_102' title='bbox 593 523 627 553; x_wconf 87' lang='lat'>&amp;</span> <span class='ocrx_word' id='word_1_103' title='bbox 645 521 825 558; x_wconf 61' lang='lat' dir='ltr'>condidium)</span> <span class='ocrx_word' id='word_1_104' title='bbox 847 520 975 550; x_wconf 89' lang='lat' dir='ltr'>nobilem</span> <span class='ocrx_word' id='word_1_105' title='bbox 989 521 1084 549; x_wconf 90' lang='lat' dir='ltr'>virum</span> <span class='ocrx_word' id='word_1_106' title='bbox 1099 515 1301 558; x_wconf 84' lang='lat' dir='ltr'>Guilabertum</span> 
     </span>
     <span class='ocr_line' id='line_1_17' title="bbox 244 553 1300 600; baseline -0.009 -9"><span class='ocrx_word' id='word_1_107' title='bbox 244 561 281 591; x_wconf 90' lang='lat' dir='ltr'>de</span> <span class='ocrx_word' id='word_1_108' title='bbox 295 560 451 599; x_wconf 81' lang='lat' dir='ltr'>Crudeliis,</span> <span class='ocrx_word' id='word_1_109' title='bbox 469 561 502 592; x_wconf 87' lang='lat'>&amp;</span> <span class='ocrx_word' id='word_1_110' title='bbox 515 560 674 600; x_wconf 88' lang='lat' dir='ltr'>religiosum</span> <span class='ocrx_word' id='word_1_111' title='bbox 688 561 782 591; x_wconf 88' lang='lat' dir='ltr'>virum</span> <span class='ocrx_word' id='word_1_112' title='bbox 793 559 907 589; x_wconf 86' lang='lat' dir='ltr'>fratrem</span> <span class='ocrx_word' id='word_1_113' title='bbox 921 556 1125 598; x_wconf 80' lang='lat' dir='ltr'>Galterandurn</span> <span class='ocrx_word' id='word_1_114' title='bbox 1140 553 1176 583; x_wconf 91' lang='lat' dir='ltr'>de</span> <span class='ocrx_word' id='word_1_115' title='bbox 1182 553 1300 595; x_wconf 86' lang='lat' dir='ltr'>Timor,</span> 
     </span>
     <span class='ocr_line' id='line_1_18' title="bbox 243 591 1300 636; baseline -0.009 -7"><span class='ocrx_word' id='word_1_116' title='bbox 243 608 314 629; x_wconf 90' lang='lat' dir='ltr'>cum</span> <span class='ocrx_word' id='word_1_117' title='bbox 326 598 463 636; x_wconf 83' lang='lat' dir='ltr'>aliquibus</span> <span class='ocrx_word' id='word_1_118' title='bbox 482 599 541 629; x_wconf 89' lang='lat' dir='ltr'>aliis</span> <span class='ocrx_word' id='word_1_119' title='bbox 559 597 661 628; x_wconf 88' lang='lat' dir='ltr'>nostris</span> <span class='ocrx_word' id='word_1_120' title='bbox 674 622 684 636; x_wconf 87' lang='lat'>,</span> <span class='ocrx_word' id='word_1_121' title='bbox 701 597 866 635; x_wconf 86' lang='lat' dir='ltr'>sapientibus</span> <span class='ocrx_word' id='word_1_122' title='bbox 878 597 943 627; x_wconf 86' lang='lat' dir='ltr'>viris</span> <span class='ocrx_word' id='word_1_123' title='bbox 958 596 991 625; x_wconf 87' lang='lat'>&amp;</span> <span class='ocrx_word' id='word_1_124' title='bbox 1005 594 1144 636; x_wconf 78' lang='lat' dir='ltr'>discretis,</span> <span class='ocrx_word' id='word_1_125' title='bbox 1164 591 1300 622; x_wconf 90' lang='lat' dir='ltr'>Nuncios</span> 
     </span>
     <span class='ocr_line' id='line_1_19' title="bbox 244 630 1299 675; baseline -0.009 -7"><span class='ocrx_word' id='word_1_126' title='bbox 244 637 356 668; x_wconf 90' lang='lat' dir='ltr'>nostros</span> <span class='ocrx_word' id='word_1_127' title='bbox 373 637 502 675; x_wconf 82' lang='lat' dir='ltr'>speciales</span> <span class='ocrx_word' id='word_1_128' title='bbox 520 635 555 666; x_wconf 91' lang='lat' dir='ltr'>ad</span> <span class='ocrx_word' id='word_1_129' title='bbox 573 636 667 667; x_wconf 92' lang='lat' dir='ltr'>sedem</span> <span class='ocrx_word' id='word_1_130' title='bbox 686 635 885 673; x_wconf 88' lang='lat' dir='ltr'>Apostolicam</span> <span class='ocrx_word' id='word_1_131' title='bbox 897 659 907 673; x_wconf 87' lang='lat'>,</span> <span class='ocrx_word' id='word_1_132' title='bbox 932 644 985 671; x_wconf 90' lang='lat' dir='ltr'>pro</span> <span class='ocrx_word' id='word_1_133' title='bbox 1005 631 1139 675; x_wconf 36' lang='lat' dir='ltr'>habenda.</span> <span class='ocrx_word' id='word_1_134' title='bbox 1156 639 1225 674; x_wconf 71' lang='lat' dir='ltr'>pace</span> <span class='ocrx_word' id='word_1_135' title='bbox 1238 652 1247 668; x_wconf 87' lang='lat'>,</span> <span class='ocrx_word' id='word_1_136' title='bbox 1266 630 1299 659; x_wconf 88' lang='lat'>&amp;</span> 
     </span>
     <span class='ocr_line' id='line_1_20' title="bbox 243 669 1302 714; baseline -0.008 -9"><span class='ocrx_word' id='word_1_137' title='bbox 243 676 340 714; x_wconf 73' lang='lat' dir='ltr'>treuga</span> <span class='ocrx_word' id='word_1_138' title='bbox 353 700 364 714; x_wconf 94' lang='lat'>,</span> <span class='ocrx_word' id='word_1_139' title='bbox 388 675 422 707; x_wconf 90' lang='lat'>&amp;</span> <span class='ocrx_word' id='word_1_140' title='bbox 437 676 472 706; x_wconf 89' lang='lat' dir='ltr'>ab</span> <span class='ocrx_word' id='word_1_141' title='bbox 486 675 584 705; x_wconf 83' lang='lat' dir='ltr'>eadem</span> <span class='ocrx_word' id='word_1_142' title='bbox 596 674 660 704; x_wconf 94' lang='lat' dir='ltr'>sede</span> <span class='ocrx_word' id='word_1_143' title='bbox 668 674 775 712; x_wconf 70' lang='lat' dir='ltr'>justitia</span> <span class='ocrx_word' id='word_1_144' title='bbox 789 671 1004 711; x_wconf 73' lang='lat' dir='ltr'>consequenda,</span> <span class='ocrx_word' id='word_1_145' title='bbox 1022 671 1080 714; x_wconf 81' lang='lat' dir='ltr'>ipso</span> <span class='ocrx_word' id='word_1_146' title='bbox 1094 669 1226 707; x_wconf 80' lang='lat' dir='ltr'>Principe</span> <span class='ocrx_word' id='word_1_147' title='bbox 1240 677 1302 698; x_wconf 90' lang='lat' dir='ltr'>me-</span> 
     </span>
     <span class='ocr_line' id='line_1_21' title="bbox 245 707 1233 752; baseline -0.008 -8"><span class='ocrx_word' id='word_1_148' title='bbox 245 714 354 752; x_wconf 87' lang='lat' dir='ltr'>diante,</span> <span class='ocrx_word' id='word_1_149' title='bbox 372 714 408 744; x_wconf 90' lang='lat' dir='ltr'>de</span> <span class='ocrx_word' id='word_1_150' title='bbox 420 714 565 744; x_wconf 89' lang='lat' dir='ltr'>voluntate</span> <span class='ocrx_word' id='word_1_151' title='bbox 579 713 613 744; x_wconf 64' lang='grc' dir='ltr'>ὃς</span> <span class='ocrx_word' id='word_1_152' title='bbox 626 712 744 742; x_wconf 89' lang='lat' dir='ltr'>consilio</span> <span class='ocrx_word' id='word_1_153' title='bbox 758 712 839 749; x_wconf 82' lang='lat' dir='ltr'>ipsius</span> <span class='ocrx_word' id='word_1_154' title='bbox 851 711 980 742; x_wconf 78' lang='lat' dir='ltr'>duximus</span> <span class='ocrx_word' id='word_1_155' title='bbox 993 707 1189 752; x_wconf 44' lang='lat' dir='ltr'>destinandos-3</span> <span class='ocrx_word' id='word_1_156' title='bbox 1206 747 1210 751; x_wconf 37' lang='grc' dir='ltr'>Ι</span> <span class='ocrx_word' id='word_1_157' title='bbox 1228 746 1233 751; x_wconf 30' lang='lat'><strong>⁴</strong></span> 
     </span>
    </p>

    <p class='ocr_par' dir='ltr' id='par_1_10' title="bbox 245 748 1306 897">
     <span class='ocr_line' id='line_1_22' title="bbox 283 748 1302 790; baseline -0.009 -7"><span class='ocrx_word' id='word_1_158' title='bbox 283 751 327 783; x_wconf 83' lang='lat' dir='ltr'>Ex</span> <span class='ocrx_word' id='word_1_159' title='bbox 342 753 442 790; x_wconf 88' lang='lat' dir='ltr'>quibus</span> <span class='ocrx_word' id='word_1_160' title='bbox 458 751 573 790; x_wconf 86' lang='lat' dir='ltr'>quidem</span> <span class='ocrx_word' id='word_1_161' title='bbox 585 750 688 780; x_wconf 88' lang='lat' dir='ltr'>nobilis</span> <span class='ocrx_word' id='word_1_162' title='bbox 709 750 891 781; x_wconf 87' lang='lat' dir='ltr'>Guilabertus</span> <span class='ocrx_word' id='word_1_163' title='bbox 912 748 1062 787; x_wconf 67' lang='lat' dir='ltr'>praedictus</span> <span class='ocrx_word' id='word_1_164' title='bbox 1082 748 1111 777; x_wconf 93' lang='lat' dir='ltr'>in</span> <span class='ocrx_word' id='word_1_165' title='bbox 1132 750 1302 790; x_wconf 35' lang='lat' dir='ltr'>ipio-itinere</span> 
     </span>
     <span class='ocr_line' id='line_1_23' title="bbox 245 783 1304 828; baseline -0.007 -8"><span class='ocrx_word' id='word_1_166' title='bbox 245 799 342 828; x_wconf 86' lang='lat' dir='ltr'>captus</span> <span class='ocrx_word' id='word_1_167' title='bbox 358 791 464 828; x_wconf 81' lang='lat' dir='ltr'>exn&#39;rit,</span> <span class='ocrx_word' id='word_1_168' title='bbox 480 790 530 820; x_wconf 86' lang='lat' dir='ltr'>sub</span> <span class='ocrx_word' id='word_1_169' title='bbox 545 788 601 819; x_wconf 88' lang='lat' dir='ltr'>fide</span> <span class='ocrx_word' id='word_1_170' title='bbox 613 790 646 820; x_wconf 89' lang='lat'>&amp;</span> <span class='ocrx_word' id='word_1_171' title='bbox 659 788 814 819; x_wconf 88' lang='lat' dir='ltr'>Guidatico</span> <span class='ocrx_word' id='word_1_172' title='bbox 827 788 911 819; x_wconf 56' lang='lat' dir='ltr'>dieta:</span> <span class='ocrx_word' id='word_1_173' title='bbox 923 787 1006 825; x_wconf 87' lang='lat' dir='ltr'>sedis,</span> <span class='ocrx_word' id='word_1_174' title='bbox 1021 787 1051 816; x_wconf 88' lang='lat' dir='ltr'>in</span> <span class='ocrx_word' id='word_1_175' title='bbox 1062 785 1182 828; x_wconf 79' lang='lat' dir='ltr'>Laqueis</span> <span class='ocrx_word' id='word_1_176' title='bbox 1194 783 1304 828; x_wconf 78' lang='lat' dir='ltr'>illustris</span> 
     </span>
     <span class='ocr_line' id='line_1_24' title="bbox 245 822 1306 897; baseline -0.007 -39"><span class='ocrx_word' id='word_1_177' title='bbox 245 828 335 897; x_wconf 59' lang='lat' dir='ltr'>cRegis</span> <span class='ocrx_word' id='word_1_178' title='bbox 356 828 482 858; x_wconf 75' lang='lat' dir='ltr'>Francite</span> <span class='ocrx_word' id='word_1_179' title='bbox 496 851 506 867; x_wconf 95' lang='lat'>,</span> <span class='ocrx_word' id='word_1_180' title='bbox 531 828 564 859; x_wconf 93' lang='lat'>&amp;</span> <span class='ocrx_word' id='word_1_181' title='bbox 586 827 678 858; x_wconf 90' lang='lat' dir='ltr'>adhuc</span> <span class='ocrx_word' id='word_1_182' title='bbox 691 851 701 866; x_wconf 92' lang='lat'>,</span> <span class='ocrx_word' id='word_1_183' title='bbox 723 837 818 866; x_wconf 90' lang='lat' dir='ltr'>captus</span> <span class='ocrx_word' id='word_1_184' title='bbox 841 826 965 857; x_wconf 80' lang='lat' dir='ltr'>indebite</span> <span class='ocrx_word' id='word_1_185' title='bbox 989 827 1022 857; x_wconf 87' lang='lat'>&amp;</span> <span class='ocrx_word' id='word_1_186' title='bbox 1043 832 1142 856; x_wconf 87' lang='lat' dir='ltr'>contra</span> <span class='ocrx_word' id='word_1_187' title='bbox 1150 822 1284 862; x_wconf 74' lang='lat' dir='ltr'>justiti-am</span> <span class='ocrx_word' id='word_1_188' title='bbox 1296 845 1306 860; x_wconf 93' lang='lat'>,</span> 
     </span>
    </p>

    <p class='ocr_par' dir='ltr' id='par_1_11' title="bbox 266 877 398 898">
     <span class='ocr_line' id='line_1_25' title="bbox 266 877 398 898; baseline -0.008 -1"><span class='ocrx_word' id='word_1_189' title='bbox 266 877 398 898; x_wconf 84' lang='lat' dir='ltr'>etinctur:</span> 
     </span>
    </p>

    <p class='ocr_par' dir='ltr' id='par_1_12' title="bbox 247 901 1306 984">
     <span class='ocr_line' id='line_1_26' title="bbox 284 901 1306 942; baseline -0.005 -7"><span class='ocrx_word' id='word_1_190' title='bbox 284 905 340 936; x_wconf 88' lang='lat' dir='ltr'>Alii</span> <span class='ocrx_word' id='word_1_191' title='bbox 361 915 430 935; x_wconf 90' lang='lat' dir='ltr'>vero</span> <span class='ocrx_word' id='word_1_192' title='bbox 445 904 560 935; x_wconf 91' lang='lat' dir='ltr'>Nuncii</span> <span class='ocrx_word' id='word_1_193' title='bbox 577 903 612 934; x_wconf 87' lang='lat' dir='ltr'>ad</span> <span class='ocrx_word' id='word_1_194' title='bbox 625 903 767 942; x_wconf 87' lang='lat' dir='ltr'>praefatam</span> <span class='ocrx_word' id='word_1_195' title='bbox 779 903 873 935; x_wconf 87' lang='lat' dir='ltr'>sedem</span> <span class='ocrx_word' id='word_1_196' title='bbox 890 901 1086 941; x_wconf 88' lang='lat' dir='ltr'>Apostolicam</span> <span class='ocrx_word' id='word_1_197' title='bbox 1100 908 1306 940; x_wconf 83' lang='lat' dir='ltr'>pervenerunt,</span> 
     </span>
     <span class='ocr_line' id='line_1_27' title="bbox 247 941 1253 984; baseline -0.004 -10"><span class='ocrx_word' id='word_1_198' title='bbox 247 943 444 981; x_wconf 84' lang='lat' dir='ltr'>redemptione</span> <span class='ocrx_word' id='word_1_199' title='bbox 458 944 532 982; x_wconf 79' lang='lat' dir='ltr'>prius</span> <span class='ocrx_word' id='word_1_200' title='bbox 544 943 665 984; x_wconf 45' lang='lat' dir='ltr'>praestita</span> <span class='ocrx_word' id='word_1_201' title='bbox 680 953 729 983; x_wconf 88' lang='lat' dir='ltr'>per</span> <span class='ocrx_word' id='word_1_202' title='bbox 741 943 847 981; x_wconf 87' lang='lat' dir='ltr'>aliquos</span> <span class='ocrx_word' id='word_1_203' title='bbox 862 951 896 972; x_wconf 78' lang='lat' dir='ltr'>ex</span> <span class='ocrx_word' id='word_1_204' title='bbox 908 941 1026 980; x_wconf 74' lang='lat' dir='ltr'>eisdem,</span> <span class='ocrx_word' id='word_1_205' title='bbox 1174 978 1178 982; x_wconf 39' lang='grc' dir='ltr'>Ι</span> <span class='ocrx_word' id='word_1_206' title='bbox 1228 978 1232 982; x_wconf 40' lang='grc' dir='ltr'>Ι</span> <span class='ocrx_word' id='word_1_207' title='bbox 1249 978 1253 982; x_wconf 28' lang='grc' dir='ltr'>ι</span> 
     </span>
    </p>

    <p class='ocr_par' dir='ltr' id='par_1_13' title="bbox 246 976 1306 1244">
     <span class='ocr_line' id='line_1_28' title="bbox 284 976 1304 1021; baseline -0.007 -8"><span class='ocrx_word' id='word_1_208' title='bbox 284 982 322 1013; x_wconf 86' lang='lat' dir='ltr'>Et</span> <span class='ocrx_word' id='word_1_209' title='bbox 336 981 460 1021; x_wconf 84' lang='lat' dir='ltr'>ibidem,</span> <span class='ocrx_word' id='word_1_210' title='bbox 479 982 558 1013; x_wconf 72' lang='lat' dir='ltr'>dieto</span> <span class='ocrx_word' id='word_1_211' title='bbox 572 982 703 1020; x_wconf 80' lang='lat' dir='ltr'>Principe</span> <span class='ocrx_word' id='word_1_212' title='bbox 716 983 745 1012; x_wconf 91' lang='lat' dir='ltr'>in</span> <span class='ocrx_word' id='word_1_213' title='bbox 759 981 848 1011; x_wconf 71' lang='lat' dir='ltr'>Curia</span> <span class='ocrx_word' id='word_1_214' title='bbox 862 981 1011 1018; x_wconf 85' lang='lat' dir='ltr'>existente,</span> <span class='ocrx_word' id='word_1_215' title='bbox 1030 978 1156 1010; x_wconf 80' lang='lat' dir='ltr'>nostram</span> <span class='ocrx_word' id='word_1_216' title='bbox 1167 976 1304 1021; x_wconf 74' lang='lat' dir='ltr'>justitiam</span> 
     </span>
     <span class='ocr_line' id='line_1_29' title="bbox 247 1016 1306 1059; baseline -0.006 -8"><span class='ocrx_word' id='word_1_217' title='bbox 247 1022 282 1052; x_wconf 93' lang='lat'>&amp;</span> <span class='ocrx_word' id='word_1_218' title='bbox 293 1022 499 1059; x_wconf 81' lang='lat' dir='ltr'>innocentiam,</span> <span class='ocrx_word' id='word_1_219' title='bbox 517 1030 550 1051; x_wconf 92' lang='lat' dir='ltr'>ac</span> <span class='ocrx_word' id='word_1_220' title='bbox 565 1020 741 1051; x_wconf 85' lang='lat' dir='ltr'>subditorum</span> <span class='ocrx_word' id='word_1_221' title='bbox 755 1020 935 1057; x_wconf 84' lang='lat' dir='ltr'>nostrorum,</span> <span class='ocrx_word' id='word_1_222' title='bbox 953 1018 1085 1049; x_wconf 89' lang='lat' dir='ltr'>Domino</span> <span class='ocrx_word' id='word_1_223' title='bbox 1095 1017 1178 1057; x_wconf 69' lang='lat' dir='ltr'>Pcpae</span> <span class='ocrx_word' id='word_1_224' title='bbox 1193 1016 1306 1046; x_wconf 58' lang='lat' dir='ltr'>sanetis-</span> 
     </span>
     <span class='ocr_line' id='line_1_30' title="bbox 247 1055 1306 1098; baseline -0.007 -8"><span class='ocrx_word' id='word_1_225' title='bbox 247 1060 320 1090; x_wconf 89' lang='lat' dir='ltr'>simo</span> <span class='ocrx_word' id='word_1_226' title='bbox 371 1061 404 1091; x_wconf 88' lang='lat'>&amp;</span> <span class='ocrx_word' id='word_1_227' title='bbox 427 1060 484 1097; x_wconf 77' lang='lat' dir='ltr'>eJus</span> <span class='ocrx_word' id='word_1_228' title='bbox 497 1059 626 1090; x_wconf 87' lang='lat' dir='ltr'>fratribus</span> <span class='ocrx_word' id='word_1_229' title='bbox 638 1068 828 1098; x_wconf 78' lang='lat' dir='ltr'>exponenteS,</span> <span class='ocrx_word' id='word_1_230' title='bbox 845 1067 964 1097; x_wconf 83' lang='lat' dir='ltr'>pacem,</span> <span class='ocrx_word' id='word_1_231' title='bbox 982 1067 1067 1096; x_wconf 88' lang='lat' dir='ltr'>quam</span> <span class='ocrx_word' id='word_1_232' title='bbox 1081 1056 1188 1095; x_wconf 84' lang='lat' dir='ltr'>semper</span> <span class='ocrx_word' id='word_1_233' title='bbox 1202 1055 1306 1084; x_wconf 87' lang='lat' dir='ltr'>habere</span> 
     </span>
     <span class='ocr_line' id='line_1_31' title="bbox 246 1084 1305 1138; baseline -0.005 -10"><span class='ocrx_word' id='word_1_234' title='bbox 246 1108 317 1128; x_wconf 90' lang='lat' dir='ltr'>curn</span> <span class='ocrx_word' id='word_1_235' title='bbox 335 1084 467 1129; x_wconf 66' lang='lat' dir='ltr'>’Ecclesia</span> <span class='ocrx_word' id='word_1_236' title='bbox 487 1099 646 1135; x_wconf 87' lang='lat' dir='ltr'>optavimus</span> <span class='ocrx_word' id='word_1_237' title='bbox 659 1122 669 1135; x_wconf 84' lang='lat'>,</span> <span class='ocrx_word' id='word_1_238' title='bbox 694 1098 728 1129; x_wconf 91' lang='lat'>&amp;</span> <span class='ocrx_word' id='word_1_239' title='bbox 747 1106 876 1136; x_wconf 81' lang='lat' dir='ltr'>optamus</span> <span class='ocrx_word' id='word_1_240' title='bbox 897 1107 966 1128; x_wconf 92' lang='lat' dir='ltr'>curn</span> <span class='ocrx_word' id='word_1_241' title='bbox 988 1095 1135 1138; x_wconf 72' lang='lat' dir='ltr'>instantia,</span> <span class='ocrx_word' id='word_1_242' title='bbox 1149 1094 1255 1136; x_wconf 78' lang='lat' dir='ltr'>devote</span> <span class='ocrx_word' id='word_1_243' title='bbox 1271 1094 1305 1124; x_wconf 87' lang='lat'>&amp;</span> 
     </span>
     <span class='ocr_line' id='line_1_32' title="bbox 249 1133 1306 1175; baseline -0.004 -8"><span class='ocrx_word' id='word_1_244' title='bbox 249 1137 394 1167; x_wconf 80' lang='lat' dir='ltr'>humiliter</span> <span class='ocrx_word' id='word_1_245' title='bbox 408 1136 599 1175; x_wconf 63' lang='lat' dir='ltr'>postularunt,</span> <span class='ocrx_word' id='word_1_246' title='bbox 616 1136 769 1167; x_wconf 88' lang='lat' dir='ltr'>offerentes</span> <span class='ocrx_word' id='word_1_247' title='bbox 787 1136 814 1167; x_wconf 83' lang='lat' dir='ltr'>se</span> <span class='ocrx_word' id='word_1_248' title='bbox 834 1136 951 1166; x_wconf 89' lang='lat' dir='ltr'>nomine</span> <span class='ocrx_word' id='word_1_249' title='bbox 964 1134 1064 1165; x_wconf 88' lang='lat' dir='ltr'>nostro</span> <span class='ocrx_word' id='word_1_250' title='bbox 1077 1139 1187 1164; x_wconf 66' lang='lat' dir='ltr'>firmare</span> <span class='ocrx_word' id='word_1_251' title='bbox 1196 1142 1254 1170; x_wconf 82' lang='lat' dir='ltr'>jus,</span> <span class='ocrx_word' id='word_1_252' title='bbox 1272 1133 1306 1163; x_wconf 85' lang='lat'>&amp;</span> 
     </span>
     <span class='ocr_line' id='line_1_33' title="bbox 246 1171 1306 1244; baseline -0.005 -39"><span class='ocrx_word' id='word_1_253' title='bbox 246 1176 302 1244; x_wconf 61' lang='grc' dir='ltr'>Ῐὲπί</span> <span class='ocrx_word' id='word_1_254' title='bbox 321 1175 473 1206; x_wconf 87' lang='lat' dir='ltr'>satisfacere</span> <span class='ocrx_word' id='word_1_255' title='bbox 492 1175 605 1212; x_wconf 80' lang='lat' dir='ltr'>cuilibet</span> <span class='ocrx_word' id='word_1_256' title='bbox 619 1199 629 1214; x_wconf 91' lang='lat'>,</span> <span class='ocrx_word' id='word_1_257' title='bbox 649 1174 686 1205; x_wconf 93' lang='lat' dir='ltr'>de</span> <span class='ocrx_word' id='word_1_258' title='bbox 703 1175 786 1205; x_wconf 88' lang='lat' dir='ltr'>nobis</span> <span class='ocrx_word' id='word_1_259' title='bbox 801 1174 1005 1213; x_wconf 77' lang='lat' dir='ltr'>conquerenti,</span> <span class='ocrx_word' id='word_1_260' title='bbox 1023 1174 1052 1202; x_wconf 92' lang='lat' dir='ltr'>in</span> <span class='ocrx_word' id='word_1_261' title='bbox 1068 1171 1148 1211; x_wconf 84' lang='lat' dir='ltr'>posse</span> <span class='ocrx_word' id='word_1_262' title='bbox 1162 1171 1306 1201; x_wconf 87' lang='lat' dir='ltr'>Romanae</span> 
     </span>
    </p>

    <p class='ocr_par' dir='ltr' id='par_1_14' title="bbox 279 1213 582 1251">
     <span class='ocr_line' id='line_1_34' title="bbox 279 1213 582 1251; baseline -0.003 -7"><span class='ocrx_word' id='word_1_263' title='bbox 279 1213 388 1244; x_wconf 85' lang='lat' dir='ltr'>cclesiae</span> <span class='ocrx_word' id='word_1_264' title='bbox 399 1223 582 1251; x_wconf 77' lang='lat' dir='ltr'>memoratae,</span> 
     </span>
    </p>

    <p class='ocr_par' dir='ltr' id='par_1_15' title="bbox 250 1248 1307 1360">
     <span class='ocr_line' id='line_1_35' title="bbox 290 1248 1307 1291; baseline -0.006 -8"><span class='ocrx_word' id='word_1_265' title='bbox 290 1253 369 1291; x_wconf 82' lang='lat' dir='ltr'>Qiae</span> <span class='ocrx_word' id='word_1_266' title='bbox 380 1252 495 1290; x_wconf 91' lang='lat' dir='ltr'>quidem</span> <span class='ocrx_word' id='word_1_267' title='bbox 505 1252 607 1291; x_wconf 90' lang='lat' dir='ltr'>justitia</span> <span class='ocrx_word' id='word_1_268' title='bbox 622 1252 656 1283; x_wconf 92' lang='lat'>&amp;</span> <span class='ocrx_word' id='word_1_269' title='bbox 671 1250 752 1282; x_wconf 89' lang='lat' dir='ltr'>firma</span> <span class='ocrx_word' id='word_1_270' title='bbox 761 1253 829 1291; x_wconf 88' lang='lat' dir='ltr'>juris</span> <span class='ocrx_word' id='word_1_271' title='bbox 844 1251 969 1289; x_wconf 82' lang='lat' dir='ltr'>receptio</span> <span class='ocrx_word' id='word_1_272' title='bbox 981 1250 1034 1288; x_wconf 82' lang='lat' dir='ltr'>eis,</span> <span class='ocrx_word' id='word_1_273' title='bbox 1052 1250 1145 1280; x_wconf 91' lang='lat' dir='ltr'>immo</span> <span class='ocrx_word' id='word_1_274' title='bbox 1158 1248 1241 1279; x_wconf 91' lang='lat' dir='ltr'>nobis</span> <span class='ocrx_word' id='word_1_275' title='bbox 1253 1258 1307 1288; x_wconf 91' lang='lat' dir='ltr'>po-</span> 
     </span>
     <span class='ocr_line' id='line_1_36' title="bbox 250 1287 1306 1359; baseline -0.005 -38"><span class='ocrx_word' id='word_1_276' title='bbox 250 1291 316 1359; x_wconf 77' lang='lat' dir='ltr'>titisd</span> <span class='ocrx_word' id='word_1_277' title='bbox 319 1294 349 1321; x_wconf 93' lang='lat' dir='ltr'>in</span> <span class='ocrx_word' id='word_1_278' title='bbox 364 1290 482 1330; x_wconf 91' lang='lat' dir='ltr'>eisdem,</span> <span class='ocrx_word' id='word_1_279' title='bbox 499 1301 548 1329; x_wconf 88' lang='lat' dir='ltr'>pei·</span> <span class='ocrx_word' id='word_1_280' title='bbox 561 1290 761 1321; x_wconf 66' lang='lat' dir='ltr'>sacrosanctam</span> <span class='ocrx_word' id='word_1_281' title='bbox 774 1290 940 1321; x_wconf 80' lang='lat' dir='ltr'>Romanam</span> <span class='ocrx_word' id='word_1_282' title='bbox 954 1288 1109 1320; x_wconf 83' lang='lat' dir='ltr'>Ecclesiam</span> <span class='ocrx_word' id='word_1_283' title='bbox 1124 1287 1244 1319; x_wconf 77' lang='lat' dir='ltr'>totaliter</span> <span class='ocrx_word' id='word_1_284' title='bbox 1258 1295 1306 1317; x_wconf 84' lang='lat' dir='ltr'>ex-</span> 
     </span>
     <span class='ocr_line' id='line_1_37' title="bbox 250 1336 440 1360; baseline -0.005 0"><span class='ocrx_word' id='word_1_285' title='bbox 250 1336 284 1360; x_wconf 84' lang='lat' dir='ltr'>tit</span> <span class='ocrx_word' id='word_1_286' title='bbox 318 1338 440 1359; x_wconf 61' lang='lat' dir='ltr'>enecata.</span> 
     </span>
    </p>

    <p class='ocr_par' dir='ltr' id='par_1_16' title="bbox 249 1356 1310 1714">
     <span class='ocr_line' id='line_1_38' title="bbox 288 1356 1308 1406; baseline -0.004 -8"><span class='ocrx_word' id='word_1_287' title='bbox 288 1368 308 1387; x_wconf 60' lang='lat'>*⁵</span> <span class='ocrx_word' id='word_1_288' title='bbox 325 1356 458 1405; x_wconf 65' lang='lat' dir='ltr'>Prfficeps</span> <span class='ocrx_word' id='word_1_289' title='bbox 478 1376 591 1406; x_wconf 88' lang='lat' dir='ltr'>autem,</span> <span class='ocrx_word' id='word_1_290' title='bbox 608 1368 674 1398; x_wconf 88' lang='lat' dir='ltr'>licet</span> <span class='ocrx_word' id='word_1_291' title='bbox 697 1368 788 1398; x_wconf 88' lang='lat' dir='ltr'>verbo</span> <span class='ocrx_word' id='word_1_292' title='bbox 808 1374 936 1406; x_wconf 82' lang='lat' dir='ltr'>treugam</span> <span class='ocrx_word' id='word_1_293' title='bbox 956 1367 989 1398; x_wconf 72' lang='grc' dir='ltr'>δε</span> <span class='ocrx_word' id='word_1_294' title='bbox 1011 1375 1110 1404; x_wconf 86' lang='lat' dir='ltr'>pacem</span> <span class='ocrx_word' id='word_1_295' title='bbox 1129 1364 1268 1395; x_wconf 85' lang='lat' dir='ltr'>asserentz</span> <span class='ocrx_word' id='word_1_296' title='bbox 1280 1364 1308 1394; x_wconf 90' lang='lat' dir='ltr'>se</span> 
     </span>
     <span class='ocr_line' id='line_1_39' title="bbox 249 1404 1308 1445; baseline -0.003 -9"><span class='ocrx_word' id='word_1_297' title='bbox 249 1406 432 1437; x_wconf 54' lang='lat' dir='ltr'>vastaturum</span> <span class='ocrx_word' id='word_1_298' title='bbox 447 1429 457 1445; x_wconf 87' lang='lat'>,</span> <span class='ocrx_word' id='word_1_299' title='bbox 481 1407 589 1437; x_wconf 87' lang='lat' dir='ltr'>suarum</span> <span class='ocrx_word' id='word_1_300' title='bbox 613 1406 831 1444; x_wconf 80' lang='lat' dir='ltr'>promissionum</span> <span class='ocrx_word' id='word_1_301' title='bbox 851 1406 974 1444; x_wconf 76' lang='lat' dir='ltr'>oblitus,</span> <span class='ocrx_word' id='word_1_302' title='bbox 988 1404 1065 1435; x_wconf 62' lang='lat' dir='ltr'>fatto</span> <span class='ocrx_word' id='word_1_303' title='bbox 1080 1404 1183 1434; x_wconf 87' lang='lat' dir='ltr'>faciens</span> <span class='ocrx_word' id='word_1_304' title='bbox 1196 1412 1308 1434; x_wconf 90' lang='lat' dir='ltr'>contra-</span> 
     </span>
     <span class='ocr_line' id='line_1_40' title="bbox 249 1441 1308 1484; baseline -0.002 -10"><span class='ocrx_word' id='word_1_305' title='bbox 249 1446 341 1482; x_wconf 89' lang='lat' dir='ltr'>rium,</span> <span class='ocrx_word' id='word_1_306' title='bbox 361 1453 461 1475; x_wconf 88' lang='lat' dir='ltr'>contra</span> <span class='ocrx_word' id='word_1_307' title='bbox 482 1445 563 1484; x_wconf 60' lang='lat' dir='ltr'>paita</span> <span class='ocrx_word' id='word_1_308' title='bbox 583 1445 715 1482; x_wconf 61' lang='lat' dir='ltr'>praedid&#39;ca</span> <span class='ocrx_word' id='word_1_309' title='bbox 749 1446 782 1476; x_wconf 66' lang='grc' dir='ltr'>ὃς</span> <span class='ocrx_word' id='word_1_310' title='bbox 796 1444 992 1482; x_wconf 84' lang='lat' dir='ltr'>promiffioiies</span> <span class='ocrx_word' id='word_1_311' title='bbox 1007 1441 1192 1481; x_wconf 74' lang='lat' dir='ltr'>per&#39;eundem</span> <span class='ocrx_word' id='word_1_312' title='bbox 1207 1442 1308 1480; x_wconf 69' lang='lat' dir='ltr'>faistas,</span> 
     </span>
     <span class='ocr_line' id='line_1_41' title="bbox 249 1481 1307 1525; baseline -0.003 -12"><span class='ocrx_word' id='word_1_313' title='bbox 249 1484 439 1514; x_wconf 85' lang='lat' dir='ltr'>incontinenti</span> <span class='ocrx_word' id='word_1_314' title='bbox 455 1507 465 1522; x_wconf 94' lang='lat'>,</span> <span class='ocrx_word' id='word_1_315' title='bbox 488 1493 557 1513; x_wconf 91' lang='lat' dir='ltr'>cum</span> <span class='ocrx_word' id='word_1_316' title='bbox 577 1484 701 1514; x_wconf 90' lang='lat' dir='ltr'>fueritin</span> <span class='ocrx_word' id='word_1_317' title='bbox 743 1483 886 1520; x_wconf 73' lang='lat' dir='ltr'>rovincia,</span> <span class='ocrx_word' id='word_1_318' title='bbox 903 1483 970 1513; x_wconf 89' lang='lat' dir='ltr'>fecit</span> <span class='ocrx_word' id='word_1_319' title='bbox 982 1482 1007 1512; x_wconf 93' lang='lat' dir='ltr'>se</span> <span class='ocrx_word' id='word_1_320' title='bbox 1022 1482 1162 1511; x_wconf 84' lang='lat' dir='ltr'>nominari</span> <span class='ocrx_word' id='word_1_321' title='bbox 1177 1481 1307 1525; x_wconf 81' lang='lat' dir='ltr'>Regem,</span> 
     </span>
     <span class='ocr_line' id='line_1_42' title="bbox 252 1520 1308 1561; baseline -0.001 -9"><span class='ocrx_word' id='word_1_322' title='bbox 252 1523 286 1553; x_wconf 72' lang='grc' dir='ltr'>δε</span> <span class='ocrx_word' id='word_1_323' title='bbox 301 1521 399 1560; x_wconf 88' lang='lat' dir='ltr'>postea</span> <span class='ocrx_word' id='word_1_324' title='bbox 414 1523 444 1552; x_wconf 91' lang='lat' dir='ltr'>in</span> <span class='ocrx_word' id='word_1_325' title='bbox 466 1521 603 1552; x_wconf 68' lang='lat' dir='ltr'>Romana</span> <span class='ocrx_word' id='word_1_326' title='bbox 624 1521 714 1552; x_wconf 73' lang='lat' dir='ltr'>Curia</span> <span class='ocrx_word' id='word_1_327' title='bbox 736 1522 803 1552; x_wconf 91' lang='lat' dir='ltr'>fecit</span> <span class='ocrx_word' id='word_1_328' title='bbox 818 1523 846 1551; x_wconf 90' lang='lat' dir='ltr'>in</span> <span class='ocrx_word' id='word_1_329' title='bbox 860 1522 975 1561; x_wconf 84' lang='lat' dir='ltr'>Regem</span> <span class='ocrx_word' id='word_1_330' title='bbox 990 1520 1091 1551; x_wconf 47' lang='lat' dir='ltr'>Sicilire</span> <span class='ocrx_word' id='word_1_331' title='bbox 1102 1520 1128 1550; x_wconf 91' lang='lat' dir='ltr'>se</span> <span class='ocrx_word' id='word_1_332' title='bbox 1143 1521 1256 1559; x_wconf 84' lang='lat' dir='ltr'>inungi,</span> <span class='ocrx_word' id='word_1_333' title='bbox 1274 1520 1308 1551; x_wconf 86' lang='lat'>&amp;</span> 
     </span>
     <span class='ocr_line' id='line_1_43' title="bbox 251 1558 1309 1599; baseline -0.002 -9"><span class='ocrx_word' id='word_1_334' title='bbox 251 1561 301 1591; x_wconf 83' lang='lat' dir='ltr'>alia</span> <span class='ocrx_word' id='word_1_335' title='bbox 322 1561 482 1599; x_wconf 86' lang='lat' dir='ltr'>procuravit</span> <span class='ocrx_word' id='word_1_336' title='bbox 495 1584 504 1599; x_wconf 95' lang='lat'>,</span> <span class='ocrx_word' id='word_1_337' title='bbox 532 1570 596 1598; x_wconf 79' lang='lat' dir='ltr'>quae</span> <span class='ocrx_word' id='word_1_338' title='bbox 615 1570 675 1590; x_wconf 90' lang='lat' dir='ltr'>non</span> <span class='ocrx_word' id='word_1_339' title='bbox 697 1559 842 1591; x_wconf 72' lang='lat' dir='ltr'>indufflva</span> <span class='ocrx_word' id='word_1_340' title='bbox 861 1561 935 1598; x_wconf 83' lang='lat' dir='ltr'>pacis</span> <span class='ocrx_word' id='word_1_341' title='bbox 948 1584 958 1596; x_wconf 88' lang='lat'>,</span> <span class='ocrx_word' id='word_1_342' title='bbox 982 1559 1021 1590; x_wconf 93' lang='lat' dir='ltr'>set</span> <span class='ocrx_word' id='word_1_343' title='bbox 1038 1558 1200 1596; x_wconf 90' lang='lat' dir='ltr'>impeditiva</span> <span class='ocrx_word' id='word_1_344' title='bbox 1217 1559 1309 1597; x_wconf 90' lang='lat' dir='ltr'>potius</span> 
     </span>
     <span class='ocr_line' id='line_1_44' title="bbox 250 1597 1310 1637; baseline -0.003 -8"><span class='ocrx_word' id='word_1_345' title='bbox 250 1598 422 1637; x_wconf 82' lang='lat' dir='ltr'>existebant,</span> <span class='ocrx_word' id='word_1_346' title='bbox 440 1599 506 1630; x_wconf 90' lang='lat' dir='ltr'>licet</span> <span class='ocrx_word' id='word_1_347' title='bbox 521 1600 550 1628; x_wconf 92' lang='lat' dir='ltr'>in</span> <span class='ocrx_word' id='word_1_348' title='bbox 564 1598 644 1636; x_wconf 88' lang='lat' dir='ltr'>ipsius</span> <span class='ocrx_word' id='word_1_349' title='bbox 658 1598 726 1629; x_wconf 83' lang='lat' dir='ltr'>esset</span> <span class='ocrx_word' id='word_1_350' title='bbox 739 1598 876 1637; x_wconf 89' lang='lat' dir='ltr'>Principis</span> <span class='ocrx_word' id='word_1_351' title='bbox 892 1597 1044 1637; x_wconf 84' lang='lat' dir='ltr'>potestate,</span> <span class='ocrx_word' id='word_1_352' title='bbox 1063 1597 1083 1627; x_wconf 88' lang='lat' dir='ltr'>si</span> <span class='ocrx_word' id='word_1_353' title='bbox 1097 1597 1181 1628; x_wconf 84' lang='lat' dir='ltr'>vellet</span> <span class='ocrx_word' id='word_1_354' title='bbox 1190 1620 1200 1636; x_wconf 89' lang='lat'>,</span> <span class='ocrx_word' id='word_1_355' title='bbox 1209 1607 1310 1635; x_wconf 86' lang='lat' dir='ltr'>pacem</span> 
     </span>
     <span class='ocr_line' id='line_1_45' title="bbox 250 1634 1310 1677; baseline -0.001 -9"><span class='ocrx_word' id='word_1_356' title='bbox 250 1639 285 1669; x_wconf 91' lang='lat'>&amp;</span> <span class='ocrx_word' id='word_1_357' title='bbox 298 1646 442 1677; x_wconf 76' lang='lat' dir='ltr'>treugam,</span> <span class='ocrx_word' id='word_1_358' title='bbox 461 1647 511 1676; x_wconf 92' lang='lat' dir='ltr'>per</span> <span class='ocrx_word' id='word_1_359' title='bbox 523 1647 591 1668; x_wconf 89' lang='lat' dir='ltr'>eum</span> <span class='ocrx_word' id='word_1_360' title='bbox 603 1637 685 1667; x_wconf 90' lang='lat' dir='ltr'>nobis</span> <span class='ocrx_word' id='word_1_361' title='bbox 700 1637 833 1676; x_wconf 87' lang='lat' dir='ltr'>promissa</span> <span class='ocrx_word' id='word_1_362' title='bbox 848 1661 858 1676; x_wconf 92' lang='lat'>,</span> <span class='ocrx_word' id='word_1_363' title='bbox 884 1638 900 1667; x_wconf 78' lang='lat' dir='ltr'>a</span> <span class='ocrx_word' id='word_1_364' title='bbox 918 1636 1087 1668; x_wconf 66' lang='lat' dir='ltr'>sacrosan&amp;a</span> <span class='ocrx_word' id='word_1_365' title='bbox 1103 1634 1236 1666; x_wconf 87' lang='lat' dir='ltr'>Romana</span> <span class='ocrx_word' id='word_1_366' title='bbox 1250 1635 1310 1667; x_wconf 92' lang='lat' dir='ltr'>Ec-</span> 
     </span>
     <span class='ocr_line' id='line_1_46' title="bbox 251 1677 482 1714; baseline -0.004 -7"><span class='ocrx_word' id='word_1_367' title='bbox 251 1677 332 1707; x_wconf 84' lang='lat' dir='ltr'>clesia</span> <span class='ocrx_word' id='word_1_368' title='bbox 345 1678 482 1714; x_wconf 86' lang='lat' dir='ltr'>optinere.</span> 
     </span>
    </p>

    <p class='ocr_par' dir='ltr' id='par_1_17' title="bbox 249 1712 1313 1870">
     <span class='ocr_line' id='line_1_47' title="bbox 290 1712 1310 1754; baseline -0.001 -9"><span class='ocrx_word' id='word_1_369' title='bbox 290 1714 334 1745; x_wconf 78' lang='lat' dir='ltr'>Ex</span> <span class='ocrx_word' id='word_1_370' title='bbox 356 1725 416 1753; x_wconf 89' lang='lat' dir='ltr'>quo</span> <span class='ocrx_word' id='word_1_371' title='bbox 433 1715 522 1746; x_wconf 87' lang='lat' dir='ltr'>nostri</span> <span class='ocrx_word' id='word_1_372' title='bbox 535 1714 649 1746; x_wconf 90' lang='lat' dir='ltr'>Nuncii</span> <span class='ocrx_word' id='word_1_373' title='bbox 664 1740 674 1754; x_wconf 88' lang='lat'>,</span> <span class='ocrx_word' id='word_1_374' title='bbox 692 1715 809 1745; x_wconf 90' lang='lat' dir='ltr'>nomine</span> <span class='ocrx_word' id='word_1_375' title='bbox 822 1712 941 1750; x_wconf 91' lang='lat' dir='ltr'>nostro,</span> <span class='ocrx_word' id='word_1_376' title='bbox 959 1714 1045 1752; x_wconf 88' lang='lat' dir='ltr'>parati</span> <span class='ocrx_word' id='word_1_377' title='bbox 1060 1721 1137 1744; x_wconf 88' lang='lat' dir='ltr'>erant</span> <span class='ocrx_word' id='word_1_378' title='bbox 1152 1712 1264 1743; x_wconf 87' lang='lat' dir='ltr'>firmare</span> <span class='ocrx_word' id='word_1_379' title='bbox 1277 1713 1310 1744; x_wconf 92' lang='lat'>&amp;</span> 
     </span>
     <span class='ocr_line' id='line_1_48' title="bbox 252 1752 1311 1792; baseline -0.004 -7"><span class='ocrx_word' id='word_1_380' title='bbox 252 1753 345 1785; x_wconf 82' lang='lat' dir='ltr'>facere</span> <span class='ocrx_word' id='word_1_381' title='bbox 362 1755 406 1792; x_wconf 87' lang='lat' dir='ltr'>jus</span> <span class='ocrx_word' id='word_1_382' title='bbox 427 1755 456 1783; x_wconf 90' lang='lat' dir='ltr'>in</span> <span class='ocrx_word' id='word_1_383' title='bbox 476 1754 557 1791; x_wconf 79' lang='lat' dir='ltr'>posse</span> <span class='ocrx_word' id='word_1_384' title='bbox 575 1754 659 1784; x_wconf 64' lang='lat' dir='ltr'>dit‘tae</span> <span class='ocrx_word' id='word_1_385' title='bbox 675 1754 817 1783; x_wconf 80' lang='lat' dir='ltr'>Romanae</span> <span class='ocrx_word' id='word_1_386' title='bbox 829 1752 980 1790; x_wconf 70' lang='lat' dir='ltr'>Ecclesiae,</span> <span class='ocrx_word' id='word_1_387' title='bbox 999 1760 1029 1782; x_wconf 91' lang='lat' dir='ltr'>ut</span> <span class='ocrx_word' id='word_1_388' title='bbox 1044 1752 1164 1790; x_wconf 88' lang='lat' dir='ltr'>superius</span> <span class='ocrx_word' id='word_1_389' title='bbox 1179 1753 1311 1782; x_wconf 87' lang='lat' dir='ltr'>continc-</span> 
     </span>
     <span class='ocr_line' id='line_1_49' title="bbox 252 1790 1313 1831; baseline -0.001 -8"><span class='ocrx_word' id='word_1_390' title='bbox 252 1801 313 1831; x_wconf 84' lang='lat' dir='ltr'>tur;</span> <span class='ocrx_word' id='word_1_391' title='bbox 331 1802 396 1822; x_wconf 88' lang='lat' dir='ltr'>nam</span> <span class='ocrx_word' id='word_1_392' title='bbox 417 1801 570 1829; x_wconf 88' lang='lat' dir='ltr'>gravamen</span> <span class='ocrx_word' id='word_1_393' title='bbox 589 1792 635 1822; x_wconf 90' lang='lat' dir='ltr'>seu</span> <span class='ocrx_word' id='word_1_394' title='bbox 656 1792 763 1822; x_wconf 90' lang='lat' dir='ltr'>bellum</span> <span class='ocrx_word' id='word_1_395' title='bbox 785 1801 846 1822; x_wconf 90' lang='lat' dir='ltr'>non</span> <span class='ocrx_word' id='word_1_396' title='bbox 861 1791 978 1822; x_wconf 84' lang='lat' dir='ltr'>deberet</span> <span class='ocrx_word' id='word_1_397' title='bbox 991 1790 1085 1821; x_wconf 90' lang='lat' dir='ltr'>inferri</span> <span class='ocrx_word' id='word_1_398' title='bbox 1099 1791 1142 1828; x_wconf 89' lang='lat' dir='ltr'>ei,</span> <span class='ocrx_word' id='word_1_399' title='bbox 1161 1791 1209 1828; x_wconf 93' lang='lat' dir='ltr'>qui</span> <span class='ocrx_word' id='word_1_400' title='bbox 1222 1792 1267 1830; x_wconf 84' lang='lat' dir='ltr'>jus</span> <span class='ocrx_word' id='word_1_401' title='bbox 1280 1791 1313 1822; x_wconf 89' lang='lat'>&amp;</span> 
     </span>
     <span class='ocr_line' id='line_1_50' title="bbox 249 1830 674 1870; baseline 0 -10"><span class='ocrx_word' id='word_1_402' title='bbox 249 1830 383 1870; x_wconf 86' lang='lat' dir='ltr'>justitiam</span> <span class='ocrx_word' id='word_1_403' title='bbox 397 1830 489 1861; x_wconf 83' lang='lat' dir='ltr'>facere</span> <span class='ocrx_word' id='word_1_404' title='bbox 503 1831 544 1861; x_wconf 88' lang='lat' dir='ltr'>est</span> <span class='ocrx_word' id='word_1_405' title='bbox 558 1839 674 1869; x_wconf 85' lang='lat' dir='ltr'>paratus.</span> 
     </span>
    </p>

    <p class='ocr_par' dir='ltr' id='par_1_18' title="bbox 254 1866 1313 2023">
     <span class='ocr_line' id='line_1_51' title="bbox 292 1866 1313 1909; baseline -0.003 -9"><span class='ocrx_word' id='word_1_406' title='bbox 292 1869 415 1908; x_wconf 88' lang='lat' dir='ltr'>Sicque,</span> <span class='ocrx_word' id='word_1_407' title='bbox 431 1869 571 1909; x_wconf 82' lang='lat' dir='ltr'>denegatis</span> <span class='ocrx_word' id='word_1_408' title='bbox 585 1869 741 1907; x_wconf 68' lang='lat' dir='ltr'>praediaeftis,</span> <span class='ocrx_word' id='word_1_409' title='bbox 760 1868 933 1907; x_wconf 51' lang='lat' dir='ltr'>praefatoque</span> <span class='ocrx_word' id='word_1_410' title='bbox 946 1867 1027 1898; x_wconf 90' lang='lat' dir='ltr'>fratre</span> <span class='ocrx_word' id='word_1_411' title='bbox 1041 1866 1216 1898; x_wconf 81' lang='lat' dir='ltr'>Giiterando</span> <span class='ocrx_word' id='word_1_412' title='bbox 1231 1867 1261 1897; x_wconf 88' lang='lat' dir='ltr'>in</span> <span class='ocrx_word' id='word_1_413' title='bbox 1272 1867 1313 1897; x_wconf 91' lang='lat' dir='ltr'>le-</span> 
     </span>
     <span class='ocr_line' id='line_1_52' title="bbox 254 1905 1312 1962; baseline -0.003 -24"><span class='ocrx_word' id='word_1_414' title='bbox 254 1909 368 1962; x_wconf 58' lang='lat' dir='ltr'>gatione</span> <span class='ocrx_word' id='word_1_415' title='bbox 385 1907 517 1948; x_wconf 68' lang='lat' dir='ltr'>praediCta</span> <span class='ocrx_word' id='word_1_416' title='bbox 533 1932 542 1946; x_wconf 78' lang='lat'>,</span> <span class='ocrx_word' id='word_1_417' title='bbox 567 1918 652 1946; x_wconf 88' lang='lat' dir='ltr'>prout</span> <span class='ocrx_word' id='word_1_418' title='bbox 667 1907 802 1939; x_wconf 90' lang='lat' dir='ltr'>Domino</span> <span class='ocrx_word' id='word_1_419' title='bbox 816 1907 964 1945; x_wconf 79' lang='lat' dir='ltr'>placuerit,</span> <span class='ocrx_word' id='word_1_420' title='bbox 980 1906 1086 1936; x_wconf 89' lang='lat' dir='ltr'>sublato</span> <span class='ocrx_word' id='word_1_421' title='bbox 1099 1906 1135 1935; x_wconf 89' lang='lat' dir='ltr'>de</span> <span class='ocrx_word' id='word_1_422' title='bbox 1149 1905 1263 1944; x_wconf 90' lang='lat' dir='ltr'>medio,</span> <span class='ocrx_word' id='word_1_423' title='bbox 1279 1907 1312 1935; x_wconf 94' lang='lat' dir='ltr'>ii-</span> 
     </span>
     <span class='ocr_line' id='line_1_53' title="bbox 256 1943 1311 1985; baseline -0.002 -8"><span class='ocrx_word' id='word_1_424' title='bbox 256 1957 324 1977; x_wconf 78' lang='lat' dir='ltr'>cem</span> <span class='ocrx_word' id='word_1_425' title='bbox 346 1946 459 1977; x_wconf 86' lang='lat' dir='ltr'>Nuncii</span> <span class='ocrx_word' id='word_1_426' title='bbox 479 1946 569 1978; x_wconf 90' lang='lat' dir='ltr'>nostri</span> <span class='ocrx_word' id='word_1_427' title='bbox 589 1946 624 1977; x_wconf 88' lang='lat' dir='ltr'>ad</span> <span class='ocrx_word' id='word_1_428' title='bbox 643 1956 713 1985; x_wconf 92' lang='lat' dir='ltr'>nos,</span> <span class='ocrx_word' id='word_1_429' title='bbox 730 1946 839 1977; x_wconf 70' lang='lat' dir='ltr'>infesto</span> <span class='ocrx_word' id='word_1_430' title='bbox 861 1946 996 1985; x_wconf 79' lang='lat' dir='ltr'>negotio,</span> <span class='ocrx_word' id='word_1_431' title='bbox 1014 1945 1047 1976; x_wconf 80' lang='grc' dir='ltr'>δε</span> <span class='ocrx_word' id='word_1_432' title='bbox 1060 1944 1117 1975; x_wconf 84' lang='lat' dir='ltr'>sine</span> <span class='ocrx_word' id='word_1_433' title='bbox 1132 1943 1311 1982; x_wconf 87' lang='lat' dir='ltr'>expeditione</span> 
     </span>
     <span class='ocr_line' id='line_1_54' title="bbox 256 1985 509 2023; baseline -0.004 -7"><span class='ocrx_word' id='word_1_434' title='bbox 256 1986 347 2023; x_wconf 88' lang='lat' dir='ltr'>aliqua</span> <span class='ocrx_word' id='word_1_435' title='bbox 359 1985 509 2016; x_wconf 88' lang='lat' dir='ltr'>redierunt.</span> 
     </span>
    </p>

    <p class='ocr_par' dir='ltr' id='par_1_19' title="bbox 258 2020 1317 2370">
     <span class='ocr_line' id='line_1_55' title="bbox 296 2020 1315 2062; baseline -0.004 -7"><span class='ocrx_word' id='word_1_436' title='bbox 296 2025 429 2055; x_wconf 86' lang='lat' dir='ltr'>Tandem</span> <span class='ocrx_word' id='word_1_437' title='bbox 449 2023 526 2054; x_wconf 90' lang='lat' dir='ltr'>idern</span> <span class='ocrx_word' id='word_1_438' title='bbox 547 2024 683 2061; x_wconf 84' lang='lat' dir='ltr'>Princeps</span> <span class='ocrx_word' id='word_1_439' title='bbox 703 2034 752 2062; x_wconf 91' lang='lat' dir='ltr'>per</span> <span class='ocrx_word' id='word_1_440' title='bbox 764 2022 934 2054; x_wconf 69' lang='lat' dir='ltr'>venerabiles</span> <span class='ocrx_word' id='word_1_441' title='bbox 944 2020 1123 2062; x_wconf 87' lang='lat' dir='ltr'>Hugonem,</span> <span class='ocrx_word' id='word_1_442' title='bbox 1140 2021 1315 2059; x_wconf 88' lang='lat' dir='ltr'>Episcopum</span> 
     </span>
     <span class='ocr_line' id='line_1_56' title="bbox 259 2060 1314 2102; baseline -0.004 -8"><span class='ocrx_word' id='word_1_443' title='bbox 259 2062 550 2102; x_wconf 79' lang='lat' dir='ltr'>Caesar-augustanum</span> <span class='ocrx_word' id='word_1_444' title='bbox 564 2086 574 2102; x_wconf 84' lang='lat'>,</span> <span class='ocrx_word' id='word_1_445' title='bbox 596 2064 629 2094; x_wconf 72' lang='grc' dir='ltr'>δε</span> <span class='ocrx_word' id='word_1_446' title='bbox 651 2063 766 2092; x_wconf 86' lang='lat' dir='ltr'>fratrem</span> <span class='ocrx_word' id='word_1_447' title='bbox 780 2062 924 2091; x_wconf 86' lang='lat' dir='ltr'>Abbatem</span> <span class='ocrx_word' id='word_1_448' title='bbox 936 2060 1073 2099; x_wconf 84' lang='lat' dir='ltr'>Sinaque,</span> <span class='ocrx_word' id='word_1_449' title='bbox 1092 2061 1199 2098; x_wconf 86' lang='lat' dir='ltr'>aliquos</span> <span class='ocrx_word' id='word_1_450' title='bbox 1214 2061 1314 2091; x_wconf 61' lang='lat' dir='ltr'>natita-</span> 
     </span>
     <span class='ocr_line' id='line_1_57' title="bbox 259 2099 1313 2140; baseline -0.004 -8"><span class='ocrx_word' id='word_1_451' title='bbox 259 2109 320 2140; x_wconf 82' lang='lat' dir='ltr'>tuS,</span> <span class='ocrx_word' id='word_1_452' title='bbox 338 2101 388 2132; x_wconf 94' lang='lat' dir='ltr'>sub</span> <span class='ocrx_word' id='word_1_453' title='bbox 411 2102 484 2138; x_wconf 83' lang='lat' dir='ltr'>pacis</span> <span class='ocrx_word' id='word_1_454' title='bbox 506 2101 645 2132; x_wconf 88' lang='lat' dir='ltr'>velamine</span> <span class='ocrx_word' id='word_1_455' title='bbox 658 2125 668 2139; x_wconf 90' lang='lat'>,</span> <span class='ocrx_word' id='word_1_456' title='bbox 693 2102 727 2132; x_wconf 90' lang='lat'>&amp;</span> <span class='ocrx_word' id='word_1_457' title='bbox 749 2110 798 2140; x_wconf 89' lang='lat' dir='ltr'>per</span> <span class='ocrx_word' id='word_1_458' title='bbox 816 2099 873 2130; x_wconf 88' lang='lat' dir='ltr'>suas</span> <span class='ocrx_word' id='word_1_459' title='bbox 885 2099 1011 2140; x_wconf 88' lang='lat' dir='ltr'>speciales</span> <span class='ocrx_word' id='word_1_460' title='bbox 1027 2099 1115 2130; x_wconf 87' lang='lat' dir='ltr'>literas</span> <span class='ocrx_word' id='word_1_461' title='bbox 1128 2099 1209 2129; x_wconf 89' lang='lat' dir='ltr'>nobis</span> <span class='ocrx_word' id='word_1_462' title='bbox 1224 2099 1313 2129; x_wconf 87' lang='lat' dir='ltr'>misit:</span> 
     </span>
     <span class='ocr_line' id='line_1_58' title="bbox 258 2137 1315 2177; baseline -0.004 -6"><span class='ocrx_word' id='word_1_463' title='bbox 258 2140 316 2171; x_wconf 88' lang='lat' dir='ltr'>hoc</span> <span class='ocrx_word' id='word_1_464' title='bbox 331 2139 483 2177; x_wconf 82' lang='lat' dir='ltr'>specialiter</span> <span class='ocrx_word' id='word_1_465' title='bbox 501 2141 573 2169; x_wconf 91' lang='lat' dir='ltr'>inter</span> <span class='ocrx_word' id='word_1_466' title='bbox 595 2139 645 2169; x_wconf 88' lang='lat' dir='ltr'>alia</span> <span class='ocrx_word' id='word_1_467' title='bbox 659 2139 856 2176; x_wconf 88' lang='lat' dir='ltr'>continentes,</span> <span class='ocrx_word' id='word_1_468' title='bbox 874 2137 952 2176; x_wconf 90' lang='lat' dir='ltr'>quod</span> <span class='ocrx_word' id='word_1_469' title='bbox 966 2147 1034 2168; x_wconf 87' lang='lat' dir='ltr'>curn</span> <span class='ocrx_word' id='word_1_470' title='bbox 1049 2137 1105 2175; x_wconf 89' lang='lat' dir='ltr'>ipse</span> <span class='ocrx_word' id='word_1_471' title='bbox 1117 2137 1252 2175; x_wconf 87' lang='lat' dir='ltr'>Princeps</span> <span class='ocrx_word' id='word_1_472' title='bbox 1270 2137 1315 2175; x_wconf 88' lang='lat' dir='ltr'>(ad</span> 
     </span>
     <span class='ocr_line' id='line_1_59' title="bbox 258 2176 1315 2215; baseline -0.004 -6"><span class='ocrx_word' id='word_1_473' title='bbox 258 2178 381 2209; x_wconf 89' lang='lat' dir='ltr'>formam</span> <span class='ocrx_word' id='word_1_474' title='bbox 401 2180 492 2215; x_wconf 83' lang='lat' dir='ltr'>pacis,</span> <span class='ocrx_word' id='word_1_475' title='bbox 510 2185 676 2208; x_wconf 83' lang='lat' dir='ltr'>contentam</span> <span class='ocrx_word' id='word_1_476' title='bbox 697 2178 726 2206; x_wconf 91' lang='lat' dir='ltr'>in</span> <span class='ocrx_word' id='word_1_477' title='bbox 745 2177 905 2207; x_wconf 58' lang='lat' dir='ltr'>tractatibus</span> <span class='ocrx_word' id='word_1_478' title='bbox 917 2176 1091 2213; x_wconf 88' lang='lat' dir='ltr'>memoratis)</span> <span class='ocrx_word' id='word_1_479' title='bbox 1106 2176 1206 2214; x_wconf 89' lang='lat' dir='ltr'>vellet,</span> <span class='ocrx_word' id='word_1_480' title='bbox 1227 2176 1246 2206; x_wconf 86' lang='lat' dir='ltr'>si</span> <span class='ocrx_word' id='word_1_481' title='bbox 1261 2186 1315 2206; x_wconf 91' lang='lat' dir='ltr'>no-</span> 
     </span>
     <span class='ocr_line' id='line_1_60' title="bbox 259 2214 1317 2254; baseline -0.003 -8"><span class='ocrx_word' id='word_1_482' title='bbox 259 2217 301 2247; x_wconf 87' lang='lat' dir='ltr'>bis</span> <span class='ocrx_word' id='word_1_483' title='bbox 317 2217 453 2254; x_wconf 84' lang='lat' dir='ltr'>placeret,</span> <span class='ocrx_word' id='word_1_484' title='bbox 470 2215 617 2246; x_wconf 87' lang='lat' dir='ltr'>intendere</span> <span class='ocrx_word' id='word_1_485' title='bbox 626 2224 690 2246; x_wconf 89' lang='lat' dir='ltr'>toto</span> <span class='ocrx_word' id='word_1_486' title='bbox 705 2215 786 2253; x_wconf 85' lang='lat' dir='ltr'>poffe</span> <span class='ocrx_word' id='word_1_487' title='bbox 799 2216 884 2253; x_wconf 82' lang='lat' dir='ltr'>(juxta</span> <span class='ocrx_word' id='word_1_488' title='bbox 895 2216 1100 2245; x_wconf 84' lang='lat' dir='ltr'>conventiones</span> <span class='ocrx_word' id='word_1_489' title='bbox 1114 2215 1147 2245; x_wconf 71' lang='grc' dir='ltr'>δε</span> <span class='ocrx_word' id='word_1_490' title='bbox 1162 2214 1256 2253; x_wconf 59' lang='lat' dir='ltr'>pacta,</span> <span class='ocrx_word' id='word_1_491' title='bbox 1274 2216 1317 2244; x_wconf 85' lang='lat' dir='ltr'>iri-</span> 
     </span>
     <span class='ocr_line' id='line_1_61' title="bbox 259 2252 1316 2292; baseline -0.003 -6"><span class='ocrx_word' id='word_1_492' title='bbox 259 2262 302 2286; x_wconf 88' lang='lat' dir='ltr'>ter</span> <span class='ocrx_word' id='word_1_493' title='bbox 320 2265 372 2285; x_wconf 91' lang='lat' dir='ltr'>nos</span> <span class='ocrx_word' id='word_1_494' title='bbox 386 2277 395 2292; x_wconf 88' lang='lat'>,</span> <span class='ocrx_word' id='word_1_495' title='bbox 420 2255 452 2285; x_wconf 91' lang='lat'>&amp;</span> <span class='ocrx_word' id='word_1_496' title='bbox 465 2254 563 2292; x_wconf 67' lang='lat' dir='ltr'>*ipsum</span> <span class='ocrx_word' id='word_1_497' title='bbox 585 2254 677 2284; x_wconf 80' lang='lat' dir='ltr'>habita</span> <span class='ocrx_word' id='word_1_498' title='bbox 699 2255 732 2284; x_wconf 91' lang='lat'>&amp;</span> <span class='ocrx_word' id='word_1_499' title='bbox 746 2253 901 2290; x_wconf 87' lang='lat' dir='ltr'>conventa)</span> <span class='ocrx_word' id='word_1_500' title='bbox 916 2252 1099 2290; x_wconf 88' lang='lat' dir='ltr'>adimplendis</span> <span class='ocrx_word' id='word_1_501' title='bbox 1114 2254 1316 2284; x_wconf 84' lang='lat' dir='ltr'>conventioni-</span> 
     </span>
     <span class='ocr_line' id='line_1_62' title="bbox 260 2291 1317 2331; baseline -0.002 -7"><span class='ocrx_word' id='word_1_502' title='bbox 260 2294 330 2331; x_wconf 89' lang='lat' dir='ltr'>bus,</span> <span class='ocrx_word' id='word_1_503' title='bbox 348 2294 393 2324; x_wconf 93' lang='lat' dir='ltr'>vel</span> <span class='ocrx_word' id='word_1_504' title='bbox 408 2292 540 2330; x_wconf 74' lang='lat' dir='ltr'>regressui</span> <span class='ocrx_word' id='word_1_505' title='bbox 555 2292 635 2329; x_wconf 85' lang='lat' dir='ltr'>ipsius</span> <span class='ocrx_word' id='word_1_506' title='bbox 650 2292 786 2329; x_wconf 90' lang='lat' dir='ltr'>Principis</span> <span class='ocrx_word' id='word_1_507' title='bbox 800 2292 835 2322; x_wconf 88' lang='lat' dir='ltr'>ad</span> <span class='ocrx_word' id='word_1_508' title='bbox 850 2291 980 2322; x_wconf 90' lang='lat' dir='ltr'>nostrum</span> <span class='ocrx_word' id='word_1_509' title='bbox 994 2291 1148 2321; x_wconf 85' lang='lat' dir='ltr'>Carcerem</span> <span class='ocrx_word' id='word_1_510' title='bbox 1172 2291 1241 2321; x_wconf 80' lang='lat' dir='ltr'>effer</span> <span class='ocrx_word' id='word_1_511' title='bbox 1255 2302 1317 2322; x_wconf 84' lang='lat' dir='ltr'>cer-</span> 
     </span>
     <span class='ocr_line' id='line_1_63' title="bbox 259 2330 1274 2370; baseline -0.003 -8"><span class='ocrx_word' id='word_1_512' title='bbox 259 2340 304 2362; x_wconf 89' lang='lat' dir='ltr'>tus</span> <span class='ocrx_word' id='word_1_513' title='bbox 318 2333 452 2362; x_wconf 82' lang='lat' dir='ltr'>terminiis</span> <span class='ocrx_word' id='word_1_514' title='bbox 466 2331 638 2370; x_wconf 81' lang='lat' dir='ltr'>designatus,</span> <span class='ocrx_word' id='word_1_515' title='bbox 658 2332 691 2361; x_wconf 68' lang='grc' dir='ltr'>ὃς</span> <span class='ocrx_word' id='word_1_516' title='bbox 704 2330 784 2360; x_wconf 51' lang='lat' dir='ltr'>dicto</span> <span class='ocrx_word' id='word_1_517' title='bbox 799 2331 924 2360; x_wconf 89' lang='lat' dir='ltr'>termino</span> <span class='ocrx_word' id='word_1_518' title='bbox 937 2330 1087 2360; x_wconf 89' lang='lat' dir='ltr'>modicum</span> <span class='ocrx_word' id='word_1_519' title='bbox 1102 2338 1274 2369; x_wconf 70' lang='lat' dir='ltr'>remaneret,</span> 
     </span>
    </p>

    <p class='ocr_par' dir='ltr' id='par_1_20' title="bbox 260 2368 1320 2519">
     <span class='ocr_line' id='line_1_64' title="bbox 296 2368 1318 2410; baseline -0.002 -10"><span class='ocrx_word' id='word_1_520' title='bbox 296 2370 364 2400; x_wconf 91' lang='lat' dir='ltr'>Nos</span> <span class='ocrx_word' id='word_1_521' title='bbox 376 2379 475 2410; x_wconf 86' lang='lat' dir='ltr'>rogans</span> <span class='ocrx_word' id='word_1_522' title='bbox 490 2379 558 2400; x_wconf 88' lang='lat' dir='ltr'>cum</span> <span class='ocrx_word' id='word_1_523' title='bbox 570 2368 698 2399; x_wconf 79' lang='lat' dir='ltr'>instantia</span> <span class='ocrx_word' id='word_1_524' title='bbox 710 2369 739 2398; x_wconf 92' lang='lat' dir='ltr'>in</span> <span class='ocrx_word' id='word_1_525' title='bbox 753 2368 873 2408; x_wconf 66' lang='lat' dir='ltr'>praefatis</span> <span class='ocrx_word' id='word_1_526' title='bbox 887 2368 989 2406; x_wconf 85' lang='lat' dir='ltr'>literis,</span> <span class='ocrx_word' id='word_1_527' title='bbox 1006 2370 1039 2399; x_wconf 72' lang='grc' dir='ltr'>δε</span> <span class='ocrx_word' id='word_1_528' title='bbox 1052 2379 1102 2406; x_wconf 90' lang='lat' dir='ltr'>per</span> <span class='ocrx_word' id='word_1_529' title='bbox 1117 2368 1254 2399; x_wconf 87' lang='lat' dir='ltr'>Nuncios</span> <span class='ocrx_word' id='word_1_530' title='bbox 1274 2368 1318 2399; x_wconf 91' lang='lat' dir='ltr'>su-</span> 
     </span>
     <span class='ocr_line' id='line_1_65' title="bbox 260 2406 1319 2447; baseline -0.003 -8"><span class='ocrx_word' id='word_1_531' title='bbox 260 2409 418 2447; x_wconf 62' lang='lat' dir='ltr'>pradietos,</span> <span class='ocrx_word' id='word_1_532' title='bbox 436 2416 467 2438; x_wconf 91' lang='lat' dir='ltr'>ut</span> <span class='ocrx_word' id='word_1_533' title='bbox 480 2408 565 2446; x_wconf 90' lang='lat' dir='ltr'>usque</span> <span class='ocrx_word' id='word_1_534' title='bbox 578 2407 612 2438; x_wconf 92' lang='lat' dir='ltr'>ad</span> <span class='ocrx_word' id='word_1_535' title='bbox 628 2407 770 2437; x_wconf 82' lang='lat' dir='ltr'>Kalendas</span> <span class='ocrx_word' id='word_1_536' title='bbox 786 2406 895 2445; x_wconf 87' lang='lat' dir='ltr'>Madii,</span> <span class='ocrx_word' id='word_1_537' title='bbox 912 2408 1045 2445; x_wconf 81' lang='lat' dir='ltr'>proximo</span> <span class='ocrx_word' id='word_1_538' title='bbox 1061 2408 1214 2445; x_wconf 83' lang='lat' dir='ltr'>venientis,</span> <span class='ocrx_word' id='word_1_539' title='bbox 1232 2407 1319 2437; x_wconf 88' lang='lat' dir='ltr'>debe-</span> 
     </span>
     <span class='ocr_line' id='line_1_66' title="bbox 260 2445 1320 2517; baseline 0 -40"><span class='ocrx_word' id='word_1_540' title='bbox 260 2447 414 2517; x_wconf 45' lang='lat' dir='ltr'>remffls‘glbi</span> <span class='ocrx_word' id='word_1_541' title='bbox 427 2448 580 2491; x_wconf 81' lang='lat' dir='ltr'>terminum</span> <span class='ocrx_word' id='word_1_542' title='bbox 594 2456 747 2486; x_wconf 85' lang='lat' dir='ltr'>prorogare</span> <span class='ocrx_word' id='word_1_543' title='bbox 757 2470 766 2484; x_wconf 85' lang='lat'>,</span> <span class='ocrx_word' id='word_1_544' title='bbox 785 2455 817 2476; x_wconf 90' lang='lat' dir='ltr'>ut</span> <span class='ocrx_word' id='word_1_545' title='bbox 829 2446 941 2476; x_wconf 88' lang='lat' dir='ltr'>liberius</span> <span class='ocrx_word' id='word_1_546' title='bbox 956 2445 1049 2484; x_wconf 87' lang='lat' dir='ltr'>posset</span> <span class='ocrx_word' id='word_1_547' title='bbox 1060 2445 1206 2484; x_wconf 69' lang='lat' dir='ltr'>intendere</span> <span class='ocrx_word' id='word_1_548' title='bbox 1219 2446 1320 2477; x_wconf 60' lang='lat' dir='ltr'>tracta-</span> 
     </span>
     <span class='ocr_line' id='line_1_67' title="bbox 260 2495 499 2519; baseline -0.013 -1"><span class='ocrx_word' id='word_1_549' title='bbox 260 2495 299 2518; x_wconf 89' lang='lat' dir='ltr'>tui</span> <span class='ocrx_word' id='word_1_550' title='bbox 334 2497 359 2517; x_wconf 84' lang='lat' dir='ltr'>ic</span> <span class='ocrx_word' id='word_1_551' title='bbox 373 2496 396 2516; x_wconf 67' lang='lat' dir='ltr'>&lt;e</span> <span class='ocrx_word' id='word_1_552' title='bbox 411 2496 499 2519; x_wconf 77' lang='lat' dir='ltr'>pacis:</span> 
     </span>
    </p>

    <p class='ocr_par' dir='ltr' id='par_1_21' title="bbox 258 2521 1321 2680">
     <span class='ocr_line' id='line_1_68' title="bbox 298 2521 1321 2562; baseline -0.003 -7"><span class='ocrx_word' id='word_1_553' title='bbox 298 2524 367 2555; x_wconf 88' lang='lat' dir='ltr'>Nos</span> <span class='ocrx_word' id='word_1_554' title='bbox 379 2521 491 2562; x_wconf 68' lang='lat' dir='ltr'>autern,</span> <span class='ocrx_word' id='word_1_555' title='bbox 507 2523 654 2554; x_wconf 66' lang='lat' dir='ltr'>iiitellectis</span> <span class='ocrx_word' id='word_1_556' title='bbox 672 2523 832 2554; x_wconf 70' lang='lat' dir='ltr'>trac‘tatibus</span> <span class='ocrx_word' id='word_1_557' title='bbox 852 2521 1013 2561; x_wconf 59' lang='lat' dir='ltr'>supradietis</span> <span class='ocrx_word' id='word_1_558' title='bbox 1028 2546 1037 2560; x_wconf 91' lang='lat'>,</span> <span class='ocrx_word' id='word_1_559' title='bbox 1054 2522 1121 2553; x_wconf 89' lang='lat' dir='ltr'>licet</span> <span class='ocrx_word' id='word_1_560' title='bbox 1134 2521 1262 2553; x_wconf 85' lang='lat' dir='ltr'>difficiles</span> <span class='ocrx_word' id='word_1_561' title='bbox 1276 2523 1321 2553; x_wconf 84' lang='lat' dir='ltr'>vi-</span> 
     </span>
     <span class='ocr_line' id='line_1_69' title="bbox 259 2560 1319 2601; baseline -0.002 -8"><span class='ocrx_word' id='word_1_562' title='bbox 259 2563 393 2594; x_wconf 90' lang='lat' dir='ltr'>derentur</span> <span class='ocrx_word' id='word_1_563' title='bbox 405 2588 414 2601; x_wconf 89' lang='lat'>,</span> <span class='ocrx_word' id='word_1_564' title='bbox 439 2572 535 2593; x_wconf 87' lang='lat' dir='ltr'>tamen</span> <span class='ocrx_word' id='word_1_565' title='bbox 554 2572 623 2592; x_wconf 77' lang='lat' dir='ltr'>cum</span> <span class='ocrx_word' id='word_1_566' title='bbox 643 2562 745 2592; x_wconf 87' lang='lat' dir='ltr'>nostris</span> <span class='ocrx_word' id='word_1_567' title='bbox 763 2561 918 2592; x_wconf 84' lang='lat' dir='ltr'>Baronibus</span> <span class='ocrx_word' id='word_1_568' title='bbox 939 2562 972 2592; x_wconf 72' lang='grc' dir='ltr'>δε</span> <span class='ocrx_word' id='word_1_569' title='bbox 995 2560 1106 2592; x_wconf 89' lang='lat' dir='ltr'>subditis</span> <span class='ocrx_word' id='word_1_570' title='bbox 1121 2585 1131 2599; x_wconf 89' lang='lat'>,</span> <span class='ocrx_word' id='word_1_571' title='bbox 1158 2562 1186 2591; x_wconf 92' lang='lat' dir='ltr'>in</span> <span class='ocrx_word' id='word_1_572' title='bbox 1198 2561 1319 2601; x_wconf 87' lang='lat' dir='ltr'>generali</span> 
     </span>
     <span class='ocr_line' id='line_1_70' title="bbox 258 2599 1320 2640; baseline -0.003 -7"><span class='ocrx_word' id='word_1_573' title='bbox 258 2602 349 2633; x_wconf 70' lang='lat' dir='ltr'>Curia</span> <span class='ocrx_word' id='word_1_574' title='bbox 364 2626 373 2640; x_wconf 97' lang='lat'>,</span> <span class='ocrx_word' id='word_1_575' title='bbox 398 2611 484 2640; x_wconf 86' lang='lat' dir='ltr'>quam</span> <span class='ocrx_word' id='word_1_576' title='bbox 505 2609 574 2631; x_wconf 92' lang='lat' dir='ltr'>tunc</span> <span class='ocrx_word' id='word_1_577' title='bbox 594 2602 724 2638; x_wconf 78' lang='lat' dir='ltr'>proxime</span> <span class='ocrx_word' id='word_1_578' title='bbox 747 2600 838 2630; x_wconf 80' lang='lat' dir='ltr'>facere</span> <span class='ocrx_word' id='word_1_579' title='bbox 858 2600 1030 2630; x_wconf 85' lang='lat' dir='ltr'>debebamus</span> <span class='ocrx_word' id='word_1_580' title='bbox 1045 2622 1055 2638; x_wconf 88' lang='lat'>,</span> <span class='ocrx_word' id='word_1_581' title='bbox 1080 2599 1154 2638; x_wconf 87' lang='lat' dir='ltr'>quali</span> <span class='ocrx_word' id='word_1_582' title='bbox 1172 2601 1202 2630; x_wconf 91' lang='lat' dir='ltr'>in</span> <span class='ocrx_word' id='word_1_583' title='bbox 1222 2600 1320 2630; x_wconf 90' lang='lat' dir='ltr'>medio</span> 
     </span>
     <span class='ocr_line' id='line_1_71' title="bbox 260 2638 1128 2680; baseline -0.005 -9"><span class='ocrx_word' id='word_1_584' title='bbox 260 2640 377 2680; x_wconf 85' lang='lat' dir='ltr'>Rengni</span> <span class='ocrx_word' id='word_1_585' title='bbox 390 2639 497 2678; x_wconf 89' lang='lat' dir='ltr'>nostri,</span> <span class='ocrx_word' id='word_1_586' title='bbox 514 2639 680 2669; x_wconf 84' lang='lat' dir='ltr'>volebamus</span> <span class='ocrx_word' id='word_1_587' title='bbox 693 2638 846 2668; x_wconf 89' lang='lat' dir='ltr'>deliberare</span> <span class='ocrx_word' id='word_1_588' title='bbox 860 2638 968 2676; x_wconf 76' lang='lat' dir='ltr'>plenius</span> <span class='ocrx_word' id='word_1_589' title='bbox 982 2638 1061 2675; x_wconf 90' lang='lat' dir='ltr'>super</span> <span class='ocrx_word' id='word_1_590' title='bbox 1075 2640 1128 2676; x_wconf 88' lang='lat' dir='ltr'>eis,</span> 
     </span>
    </p>

    <p class='ocr_par' dir='ltr' id='par_1_22' title="bbox 256 2675 1321 2796">
     <span class='ocr_line' id='line_1_72' title="bbox 301 2675 1321 2715; baseline -0.004 -5"><span class='ocrx_word' id='word_1_591' title='bbox 301 2679 340 2710; x_wconf 90' lang='lat' dir='ltr'>Et</span> <span class='ocrx_word' id='word_1_592' title='bbox 353 2687 417 2710; x_wconf 90' lang='lat' dir='ltr'>ante</span> <span class='ocrx_word' id='word_1_593' title='bbox 431 2678 653 2710; x_wconf 88' lang='lat' dir='ltr'>celebrationem</span> <span class='ocrx_word' id='word_1_594' title='bbox 670 2677 751 2715; x_wconf 86' lang='lat' dir='ltr'>ipsius</span> <span class='ocrx_word' id='word_1_595' title='bbox 772 2676 871 2707; x_wconf 83' lang='lat' dir='ltr'>Curiae</span> <span class='ocrx_word' id='word_1_596' title='bbox 884 2700 894 2713; x_wconf 92' lang='lat'>,</span> <span class='ocrx_word' id='word_1_597' title='bbox 909 2676 1034 2714; x_wconf 91' lang='lat' dir='ltr'>Principi</span> <span class='ocrx_word' id='word_1_598' title='bbox 1048 2675 1206 2714; x_wconf 70' lang='lat' dir='ltr'>supradic‘to</span> <span class='ocrx_word' id='word_1_599' title='bbox 1219 2686 1321 2714; x_wconf 91' lang='lat' dir='ltr'>proro-</span> 
     </span>
     <span class='ocr_line' id='line_1_73' title="bbox 261 2714 1320 2757; baseline -0.004 -9"><span class='ocrx_word' id='word_1_600' title='bbox 261 2719 405 2757; x_wconf 83' lang='lat' dir='ltr'>gationem</span> <span class='ocrx_word' id='word_1_601' title='bbox 425 2717 459 2747; x_wconf 90' lang='lat' dir='ltr'>ad</span> <span class='ocrx_word' id='word_1_602' title='bbox 479 2717 599 2755; x_wconf 82' lang='lat' dir='ltr'>petitum</span> <span class='ocrx_word' id='word_1_603' title='bbox 611 2725 723 2756; x_wconf 88' lang='lat' dir='ltr'>ternpus</span> <span class='ocrx_word' id='word_1_604' title='bbox 737 2714 946 2752; x_wconf 79' lang='lat' dir='ltr'>concessimus,</span> <span class='ocrx_word' id='word_1_605' title='bbox 965 2724 1068 2752; x_wconf 86' lang='lat' dir='ltr'>quarn,</span> <span class='ocrx_word' id='word_1_606' title='bbox 1086 2715 1143 2744; x_wconf 87' lang='lat' dir='ltr'>sine</span> <span class='ocrx_word' id='word_1_607' title='bbox 1157 2714 1320 2753; x_wconf 77' lang='lat' dir='ltr'>praejudicio</span> 
     </span>
     <span class='ocr_line' id='line_1_74' title="bbox 256 2753 1068 2796; baseline -0.006 -10"><span class='ocrx_word' id='word_1_608' title='bbox 256 2757 326 2796; x_wconf 86' lang='lat' dir='ltr'>juris</span> <span class='ocrx_word' id='word_1_609' title='bbox 340 2756 443 2794; x_wconf 87' lang='lat' dir='ltr'>nostri,</span> <span class='ocrx_word' id='word_1_610' title='bbox 460 2754 537 2786; x_wconf 65' lang='lat' dir='ltr'>resta</span> <span class='ocrx_word' id='word_1_611' title='bbox 551 2755 710 2785; x_wconf 89' lang='lat' dir='ltr'>intentione</span> <span class='ocrx_word' id='word_1_612' title='bbox 724 2753 884 2784; x_wconf 85' lang='lat' dir='ltr'>concedere</span> <span class='ocrx_word' id='word_1_613' title='bbox 899 2761 1068 2790; x_wconf 88' lang='lat' dir='ltr'>poteramus.</span> 
     </span>
    </p>

    <p class='ocr_par' dir='ltr' id='par_1_23' title="bbox 261 2790 1321 2911">
     <span class='ocr_line' id='line_1_75' title="bbox 297 2790 1321 2832; baseline -0.005 -7"><span class='ocrx_word' id='word_1_614' title='bbox 297 2794 335 2825; x_wconf 87' lang='lat' dir='ltr'>Et</span> <span class='ocrx_word' id='word_1_615' title='bbox 356 2795 474 2825; x_wconf 87' lang='lat' dir='ltr'>demum</span> <span class='ocrx_word' id='word_1_616' title='bbox 489 2818 499 2832; x_wconf 92' lang='lat'>,</span> <span class='ocrx_word' id='word_1_617' title='bbox 522 2803 590 2824; x_wconf 79' lang='lat' dir='ltr'>curn</span> <span class='ocrx_word' id='word_1_618' title='bbox 611 2802 663 2823; x_wconf 89' lang='lat' dir='ltr'>nos</span> <span class='ocrx_word' id='word_1_619' title='bbox 683 2792 802 2822; x_wconf 73' lang='lat' dir='ltr'>essemus</span> <span class='ocrx_word' id='word_1_620' title='bbox 825 2793 854 2822; x_wconf 91' lang='lat' dir='ltr'>in</span> <span class='ocrx_word' id='word_1_621' title='bbox 869 2791 946 2821; x_wconf 71' lang='lat' dir='ltr'>dicta</span> <span class='ocrx_word' id='word_1_622' title='bbox 957 2790 1046 2822; x_wconf 70' lang='lat' dir='ltr'>Curia</span> <span class='ocrx_word' id='word_1_623' title='bbox 1059 2790 1197 2831; x_wconf 86' lang='lat' dir='ltr'>generali,</span> <span class='ocrx_word' id='word_1_624' title='bbox 1216 2791 1249 2822; x_wconf 89' lang='lat'>&amp;</span> <span class='ocrx_word' id='word_1_625' title='bbox 1262 2798 1321 2821; x_wconf 85' lang='lat' dir='ltr'>tarn</span> 
     </span>
     <span class='ocr_line' id='line_1_76' title="bbox 261 2829 1321 2874; baseline -0.004 -10"><span class='ocrx_word' id='word_1_626' title='bbox 261 2834 340 2874; x_wconf 83' lang='lat' dir='ltr'>super</span> <span class='ocrx_word' id='word_1_627' title='bbox 354 2833 511 2871; x_wconf 62' lang='lat' dir='ltr'>praedictis,</span> <span class='ocrx_word' id='word_1_628' title='bbox 530 2833 618 2869; x_wconf 73' lang='lat' dir='ltr'>quani</span> <span class='ocrx_word' id='word_1_629' title='bbox 632 2831 711 2869; x_wconf 91' lang='lat' dir='ltr'>super</span> <span class='ocrx_word' id='word_1_630' title='bbox 725 2830 780 2860; x_wconf 89' lang='lat' dir='ltr'>aliis</span> <span class='ocrx_word' id='word_1_631' title='bbox 792 2831 990 2868; x_wconf 60' lang='lat' dir='ltr'>tractaremus,</span> <span class='ocrx_word' id='word_1_632' title='bbox 1009 2840 1073 2868; x_wconf 80' lang='lat' dir='ltr'>quae</span> <span class='ocrx_word' id='word_1_633' title='bbox 1085 2829 1194 2869; x_wconf 80' lang='lat' dir='ltr'>Regnis</span> <span class='ocrx_word' id='word_1_634' title='bbox 1209 2829 1321 2868; x_wconf 88' lang='lat' dir='ltr'>nostris,</span> 
     </span>
     <span class='ocr_line' id='line_1_77' title="bbox 262 2868 1027 2911; baseline -0.008 -8"><span class='ocrx_word' id='word_1_635' title='bbox 262 2874 297 2904; x_wconf 89' lang='lat'>&amp;</span> <span class='ocrx_word' id='word_1_636' title='bbox 312 2871 482 2910; x_wconf 77' lang='lat' dir='ltr'>expeditioni</span> <span class='ocrx_word' id='word_1_637' title='bbox 493 2870 579 2901; x_wconf 52' lang='lat' dir='ltr'>diet-ce</span> <span class='ocrx_word' id='word_1_638' title='bbox 592 2871 666 2911; x_wconf 84' lang='lat' dir='ltr'>pacis</span> <span class='ocrx_word' id='word_1_639' title='bbox 681 2868 830 2899; x_wconf 82' lang='lat' dir='ltr'>necessaria</span> <span class='ocrx_word' id='word_1_640' title='bbox 841 2868 1027 2907; x_wconf 89' lang='lat' dir='ltr'>videbantur,</span> 
     </span>
    </p>

    <p class='ocr_par' dir='ltr' id='par_1_24' title="bbox 262 2906 1323 3139">
     <span class='ocr_line' id='line_1_78' title="bbox 300 2906 1321 2947; baseline -0.003 -7"><span class='ocrx_word' id='word_1_641' title='bbox 300 2909 434 2947; x_wconf 78' lang='lat' dir='ltr'>Princeps</span> <span class='ocrx_word' id='word_1_642' title='bbox 453 2909 581 2947; x_wconf 75' lang='lat' dir='ltr'>praefatus</span> <span class='ocrx_word' id='word_1_643' title='bbox 603 2908 676 2938; x_wconf 86' lang='lat' dir='ltr'>misit</span> <span class='ocrx_word' id='word_1_644' title='bbox 696 2908 779 2938; x_wconf 90' lang='lat' dir='ltr'>nobis</span> <span class='ocrx_word' id='word_1_645' title='bbox 801 2907 888 2946; x_wconf 83' lang='lat' dir='ltr'>(quasi</span> <span class='ocrx_word' id='word_1_646' title='bbox 912 2907 941 2936; x_wconf 90' lang='lat' dir='ltr'>in</span> <span class='ocrx_word' id='word_1_647' title='bbox 952 2906 1009 2936; x_wconf 86' lang='lat' dir='ltr'>fine</span> <span class='ocrx_word' id='word_1_648' title='bbox 1024 2907 1158 2945; x_wconf 80' lang='lat' dir='ltr'>termini,</span> <span class='ocrx_word' id='word_1_649' title='bbox 1176 2907 1206 2936; x_wconf 89' lang='lat' dir='ltr'>in</span> <span class='ocrx_word' id='word_1_650' title='bbox 1219 2917 1278 2945; x_wconf 91' lang='lat' dir='ltr'>quo</span> <span class='ocrx_word' id='word_1_651' title='bbox 1291 2908 1321 2937; x_wconf 92' lang='lat' dir='ltr'>in</span> 
     </span>
     <span class='ocr_line' id='line_1_79' title="bbox 262 2945 1322 2985; baseline -0.001 -8"><span class='ocrx_word' id='word_1_652' title='bbox 262 2948 345 2985; x_wconf 78' lang='lat' dir='ltr'>posse</span> <span class='ocrx_word' id='word_1_653' title='bbox 363 2948 463 2978; x_wconf 81' lang='lat' dir='ltr'>nostro</span> <span class='ocrx_word' id='word_1_654' title='bbox 486 2947 575 2977; x_wconf 90' lang='lat' dir='ltr'>redire</span> <span class='ocrx_word' id='word_1_655' title='bbox 593 2946 725 2984; x_wconf 90' lang='lat' dir='ltr'>debebat)</span> <span class='ocrx_word' id='word_1_656' title='bbox 748 2945 819 2976; x_wconf 90' lang='lat' dir='ltr'>duos</span> <span class='ocrx_word' id='word_1_657' title='bbox 839 2945 874 2976; x_wconf 92' lang='lat' dir='ltr'>N</span> <span class='ocrx_word' id='word_1_658' title='bbox 877 2946 975 2976; x_wconf 85' lang='lat' dir='ltr'>uncios</span> <span class='ocrx_word' id='word_1_659' title='bbox 995 2945 1138 2983; x_wconf 78' lang='lat' dir='ltr'>speciales,</span> <span class='ocrx_word' id='word_1_660' title='bbox 1157 2945 1245 2975; x_wconf 87' lang='lat' dir='ltr'>literas</span> <span class='ocrx_word' id='word_1_661' title='bbox 1260 2955 1322 2976; x_wconf 92' lang='lat' dir='ltr'>cre-</span> 
     </span>
     <span class='ocr_line' id='line_1_80' title="bbox 264 2983 1323 3024; baseline -0.001 -9"><span class='ocrx_word' id='word_1_662' title='bbox 264 2985 368 3016; x_wconf 80' lang='lat' dir='ltr'>dentiae</span> <span class='ocrx_word' id='word_1_663' title='bbox 380 2993 572 3024; x_wconf 70' lang='lat' dir='ltr'>apportantes,</span> <span class='ocrx_word' id='word_1_664' title='bbox 590 2986 638 3023; x_wconf 91' lang='lat' dir='ltr'>qui</span> <span class='ocrx_word' id='word_1_665' title='bbox 652 2986 749 3022; x_wconf 82' lang='lat' dir='ltr'>nobis,</span> <span class='ocrx_word' id='word_1_666' title='bbox 766 2993 801 3014; x_wconf 86' lang='lat' dir='ltr'>ex</span> <span class='ocrx_word' id='word_1_667' title='bbox 816 2993 891 3022; x_wconf 88' lang='lat' dir='ltr'>parte</span> <span class='ocrx_word' id='word_1_668' title='bbox 906 2983 987 3021; x_wconf 85' lang='lat' dir='ltr'>ipsius</span> <span class='ocrx_word' id='word_1_669' title='bbox 1002 2983 1139 3021; x_wconf 90' lang='lat' dir='ltr'>Principis</span> <span class='ocrx_word' id='word_1_670' title='bbox 1157 2984 1323 3023; x_wconf 86' lang='lat' dir='ltr'>retulerunt,</span> 
     </span>
     <span class='ocr_line' id='line_1_81' title="bbox 265 3022 1322 3062; baseline -0.002 -8"><span class='ocrx_word' id='word_1_671' title='bbox 265 3024 345 3062; x_wconf 85' lang='lat' dir='ltr'>quod</span> <span class='ocrx_word' id='word_1_672' title='bbox 360 3024 450 3054; x_wconf 55' lang='lat' dir='ltr'>dietus</span> <span class='ocrx_word' id='word_1_673' title='bbox 464 3024 596 3060; x_wconf 87' lang='lat' dir='ltr'>Princeps</span> <span class='ocrx_word' id='word_1_674' title='bbox 611 3023 645 3053; x_wconf 89' lang='lat' dir='ltr'>ad</span> <span class='ocrx_word' id='word_1_675' title='bbox 657 3022 787 3053; x_wconf 87' lang='lat' dir='ltr'>nostrum</span> <span class='ocrx_word' id='word_1_676' title='bbox 802 3023 903 3053; x_wconf 88' lang='lat' dir='ltr'>rediret</span> <span class='ocrx_word' id='word_1_677' title='bbox 916 3022 1088 3060; x_wconf 84' lang='lat' dir='ltr'>Carcerem,</span> <span class='ocrx_word' id='word_1_678' title='bbox 1103 3023 1136 3053; x_wconf 93' lang='lat'>&amp;</span> <span class='ocrx_word' id='word_1_679' title='bbox 1152 3022 1230 3060; x_wconf 90' lang='lat' dir='ltr'>quod</span> <span class='ocrx_word' id='word_1_680' title='bbox 1244 3032 1322 3060; x_wconf 75' lang='lat' dir='ltr'>para—</span> 
     </span>
     <span class='ocr_line' id='line_1_82' title="bbox 265 3059 1322 3099; baseline -0.001 -7"><span class='ocrx_word' id='word_1_681' title='bbox 265 3072 360 3092; x_wconf 83' lang='lat' dir='ltr'>remus</span> <span class='ocrx_word' id='word_1_682' title='bbox 385 3071 437 3092; x_wconf 78' lang='lat' dir='ltr'>nos</span> <span class='ocrx_word' id='word_1_683' title='bbox 456 3062 490 3092; x_wconf 91' lang='lat' dir='ltr'>ad</span> <span class='ocrx_word' id='word_1_684' title='bbox 512 3061 706 3099; x_wconf 88' lang='lat' dir='ltr'>recipiendum</span> <span class='ocrx_word' id='word_1_685' title='bbox 727 3060 850 3092; x_wconf 89' lang='lat' dir='ltr'>eundem</span> <span class='ocrx_word' id='word_1_686' title='bbox 863 3085 872 3099; x_wconf 92' lang='lat'>,</span> <span class='ocrx_word' id='word_1_687' title='bbox 894 3062 927 3092; x_wconf 90' lang='lat'>&amp;</span> <span class='ocrx_word' id='word_1_688' title='bbox 947 3060 982 3091; x_wconf 90' lang='lat' dir='ltr'>ad</span> <span class='ocrx_word' id='word_1_689' title='bbox 1005 3059 1208 3091; x_wconf 83' lang='lat' dir='ltr'>restituendum</span> <span class='ocrx_word' id='word_1_690' title='bbox 1229 3061 1322 3091; x_wconf 90' lang='lat' dir='ltr'>eidem</span> 
     </span>
     <span class='ocr_line' id='line_1_83' title="bbox 266 3099 1226 3139; baseline -0.002 -8"><span class='ocrx_word' id='word_1_691' title='bbox 266 3100 401 3131; x_wconf 82' lang='lat' dir='ltr'>Marchas</span> <span class='ocrx_word' id='word_1_692' title='bbox 415 3101 537 3139; x_wconf 82' lang='lat' dir='ltr'>argenti,</span> <span class='ocrx_word' id='word_1_693' title='bbox 555 3102 588 3131; x_wconf 88' lang='lat'>&amp;</span> <span class='ocrx_word' id='word_1_694' title='bbox 603 3100 730 3139; x_wconf 86' lang='lat' dir='ltr'>personas</span> <span class='ocrx_word' id='word_1_695' title='bbox 744 3110 810 3138; x_wconf 89' lang='lat' dir='ltr'>quas</span> <span class='ocrx_word' id='word_1_696' title='bbox 829 3110 881 3137; x_wconf 91' lang='lat' dir='ltr'>pro</span> <span class='ocrx_word' id='word_1_697' title='bbox 894 3100 1037 3131; x_wconf 83' lang='lat' dir='ltr'>obsidibus</span> <span class='ocrx_word' id='word_1_698' title='bbox 1053 3099 1226 3130; x_wconf 87' lang='lat' dir='ltr'>tenebamus.</span> 
     </span>
    </p>

    <p class='ocr_par' dir='ltr' id='par_1_25' title="bbox 266 3137 1327 3363">
     <span class='ocr_line' id='line_1_84' title="bbox 303 3137 1324 3177; baseline -0.001 -7"><span class='ocrx_word' id='word_1_699' title='bbox 303 3139 369 3176; x_wconf 90' lang='lat' dir='ltr'>Set,</span> <span class='ocrx_word' id='word_1_700' title='bbox 386 3139 450 3176; x_wconf 88' lang='lat' dir='ltr'>quia</span> <span class='ocrx_word' id='word_1_701' title='bbox 463 3140 492 3168; x_wconf 89' lang='lat' dir='ltr'>in</span> <span class='ocrx_word' id='word_1_702' title='bbox 505 3137 586 3168; x_wconf 65' lang='lat' dir='ltr'>dietis</span> <span class='ocrx_word' id='word_1_703' title='bbox 601 3140 762 3169; x_wconf 79' lang='lat' dir='ltr'>continetur</span> <span class='ocrx_word' id='word_1_704' title='bbox 781 3138 903 3176; x_wconf 77' lang='lat' dir='ltr'>expresse</span> <span class='ocrx_word' id='word_1_705' title='bbox 924 3137 1018 3177; x_wconf 89' lang='lat' dir='ltr'>quod,</span> <span class='ocrx_word' id='word_1_706' title='bbox 1037 3138 1056 3168; x_wconf 87' lang='lat' dir='ltr'>fi</span> <span class='ocrx_word' id='word_1_707' title='bbox 1071 3139 1248 3176; x_wconf 87' lang='lat' dir='ltr'>contingeret</span> <span class='ocrx_word' id='word_1_708' title='bbox 1261 3138 1324 3169; x_wconf 90' lang='lat' dir='ltr'>dic-</span> 
     </span>
     <span class='ocr_line' id='line_1_85' title="bbox 266 3175 1322 3215; baseline -0.002 -7"><span class='ocrx_word' id='word_1_709' title='bbox 266 3185 329 3208; x_wconf 88' lang='lat' dir='ltr'>tum</span> <span class='ocrx_word' id='word_1_710' title='bbox 351 3177 516 3215; x_wconf 86' lang='lat' dir='ltr'>Principem</span> <span class='ocrx_word' id='word_1_711' title='bbox 537 3177 572 3207; x_wconf 92' lang='lat' dir='ltr'>ad</span> <span class='ocrx_word' id='word_1_712' title='bbox 592 3175 746 3207; x_wconf 87' lang='lat' dir='ltr'>Carcerem</span> <span class='ocrx_word' id='word_1_713' title='bbox 761 3177 889 3207; x_wconf 88' lang='lat' dir='ltr'>nostrum</span> <span class='ocrx_word' id='word_1_714' title='bbox 905 3177 1012 3214; x_wconf 87' lang='lat' dir='ltr'>redire,</span> <span class='ocrx_word' id='word_1_715' title='bbox 1030 3184 1170 3207; x_wconf 88' lang='lat' dir='ltr'>teneretur</span> <span class='ocrx_word' id='word_1_716' title='bbox 1184 3176 1274 3206; x_wconf 87' lang='lat' dir='ltr'>redire</span> <span class='ocrx_word' id='word_1_717' title='bbox 1286 3176 1322 3206; x_wconf 87' lang='lat' dir='ltr'>ad</span> 
     </span>
     <span class='ocr_line' id='line_1_86' title="bbox 266 3213 1323 3253; baseline -0.001 -7"><span class='ocrx_word' id='word_1_718' title='bbox 266 3216 384 3246; x_wconf 85' lang='lat' dir='ltr'>alterum</span> <span class='ocrx_word' id='word_1_719' title='bbox 399 3215 434 3246; x_wconf 90' lang='lat' dir='ltr'>de</span> <span class='ocrx_word' id='word_1_720' title='bbox 445 3215 557 3245; x_wconf 92' lang='lat' dir='ltr'>duobus</span> <span class='ocrx_word' id='word_1_721' title='bbox 572 3215 658 3252; x_wconf 91' lang='lat' dir='ltr'>locis,</span> <span class='ocrx_word' id='word_1_722' title='bbox 673 3214 775 3245; x_wconf 90' lang='lat' dir='ltr'>scilicet</span> <span class='ocrx_word' id='word_1_723' title='bbox 810 3214 845 3245; x_wconf 84' lang='lat' dir='ltr'>ad</span> <span class='ocrx_word' id='word_1_724' title='bbox 857 3215 974 3246; x_wconf 88' lang='lat' dir='ltr'>Collem</span> <span class='ocrx_word' id='word_1_725' title='bbox 987 3215 1098 3246; x_wconf 65' lang='lat' dir='ltr'>Sandhe</span> <span class='ocrx_word' id='word_1_726' title='bbox 1113 3213 1260 3253; x_wconf 76' lang='lat' dir='ltr'>Cristince,</span> <span class='ocrx_word' id='word_1_727' title='bbox 1277 3215 1323 3245; x_wconf 88' lang='lat' dir='ltr'>vel</span> 
     </span>
     <span class='ocr_line' id='line_1_87' title="bbox 268 3239 1327 3292; baseline -0.001 -8"><span class='ocrx_word' id='word_1_728' title='bbox 268 3255 339 3285; x_wconf 88' lang='lat' dir='ltr'>inter</span> <span class='ocrx_word' id='word_1_729' title='bbox 358 3253 476 3285; x_wconf 87' lang='lat' dir='ltr'>Collem</span> <span class='ocrx_word' id='word_1_730' title='bbox 499 3253 534 3284; x_wconf 92' lang='lat' dir='ltr'>de</span> <span class='ocrx_word' id='word_1_731' title='bbox 557 3253 724 3283; x_wconf 81' lang='lat' dir='ltr'>Paniczariis</span> <span class='ocrx_word' id='word_1_732' title='bbox 737 3255 769 3284; x_wconf 85' lang='lat'>&amp;</span> <span class='ocrx_word' id='word_1_733' title='bbox 779 3239 962 3291; x_wconf 65' lang='lat' dir='ltr'>Junqueriam</span> <span class='ocrx_word' id='word_1_734' title='bbox 972 3277 982 3292; x_wconf 92' lang='lat'>,</span> <span class='ocrx_word' id='word_1_735' title='bbox 999 3254 1049 3284; x_wconf 85' lang='lat' dir='ltr'>ubi</span> <span class='ocrx_word' id='word_1_736' title='bbox 1063 3263 1115 3283; x_wconf 91' lang='lat' dir='ltr'>nos</span> <span class='ocrx_word' id='word_1_737' title='bbox 1128 3252 1217 3290; x_wconf 91' lang='lat' dir='ltr'>ipsum</span> <span class='ocrx_word' id='word_1_738' title='bbox 1233 3253 1327 3291; x_wconf 83' lang='lat' dir='ltr'>poffe-</span> 
     </span>
     <span class='ocr_line' id='line_1_88' title="bbox 268 3290 1325 3363; baseline -0.002 -39"><span class='ocrx_word' id='word_1_739' title='bbox 268 3302 332 3324; x_wconf 90' lang='lat' dir='ltr'>mus</span> <span class='ocrx_word' id='word_1_740' title='bbox 344 3294 561 3363; x_wconf 51' lang='lat' dir='ltr'>tutgecrfficipere3</span> <span class='ocrx_word' id='word_1_741' title='bbox 577 3300 641 3331; x_wconf 83' lang='lat' dir='ltr'>quae</span> <span class='ocrx_word' id='word_1_742' title='bbox 656 3291 720 3322; x_wconf 91' lang='lat' dir='ltr'>loca</span> <span class='ocrx_word' id='word_1_743' title='bbox 733 3291 836 3324; x_wconf 87' lang='lat' dir='ltr'>distant</span> <span class='ocrx_word' id='word_1_744' title='bbox 850 3294 921 3322; x_wconf 88' lang='lat' dir='ltr'>inter</span> <span class='ocrx_word' id='word_1_745' title='bbox 941 3292 968 3323; x_wconf 90' lang='lat' dir='ltr'>sc</span> <span class='ocrx_word' id='word_1_746' title='bbox 980 3302 1031 3331; x_wconf 90' lang='lat' dir='ltr'>per</span> <span class='ocrx_word' id='word_1_747' title='bbox 1043 3291 1147 3322; x_wconf 88' lang='lat' dir='ltr'>decem</span> <span class='ocrx_word' id='word_1_748' title='bbox 1161 3290 1246 3322; x_wconf 82' lang='lat' dir='ltr'>dietas</span> <span class='ocrx_word' id='word_1_749' title='bbox 1261 3292 1325 3324; x_wconf 91' lang='lat' dir='ltr'>vul-</span> 
     </span>
    </p>

    <p class='ocr_par' dir='ltr' id='par_1_26' title="bbox 289 3339 512 3362">
     <span class='ocr_line' id='line_1_89' title="bbox 289 3339 512 3362; baseline -0.009 0"><span class='ocrx_word' id='word_1_750' title='bbox 289 3341 345 3362; x_wconf 86' lang='lat' dir='ltr'>ares</span> <span class='ocrx_word' id='word_1_751' title='bbox 457 3339 512 3361; x_wconf 86' lang='lat' dir='ltr'>tra:</span> 
     </span>
    </p>

    <p class='ocr_par' dir='ltr' id='par_1_27' title="bbox 267 3340 1326 3560">
     <span class='ocr_line' id='line_1_90' title="bbox 269 3340 1322 3407; baseline 0 -8"><span class='ocrx_word' id='word_1_752' title='bbox 269 3340 288 3371; x_wconf 76' lang='lat' dir='ltr'>g</span> <span class='ocrx_word' id='word_1_753' title='bbox 305 3369 343 3401; x_wconf 89' lang='lat' dir='ltr'>Et</span> <span class='ocrx_word' id='word_1_754' title='bbox 353 3355 427 3400; x_wconf 70' lang='lat' dir='ltr'>&#39;dieti</span> <span class='ocrx_word' id='word_1_755' title='bbox 441 3369 557 3400; x_wconf 89' lang='lat' dir='ltr'>Nuncii</span> <span class='ocrx_word' id='word_1_756' title='bbox 572 3378 626 3399; x_wconf 90' lang='lat' dir='ltr'>nec</span> <span class='ocrx_word' id='word_1_757' title='bbox 641 3367 840 3399; x_wconf 88' lang='lat' dir='ltr'>Procuratoria</span> <span class='ocrx_word' id='word_1_758' title='bbox 859 3368 952 3407; x_wconf 90' lang='lat' dir='ltr'>aliqua</span> <span class='ocrx_word' id='word_1_759' title='bbox 966 3370 995 3399; x_wconf 93' lang='lat' dir='ltr'>in</span> <span class='ocrx_word' id='word_1_760' title='bbox 1010 3367 1104 3399; x_wconf 66' lang='lat' dir='ltr'>forma</span> <span class='ocrx_word' id='word_1_761' title='bbox 1116 3367 1247 3407; x_wconf 70' lang='lat' dir='ltr'>publica:</span> <span class='ocrx_word' id='word_1_762' title='bbox 1268 3378 1322 3400; x_wconf 91' lang='lat' dir='ltr'>nec</span> 
     </span>
     <span class='ocr_line' id='line_1_91' title="bbox 267 3406 1326 3447; baseline 0 -10"><span class='ocrx_word' id='word_1_763' title='bbox 267 3408 388 3445; x_wconf 87' lang='lat' dir='ltr'>capitula</span> <span class='ocrx_word' id='word_1_764' title='bbox 407 3408 518 3447; x_wconf 85' lang='lat' dir='ltr'>sigillata</span> <span class='ocrx_word' id='word_1_765' title='bbox 535 3407 689 3437; x_wconf 82' lang='lat' dir='ltr'>credentiae</span> <span class='ocrx_word' id='word_1_766' title='bbox 708 3406 908 3444; x_wconf 68' lang='lat' dir='ltr'>apportarunt:</span> <span class='ocrx_word' id='word_1_767' title='bbox 944 3418 998 3438; x_wconf 91' lang='lat' dir='ltr'>nec</span> <span class='ocrx_word' id='word_1_768' title='bbox 1021 3416 1131 3438; x_wconf 89' lang='lat' dir='ltr'>certum</span> <span class='ocrx_word' id='word_1_769' title='bbox 1153 3406 1254 3437; x_wconf 91' lang='lat' dir='ltr'>locum</span> <span class='ocrx_word' id='word_1_770' title='bbox 1275 3408 1326 3437; x_wconf 78' lang='lat' dir='ltr'>ali-</span> 
     </span>
     <span class='ocr_line' id='line_1_92' title="bbox 267 3444 1324 3484; baseline 0 -9"><span class='ocrx_word' id='word_1_771' title='bbox 267 3456 354 3482; x_wconf 88' lang='lat' dir='ltr'>quem</span> <span class='ocrx_word' id='word_1_772' title='bbox 365 3447 599 3484; x_wconf 81' lang='lat' dir='ltr'>desingnaverunt</span> <span class='ocrx_word' id='word_1_773' title='bbox 610 3445 647 3475; x_wconf 89' lang='lat' dir='ltr'>de</span> <span class='ocrx_word' id='word_1_774' title='bbox 658 3445 729 3475; x_wconf 87' lang='lat' dir='ltr'>locis</span> <span class='ocrx_word' id='word_1_775' title='bbox 743 3445 899 3483; x_wconf 65' lang='lat' dir='ltr'>praedietis,</span> <span class='ocrx_word' id='word_1_776' title='bbox 914 3447 942 3475; x_wconf 95' lang='lat' dir='ltr'>in</span> <span class='ocrx_word' id='word_1_777' title='bbox 959 3445 1200 3476; x_wconf 87' lang='lat' dir='ltr'>conventionibus</span> <span class='ocrx_word' id='word_1_778' title='bbox 1214 3444 1324 3484; x_wconf 86' lang='lat' dir='ltr'>desing-</span> 
     </span>
     <span class='ocr_line' id='line_1_93' title="bbox 270 3483 1325 3522; baseline 0.002 -11"><span class='ocrx_word' id='word_1_779' title='bbox 270 3485 354 3521; x_wconf 85' lang='lat' dir='ltr'>natis,</span> <span class='ocrx_word' id='word_1_780' title='bbox 370 3484 404 3514; x_wconf 90' lang='lat' dir='ltr'>ad</span> <span class='ocrx_word' id='word_1_781' title='bbox 418 3495 504 3522; x_wconf 90' lang='lat' dir='ltr'>quem</span> <span class='ocrx_word' id='word_1_782' title='bbox 520 3484 576 3521; x_wconf 86' lang='lat' dir='ltr'>ipse</span> <span class='ocrx_word' id='word_1_783' title='bbox 590 3484 716 3520; x_wconf 88' lang='lat' dir='ltr'>veniret,</span> <span class='ocrx_word' id='word_1_784' title='bbox 734 3484 767 3514; x_wconf 69' lang='grc' dir='ltr'>ὃς</span> <span class='ocrx_word' id='word_1_785' title='bbox 781 3493 832 3513; x_wconf 92' lang='lat' dir='ltr'>nos</span> <span class='ocrx_word' id='word_1_786' title='bbox 845 3507 854 3521; x_wconf 91' lang='lat'>,</span> <span class='ocrx_word' id='word_1_787' title='bbox 870 3494 939 3514; x_wconf 91' lang='lat' dir='ltr'>cum</span> <span class='ocrx_word' id='word_1_788' title='bbox 952 3484 1080 3516; x_wconf 85' lang='lat' dir='ltr'>Marchis</span> <span class='ocrx_word' id='word_1_789' title='bbox 1099 3484 1132 3514; x_wconf 92' lang='lat'>&amp;</span> <span class='ocrx_word' id='word_1_790' title='bbox 1155 3483 1325 3522; x_wconf 84' lang='lat' dir='ltr'>Obsidibus,</span> 
     </span>
     <span class='ocr_line' id='line_1_94' title="bbox 272 3521 994 3560; baseline 0.004 -11"><span class='ocrx_word' id='word_1_791' title='bbox 272 3523 405 3552; x_wconf 87' lang='lat' dir='ltr'>accedere</span> <span class='ocrx_word' id='word_1_792' title='bbox 417 3524 585 3553; x_wconf 86' lang='lat' dir='ltr'>deberemus</span> <span class='ocrx_word' id='word_1_793' title='bbox 599 3521 633 3551; x_wconf 91' lang='lat' dir='ltr'>ad</span> <span class='ocrx_word' id='word_1_794' title='bbox 644 3521 841 3560; x_wconf 88' lang='lat' dir='ltr'>recipiendum</span> <span class='ocrx_word' id='word_1_795' title='bbox 856 3522 994 3552; x_wconf 91' lang='lat' dir='ltr'>eundem:</span> 
     </span>
    </p>

    <p class='ocr_par' dir='ltr' id='par_1_28' title="bbox 273 3557 1329 3700">
     <span class='ocr_line' id='line_1_95' title="bbox 297 3557 1325 3601; baseline 0 -12"><span class='ocrx_word' id='word_1_796' title='bbox 297 3557 347 3601; x_wconf 20' lang='lat' dir='ltr'>,Et</span> <span class='ocrx_word' id='word_1_797' title='bbox 365 3561 431 3591; x_wconf 80' lang='lat' dir='ltr'>effer</span> <span class='ocrx_word' id='word_1_798' title='bbox 451 3559 624 3599; x_wconf 82' lang='lat' dir='ltr'>impoffibile</span> <span class='ocrx_word' id='word_1_799' title='bbox 644 3569 696 3590; x_wconf 91' lang='lat' dir='ltr'>nos</span> <span class='ocrx_word' id='word_1_800' title='bbox 717 3561 750 3591; x_wconf 70' lang='grc' dir='ltr'>δε</span> <span class='ocrx_word' id='word_1_801' title='bbox 771 3560 861 3597; x_wconf 89' lang='lat' dir='ltr'>ipsum</span> <span class='ocrx_word' id='word_1_802' title='bbox 879 3560 1045 3601; x_wconf 88' lang='lat' dir='ltr'>Principem</span> <span class='ocrx_word' id='word_1_803' title='bbox 1060 3585 1070 3598; x_wconf 91' lang='lat'>,</span> <span class='ocrx_word' id='word_1_804' title='bbox 1095 3558 1193 3590; x_wconf 88' lang='lat' dir='ltr'>eadem</span> <span class='ocrx_word' id='word_1_805' title='bbox 1214 3560 1275 3598; x_wconf 83' lang='lat' dir='ltr'>die,</span> <span class='ocrx_word' id='word_1_806' title='bbox 1295 3561 1325 3589; x_wconf 91' lang='lat' dir='ltr'>in</span> 
     </span>
     <span class='ocr_line' id='line_1_96' title="bbox 273 3595 1327 3638; baseline 0.002 -13"><span class='ocrx_word' id='word_1_807' title='bbox 273 3595 355 3638; x_wconf 60' lang='lat' dir='ltr'>dietis</span> <span class='ocrx_word' id='word_1_808' title='bbox 377 3598 484 3629; x_wconf 88' lang='lat' dir='ltr'>duobus</span> <span class='ocrx_word' id='word_1_809' title='bbox 506 3599 578 3629; x_wconf 89' lang='lat' dir='ltr'>locis</span> <span class='ocrx_word' id='word_1_810' title='bbox 591 3622 601 3637; x_wconf 87' lang='lat'>,</span> <span class='ocrx_word' id='word_1_811' title='bbox 626 3598 667 3628; x_wconf 70' lang='lat' dir='ltr'>ita</span> <span class='ocrx_word' id='word_1_812' title='bbox 686 3597 868 3635; x_wconf 79' lang='lat' dir='ltr'>distantibus,</span> <span class='ocrx_word' id='word_1_813' title='bbox 887 3600 999 3629; x_wconf 86' lang='lat' dir='ltr'>insimul</span> <span class='ocrx_word' id='word_1_814' title='bbox 1012 3608 1184 3637; x_wconf 89' lang='lat' dir='ltr'>conparere,</span> <span class='ocrx_word' id='word_1_815' title='bbox 1203 3598 1237 3629; x_wconf 90' lang='lat' dir='ltr'>ad</span> <span class='ocrx_word' id='word_1_816' title='bbox 1253 3599 1327 3628; x_wconf 88' lang='lat' dir='ltr'>reci-</span> 
     </span>
     <span class='ocr_line' id='line_1_97' title="bbox 273 3634 1329 3700; baseline 0.002 -37"><span class='ocrx_word' id='word_1_817' title='bbox 273 3634 409 3700; x_wconf 51' lang='lat' dir='ltr'>gigitidum</span> <span class='ocrx_word' id='word_1_818' title='bbox 422 3637 511 3675; x_wconf 88' lang='lat' dir='ltr'>ipsum</span> <span class='ocrx_word' id='word_1_819' title='bbox 521 3661 530 3675; x_wconf 97' lang='lat'>,</span> <span class='ocrx_word' id='word_1_820' title='bbox 546 3638 579 3669; x_wconf 73' lang='grc' dir='ltr'>δε</span> <span class='ocrx_word' id='word_1_821' title='bbox 592 3636 627 3668; x_wconf 90' lang='lat' dir='ltr'>ad</span> <span class='ocrx_word' id='word_1_822' title='bbox 643 3636 818 3667; x_wconf 89' lang='lat' dir='ltr'>reddendum</span> <span class='ocrx_word' id='word_1_823' title='bbox 841 3637 892 3667; x_wconf 87' lang='lat' dir='ltr'>sibi</span> <span class='ocrx_word' id='word_1_824' title='bbox 909 3637 1041 3669; x_wconf 86' lang='lat' dir='ltr'>Marchas</span> <span class='ocrx_word' id='word_1_825' title='bbox 1054 3639 1087 3669; x_wconf 91' lang='lat'>&amp;</span> <span class='ocrx_word' id='word_1_826' title='bbox 1101 3636 1222 3667; x_wconf 72' lang='lat' dir='ltr'>Obsides</span> <span class='ocrx_word' id='word_1_827' title='bbox 1236 3637 1329 3679; x_wconf 74' lang='lat' dir='ltr'>supra-</span> 
     </span>
    </p>

    <p class='ocr_par' dir='ltr' id='par_1_29' title="bbox 296 3681 381 3701">
     <span class='ocr_line' id='line_1_98' title="bbox 296 3681 381 3701; baseline 0.012 -1"><span class='ocrx_word' id='word_1_828' title='bbox 296 3681 305 3700; x_wconf 93' lang='lat' dir='ltr'>i</span> <span class='ocrx_word' id='word_1_829' title='bbox 336 3681 381 3701; x_wconf 90' lang='lat' dir='ltr'>os:</span> 
     </span>
    </p>

    <p class='ocr_par' dir='ltr' id='par_1_30' title="bbox 275 3708 1332 3776">
     <span class='ocr_line' id='line_1_99' title="bbox 275 3708 1332 3776; baseline 0.001 -35"><span class='ocrx_word' id='word_1_830' title='bbox 275 3745 304 3776; x_wconf 34' lang='lat' dir='ltr'>d,</span> <span class='ocrx_word' id='word_1_831' title='bbox 315 3708 368 3776; x_wconf 60' lang='lat' dir='ltr'>Ettu’</span> <span class='ocrx_word' id='word_1_832' title='bbox 387 3711 451 3747; x_wconf 89' lang='lat' dir='ltr'>quia</span> <span class='ocrx_word' id='word_1_833' title='bbox 463 3712 513 3742; x_wconf 85' lang='lat' dir='ltr'>sibi</span> <span class='ocrx_word' id='word_1_834' title='bbox 527 3714 761 3750; x_wconf 84' lang='lat' dir='ltr'>prorogationem</span> <span class='ocrx_word' id='word_1_835' title='bbox 773 3713 938 3753; x_wconf 71' lang='lat' dir='ltr'>praedietarn</span> <span class='ocrx_word' id='word_1_836' title='bbox 955 3713 1197 3751; x_wconf 86' lang='lat' dir='ltr'>concesseramus,</span> <span class='ocrx_word' id='word_1_837' title='bbox 1215 3720 1246 3743; x_wconf 91' lang='lat' dir='ltr'>ut</span> <span class='ocrx_word' id='word_1_838' title='bbox 1259 3721 1332 3750; x_wconf 77' lang='lat' dir='ltr'>prae-</span> 
     </span>
    </p>

    <p class='ocr_par' dir='ltr' id='par_1_31' title="bbox 296 3756 398 3784">
     <span class='ocr_line' id='line_1_100' title="bbox 296 3756 398 3784; baseline -0.01 -8"><span class='ocrx_word' id='word_1_839' title='bbox 296 3756 334 3776; x_wconf 92' lang='lat' dir='ltr'>ici</span> <span class='ocrx_word' id='word_1_840' title='bbox 367 3757 398 3784; x_wconf 87' lang='lat' dir='ltr'>r,</span> 
     </span>
    </p>

    <p class='ocr_par' dir='ltr' id='par_1_32' title="bbox 275 3783 1333 3905">
     <span class='ocr_line' id='line_1_101' title="bbox 314 3783 1333 3829; baseline 0.003 -15"><span class='ocrx_word' id='word_1_841' title='bbox 314 3783 428 3829; x_wconf 78' lang='lat' dir='ltr'>Fuimus</span> <span class='ocrx_word' id='word_1_842' title='bbox 441 3785 518 3823; x_wconf 88' lang='lat' dir='ltr'>super</span> <span class='ocrx_word' id='word_1_843' title='bbox 533 3789 674 3825; x_wconf 68' lang='lat' dir='ltr'>praediCtis</span> <span class='ocrx_word' id='word_1_844' title='bbox 684 3813 693 3828; x_wconf 95' lang='lat'>,</span> <span class='ocrx_word' id='word_1_845' title='bbox 707 3799 772 3827; x_wconf 83' lang='lat' dir='ltr'>quae</span> <span class='ocrx_word' id='word_1_846' title='bbox 786 3789 868 3819; x_wconf 91' lang='lat' dir='ltr'>nobis</span> <span class='ocrx_word' id='word_1_847' title='bbox 882 3789 1012 3821; x_wconf 80' lang='lat' dir='ltr'>dixerunt</span> <span class='ocrx_word' id='word_1_848' title='bbox 1025 3789 1333 3826; x_wconf 61' lang='lat' dir='ltr'>diistiNuncii,quam</span> 
     </span>
     <span class='ocr_line' id='line_1_102' title="bbox 275 3822 1333 3866; baseline 0.005 -15"><span class='ocrx_word' id='word_1_849' title='bbox 275 3822 431 3866; x_wconf 81' lang='lat' dir='ltr'>plurimum</span> <span class='ocrx_word' id='word_1_850' title='bbox 451 3824 594 3856; x_wconf 74' lang='lat' dir='ltr'>admirati:</span> <span class='ocrx_word' id='word_1_851' title='bbox 622 3829 656 3858; x_wconf 64' lang='grc' dir='ltr'>ὃς</span> <span class='ocrx_word' id='word_1_852' title='bbox 678 3828 801 3859; x_wconf 87' lang='lat' dir='ltr'>multum</span> <span class='ocrx_word' id='word_1_853' title='bbox 821 3827 1010 3859; x_wconf 83' lang='lat' dir='ltr'>dubitavimus</span> <span class='ocrx_word' id='word_1_854' title='bbox 1031 3829 1067 3859; x_wconf 91' lang='lat' dir='ltr'>de</span> <span class='ocrx_word' id='word_1_855' title='bbox 1090 3827 1220 3864; x_wconf 71' lang='lat' dir='ltr'>eisdem,</span> <span class='ocrx_word' id='word_1_856' title='bbox 1244 3828 1277 3858; x_wconf 86' lang='lat'>&amp;</span> <span class='ocrx_word' id='word_1_857' title='bbox 1299 3835 1333 3856; x_wconf 80' lang='lat' dir='ltr'>ex</span> 
     </span>
     <span class='ocr_line' id='line_1_103' title="bbox 277 3860 1063 3905; baseline 0.005 -12"><span class='ocrx_word' id='word_1_858' title='bbox 277 3860 418 3899; x_wconf 64' lang='lat' dir='ltr'>praedlffls</span> <span class='ocrx_word' id='word_1_859' title='bbox 426 3869 529 3904; x_wconf 64' lang='lat' dir='ltr'>¹eorum</span> <span class='ocrx_word' id='word_1_860' title='bbox 542 3865 633 3894; x_wconf 85' lang='lat' dir='ltr'>verbis</span> <span class='ocrx_word' id='word_1_861' title='bbox 647 3864 734 3896; x_wconf 84' lang='lat' dir='ltr'>fidem</span> <span class='ocrx_word' id='word_1_862' title='bbox 746 3867 897 3903; x_wconf 86' lang='lat' dir='ltr'>nequimus</span> <span class='ocrx_word' id='word_1_863' title='bbox 909 3866 1063 3905; x_wconf 70' lang='lat' dir='ltr'>adhibere,</span> 
     </span>
    </p>

    <p class='ocr_par' dir='ltr' id='par_1_33' title="bbox 279 3898 1336 3983">
     <span class='ocr_line' id='line_1_104' title="bbox 317 3898 1336 3945; baseline -0.003 -11"><span class='ocrx_word' id='word_1_864' title='bbox 317 3898 366 3928; x_wconf 87' lang='lat' dir='ltr'>Set</span> <span class='ocrx_word' id='word_1_865' title='bbox 386 3898 576 3942; x_wconf 60' lang='grc' dir='ltr'>λ’θίΡῼΠάξῐΠυξ</span> <span class='ocrx_word' id='word_1_866' title='bbox 594 3901 723 3933; x_wconf 89' lang='lat' dir='ltr'>Nunciis</span> <span class='ocrx_word' id='word_1_867' title='bbox 745 3905 906 3934; x_wconf 88' lang='lat' dir='ltr'>memoratis</span> <span class='ocrx_word' id='word_1_868' title='bbox 922 3929 932 3942; x_wconf 90' lang='lat'>,</span> <span class='ocrx_word' id='word_1_869' title='bbox 951 3905 1030 3943; x_wconf 82' lang='lat' dir='ltr'>quod</span> <span class='ocrx_word' id='word_1_870' title='bbox 1043 3915 1093 3945; x_wconf 89' lang='lat' dir='ltr'>per</span> <span class='ocrx_word' id='word_1_871' title='bbox 1108 3904 1211 3934; x_wconf 86' lang='lat' dir='ltr'>litteras</span> <span class='ocrx_word' id='word_1_872' title='bbox 1224 3902 1257 3933; x_wconf 90' lang='lat'>&amp;</span> <span class='ocrx_word' id='word_1_873' title='bbox 1269 3911 1336 3932; x_wconf 88' lang='lat' dir='ltr'>nos·</span> 
     </span>
     <span class='ocr_line' id='line_1_105' title="bbox 279 3935 1194 3983; baseline -0.002 -10"><span class='ocrx_word' id='word_1_874' title='bbox 279 3945 338 3967; x_wconf 65' lang='grc' dir='ltr'>ΗΘΒ</span> <span class='ocrx_word' id='word_1_875' title='bbox 349 3935 486 3977; x_wconf 63' lang='lat' dir='ltr'>NUHQOS</span> <span class='ocrx_word' id='word_1_876' title='bbox 501 3938 626 3980; x_wconf 55' lang='lat' dir='ltr'>¹pe&lt;2141es</span> <span class='ocrx_word' id='word_1_877' title='bbox 639 3941 866 3983; x_wconf 81' lang='lat' dir='ltr'>responderemus</span> <span class='ocrx_word' id='word_1_878' title='bbox 881 3941 1011 3980; x_wconf 87' lang='lat' dir='ltr'>Principi</span> <span class='ocrx_word' id='word_1_879' title='bbox 1024 3942 1194 3981; x_wconf 60' lang='lat' dir='ltr'>supradicto.</span> 
     </span>
    </p>

    <p class='ocr_par' dir='ltr' id='par_1_34' title="bbox 308 3973 1338 4018">
     <span class='ocr_line' id='line_1_106' title="bbox 308 3973 1338 4018; baseline 0 -9"><span class='ocrx_word' id='word_1_880' title='bbox 308 3973 364 4012; x_wconf 81' lang='lat' dir='ltr'>Et,</span> <span class='ocrx_word' id='word_1_881' title='bbox 383 3976 458 4012; x_wconf 70' lang='lat' dir='ltr'>quali</span> <span class='ocrx_word' id='word_1_882' title='bbox 476 3973 533 4004; x_wconf 80' lang='lat' dir='ltr'>sme</span> <span class='ocrx_word' id='word_1_883' title='bbox 553 3974 647 4013; x_wconf 86' lang='lat' dir='ltr'>aliquo</span> <span class='ocrx_word' id='word_1_884' title='bbox 667 3980 815 4011; x_wconf 81' lang='lat' dir='ltr'>intervallo</span> <span class='ocrx_word' id='word_1_885' title='bbox 827 4003 837 4018; x_wconf 89' lang='lat'>,</span> <span class='ocrx_word' id='word_1_886' title='bbox 862 3979 933 4011; x_wconf 90' lang='lat' dir='ltr'>duos</span> <span class='ocrx_word' id='word_1_887' title='bbox 955 3981 1069 4013; x_wconf 88' lang='lat' dir='ltr'>nostros</span> <span class='ocrx_word' id='word_1_888' title='bbox 1088 3980 1249 4017; x_wconf 83' lang='lat' dir='ltr'>Nuncios,</span> <span class='ocrx_word' id='word_1_889' title='bbox 1267 3987 1338 4010; x_wconf 87' lang='lat' dir='ltr'>cum</span> 
     </span>
    </p>
   </div>
   <div class='ocr_carea' id='block_1_8' title="bbox 1340 205 1636 245">
    <p class='ocr_par' dir='ltr' id='par_1_35' title="bbox 1340 205 1636 245">
     <span class='ocr_line' id='line_1_107' title="bbox 1340 205 1636 245; baseline 0.003 -9"><span class='ocrx_word' id='word_1_890' title='bbox 1340 206 1362 236; x_wconf 86' lang='lat' dir='ltr'>si</span> <span class='ocrx_word' id='word_1_891' title='bbox 1376 216 1425 243; x_wconf 90' lang='lat' dir='ltr'>per</span> <span class='ocrx_word' id='word_1_892' title='bbox 1439 205 1494 235; x_wconf 85' lang='lat' dir='ltr'>illas</span> <span class='ocrx_word' id='word_1_893' title='bbox 1509 207 1636 245; x_wconf 78' lang='lat' dir='ltr'>veniret,</span> 
     </span>
    </p>
   </div>
   <div class='ocr_carea' id='block_1_9' title="bbox 1342 281 1411 318">
    <p class='ocr_par' dir='ltr' id='par_1_36' title="bbox 1342 281 1411 318">
     <span class='ocr_line' id='line_1_108' title="bbox 1342 281 1411 318; baseline -0.014 -6"><span class='ocrx_word' id='word_1_894' title='bbox 1342 281 1394 312; x_wconf 91' lang='lat' dir='ltr'>dos</span> <span class='ocrx_word' id='word_1_895' title='bbox 1401 306 1411 318; x_wconf 87' lang='lat'>,</span> 
     </span>
    </p>
   </div>
   <div class='ocr_carea' id='block_1_10' title="bbox 1340 319 2417 1826">
    <p class='ocr_par' dir='ltr' id='par_1_37' title="bbox 1340 319 2404 465">
     <span class='ocr_line' id='line_1_109' title="bbox 1378 319 2398 358; baseline -0.002 -7"><span class='ocrx_word' id='word_1_896' title='bbox 1378 320 1426 351; x_wconf 92' lang='lat' dir='ltr'>Ut</span> <span class='ocrx_word' id='word_1_897' title='bbox 1447 330 1497 358; x_wconf 89' lang='lat' dir='ltr'>per</span> <span class='ocrx_word' id='word_1_898' title='bbox 1517 321 1589 358; x_wconf 81' lang='lat' dir='ltr'>ipsos</span> <span class='ocrx_word' id='word_1_899' title='bbox 1606 323 1797 353; x_wconf 85' lang='lat' dir='ltr'>intentionem</span> <span class='ocrx_word' id='word_1_900' title='bbox 1817 322 1997 353; x_wconf 55' lang='lat' dir='ltr'>suarn&#39;nobis</span> <span class='ocrx_word' id='word_1_901' title='bbox 2009 321 2174 352; x_wconf 80' lang='lat' dir='ltr'>litteratorie</span> <span class='ocrx_word' id='word_1_902' title='bbox 2188 319 2358 358; x_wconf 82' lang='lat' dir='ltr'>declararet,</span> <span class='ocrx_word' id='word_1_903' title='bbox 2377 319 2398 350; x_wconf 82' lang='lat' dir='ltr'><strong>fi</strong></span> 
     </span>
     <span class='ocr_line' id='line_1_110' title="bbox 1340 357 2399 397; baseline -0.001 -9"><span class='ocrx_word' id='word_1_904' title='bbox 1340 358 1375 388; x_wconf 92' lang='lat' dir='ltr'>ad</span> <span class='ocrx_word' id='word_1_905' title='bbox 1394 359 1557 395; x_wconf 82' lang='lat' dir='ltr'>captionem</span> <span class='ocrx_word' id='word_1_906' title='bbox 1577 360 1702 390; x_wconf 77' lang='lat' dir='ltr'>nosti-am</span> <span class='ocrx_word' id='word_1_907' title='bbox 1726 361 1818 391; x_wconf 90' lang='lat' dir='ltr'>redire</span> <span class='ocrx_word' id='word_1_908' title='bbox 1838 361 1996 391; x_wconf 87' lang='lat' dir='ltr'>intenderet</span> <span class='ocrx_word' id='word_1_909' title='bbox 2013 361 2024 390; x_wconf 92' lang='lat'>?</span> <span class='ocrx_word' id='word_1_910' title='bbox 2042 359 2080 390; x_wconf 89' lang='lat' dir='ltr'>Et</span> <span class='ocrx_word' id='word_1_911' title='bbox 2095 359 2129 389; x_wconf 90' lang='lat' dir='ltr'>ad</span> <span class='ocrx_word' id='word_1_912' title='bbox 2145 368 2233 397; x_wconf 87' lang='lat' dir='ltr'>quern</span> <span class='ocrx_word' id='word_1_913' title='bbox 2247 358 2348 388; x_wconf 89' lang='lat' dir='ltr'>locum</span> <span class='ocrx_word' id='word_1_914' title='bbox 2362 357 2399 388; x_wconf 91' lang='lat' dir='ltr'>de</span> 
     </span>
     <span class='ocr_line' id='line_1_111' title="bbox 1341 396 2404 465; baseline 0 -39"><span class='ocrx_word' id='word_1_915' title='bbox 1341 397 1486 465; x_wconf 45' lang='lat' dir='ltr'>Eraedffigis</span> <span class='ocrx_word' id='word_1_916' title='bbox 1513 396 1624 428; x_wconf 89' lang='lat' dir='ltr'>duobus</span> <span class='ocrx_word' id='word_1_917' title='bbox 1645 400 1741 430; x_wconf 87' lang='lat' dir='ltr'>venire</span> <span class='ocrx_word' id='word_1_918' title='bbox 1765 407 1935 437; x_wconf 88' lang='lat' dir='ltr'>proponeret</span> <span class='ocrx_word' id='word_1_919' title='bbox 1948 423 1958 437; x_wconf 89' lang='lat'>,</span> <span class='ocrx_word' id='word_1_920' title='bbox 1987 399 2007 438; x_wconf 88' lang='lat' dir='ltr'>si</span> <span class='ocrx_word' id='word_1_921' title='bbox 2030 399 2145 428; x_wconf 88' lang='lat' dir='ltr'>haberet</span> <span class='ocrx_word' id='word_1_922' title='bbox 2163 397 2339 436; x_wconf 80' lang='lat' dir='ltr'>propositum</span> <span class='ocrx_word' id='word_1_923' title='bbox 2360 406 2404 427; x_wconf 88' lang='lat' dir='ltr'>re-</span> 
     </span>
    </p>

    <p class='ocr_par' dir='ltr' id='par_1_38' title="bbox 1364 445 1462 465">
     <span class='ocr_line' id='line_1_112' title="bbox 1364 445 1462 465; baseline -0.01 0"><span class='ocrx_word' id='word_1_924' title='bbox 1364 445 1419 465; x_wconf 90' lang='lat' dir='ltr'>eun</span> <span class='ocrx_word' id='word_1_925' title='bbox 1457 460 1462 464; x_wconf 94' lang='lat'>.</span> 
     </span>
    </p>

    <p class='ocr_par' dir='ltr' id='par_1_39' title="bbox 1381 472 2404 516">
     <span class='ocr_line' id='line_1_113' title="bbox 1381 472 2404 516; baseline 0 -13"><span class='ocrx_word' id='word_1_926' title='bbox 1381 473 1431 503; x_wconf 90' lang='lat' dir='ltr'>Set</span> <span class='ocrx_word' id='word_1_927' title='bbox 1451 473 1609 513; x_wconf 82' lang='lat' dir='ltr'>praelibatus</span> <span class='ocrx_word' id='word_1_928' title='bbox 1631 474 1768 516; x_wconf 88' lang='lat' dir='ltr'>Princeps</span> <span class='ocrx_word' id='word_1_929' title='bbox 1782 498 1792 513; x_wconf 92' lang='lat'>,</span> <span class='ocrx_word' id='word_1_930' title='bbox 1815 474 1922 515; x_wconf 85' lang='lat' dir='ltr'>fingens</span> <span class='ocrx_word' id='word_1_931' title='bbox 1940 475 1967 505; x_wconf 91' lang='lat' dir='ltr'>se</span> <span class='ocrx_word' id='word_1_932' title='bbox 1987 473 2060 505; x_wconf 90' lang='lat' dir='ltr'>velle</span> <span class='ocrx_word' id='word_1_933' title='bbox 2080 473 2172 504; x_wconf 89' lang='lat' dir='ltr'>redire</span> <span class='ocrx_word' id='word_1_934' title='bbox 2194 473 2229 503; x_wconf 92' lang='lat' dir='ltr'>ad</span> <span class='ocrx_word' id='word_1_935' title='bbox 2247 472 2404 503; x_wconf 86' lang='lat' dir='ltr'>Carcerern</span> 
     </span>
    </p>

    <p class='ocr_par' dir='ltr' id='par_1_40' title="bbox 1342 511 2406 1089">
     <span class='ocr_line' id='line_1_114' title="bbox 1342 511 2400 552; baseline 0.002 -12"><span class='ocrx_word' id='word_1_936' title='bbox 1342 511 1492 549; x_wconf 89' lang='lat' dir='ltr'>nostrum,</span> <span class='ocrx_word' id='word_1_937' title='bbox 1507 521 1668 550; x_wconf 86' lang='lat' dir='ltr'>quanquam</span> <span class='ocrx_word' id='word_1_938' title='bbox 1688 513 1769 544; x_wconf 91' lang='lat' dir='ltr'>sciret</span> <span class='ocrx_word' id='word_1_939' title='bbox 1791 514 1890 544; x_wconf 92' lang='lat' dir='ltr'>locum</span> <span class='ocrx_word' id='word_1_940' title='bbox 1915 512 2087 552; x_wconf 60' lang='lat' dir='ltr'>praedictum</span> <span class='ocrx_word' id='word_1_941' title='bbox 2102 536 2112 550; x_wconf 90' lang='lat'>,</span> <span class='ocrx_word' id='word_1_942' title='bbox 2130 513 2202 542; x_wconf 91' lang='lat' dir='ltr'>inter</span> <span class='ocrx_word' id='word_1_943' title='bbox 2211 511 2400 550; x_wconf 71' lang='lat' dir='ltr'>Junqiieriam</span> 
     </span>
     <span class='ocr_line' id='line_1_115' title="bbox 1344 549 2402 591; baseline 0 -12"><span class='ocrx_word' id='word_1_944' title='bbox 1344 551 1378 580; x_wconf 66' lang='grc' dir='ltr'>ὃς</span> <span class='ocrx_word' id='word_1_945' title='bbox 1394 549 1510 580; x_wconf 88' lang='lat' dir='ltr'>Collem</span> <span class='ocrx_word' id='word_1_946' title='bbox 1525 549 1561 580; x_wconf 91' lang='lat' dir='ltr'>de</span> <span class='ocrx_word' id='word_1_947' title='bbox 1574 550 1766 589; x_wconf 84' lang='lat' dir='ltr'>Paniczariis,</span> <span class='ocrx_word' id='word_1_948' title='bbox 1779 553 1812 582; x_wconf 90' lang='lat'>&amp;</span> <span class='ocrx_word' id='word_1_949' title='bbox 1824 553 1874 582; x_wconf 86' lang='lat' dir='ltr'>alia</span> <span class='ocrx_word' id='word_1_950' title='bbox 1887 552 1968 591; x_wconf 85' lang='lat' dir='ltr'>loca,</span> <span class='ocrx_word' id='word_1_951' title='bbox 1986 551 2173 582; x_wconf 87' lang='lat' dir='ltr'>circumcirca</span> <span class='ocrx_word' id='word_1_952' title='bbox 2188 560 2236 587; x_wconf 90' lang='lat' dir='ltr'>per</span> <span class='ocrx_word' id='word_1_953' title='bbox 2248 549 2314 580; x_wconf 88' lang='lat' dir='ltr'>duas</span> <span class='ocrx_word' id='word_1_954' title='bbox 2323 549 2402 580; x_wconf 90' lang='lat' dir='ltr'>Leu-</span> 
     </span>
     <span class='ocr_line' id='line_1_116' title="bbox 1345 587 2401 631; baseline 0.002 -14"><span class='ocrx_word' id='word_1_955' title='bbox 1345 597 1401 631; x_wconf 29' lang='lat' dir='ltr'>cas,</span> <span class='ocrx_word' id='word_1_956' title='bbox 1413 589 1445 619; x_wconf 67' lang='grc' dir='ltr'>ὃς</span> <span class='ocrx_word' id='word_1_957' title='bbox 1458 588 1574 630; x_wconf 82' lang='lat' dir='ltr'>plures,</span> <span class='ocrx_word' id='word_1_958' title='bbox 1592 589 1608 619; x_wconf 75' lang='lat' dir='ltr'>a</span> <span class='ocrx_word' id='word_1_959' title='bbox 1628 589 1711 628; x_wconf 83' lang='lat' dir='ltr'>Rege</span> <span class='ocrx_word' id='word_1_960' title='bbox 1727 590 1750 619; x_wconf 87' lang='lat' dir='ltr'>F</span> <span class='ocrx_word' id='word_1_961' title='bbox 1751 591 1852 620; x_wconf 79' lang='lat' dir='ltr'>ranciae</span> <span class='ocrx_word' id='word_1_962' title='bbox 1866 591 1899 621; x_wconf 89' lang='lat'>&amp;</span> <span class='ocrx_word' id='word_1_963' title='bbox 1911 590 1969 620; x_wconf 89' lang='lat' dir='ltr'>aliis</span> <span class='ocrx_word' id='word_1_964' title='bbox 1982 590 2108 620; x_wconf 87' lang='lat' dir='ltr'>inimicis</span> <span class='ocrx_word' id='word_1_965' title='bbox 2121 589 2141 608; x_wconf 47' lang='grc' dir='ltr'>ἦ*</span> <span class='ocrx_word' id='word_1_966' title='bbox 2155 587 2259 619; x_wconf 87' lang='lat' dir='ltr'>nostris</span> <span class='ocrx_word' id='word_1_967' title='bbox 2271 588 2354 618; x_wconf 89' lang='lat' dir='ltr'>fuisse</span> <span class='ocrx_word' id='word_1_968' title='bbox 2367 589 2401 619; x_wconf 90' lang='lat'>&amp;</span> 
     </span>
     <span class='ocr_line' id='line_1_117' title="bbox 1344 625 2401 671; baseline 0.002 -15"><span class='ocrx_word' id='word_1_969' title='bbox 1344 625 1465 670; x_wconf 80' lang='lat' dir='ltr'>detineri</span> <span class='ocrx_word' id='word_1_970' title='bbox 1487 635 1566 671; x_wconf 77' lang='lat' dir='ltr'>capta</span> <span class='ocrx_word' id='word_1_971' title='bbox 1581 650 1591 666; x_wconf 94' lang='lat'>,</span> <span class='ocrx_word' id='word_1_972' title='bbox 1614 628 1648 658; x_wconf 87' lang='lat'>&amp;</span> <span class='ocrx_word' id='word_1_973' title='bbox 1667 627 1731 666; x_wconf 87' lang='lat' dir='ltr'>post</span> <span class='ocrx_word' id='word_1_974' title='bbox 1752 629 1840 660; x_wconf 65' lang='lat' dir='ltr'>dietas</span> <span class='ocrx_word' id='word_1_975' title='bbox 1854 629 2059 660; x_wconf 86' lang='lat' dir='ltr'>conventiones</span> <span class='ocrx_word' id='word_1_976' title='bbox 2072 635 2230 665; x_wconf 70' lang='lat' dir='ltr'>occupata,</span> <span class='ocrx_word' id='word_1_977' title='bbox 2247 626 2281 658; x_wconf 88' lang='lat'>&amp;</span> <span class='ocrx_word' id='word_1_978' title='bbox 2295 625 2354 657; x_wconf 88' lang='lat' dir='ltr'>hoc</span> <span class='ocrx_word' id='word_1_979' title='bbox 2367 627 2401 658; x_wconf 90' lang='lat' dir='ltr'>sit</span> 
     </span>
     <span class='ocr_line' id='line_1_118' title="bbox 1346 673 1676 705; baseline 0.006 -11"><span class='ocrx_word' id='word_1_980' title='bbox 1346 674 1495 695; x_wconf 86' lang='lat' dir='ltr'>notorium</span> <span class='ocrx_word' id='word_1_981' title='bbox 1509 673 1563 695; x_wconf 91' lang='lat' dir='ltr'>toti</span> <span class='ocrx_word' id='word_1_982' title='bbox 1579 675 1676 705; x_wconf 65' lang='lat' dir='ltr'>terrae,</span> 
     </span>
     <span class='ocr_line' id='line_1_119' title="bbox 1385 701 2404 743; baseline 0.001 -10"><span class='ocrx_word' id='word_1_983' title='bbox 1385 703 1471 733; x_wconf 90' lang='lat' dir='ltr'>Venit</span> <span class='ocrx_word' id='word_1_984' title='bbox 1505 712 1536 734; x_wconf 89' lang='lat' dir='ltr'>ut</span> <span class='ocrx_word' id='word_1_985' title='bbox 1551 703 1671 743; x_wconf 78' lang='lat' dir='ltr'>dicitur,</span> <span class='ocrx_word' id='word_1_986' title='bbox 1687 705 1721 735; x_wconf 89' lang='lat' dir='ltr'>ad</span> <span class='ocrx_word' id='word_1_987' title='bbox 1735 703 1847 735; x_wconf 63' lang='lat' dir='ltr'>diustiim</span> <span class='ocrx_word' id='word_1_988' title='bbox 1861 704 1978 743; x_wconf 88' lang='lat' dir='ltr'>locum,</span> <span class='ocrx_word' id='word_1_989' title='bbox 1996 705 2067 735; x_wconf 85' lang='lat' dir='ltr'>inter</span> <span class='ocrx_word' id='word_1_990' title='bbox 2079 704 2267 743; x_wconf 90' lang='lat' dir='ltr'>Junqueriarn</span> <span class='ocrx_word' id='word_1_991' title='bbox 2280 704 2314 735; x_wconf 90' lang='lat'>&amp;</span> <span class='ocrx_word' id='word_1_992' title='bbox 2329 701 2404 734; x_wconf 90' lang='lat' dir='ltr'>Col-</span> 
     </span>
     <span class='ocr_line' id='line_1_120' title="bbox 1345 727 2401 785; baseline 0.001 -14"><span class='ocrx_word' id='word_1_993' title='bbox 1345 741 1404 771; x_wconf 88' lang='lat' dir='ltr'>lem</span> <span class='ocrx_word' id='word_1_994' title='bbox 1416 742 1452 772; x_wconf 92' lang='lat' dir='ltr'>de</span> <span class='ocrx_word' id='word_1_995' title='bbox 1466 727 1652 785; x_wconf 75' lang='lat' dir='ltr'>Paniczaiiis,</span> <span class='ocrx_word' id='word_1_996' title='bbox 1671 752 1740 773; x_wconf 91' lang='lat' dir='ltr'>cum</span> <span class='ocrx_word' id='word_1_997' title='bbox 1758 743 1884 773; x_wconf 86' lang='lat' dir='ltr'>inimicis</span> <span class='ocrx_word' id='word_1_998' title='bbox 1897 743 1999 773; x_wconf 88' lang='lat' dir='ltr'>nostris</span> <span class='ocrx_word' id='word_1_999' title='bbox 2008 767 2017 782; x_wconf 81' lang='lat'>,</span> <span class='ocrx_word' id='word_1_1000' title='bbox 2036 744 2069 774; x_wconf 69' lang='grc' dir='ltr'>ὃς</span> <span class='ocrx_word' id='word_1_1001' title='bbox 2084 743 2265 774; x_wconf 90' lang='lat' dir='ltr'>multitudine</span> <span class='ocrx_word' id='word_1_1002' title='bbox 2278 751 2401 773; x_wconf 88' lang='lat' dir='ltr'>armato-</span> 
     </span>
     <span class='ocr_line' id='line_1_121' title="bbox 1347 780 2403 820; baseline 0.002 -11"><span class='ocrx_word' id='word_1_1003' title='bbox 1347 790 1411 810; x_wconf 88' lang='lat' dir='ltr'>rum</span> <span class='ocrx_word' id='word_1_1004' title='bbox 1435 781 1496 819; x_wconf 89' lang='lat' dir='ltr'>(qui</span> <span class='ocrx_word' id='word_1_1005' title='bbox 1517 780 1598 810; x_wconf 92' lang='lat' dir='ltr'>locus</span> <span class='ocrx_word' id='word_1_1006' title='bbox 1619 781 1739 811; x_wconf 57' lang='lat' dir='ltr'>effestus</span> <span class='ocrx_word' id='word_1_1007' title='bbox 1761 791 1819 812; x_wconf 88' lang='lat' dir='ltr'>erat</span> <span class='ocrx_word' id='word_1_1008' title='bbox 1833 805 1843 819; x_wconf 87' lang='lat'>,</span> <span class='ocrx_word' id='word_1_1009' title='bbox 1859 782 1892 811; x_wconf 92' lang='lat'>&amp;</span> <span class='ocrx_word' id='word_1_1010' title='bbox 1905 781 1946 811; x_wconf 89' lang='lat' dir='ltr'>est</span> <span class='ocrx_word' id='word_1_1011' title='bbox 1958 791 2017 811; x_wconf 90' lang='lat' dir='ltr'>non</span> <span class='ocrx_word' id='word_1_1012' title='bbox 2031 790 2106 812; x_wconf 91' lang='lat' dir='ltr'>tutus</span> <span class='ocrx_word' id='word_1_1013' title='bbox 2119 782 2219 820; x_wconf 72' lang='lat' dir='ltr'>nobisz,</span> <span class='ocrx_word' id='word_1_1014' title='bbox 2237 782 2332 811; x_wconf 90' lang='lat' dir='ltr'>immo</span> <span class='ocrx_word' id='word_1_1015' title='bbox 2344 780 2403 811; x_wconf 87' lang='lat' dir='ltr'>sus-</span> 
     </span>
     <span class='ocr_line' id='line_1_122' title="bbox 1348 819 2404 858; baseline 0 -10"><span class='ocrx_word' id='word_1_1016' title='bbox 1348 819 1447 856; x_wconf 71' lang='lat' dir='ltr'>pen-us</span> <span class='ocrx_word' id='word_1_1017' title='bbox 1460 819 1615 849; x_wconf 87' lang='lat' dir='ltr'>rationibus</span> <span class='ocrx_word' id='word_1_1018' title='bbox 1630 819 1808 858; x_wconf 63' lang='lat' dir='ltr'>supradic&#39;tisg</span> <span class='ocrx_word' id='word_1_1019' title='bbox 1827 820 1877 850; x_wconf 91' lang='lat' dir='ltr'>ubi</span> <span class='ocrx_word' id='word_1_1020' title='bbox 1890 820 1975 850; x_wconf 87' lang='lat' dir='ltr'>etiarn</span> <span class='ocrx_word' id='word_1_1021' title='bbox 1991 820 2116 858; x_wconf 75' lang='lat' dir='ltr'>expresse</span> <span class='ocrx_word' id='word_1_1022' title='bbox 2130 820 2211 850; x_wconf 91' lang='lat' dir='ltr'>nobis</span> <span class='ocrx_word' id='word_1_1023' title='bbox 2224 828 2274 857; x_wconf 86' lang='lat' dir='ltr'>per</span> <span class='ocrx_word' id='word_1_1024' title='bbox 2288 828 2355 850; x_wconf 86' lang='lat' dir='ltr'>eum</span> <span class='ocrx_word' id='word_1_1025' title='bbox 2369 819 2404 849; x_wconf 90' lang='lat' dir='ltr'>ad</span> 
     </span>
     <span class='ocr_line' id='line_1_123' title="bbox 1348 857 2405 897; baseline 0.002 -11"><span class='ocrx_word' id='word_1_1026' title='bbox 1348 857 1521 887; x_wconf 89' lang='lat' dir='ltr'>veniendum</span> <span class='ocrx_word' id='word_1_1027' title='bbox 1537 857 1629 895; x_wconf 72' lang='lat' dir='ltr'>(qubd</span> <span class='ocrx_word' id='word_1_1028' title='bbox 1644 867 1746 888; x_wconf 89' lang='lat' dir='ltr'>verum</span> <span class='ocrx_word' id='word_1_1029' title='bbox 1758 868 1819 888; x_wconf 92' lang='lat' dir='ltr'>non</span> <span class='ocrx_word' id='word_1_1030' title='bbox 1830 857 1883 895; x_wconf 89' lang='lat' dir='ltr'>est)</span> <span class='ocrx_word' id='word_1_1031' title='bbox 1900 858 2029 888; x_wconf 85' lang='lat' dir='ltr'>existeret</span> <span class='ocrx_word' id='word_1_1032' title='bbox 2043 858 2199 897; x_wconf 81' lang='lat' dir='ltr'>assignatus)</span> <span class='ocrx_word' id='word_1_1033' title='bbox 2223 859 2273 896; x_wconf 69' lang='grc' dir='ltr'>ὃς,</span> <span class='ocrx_word' id='word_1_1034' title='bbox 2293 857 2405 889; x_wconf 87' lang='lat' dir='ltr'>mundo</span> 
     </span>
     <span class='ocr_line' id='line_1_124' title="bbox 1347 895 2403 935; baseline 0.001 -9"><span class='ocrx_word' id='word_1_1035' title='bbox 1347 896 1438 926; x_wconf 90' lang='lat' dir='ltr'>verbo</span> <span class='ocrx_word' id='word_1_1036' title='bbox 1453 895 1569 926; x_wconf 91' lang='lat' dir='ltr'>crederis</span> <span class='ocrx_word' id='word_1_1037' title='bbox 1582 895 1751 935; x_wconf 72' lang='lat' dir='ltr'>satisfacere,</span> <span class='ocrx_word' id='word_1_1038' title='bbox 1777 895 1934 927; x_wconf 49' lang='lat' dir='ltr'>wrotestatus</span> <span class='ocrx_word' id='word_1_1039' title='bbox 1949 897 2001 927; x_wconf 90' lang='lat' dir='ltr'>fuit</span> <span class='ocrx_word' id='word_1_1040' title='bbox 2013 896 2136 934; x_wconf 87' lang='lat' dir='ltr'>ibidem,</span> <span class='ocrx_word' id='word_1_1041' title='bbox 2151 905 2182 927; x_wconf 93' lang='lat' dir='ltr'>ut</span> <span class='ocrx_word' id='word_1_1042' title='bbox 2195 896 2403 935; x_wconf 85' lang='lat' dir='ltr'>dicitur,qii0d</span> 
     </span>
     <span class='ocr_line' id='line_1_125' title="bbox 1348 934 2404 973; baseline 0.001 -9"><span class='ocrx_word' id='word_1_1043' title='bbox 1348 934 1407 972; x_wconf 88' lang='lat' dir='ltr'>ipse</span> <span class='ocrx_word' id='word_1_1044' title='bbox 1423 934 1511 965; x_wconf 90' lang='lat' dir='ltr'>illuch</span> <span class='ocrx_word' id='word_1_1045' title='bbox 1533 943 1648 965; x_wconf 87' lang='lat' dir='ltr'>venerat</span> <span class='ocrx_word' id='word_1_1046' title='bbox 1660 958 1670 973; x_wconf 90' lang='lat'>,</span> <span class='ocrx_word' id='word_1_1047' title='bbox 1694 935 1746 965; x_wconf 88' lang='lat' dir='ltr'>hac</span> <span class='ocrx_word' id='word_1_1048' title='bbox 1788 945 1803 965; x_wconf 91' lang='lat' dir='ltr'>e</span> <span class='ocrx_word' id='word_1_1049' title='bbox 1824 934 1902 965; x_wconf 82' lang='lat' dir='ltr'>causa</span> <span class='ocrx_word' id='word_1_1050' title='bbox 1917 959 1926 973; x_wconf 81' lang='lat'>‚</span> <span class='ocrx_word' id='word_1_1051' title='bbox 1949 944 1980 965; x_wconf 92' lang='lat' dir='ltr'>ut</span> <span class='ocrx_word' id='word_1_1052' title='bbox 1999 935 2100 965; x_wconf 90' lang='lat' dir='ltr'>rediret</span> <span class='ocrx_word' id='word_1_1053' title='bbox 2117 936 2147 965; x_wconf 93' lang='lat' dir='ltr'>in</span> <span class='ocrx_word' id='word_1_1054' title='bbox 2161 935 2323 973; x_wconf 85' lang='lat' dir='ltr'>captionem</span> <span class='ocrx_word' id='word_1_1055' title='bbox 2337 945 2404 966; x_wconf 87' lang='lat' dir='ltr'>nos-</span> 
     </span>
     <span class='ocr_line' id='line_1_126' title="bbox 1348 972 2406 1015; baseline 0.001 -13"><span class='ocrx_word' id='word_1_1056' title='bbox 1348 980 1437 1011; x_wconf 81' lang='lat' dir='ltr'>tram,</span> <span class='ocrx_word' id='word_1_1057' title='bbox 1457 974 1476 1003; x_wconf 82' lang='lat' dir='ltr'>fi</span> <span class='ocrx_word' id='word_1_1058' title='bbox 1491 973 1610 1003; x_wconf 87' lang='lat' dir='ltr'>essemus</span> <span class='ocrx_word' id='word_1_1059' title='bbox 1623 973 1730 1004; x_wconf 90' lang='lat' dir='ltr'>ibidem</span> <span class='ocrx_word' id='word_1_1060' title='bbox 1745 974 1829 1011; x_wconf 86' lang='lat' dir='ltr'>parati</span> <span class='ocrx_word' id='word_1_1061' title='bbox 1843 983 1909 1015; x_wconf 82' lang='lat' dir='ltr'>eum</span> <span class='ocrx_word' id='word_1_1062' title='bbox 1922 974 2063 1012; x_wconf 90' lang='lat' dir='ltr'>recipere,</span> <span class='ocrx_word' id='word_1_1063' title='bbox 2081 974 2114 1004; x_wconf 88' lang='lat'>&amp;</span> <span class='ocrx_word' id='word_1_1064' title='bbox 2129 973 2178 1003; x_wconf 83' lang='lat' dir='ltr'>sibi</span> <span class='ocrx_word' id='word_1_1065' title='bbox 2192 972 2307 1003; x_wconf 88' lang='lat' dir='ltr'>reddere</span> <span class='ocrx_word' id='word_1_1066' title='bbox 2322 972 2406 1003; x_wconf 90' lang='lat' dir='ltr'>Mar-</span> 
     </span>
     <span class='ocr_line' id='line_1_127' title="bbox 1349 1011 2404 1051; baseline 0.002 -10"><span class='ocrx_word' id='word_1_1067' title='bbox 1349 1011 1416 1042; x_wconf 87' lang='lat' dir='ltr'>chas</span> <span class='ocrx_word' id='word_1_1068' title='bbox 1431 1012 1464 1042; x_wconf 87' lang='lat'>&amp;</span> <span class='ocrx_word' id='word_1_1069' title='bbox 1478 1011 1598 1042; x_wconf 85' lang='lat' dir='ltr'>Obsides</span> <span class='ocrx_word' id='word_1_1070' title='bbox 1612 1011 1798 1051; x_wconf 71' lang='lat' dir='ltr'>supradiCtos3</span> <span class='ocrx_word' id='word_1_1071' title='bbox 1816 1011 1883 1042; x_wconf 90' lang='lat' dir='ltr'>licet</span> <span class='ocrx_word' id='word_1_1072' title='bbox 1895 1012 1952 1049; x_wconf 91' lang='lat' dir='ltr'>ipse</span> <span class='ocrx_word' id='word_1_1073' title='bbox 1964 1011 2043 1042; x_wconf 91' lang='lat' dir='ltr'>sciret</span> <span class='ocrx_word' id='word_1_1074' title='bbox 2057 1011 2135 1050; x_wconf 90' lang='lat' dir='ltr'>quod</span> <span class='ocrx_word' id='word_1_1075' title='bbox 2147 1011 2238 1042; x_wconf 72' lang='lat' dir='ltr'>diCtus</span> <span class='ocrx_word' id='word_1_1076' title='bbox 2251 1012 2330 1042; x_wconf 90' lang='lat' dir='ltr'>locus</span> <span class='ocrx_word' id='word_1_1077' title='bbox 2343 1022 2404 1043; x_wconf 91' lang='lat' dir='ltr'>non</span> 
     </span>
     <span class='ocr_line' id='line_1_128' title="bbox 1350 1050 1981 1089; baseline -0.002 -9"><span class='ocrx_word' id='word_1_1078' title='bbox 1350 1059 1408 1080; x_wconf 89' lang='lat' dir='ltr'>erat</span> <span class='ocrx_word' id='word_1_1079' title='bbox 1421 1051 1503 1080; x_wconf 92' lang='lat' dir='ltr'>nobis</span> <span class='ocrx_word' id='word_1_1080' title='bbox 1518 1059 1609 1089; x_wconf 77' lang='lat' dir='ltr'>tutuS,</span> <span class='ocrx_word' id='word_1_1081' title='bbox 1628 1059 1659 1080; x_wconf 90' lang='lat' dir='ltr'>ut</span> <span class='ocrx_word' id='word_1_1082' title='bbox 1676 1050 1796 1088; x_wconf 91' lang='lat' dir='ltr'>superius</span> <span class='ocrx_word' id='word_1_1083' title='bbox 1810 1050 1981 1089; x_wconf 68' lang='lat' dir='ltr'>declaratur,</span> 
     </span>
    </p>

    <p class='ocr_par' dir='ltr' id='par_1_41' title="bbox 1350 1087 2408 1205">
     <span class='ocr_line' id='line_1_129' title="bbox 1387 1087 2408 1127; baseline 0.001 -8"><span class='ocrx_word' id='word_1_1084' title='bbox 1387 1087 1516 1119; x_wconf 84' lang='lat' dir='ltr'>Credens</span> <span class='ocrx_word' id='word_1_1085' title='bbox 1530 1099 1579 1127; x_wconf 88' lang='lat' dir='ltr'>per</span> <span class='ocrx_word' id='word_1_1086' title='bbox 1598 1088 1731 1127; x_wconf 64' lang='lat' dir='ltr'>praedicta</span> <span class='ocrx_word' id='word_1_1087' title='bbox 1744 1090 1760 1119; x_wconf 76' lang='lat' dir='ltr'>a</span> <span class='ocrx_word' id='word_1_1088' title='bbox 1776 1090 1869 1127; x_wconf 85' lang='lat' dir='ltr'>poenis</span> <span class='ocrx_word' id='word_1_1089' title='bbox 1891 1089 1924 1119; x_wconf 88' lang='lat'>&amp;</span> <span class='ocrx_word' id='word_1_1090' title='bbox 1945 1088 2200 1126; x_wconf 81' lang='lat' dir='ltr'>conventionibus,</span> <span class='ocrx_word' id='word_1_1091' title='bbox 2219 1089 2292 1119; x_wconf 92' lang='lat' dir='ltr'>inter</span> <span class='ocrx_word' id='word_1_1092' title='bbox 2307 1098 2360 1118; x_wconf 89' lang='lat' dir='ltr'>nos</span> <span class='ocrx_word' id='word_1_1093' title='bbox 2372 1088 2408 1120; x_wconf 72' lang='grc' dir='ltr'>δε</span> 
     </span>
     <span class='ocr_line' id='line_1_130' title="bbox 1350 1127 2408 1168; baseline 0.001 -11"><span class='ocrx_word' id='word_1_1094' title='bbox 1350 1127 1439 1168; x_wconf 86' lang='lat' dir='ltr'>ipsum</span> <span class='ocrx_word' id='word_1_1095' title='bbox 1454 1127 1569 1166; x_wconf 87' lang='lat' dir='ltr'>habitis,</span> <span class='ocrx_word' id='word_1_1096' title='bbox 1587 1128 1650 1158; x_wconf 87' lang='lat' dir='ltr'>fore</span> <span class='ocrx_word' id='word_1_1097' title='bbox 1663 1151 1673 1167; x_wconf 95' lang='lat'>,</span> <span class='ocrx_word' id='word_1_1098' title='bbox 1697 1137 1728 1159; x_wconf 91' lang='lat' dir='ltr'>ut</span> <span class='ocrx_word' id='word_1_1099' title='bbox 1741 1128 1844 1158; x_wconf 89' lang='lat' dir='ltr'>dicitur</span> <span class='ocrx_word' id='word_1_1100' title='bbox 1858 1151 1867 1166; x_wconf 94' lang='lat'>,</span> <span class='ocrx_word' id='word_1_1101' title='bbox 1885 1127 2029 1165; x_wconf 86' lang='lat' dir='ltr'>liberatus,</span> <span class='ocrx_word' id='word_1_1102' title='bbox 2046 1127 2251 1165; x_wconf 88' lang='lat' dir='ltr'>simplicitatem</span> <span class='ocrx_word' id='word_1_1103' title='bbox 2266 1127 2299 1158; x_wconf 90' lang='lat'>&amp;</span> <span class='ocrx_word' id='word_1_1104' title='bbox 2313 1127 2320 1156; x_wconf 93' lang='lat' dir='ltr'>i</span> <span class='ocrx_word' id='word_1_1105' title='bbox 2342 1127 2408 1158; x_wconf 88' lang='lat' dir='ltr'>nos-</span> 
     </span>
     <span class='ocr_line' id='line_1_131' title="bbox 1351 1165 2371 1205; baseline -0.002 -8"><span class='ocrx_word' id='word_1_1106' title='bbox 1351 1167 1488 1205; x_wconf 86' lang='lat' dir='ltr'>centiam,</span> <span class='ocrx_word' id='word_1_1107' title='bbox 1507 1176 1592 1204; x_wconf 87' lang='lat' dir='ltr'>quam</span> <span class='ocrx_word' id='word_1_1108' title='bbox 1606 1166 1770 1197; x_wconf 89' lang='lat' dir='ltr'>hominibus</span> <span class='ocrx_word' id='word_1_1109' title='bbox 1782 1165 1962 1204; x_wconf 86' lang='lat' dir='ltr'>ostendebat,</span> <span class='ocrx_word' id='word_1_1110' title='bbox 1981 1167 2010 1196; x_wconf 91' lang='lat' dir='ltr'>in</span> <span class='ocrx_word' id='word_1_1111' title='bbox 2023 1165 2151 1196; x_wconf 85' lang='lat' dir='ltr'>astutiam</span> <span class='ocrx_word' id='word_1_1112' title='bbox 2165 1173 2322 1196; x_wconf 91' lang='lat' dir='ltr'>converten</span> <span class='ocrx_word' id='word_1_1113' title='bbox 2342 1175 2371 1195; x_wconf 93' lang='lat' dir='ltr'>o.</span> 
     </span>
    </p>

    <p class='ocr_par' dir='ltr' id='par_1_42' title="bbox 1351 1203 2412 1361">
     <span class='ocr_line' id='line_1_132' title="bbox 1389 1203 2410 1246; baseline -0.001 -12"><span class='ocrx_word' id='word_1_1114' title='bbox 1389 1204 1492 1235; x_wconf 61' lang='lat' dir='ltr'>Dictus</span> <span class='ocrx_word' id='word_1_1115' title='bbox 1505 1214 1599 1235; x_wconf 88' lang='lat' dir='ltr'>autem</span> <span class='ocrx_word' id='word_1_1116' title='bbox 1612 1204 1822 1246; x_wconf 88' lang='lat' dir='ltr'>Princeps,ubi</span> <span class='ocrx_word' id='word_1_1117' title='bbox 1837 1206 1944 1236; x_wconf 90' lang='lat' dir='ltr'>venerit</span> <span class='ocrx_word' id='word_1_1118' title='bbox 1957 1204 1991 1234; x_wconf 90' lang='lat' dir='ltr'>ad</span> <span class='ocrx_word' id='word_1_1119' title='bbox 2006 1204 2104 1235; x_wconf 89' lang='lat' dir='ltr'>locum</span> <span class='ocrx_word' id='word_1_1120' title='bbox 2122 1203 2306 1243; x_wconf 66' lang='lat' dir='ltr'>praedistum,</span> <span class='ocrx_word' id='word_1_1121' title='bbox 2323 1203 2410 1242; x_wconf 63' lang='lat' dir='ltr'>padio</span> 
     </span>
     <span class='ocr_line' id='line_1_133' title="bbox 1351 1242 2410 1282; baseline -0.001 -9"><span class='ocrx_word' id='word_1_1122' title='bbox 1351 1253 1410 1273; x_wconf 87' lang='lat' dir='ltr'>non</span> <span class='ocrx_word' id='word_1_1123' title='bbox 1425 1244 1568 1282; x_wconf 71' lang='lat' dir='ltr'>satisfecit,</span> <span class='ocrx_word' id='word_1_1124' title='bbox 1588 1245 1651 1282; x_wconf 84' lang='lat' dir='ltr'>quia</span> <span class='ocrx_word' id='word_1_1125' title='bbox 1663 1244 1743 1275; x_wconf 90' lang='lat' dir='ltr'>locus</span> <span class='ocrx_word' id='word_1_1126' title='bbox 1756 1244 1818 1282; x_wconf 86' lang='lat' dir='ltr'>ille,</span> <span class='ocrx_word' id='word_1_1127' title='bbox 1836 1243 1870 1274; x_wconf 88' lang='lat' dir='ltr'>ad</span> <span class='ocrx_word' id='word_1_1128' title='bbox 1886 1253 1973 1282; x_wconf 87' lang='lat' dir='ltr'>quem</span> <span class='ocrx_word' id='word_1_1129' title='bbox 1987 1242 2094 1274; x_wconf 77' lang='lat' dir='ltr'>venisse</span> <span class='ocrx_word' id='word_1_1130' title='bbox 2104 1242 2221 1281; x_wconf 86' lang='lat' dir='ltr'>dicitur,</span> <span class='ocrx_word' id='word_1_1131' title='bbox 2240 1250 2272 1273; x_wconf 93' lang='lat' dir='ltr'>ut</span> <span class='ocrx_word' id='word_1_1132' title='bbox 2285 1252 2343 1273; x_wconf 92' lang='lat' dir='ltr'>erat</span> <span class='ocrx_word' id='word_1_1133' title='bbox 2355 1252 2410 1272; x_wconf 92' lang='lat' dir='ltr'>no-</span> 
     </span>
     <span class='ocr_line' id='line_1_134' title="bbox 1351 1280 2412 1321; baseline 0 -9"><span class='ocrx_word' id='word_1_1134' title='bbox 1351 1284 1458 1312; x_wconf 91' lang='lat' dir='ltr'>torium</span> <span class='ocrx_word' id='word_1_1135' title='bbox 1472 1283 1525 1313; x_wconf 88' lang='lat' dir='ltr'>toti</span> <span class='ocrx_word' id='word_1_1136' title='bbox 1538 1292 1635 1321; x_wconf 79' lang='lat' dir='ltr'>terrae,</span> <span class='ocrx_word' id='word_1_1137' title='bbox 1654 1283 1687 1314; x_wconf 91' lang='lat'>&amp;</span> <span class='ocrx_word' id='word_1_1138' title='bbox 1703 1283 1751 1321; x_wconf 86' lang='lat' dir='ltr'>ipsi</span> <span class='ocrx_word' id='word_1_1139' title='bbox 1766 1282 1891 1321; x_wconf 91' lang='lat' dir='ltr'>Principi</span> <span class='ocrx_word' id='word_1_1140' title='bbox 1904 1281 2083 1313; x_wconf 88' lang='lat' dir='ltr'>manifestum</span> <span class='ocrx_word' id='word_1_1141' title='bbox 2095 1306 2105 1320; x_wconf 82' lang='lat'>,</span> <span class='ocrx_word' id='word_1_1142' title='bbox 2130 1281 2213 1312; x_wconf 89' lang='lat' dir='ltr'>nobis</span> <span class='ocrx_word' id='word_1_1143' title='bbox 2227 1280 2341 1312; x_wconf 75' lang='lat' dir='ltr'>desierat</span> <span class='ocrx_word' id='word_1_1144' title='bbox 2354 1281 2412 1312; x_wconf 74' lang='lat' dir='ltr'>elie</span> 
     </span>
     <span class='ocr_line' id='line_1_135' title="bbox 1352 1320 1884 1361; baseline 0.002 -11"><span class='ocrx_word' id='word_1_1145' title='bbox 1352 1328 1426 1351; x_wconf 89' lang='lat' dir='ltr'>tutus</span> <span class='ocrx_word' id='word_1_1146' title='bbox 1441 1321 1594 1352; x_wconf 86' lang='lat' dir='ltr'>rationibus</span> <span class='ocrx_word' id='word_1_1147' title='bbox 1607 1321 1728 1360; x_wconf 76' lang='lat' dir='ltr'>superius</span> <span class='ocrx_word' id='word_1_1148' title='bbox 1739 1320 1884 1361; x_wconf 71' lang='lat' dir='ltr'>assignatis.</span> 
     </span>
    </p>

    <p class='ocr_par' dir='ltr' id='par_1_43' title="bbox 1352 1358 2415 1506">
     <span class='ocr_line' id='line_1_136' title="bbox 1391 1358 2412 1398; baseline 0 -8"><span class='ocrx_word' id='word_1_1149' title='bbox 1391 1358 1430 1390; x_wconf 90' lang='lat' dir='ltr'>Et</span> <span class='ocrx_word' id='word_1_1150' title='bbox 1443 1360 1508 1390; x_wconf 89' lang='lat' dir='ltr'>ideo</span> <span class='ocrx_word' id='word_1_1151' title='bbox 1523 1359 1557 1390; x_wconf 92' lang='lat' dir='ltr'>ad</span> <span class='ocrx_word' id='word_1_1152' title='bbox 1569 1359 1688 1390; x_wconf 90' lang='lat' dir='ltr'>alterum</span> <span class='ocrx_word' id='word_1_1153' title='bbox 1701 1360 1799 1390; x_wconf 90' lang='lat' dir='ltr'>locum</span> <span class='ocrx_word' id='word_1_1154' title='bbox 1812 1359 1848 1390; x_wconf 90' lang='lat' dir='ltr'>de</span> <span class='ocrx_word' id='word_1_1155' title='bbox 1863 1358 2074 1398; x_wconf 62' lang='lat' dir='ltr'>praedidtis,qui</span> <span class='ocrx_word' id='word_1_1156' title='bbox 2088 1366 2162 1389; x_wconf 86' lang='lat' dir='ltr'>tutus</span> <span class='ocrx_word' id='word_1_1157' title='bbox 2175 1358 2412 1397; x_wconf 88' lang='lat' dir='ltr'>remanebat,ve-</span> 
     </span>
     <span class='ocr_line' id='line_1_137' title="bbox 1352 1397 2415 1437; baseline -0.001 -9"><span class='ocrx_word' id='word_1_1158' title='bbox 1352 1399 1413 1428; x_wconf 89' lang='lat' dir='ltr'>nire</span> <span class='ocrx_word' id='word_1_1159' title='bbox 1428 1398 1583 1429; x_wconf 84' lang='lat' dir='ltr'>necessario</span> <span class='ocrx_word' id='word_1_1160' title='bbox 1598 1399 1761 1436; x_wconf 87' lang='lat' dir='ltr'>tenebatur,</span> <span class='ocrx_word' id='word_1_1161' title='bbox 1778 1398 1812 1428; x_wconf 84' lang='lat' dir='ltr'>ad</span> <span class='ocrx_word' id='word_1_1162' title='bbox 1828 1399 1910 1429; x_wconf 87' lang='lat' dir='ltr'>instar</span> <span class='ocrx_word' id='word_1_1163' title='bbox 1924 1398 2010 1437; x_wconf 88' lang='lat' dir='ltr'>illius,</span> <span class='ocrx_word' id='word_1_1164' title='bbox 2029 1399 2077 1436; x_wconf 90' lang='lat' dir='ltr'>qui</span> <span class='ocrx_word' id='word_1_1165' title='bbox 2090 1397 2140 1428; x_wconf 90' lang='lat' dir='ltr'>sub</span> <span class='ocrx_word' id='word_1_1166' title='bbox 2154 1397 2336 1428; x_wconf 87' lang='lat' dir='ltr'>alternatione</span> <span class='ocrx_word' id='word_1_1167' title='bbox 2348 1397 2415 1427; x_wconf 88' lang='lat' dir='ltr'>duas</span> 
     </span>
     <span class='ocr_line' id='line_1_138' title="bbox 1353 1435 2414 1506; baseline -0.001 -39"><span class='ocrx_word' id='word_1_1168' title='bbox 1353 1446 1397 1506; x_wconf 52' lang='grc' dir='ltr'>ἒξ</span> <span class='ocrx_word' id='word_1_1169' title='bbox 1414 1437 1564 1506; x_wconf 55' lang='lat' dir='ltr'>promigit3</span> <span class='ocrx_word' id='word_1_1170' title='bbox 1590 1446 1657 1467; x_wconf 90' lang='lat' dir='ltr'>nam</span> <span class='ocrx_word' id='word_1_1171' title='bbox 1669 1460 1679 1476; x_wconf 88' lang='lat'>,</span> <span class='ocrx_word' id='word_1_1172' title='bbox 1703 1436 1784 1468; x_wconf 70' lang='lat' dir='ltr'>altera</span> <span class='ocrx_word' id='word_1_1173' title='bbox 1809 1437 1950 1476; x_wconf 54' lang='lat' dir='ltr'>extincta,</span> <span class='ocrx_word' id='word_1_1174' title='bbox 1969 1437 2084 1468; x_wconf 81' lang='lat' dir='ltr'>alteram</span> <span class='ocrx_word' id='word_1_1175' title='bbox 2097 1435 2227 1476; x_wconf 72' lang='lat' dir='ltr'>praestare</span> <span class='ocrx_word' id='word_1_1176' title='bbox 2239 1435 2414 1466; x_wconf 80' lang='lat' dir='ltr'>omnimodo</span> 
     </span>
    </p>

    <p class='ocr_par' dir='ltr' id='par_1_44' title="bbox 1411 1485 1566 1513">
     <span class='ocr_line' id='line_1_139' title="bbox 1411 1485 1566 1513; baseline -0.006 -7"><span class='ocrx_word' id='word_1_1177' title='bbox 1411 1485 1505 1513; x_wconf 87' lang='lat' dir='ltr'>cogcn</span> <span class='ocrx_word' id='word_1_1178' title='bbox 1527 1486 1566 1506; x_wconf 89' lang='lat' dir='ltr'>us.</span> 
     </span>
    </p>

    <p class='ocr_par' dir='ltr' id='par_1_45' title="bbox 1353 1511 2417 1708">
     <span class='ocr_line' id='line_1_140' title="bbox 1390 1511 2411 1552; baseline -0.003 -7"><span class='ocrx_word' id='word_1_1179' title='bbox 1390 1513 1429 1544; x_wconf 91' lang='lat' dir='ltr'>Et</span> <span class='ocrx_word' id='word_1_1180' title='bbox 1451 1515 1500 1545; x_wconf 89' lang='lat' dir='ltr'>ubi</span> <span class='ocrx_word' id='word_1_1181' title='bbox 1517 1514 1609 1545; x_wconf 67' lang='lat' dir='ltr'>distus</span> <span class='ocrx_word' id='word_1_1182' title='bbox 1627 1514 1762 1552; x_wconf 89' lang='lat' dir='ltr'>Princeps</span> <span class='ocrx_word' id='word_1_1183' title='bbox 1781 1513 1899 1545; x_wconf 78' lang='lat' dir='ltr'>alterurn</span> <span class='ocrx_word' id='word_1_1184' title='bbox 1918 1513 1955 1544; x_wconf 93' lang='lat' dir='ltr'>de</span> <span class='ocrx_word' id='word_1_1185' title='bbox 1968 1513 2038 1545; x_wconf 93' lang='lat' dir='ltr'>locis</span> <span class='ocrx_word' id='word_1_1186' title='bbox 2054 1512 2195 1551; x_wconf 68' lang='lat' dir='ltr'>praedie‘cis</span> <span class='ocrx_word' id='word_1_1187' title='bbox 2207 1513 2289 1543; x_wconf 89' lang='lat' dir='ltr'>nobis</span> <span class='ocrx_word' id='word_1_1188' title='bbox 2301 1511 2411 1543; x_wconf 81' lang='lat' dir='ltr'>denun-</span> 
     </span>
     <span class='ocr_line' id='line_1_141' title="bbox 1354 1551 2410 1592; baseline -0.001 -9"><span class='ocrx_word' id='word_1_1189' title='bbox 1354 1553 1452 1583; x_wconf 74' lang='lat' dir='ltr'>ciasset</span> <span class='ocrx_word' id='word_1_1190' title='bbox 1466 1578 1475 1592; x_wconf 84' lang='lat'>,</span> <span class='ocrx_word' id='word_1_1191' title='bbox 1501 1554 1535 1584; x_wconf 64' lang='grc' dir='ltr'>ὃς</span> <span class='ocrx_word' id='word_1_1192' title='bbox 1554 1554 1633 1584; x_wconf 90' lang='lat' dir='ltr'>locus</span> <span class='ocrx_word' id='word_1_1193' title='bbox 1646 1555 1730 1584; x_wconf 88' lang='lat' dir='ltr'>etiam</span> <span class='ocrx_word' id='word_1_1194' title='bbox 1745 1553 1801 1592; x_wconf 89' lang='lat' dir='ltr'>ipse</span> <span class='ocrx_word' id='word_1_1195' title='bbox 1814 1561 1887 1583; x_wconf 86' lang='lat' dir='ltr'>tutus</span> <span class='ocrx_word' id='word_1_1196' title='bbox 1900 1552 2027 1583; x_wconf 79' lang='lat' dir='ltr'>existeret</span> <span class='ocrx_word' id='word_1_1197' title='bbox 2043 1554 2119 1591; x_wconf 80' lang='lat' dir='ltr'>(quae</span> <span class='ocrx_word' id='word_1_1198' title='bbox 2133 1561 2198 1581; x_wconf 89' lang='lat' dir='ltr'>vera</span> <span class='ocrx_word' id='word_1_1199' title='bbox 2213 1561 2273 1581; x_wconf 91' lang='lat' dir='ltr'>non</span> <span class='ocrx_word' id='word_1_1200' title='bbox 2283 1551 2361 1590; x_wconf 87' lang='lat' dir='ltr'>sunt,</span> <span class='ocrx_word' id='word_1_1201' title='bbox 2379 1560 2410 1582; x_wconf 89' lang='lat' dir='ltr'>ut</span> 
     </span>
     <span class='ocr_line' id='line_1_142' title="bbox 1354 1589 2416 1630; baseline -0.002 -8"><span class='ocrx_word' id='word_1_1202' title='bbox 1354 1592 1476 1630; x_wconf 79' lang='lat' dir='ltr'>superius</span> <span class='ocrx_word' id='word_1_1203' title='bbox 1487 1592 1652 1629; x_wconf 90' lang='lat' dir='ltr'>declaratur)</span> <span class='ocrx_word' id='word_1_1204' title='bbox 1668 1591 1761 1623; x_wconf 88' lang='lat' dir='ltr'>adhuc</span> <span class='ocrx_word' id='word_1_1205' title='bbox 1775 1593 1804 1622; x_wconf 93' lang='lat' dir='ltr'>in</span> <span class='ocrx_word' id='word_1_1206' title='bbox 1818 1591 1901 1630; x_wconf 68' lang='lat' dir='ltr'>culpa</span> <span class='ocrx_word' id='word_1_1207' title='bbox 1921 1591 2048 1621; x_wconf 81' lang='lat' dir='ltr'>existeret</span> <span class='ocrx_word' id='word_1_1208' title='bbox 2062 1590 2118 1629; x_wconf 90' lang='lat' dir='ltr'>ipse</span> <span class='ocrx_word' id='word_1_1209' title='bbox 2133 1589 2286 1628; x_wconf 75' lang='lat' dir='ltr'>Princeps,</span> <span class='ocrx_word' id='word_1_1210' title='bbox 2303 1589 2416 1620; x_wconf 84' lang='lat' dir='ltr'>debuis—</span> 
     </span>
     <span class='ocr_line' id='line_1_143' title="bbox 1353 1628 2417 1670; baseline -0.003 -9"><span class='ocrx_word' id='word_1_1211' title='bbox 1353 1630 1392 1661; x_wconf 87' lang='lat' dir='ltr'>set</span> <span class='ocrx_word' id='word_1_1212' title='bbox 1412 1632 1490 1661; x_wconf 91' lang='lat' dir='ltr'>enim</span> <span class='ocrx_word' id='word_1_1213' title='bbox 1504 1655 1514 1670; x_wconf 81' lang='lat'>,</span> <span class='ocrx_word' id='word_1_1214' title='bbox 1539 1631 1631 1661; x_wconf 86' lang='lat' dir='ltr'>multo</span> <span class='ocrx_word' id='word_1_1215' title='bbox 1645 1639 1708 1661; x_wconf 86' lang='lat' dir='ltr'>ante</span> <span class='ocrx_word' id='word_1_1216' title='bbox 1720 1630 1806 1661; x_wconf 86' lang='lat' dir='ltr'>finem</span> <span class='ocrx_word' id='word_1_1217' title='bbox 1821 1631 1950 1670; x_wconf 85' lang='lat' dir='ltr'>termini,</span> <span class='ocrx_word' id='word_1_1218' title='bbox 1967 1630 2050 1661; x_wconf 89' lang='lat' dir='ltr'>nobis</span> <span class='ocrx_word' id='word_1_1219' title='bbox 2069 1629 2239 1660; x_wconf 91' lang='lat' dir='ltr'>denunciare</span> <span class='ocrx_word' id='word_1_1220' title='bbox 2252 1628 2330 1667; x_wconf 90' lang='lat' dir='ltr'>quod</span> <span class='ocrx_word' id='word_1_1221' title='bbox 2343 1638 2417 1658; x_wconf 90' lang='lat' dir='ltr'>eun-</span> 
     </span>
     <span class='ocr_line' id='line_1_144' title="bbox 1354 1668 1810 1708; baseline 0.002 -9"><span class='ocrx_word' id='word_1_1222' title='bbox 1354 1668 1422 1699; x_wconf 88' lang='lat' dir='ltr'>dem</span> <span class='ocrx_word' id='word_1_1223' title='bbox 1435 1680 1488 1700; x_wconf 86' lang='lat' dir='ltr'>rios</span> <span class='ocrx_word' id='word_1_1224' title='bbox 1499 1671 1624 1708; x_wconf 88' lang='lat' dir='ltr'>recipere</span> <span class='ocrx_word' id='word_1_1225' title='bbox 1639 1679 1810 1708; x_wconf 78' lang='lat' dir='ltr'>pararemu33</span> 
     </span>
    </p>

    <p class='ocr_par' dir='ltr' id='par_1_46' title="bbox 1355 1704 2416 1826">
     <span class='ocr_line' id='line_1_145' title="bbox 1393 1704 2414 1749; baseline -0.004 -11"><span class='ocrx_word' id='word_1_1226' title='bbox 1393 1707 1460 1747; x_wconf 87' lang='lat' dir='ltr'>Set,</span> <span class='ocrx_word' id='word_1_1227' title='bbox 1479 1708 1549 1739; x_wconf 89' lang='lat' dir='ltr'>dum</span> <span class='ocrx_word' id='word_1_1228' title='bbox 1566 1709 1716 1749; x_wconf 83' lang='lat' dir='ltr'>Princeps,</span> <span class='ocrx_word' id='word_1_1229' title='bbox 1735 1710 1763 1738; x_wconf 91' lang='lat' dir='ltr'>in</span> <span class='ocrx_word' id='word_1_1230' title='bbox 1777 1708 1934 1739; x_wconf 87' lang='lat' dir='ltr'>simulatum</span> <span class='ocrx_word' id='word_1_1231' title='bbox 1948 1706 1993 1738; x_wconf 89' lang='lat' dir='ltr'>seu</span> <span class='ocrx_word' id='word_1_1232' title='bbox 2005 1705 2155 1738; x_wconf 87' lang='lat' dir='ltr'>subsidium</span> <span class='ocrx_word' id='word_1_1233' title='bbox 2170 1705 2269 1737; x_wconf 88' lang='lat' dir='ltr'>colore</span> <span class='ocrx_word' id='word_1_1234' title='bbox 2285 1704 2414 1743; x_wconf 85' lang='lat' dir='ltr'>quaesito,</span> 
     </span>
     <span class='ocr_line' id='line_1_146' title="bbox 1355 1743 2414 1786; baseline -0.003 -10"><span class='ocrx_word' id='word_1_1235' title='bbox 1355 1755 1387 1777; x_wconf 91' lang='lat' dir='ltr'>ut</span> <span class='ocrx_word' id='word_1_1236' title='bbox 1400 1746 1439 1777; x_wconf 91' lang='lat' dir='ltr'>sui</span> <span class='ocrx_word' id='word_1_1237' title='bbox 1453 1747 1605 1786; x_wconf 78' lang='lat' dir='ltr'>regressum</span> <span class='ocrx_word' id='word_1_1238' title='bbox 1618 1747 1652 1777; x_wconf 89' lang='lat' dir='ltr'>ad</span> <span class='ocrx_word' id='word_1_1239' title='bbox 1665 1746 1795 1778; x_wconf 89' lang='lat' dir='ltr'>nostrum</span> <span class='ocrx_word' id='word_1_1240' title='bbox 1809 1756 1970 1785; x_wconf 87' lang='lat' dir='ltr'>carcerem,</span> <span class='ocrx_word' id='word_1_1241' title='bbox 1987 1745 2114 1776; x_wconf 90' lang='lat' dir='ltr'>Nunciis</span> <span class='ocrx_word' id='word_1_1242' title='bbox 2127 1744 2288 1784; x_wconf 80' lang='lat' dir='ltr'>excogitatis</span> <span class='ocrx_word' id='word_1_1243' title='bbox 2301 1766 2311 1782; x_wconf 87' lang='lat'>,</span> <span class='ocrx_word' id='word_1_1244' title='bbox 2329 1743 2414 1773; x_wconf 88' lang='lat' dir='ltr'>nobis</span> 
     </span>
     <span class='ocr_line' id='line_1_147' title="bbox 1355 1781 2416 1826; baseline -0.003 -11"><span class='ocrx_word' id='word_1_1245' title='bbox 1355 1784 1504 1816; x_wconf 89' lang='lat' dir='ltr'>difficilem</span> <span class='ocrx_word' id='word_1_1246' title='bbox 1525 1786 1571 1817; x_wconf 92' lang='lat' dir='ltr'>vel</span> <span class='ocrx_word' id='word_1_1247' title='bbox 1591 1785 1791 1824; x_wconf 77' lang='lat' dir='ltr'>impossibilem</span> <span class='ocrx_word' id='word_1_1248' title='bbox 1812 1785 1940 1816; x_wconf 83' lang='lat' dir='ltr'>redderet</span> <span class='ocrx_word' id='word_1_1249' title='bbox 1956 1809 1966 1823; x_wconf 91' lang='lat'>,</span> <span class='ocrx_word' id='word_1_1250' title='bbox 1988 1786 2019 1814; x_wconf 88' lang='lat' dir='ltr'>in</span> <span class='ocrx_word' id='word_1_1251' title='bbox 2038 1791 2147 1814; x_wconf 89' lang='lat' dir='ltr'>tanturn</span> <span class='ocrx_word' id='word_1_1252' title='bbox 2168 1783 2194 1813; x_wconf 93' lang='lat' dir='ltr'>se</span> <span class='ocrx_word' id='word_1_1253' title='bbox 2206 1783 2318 1826; x_wconf 74' lang='lat' dir='ltr'>artavit,</span> <span class='ocrx_word' id='word_1_1254' title='bbox 2336 1781 2416 1820; x_wconf 89' lang='lat' dir='ltr'>quod</span> 
     </span>
    </p>
   </div>
   <div class='ocr_carea' id='block_1_11' title="bbox 2433 208 2519 247">
    <p class='ocr_par' dir='ltr' id='par_1_47' title="bbox 2433 208 2519 247">
     <span class='ocr_line' id='line_1_148' title="bbox 2433 208 2519 247; baseline 0.023 -10"><span class='ocrx_word' id='word_1_1255' title='bbox 2433 208 2519 247; x_wconf 81' lang='lat'>1289.</span> 
     </span>
    </p>
   </div>
   <div class='ocr_carea' id='block_1_12' title="bbox 1380 238 2570 284">
    <p class='ocr_par' dir='ltr' id='par_1_48' title="bbox 1380 238 2570 284">
     <span class='ocr_line' id='line_1_149' title="bbox 1380 238 2570 284; baseline 0.003 -11"><span class='ocrx_word' id='word_1_1256' title='bbox 1380 243 1418 274; x_wconf 85' lang='lat' dir='ltr'>Et</span> <span class='ocrx_word' id='word_1_1257' title='bbox 1430 244 1498 274; x_wconf 89' lang='lat' dir='ltr'>alios</span> <span class='ocrx_word' id='word_1_1258' title='bbox 1511 243 1582 275; x_wconf 81' lang='lat' dir='ltr'>duos</span> <span class='ocrx_word' id='word_1_1259' title='bbox 1595 245 1688 277; x_wconf 87' lang='lat' dir='ltr'>versus</span> <span class='ocrx_word' id='word_1_1260' title='bbox 1706 255 1795 284; x_wconf 87' lang='lat' dir='ltr'>partes</span> <span class='ocrx_word' id='word_1_1261' title='bbox 1815 245 1926 278; x_wconf 60' lang='lat' dir='ltr'>Sandiae</span> <span class='ocrx_word' id='word_1_1262' title='bbox 1941 244 2098 276; x_wconf 80' lang='lat' dir='ltr'>Christinae</span> <span class='ocrx_word' id='word_1_1263' title='bbox 2111 243 2243 275; x_wconf 80' lang='lat' dir='ltr'>duximus</span> <span class='ocrx_word' id='word_1_1264' title='bbox 2257 242 2398 276; x_wconf 83' lang='lat' dir='ltr'>destinari·</span> <span class='ocrx_word' id='word_1_1265' title='bbox 2410 248 2478 276; x_wconf 66' lang='lat' dir='ltr'>Edv.</span> <span class='ocrx_word' id='word_1_1266' title='bbox 2502 255 2536 284; x_wconf 64' lang='lat' dir='ltr'>¹·J</span> <span class='ocrx_word' id='word_1_1267' title='bbox 2568 238 2570 261; x_wconf 79' lang='lat'>¹</span> 
     </span>
    </p>
   </div>
   <div class='ocr_carea' id='block_1_13' title="bbox 2416 594 2570 632">
    <p class='ocr_par' dir='ltr' id='par_1_49' title="bbox 2416 594 2570 632">
     <span class='ocr_line' id='line_1_150' title="bbox 2416 594 2570 632; baseline -0.013 0"><span class='ocrx_word' id='word_1_1268' title='bbox 2416 594 2432 612; x_wconf 67' lang='lat'>⁸*</span> <span class='ocrx_word' id='word_1_1269' title='bbox 2443 594 2550 632; x_wconf 73' lang='lat'>11-457.⁴</span> <span class='ocrx_word' id='word_1_1270' title='bbox 2567 619 2570 630; x_wconf 93' lang='lat'><em>.</em></span> 
     </span>
    </p>
   </div>
   <div class='ocr_carea' id='block_1_14' title="bbox 1357 1820 2430 1863">
    <p class='ocr_par' dir='ltr' id='par_1_50' title="bbox 1357 1820 2430 1863">
     <span class='ocr_line' id='line_1_151' title="bbox 1357 1820 2430 1863; baseline -0.001 -10"><span class='ocrx_word' id='word_1_1271' title='bbox 1357 1824 1373 1853; x_wconf 74' lang='lat' dir='ltr'>a</span> <span class='ocrx_word' id='word_1_1272' title='bbox 1413 1824 1531 1855; x_wconf 66' lang='lat' dir='ltr'>raedieto</span> <span class='ocrx_word' id='word_1_1273' title='bbox 1551 1833 1682 1862; x_wconf 85' lang='lat' dir='ltr'>tempore</span> <span class='ocrx_word' id='word_1_1274' title='bbox 1696 1849 1706 1862; x_wconf 89' lang='lat'>,</span> <span class='ocrx_word' id='word_1_1275' title='bbox 1730 1825 1760 1854; x_wconf 91' lang='lat' dir='ltr'>in</span> <span class='ocrx_word' id='word_1_1276' title='bbox 1781 1834 1840 1863; x_wconf 89' lang='lat' dir='ltr'>quo</span> <span class='ocrx_word' id='word_1_1277' title='bbox 1853 1823 1892 1854; x_wconf 92' lang='lat' dir='ltr'>sui</span> <span class='ocrx_word' id='word_1_1278' title='bbox 1905 1823 2019 1853; x_wconf 89' lang='lat' dir='ltr'>Nuncii</span> <span class='ocrx_word' id='word_1_1279' title='bbox 2033 1822 2067 1852; x_wconf 92' lang='lat' dir='ltr'>ad</span> <span class='ocrx_word' id='word_1_1280' title='bbox 2083 1832 2136 1853; x_wconf 91' lang='lat' dir='ltr'>nos</span> <span class='ocrx_word' id='word_1_1281' title='bbox 2149 1828 2287 1851; x_wconf 85' lang='lat' dir='ltr'>venerunt</span> <span class='ocrx_word' id='word_1_1282' title='bbox 2299 1830 2329 1850; x_wconf 89' lang='lat' dir='ltr'>in</span> <span class='ocrx_word' id='word_1_1283' title='bbox 2342 1820 2430 1852; x_wconf 51' lang='lat' dir='ltr'>Villa,</span> 
     </span>
    </p>
   </div>
   <div class='ocr_carea' id='block_1_15' title="bbox 1357 1858 2434 4037">
    <p class='ocr_par' dir='ltr' id='par_1_51' title="bbox 1357 1858 2417 1979">
     <span class='ocr_line' id='line_1_152' title="bbox 1360 1858 2416 1902; baseline -0.005 -9"><span class='ocrx_word' id='word_1_1284' title='bbox 1360 1862 1383 1892; x_wconf 63' lang='lat' dir='ltr'><strong>h</strong></span> <span class='ocrx_word' id='word_1_1285' title='bbox 1398 1863 1535 1902; x_wconf 90' lang='lat' dir='ltr'>ontisoni,</span> <span class='ocrx_word' id='word_1_1286' title='bbox 1556 1873 1619 1901; x_wconf 78' lang='lat' dir='ltr'>quae</span> <span class='ocrx_word' id='word_1_1287' title='bbox 1638 1862 1721 1893; x_wconf 86' lang='lat' dir='ltr'>distat</span> <span class='ocrx_word' id='word_1_1288' title='bbox 1741 1864 1756 1893; x_wconf 76' lang='grc' dir='ltr'>Ξι</span> <span class='ocrx_word' id='word_1_1289' title='bbox 1769 1863 1837 1894; x_wconf 91' lang='lat' dir='ltr'>loco</span> <span class='ocrx_word' id='word_1_1290' title='bbox 1850 1862 1885 1892; x_wconf 89' lang='lat' dir='ltr'>de</span> <span class='ocrx_word' id='word_1_1291' title='bbox 1900 1862 2067 1892; x_wconf 86' lang='lat' dir='ltr'>Paniczariis</span> <span class='ocrx_word' id='word_1_1292' title='bbox 2080 1860 2116 1891; x_wconf 90' lang='lat' dir='ltr'>de</span> <span class='ocrx_word' id='word_1_1293' title='bbox 2130 1860 2200 1890; x_wconf 69' lang='grc' dir='ltr'>οέὶο</span> <span class='ocrx_word' id='word_1_1294' title='bbox 2213 1859 2310 1902; x_wconf 76' lang='lat' dir='ltr'>dietis,</span> <span class='ocrx_word' id='word_1_1295' title='bbox 2328 1858 2416 1897; x_wconf 68' lang='lat' dir='ltr'>usque</span> 
     </span>
     <span class='ocr_line' id='line_1_153' title="bbox 1357 1897 2417 1940; baseline -0.005 -8"><span class='ocrx_word' id='word_1_1296' title='bbox 1357 1901 1392 1931; x_wconf 91' lang='lat' dir='ltr'>ad</span> <span class='ocrx_word' id='word_1_1297' title='bbox 1411 1900 1497 1932; x_wconf 82' lang='lat' dir='ltr'>finem</span> <span class='ocrx_word' id='word_1_1298' title='bbox 1517 1903 1630 1932; x_wconf 84' lang='lat' dir='ltr'>termini</span> <span class='ocrx_word' id='word_1_1299' title='bbox 1645 1925 1655 1940; x_wconf 91' lang='lat'>,</span> <span class='ocrx_word' id='word_1_1300' title='bbox 1681 1903 1709 1931; x_wconf 91' lang='lat' dir='ltr'>in</span> <span class='ocrx_word' id='word_1_1301' title='bbox 1725 1912 1783 1940; x_wconf 92' lang='lat' dir='ltr'>quo</span> <span class='ocrx_word' id='word_1_1302' title='bbox 1797 1901 1853 1940; x_wconf 83' lang='lat' dir='ltr'>ipse</span> <span class='ocrx_word' id='word_1_1303' title='bbox 1867 1900 1900 1931; x_wconf 88' lang='lat' dir='ltr'>ad</span> <span class='ocrx_word' id='word_1_1304' title='bbox 1916 1899 2045 1931; x_wconf 84' lang='lat' dir='ltr'>nostrum</span> <span class='ocrx_word' id='word_1_1305' title='bbox 2060 1898 2215 1930; x_wconf 88' lang='lat' dir='ltr'>Carcerem</span> <span class='ocrx_word' id='word_1_1306' title='bbox 2232 1897 2322 1928; x_wconf 75' lang='lat' dir='ltr'>redire</span> <span class='ocrx_word' id='word_1_1307' title='bbox 2337 1906 2417 1929; x_wconf 86' lang='lat' dir='ltr'>tene-</span> 
     </span>
     <span class='ocr_line' id='line_1_154' title="bbox 1358 1940 1970 1979; baseline 0 -10"><span class='ocrx_word' id='word_1_1308' title='bbox 1358 1940 1455 1979; x_wconf 89' lang='lat' dir='ltr'>batur,</span> <span class='ocrx_word' id='word_1_1309' title='bbox 1473 1941 1521 1970; x_wconf 81' lang='lat' dir='ltr'>vix</span> <span class='ocrx_word' id='word_1_1310' title='bbox 1535 1940 1592 1970; x_wconf 88' lang='lat' dir='ltr'>dies</span> <span class='ocrx_word' id='word_1_1311' title='bbox 1604 1940 1766 1979; x_wconf 86' lang='lat' dir='ltr'>quindecim</span> <span class='ocrx_word' id='word_1_1312' title='bbox 1782 1941 1970 1971; x_wconf 84' lang='lat' dir='ltr'>remanebant.</span> 
     </span>
    </p>

    <p class='ocr_par' dir='ltr' id='par_1_52' title="bbox 1357 1976 2420 2249">
     <span class='ocr_line' id='line_1_155' title="bbox 1394 1976 2417 2018; baseline -0.003 -10"><span class='ocrx_word' id='word_1_1313' title='bbox 1394 1977 1432 2009; x_wconf 90' lang='lat' dir='ltr'>Et</span> <span class='ocrx_word' id='word_1_1314' title='bbox 1448 1979 1485 2010; x_wconf 73' lang='lat' dir='ltr'>ita</span> <span class='ocrx_word' id='word_1_1315' title='bbox 1496 2003 1506 2017; x_wconf 92' lang='lat'>,</span> <span class='ocrx_word' id='word_1_1316' title='bbox 1530 1988 1588 2010; x_wconf 90' lang='lat' dir='ltr'>tam</span> <span class='ocrx_word' id='word_1_1317' title='bbox 1610 1987 1724 2018; x_wconf 84' lang='lat' dir='ltr'>propter</span> <span class='ocrx_word' id='word_1_1318' title='bbox 1741 1980 1908 2010; x_wconf 88' lang='lat' dir='ltr'>brevitatem</span> <span class='ocrx_word' id='word_1_1319' title='bbox 1929 1978 2082 2017; x_wconf 85' lang='lat' dir='ltr'>temporis,</span> <span class='ocrx_word' id='word_1_1320' title='bbox 2101 1977 2187 2015; x_wconf 75' lang='lat' dir='ltr'>quam</span> <span class='ocrx_word' id='word_1_1321' title='bbox 2202 1976 2285 2006; x_wconf 82' lang='lat' dir='ltr'>etiam</span> <span class='ocrx_word' id='word_1_1322' title='bbox 2302 1985 2353 2013; x_wconf 91' lang='lat' dir='ltr'>pro</span> <span class='ocrx_word' id='word_1_1323' title='bbox 2374 1983 2417 2006; x_wconf 90' lang='lat' dir='ltr'>ter</span> 
     </span>
     <span class='ocr_line' id='line_1_156' title="bbox 1359 2014 2418 2056; baseline -0.004 -9"><span class='ocrx_word' id='word_1_1324' title='bbox 1359 2015 1477 2047; x_wconf 89' lang='lat' dir='ltr'>Curiam</span> <span class='ocrx_word' id='word_1_1325' title='bbox 1491 2017 1691 2056; x_wconf 64' lang='lat' dir='ltr'>supradictam,</span> <span class='ocrx_word' id='word_1_1326' title='bbox 1709 2019 1739 2048; x_wconf 93' lang='lat' dir='ltr'>in</span> <span class='ocrx_word' id='word_1_1327' title='bbox 1754 2027 1807 2056; x_wconf 82' lang='lat' dir='ltr'>qua</span> <span class='ocrx_word' id='word_1_1328' title='bbox 1818 2017 1991 2047; x_wconf 83' lang='lat' dir='ltr'>habebamus</span> <span class='ocrx_word' id='word_1_1329' title='bbox 2005 2026 2073 2047; x_wconf 84' lang='lat' dir='ltr'>cum</span> <span class='ocrx_word' id='word_1_1330' title='bbox 2093 2015 2194 2046; x_wconf 89' lang='lat' dir='ltr'>nostris</span> <span class='ocrx_word' id='word_1_1331' title='bbox 2206 2014 2336 2054; x_wconf 86' lang='lat' dir='ltr'>gentibus</span> <span class='ocrx_word' id='word_1_1332' title='bbox 2370 2014 2418 2044; x_wconf 86' lang='lat' dir='ltr'>iri-</span> 
     </span>
     <span class='ocr_line' id='line_1_157' title="bbox 1357 2053 2416 2102; baseline -0.003 -17"><span class='ocrx_word' id='word_1_1333' title='bbox 1357 2064 1422 2094; x_wconf 85' lang='lat' dir='ltr'>gere</span> <span class='ocrx_word' id='word_1_1334' title='bbox 1443 2056 1516 2087; x_wconf 56' lang='lat' dir='ltr'>faeta</span> <span class='ocrx_word' id='word_1_1335' title='bbox 1536 2056 1630 2086; x_wconf 84' lang='lat' dir='ltr'>nostra</span> <span class='ocrx_word' id='word_1_1336' title='bbox 1645 2080 1654 2095; x_wconf 90' lang='lat'>,</span> <span class='ocrx_word' id='word_1_1337' title='bbox 1679 2066 1748 2087; x_wconf 92' lang='lat' dir='ltr'>cum</span> <span class='ocrx_word' id='word_1_1338' title='bbox 1770 2066 1823 2087; x_wconf 92' lang='lat' dir='ltr'>nos</span> <span class='ocrx_word' id='word_1_1339' title='bbox 1840 2056 2008 2102; x_wconf 61' lang='lat' dir='ltr'>haberemus</span> <span class='ocrx_word' id='word_1_1340' title='bbox 2027 2064 2121 2094; x_wconf 88' lang='lat' dir='ltr'>parare</span> <span class='ocrx_word' id='word_1_1341' title='bbox 2134 2063 2202 2085; x_wconf 89' lang='lat' dir='ltr'>cum</span> <span class='ocrx_word' id='word_1_1342' title='bbox 2217 2053 2318 2092; x_wconf 57' lang='lat' dir='ltr'>magn&amp;</span> <span class='ocrx_word' id='word_1_1343' title='bbox 2332 2062 2416 2083; x_wconf 93' lang='lat' dir='ltr'>corn-</span> 
     </span>
     <span class='ocr_line' id='line_1_158' title="bbox 1359 2093 2419 2134; baseline -0.003 -11"><span class='ocrx_word' id='word_1_1344' title='bbox 1359 2094 1457 2125; x_wconf 67' lang='lat' dir='ltr'>munia</span> <span class='ocrx_word' id='word_1_1345' title='bbox 1479 2094 1601 2125; x_wconf 87' lang='lat' dir='ltr'>militurn</span> <span class='ocrx_word' id='word_1_1346' title='bbox 1622 2096 1656 2126; x_wconf 69' lang='grc' dir='ltr'>ὃ(</span> <span class='ocrx_word' id='word_1_1347' title='bbox 1678 2095 1803 2133; x_wconf 88' lang='lat' dir='ltr'>peditum</span> <span class='ocrx_word' id='word_1_1348' title='bbox 1819 2118 1829 2134; x_wconf 98' lang='lat'>,</span> <span class='ocrx_word' id='word_1_1349' title='bbox 1852 2105 1903 2133; x_wconf 81' lang='lat' dir='ltr'>pto</span> <span class='ocrx_word' id='word_1_1350' title='bbox 1916 2093 2082 2134; x_wconf 85' lang='lat' dir='ltr'>recipiendo</span> <span class='ocrx_word' id='word_1_1351' title='bbox 2097 2099 2175 2124; x_wconf 90' lang='lat' dir='ltr'>tanto</span> <span class='ocrx_word' id='word_1_1352' title='bbox 2188 2093 2268 2129; x_wconf 76' lang='lat' dir='ltr'>viro,</span> <span class='ocrx_word' id='word_1_1353' title='bbox 2286 2100 2346 2121; x_wconf 91' lang='lat' dir='ltr'>non</span> <span class='ocrx_word' id='word_1_1354' title='bbox 2366 2099 2419 2129; x_wconf 89' lang='lat' dir='ltr'>po-</span> 
     </span>
     <span class='ocr_line' id='line_1_159' title="bbox 1361 2129 2420 2172; baseline -0.004 -10"><span class='ocrx_word' id='word_1_1355' title='bbox 1361 2131 1505 2163; x_wconf 81' lang='lat' dir='ltr'>tuiffemus</span> <span class='ocrx_word' id='word_1_1356' title='bbox 1521 2134 1693 2172; x_wconf 86' lang='lat' dir='ltr'>aliquatenus</span> <span class='ocrx_word' id='word_1_1357' title='bbox 1712 2144 1764 2164; x_wconf 92' lang='lat' dir='ltr'>nos</span> <span class='ocrx_word' id='word_1_1358' title='bbox 1785 2143 1880 2172; x_wconf 83' lang='lat' dir='ltr'>parare</span> <span class='ocrx_word' id='word_1_1359' title='bbox 1895 2145 1906 2171; x_wconf 72' lang='lat'>3</span> <span class='ocrx_word' id='word_1_1360' title='bbox 1925 2133 2048 2163; x_wconf 76' lang='lat' dir='ltr'>maxime</span> <span class='ocrx_word' id='word_1_1361' title='bbox 2063 2130 2140 2170; x_wconf 91' lang='lat' dir='ltr'>quod</span> <span class='ocrx_word' id='word_1_1362' title='bbox 2151 2129 2206 2170; x_wconf 90' lang='lat' dir='ltr'>ipse</span> <span class='ocrx_word' id='word_1_1363' title='bbox 2220 2129 2354 2167; x_wconf 89' lang='lat' dir='ltr'>Princeps</span> <span class='ocrx_word' id='word_1_1364' title='bbox 2369 2138 2420 2159; x_wconf 88' lang='lat' dir='ltr'>ve-</span> 
     </span>
     <span class='ocr_line' id='line_1_160' title="bbox 1359 2167 2419 2210; baseline -0.002 -10"><span class='ocrx_word' id='word_1_1365' title='bbox 1359 2179 1436 2202; x_wconf 83' lang='lat' dir='ltr'>nerat</span> <span class='ocrx_word' id='word_1_1366' title='bbox 1457 2181 1525 2201; x_wconf 90' lang='lat' dir='ltr'>cum</span> <span class='ocrx_word' id='word_1_1367' title='bbox 1547 2173 1665 2202; x_wconf 91' lang='lat' dir='ltr'>inimicis</span> <span class='ocrx_word' id='word_1_1368' title='bbox 1681 2172 1796 2210; x_wconf 81' lang='lat' dir='ltr'>nostris,</span> <span class='ocrx_word' id='word_1_1369' title='bbox 1816 2181 1882 2202; x_wconf 88' lang='lat' dir='ltr'>euin</span> <span class='ocrx_word' id='word_1_1370' title='bbox 1897 2171 2112 2209; x_wconf 75' lang='lat' dir='ltr'>associantibus,</span> <span class='ocrx_word' id='word_1_1371' title='bbox 2130 2170 2163 2201; x_wconf 88' lang='lat'>&amp;</span> <span class='ocrx_word' id='word_1_1372' title='bbox 2177 2178 2278 2207; x_wconf 87' lang='lat' dir='ltr'>magna</span> <span class='ocrx_word' id='word_1_1373' title='bbox 2290 2167 2419 2199; x_wconf 89' lang='lat' dir='ltr'>multitu-</span> 
     </span>
     <span class='ocr_line' id='line_1_161' title="bbox 1359 2209 1958 2249; baseline 0.003 -11"><span class='ocrx_word' id='word_1_1374' title='bbox 1359 2209 1425 2239; x_wconf 86' lang='lat' dir='ltr'>dine</span> <span class='ocrx_word' id='word_1_1375' title='bbox 1438 2210 1561 2241; x_wconf 88' lang='lat' dir='ltr'>militum</span> <span class='ocrx_word' id='word_1_1376' title='bbox 1577 2212 1610 2242; x_wconf 64' lang='grc' dir='ltr'>ἃ</span> <span class='ocrx_word' id='word_1_1377' title='bbox 1623 2210 1749 2248; x_wconf 87' lang='lat' dir='ltr'>peditum</span> <span class='ocrx_word' id='word_1_1378' title='bbox 1766 2219 1958 2249; x_wconf 62' lang='lat' dir='ltr'>armatorum,</span> 
     </span>
    </p>

    <p class='ocr_par' dir='ltr' id='par_1_53' title="bbox 1360 2244 2421 2402">
     <span class='ocr_line' id='line_1_162' title="bbox 1397 2244 2420 2287; baseline -0.004 -10"><span class='ocrx_word' id='word_1_1379' title='bbox 1397 2247 1458 2287; x_wconf 89' lang='lat' dir='ltr'>Ipse</span> <span class='ocrx_word' id='word_1_1380' title='bbox 1476 2257 1571 2279; x_wconf 89' lang='lat' dir='ltr'>autem</span> <span class='ocrx_word' id='word_1_1381' title='bbox 1591 2249 1724 2287; x_wconf 88' lang='lat' dir='ltr'>Princeps</span> <span class='ocrx_word' id='word_1_1382' title='bbox 1745 2248 1779 2278; x_wconf 88' lang='lat' dir='ltr'>ad</span> <span class='ocrx_word' id='word_1_1383' title='bbox 1795 2248 2004 2287; x_wconf 84' lang='lat' dir='ltr'>Perpinanum,</span> <span class='ocrx_word' id='word_1_1384' title='bbox 2020 2255 2052 2278; x_wconf 92' lang='lat' dir='ltr'>ut</span> <span class='ocrx_word' id='word_1_1385' title='bbox 2064 2246 2204 2285; x_wconf 86' lang='lat' dir='ltr'>asseritur,</span> <span class='ocrx_word' id='word_1_1386' title='bbox 2222 2245 2346 2283; x_wconf 86' lang='lat' dir='ltr'>rediens,</span> <span class='ocrx_word' id='word_1_1387' title='bbox 2364 2244 2420 2274; x_wconf 89' lang='lat' dir='ltr'>alio</span> 
     </span>
     <span class='ocr_line' id='line_1_163' title="bbox 1361 2284 2420 2325; baseline -0.003 -9"><span class='ocrx_word' id='word_1_1388' title='bbox 1361 2287 1461 2316; x_wconf 91' lang='lat' dir='ltr'>colore</span> <span class='ocrx_word' id='word_1_1389' title='bbox 1481 2287 1597 2325; x_wconf 69' lang='lat' dir='ltr'>qiiaeiito</span> <span class='ocrx_word' id='word_1_1390' title='bbox 1613 2310 1622 2325; x_wconf 90' lang='lat'>,</span> <span class='ocrx_word' id='word_1_1391' title='bbox 1646 2288 1708 2318; x_wconf 92' lang='lat' dir='ltr'>suos</span> <span class='ocrx_word' id='word_1_1392' title='bbox 1726 2289 1846 2318; x_wconf 88' lang='lat' dir='ltr'>nuncios</span> <span class='ocrx_word' id='word_1_1393' title='bbox 1866 2287 1949 2318; x_wconf 92' lang='lat' dir='ltr'>nobis</span> <span class='ocrx_word' id='word_1_1394' title='bbox 1971 2286 2060 2325; x_wconf 88' lang='lat' dir='ltr'>misit,</span> <span class='ocrx_word' id='word_1_1395' title='bbox 2078 2293 2108 2316; x_wconf 89' lang='lat' dir='ltr'>ut</span> <span class='ocrx_word' id='word_1_1396' title='bbox 2121 2284 2157 2315; x_wconf 90' lang='lat' dir='ltr'>ad</span> <span class='ocrx_word' id='word_1_1397' title='bbox 2169 2294 2258 2323; x_wconf 81' lang='lat' dir='ltr'>partes</span> <span class='ocrx_word' id='word_1_1398' title='bbox 2272 2284 2420 2314; x_wconf 74' lang='lat' dir='ltr'>Gerundae</span> 
     </span>
     <span class='ocr_line' id='line_1_164' title="bbox 1360 2322 2421 2364; baseline -0.002 -10"><span class='ocrx_word' id='word_1_1399' title='bbox 1360 2324 1496 2355; x_wconf 90' lang='lat' dir='ltr'>accedere</span> <span class='ocrx_word' id='word_1_1400' title='bbox 1514 2325 1682 2356; x_wconf 82' lang='lat' dir='ltr'>deberemus</span> <span class='ocrx_word' id='word_1_1401' title='bbox 1695 2350 1704 2364; x_wconf 76' lang='lat'>,</span> <span class='ocrx_word' id='word_1_1402' title='bbox 1730 2327 1793 2364; x_wconf 85' lang='lat' dir='ltr'>quia</span> <span class='ocrx_word' id='word_1_1403' title='bbox 1813 2325 1928 2356; x_wconf 87' lang='lat' dir='ltr'>volebat</span> <span class='ocrx_word' id='word_1_1404' title='bbox 1944 2326 1972 2355; x_wconf 91' lang='lat' dir='ltr'>in</span> <span class='ocrx_word' id='word_1_1405' title='bbox 1988 2324 2050 2363; x_wconf 90' lang='lat' dir='ltr'>ipsis</span> <span class='ocrx_word' id='word_1_1406' title='bbox 2065 2324 2186 2362; x_wconf 85' lang='lat' dir='ltr'>partibus</span> <span class='ocrx_word' id='word_1_1407' title='bbox 2199 2323 2349 2353; x_wconf 87' lang='lat' dir='ltr'>nobiscum</span> <span class='ocrx_word' id='word_1_1408' title='bbox 2362 2322 2421 2354; x_wconf 84' lang='lat' dir='ltr'>vis—</span> 
     </span>
     <span class='ocr_line' id='line_1_165' title="bbox 1361 2361 2325 2402; baseline -0.003 -8"><span class='ocrx_word' id='word_1_1409' title='bbox 1361 2372 1421 2394; x_wconf 90' lang='lat' dir='ltr'>tam</span> <span class='ocrx_word' id='word_1_1410' title='bbox 1435 2363 1568 2394; x_wconf 87' lang='lat' dir='ltr'>instanter</span> <span class='ocrx_word' id='word_1_1411' title='bbox 1581 2365 1698 2402; x_wconf 85' lang='lat' dir='ltr'>habere,</span> <span class='ocrx_word' id='word_1_1412' title='bbox 1716 2373 1749 2394; x_wconf 88' lang='lat' dir='ltr'>ac</span> <span class='ocrx_word' id='word_1_1413' title='bbox 1764 2364 1843 2402; x_wconf 90' lang='lat' dir='ltr'>super</span> <span class='ocrx_word' id='word_1_1414' title='bbox 1855 2364 1971 2394; x_wconf 63' lang='lat' dir='ltr'>traCtatu</span> <span class='ocrx_word' id='word_1_1415' title='bbox 1988 2363 2061 2401; x_wconf 88' lang='lat' dir='ltr'>pacis</span> <span class='ocrx_word' id='word_1_1416' title='bbox 2073 2362 2164 2400; x_wconf 90' lang='lat' dir='ltr'>aliqua</span> <span class='ocrx_word' id='word_1_1417' title='bbox 2176 2361 2325 2398; x_wconf 72' lang='lat' dir='ltr'>ordinare,</span> 
     </span>
    </p>

    <p class='ocr_par' dir='ltr' id='par_1_54' title="bbox 1360 2398 2422 2479">
     <span class='ocr_line' id='line_1_166' title="bbox 1398 2398 2422 2441; baseline -0.002 -9"><span class='ocrx_word' id='word_1_1418' title='bbox 1398 2401 1453 2432; x_wconf 85' lang='lat' dir='ltr'>Sed</span> <span class='ocrx_word' id='word_1_1419' title='bbox 1469 2412 1536 2433; x_wconf 91' lang='lat' dir='ltr'>cum</span> <span class='ocrx_word' id='word_1_1420' title='bbox 1551 2404 1663 2433; x_wconf 89' lang='lat' dir='ltr'>interim</span> <span class='ocrx_word' id='word_1_1421' title='bbox 1677 2402 1712 2433; x_wconf 91' lang='lat' dir='ltr'>ad</span> <span class='ocrx_word' id='word_1_1422' title='bbox 1723 2413 1790 2433; x_wconf 89' lang='lat' dir='ltr'>eum</span> <span class='ocrx_word' id='word_1_1423' title='bbox 1806 2402 1913 2441; x_wconf 71' lang='lat' dir='ltr'>prtefati</span> <span class='ocrx_word' id='word_1_1424' title='bbox 1933 2401 2022 2432; x_wconf 92' lang='lat' dir='ltr'>nostri</span> <span class='ocrx_word' id='word_1_1425' title='bbox 2035 2400 2147 2431; x_wconf 90' lang='lat' dir='ltr'>Nuncii</span> <span class='ocrx_word' id='word_1_1426' title='bbox 2165 2399 2370 2437; x_wconf 76' lang='lat' dir='ltr'>pervenissent,</span> <span class='ocrx_word' id='word_1_1427' title='bbox 2388 2398 2422 2430; x_wconf 89' lang='lat'>&amp;</span> 
     </span>
     <span class='ocr_line' id='line_1_167' title="bbox 1360 2437 2346 2479; baseline -0.002 -10"><span class='ocrx_word' id='word_1_1428' title='bbox 1360 2439 1455 2470; x_wconf 89' lang='lat' dir='ltr'>eidem</span> <span class='ocrx_word' id='word_1_1429' title='bbox 1469 2441 1656 2479; x_wconf 75' lang='lat' dir='ltr'>exposuissent</span> <span class='ocrx_word' id='word_1_1430' title='bbox 1668 2452 1699 2472; x_wconf 87' lang='lat' dir='ltr'>ea</span> <span class='ocrx_word' id='word_1_1431' title='bbox 1711 2442 1809 2472; x_wconf 91' lang='lat' dir='ltr'>omnia</span> <span class='ocrx_word' id='word_1_1432' title='bbox 1822 2451 1886 2479; x_wconf 63' lang='lat' dir='ltr'>quit:</span> <span class='ocrx_word' id='word_1_1433' title='bbox 1900 2441 1938 2470; x_wconf 92' lang='lat' dir='ltr'>eis</span> <span class='ocrx_word' id='word_1_1434' title='bbox 1954 2439 2149 2470; x_wconf 86' lang='lat' dir='ltr'>mandavimus</span> <span class='ocrx_word' id='word_1_1435' title='bbox 2163 2437 2346 2478; x_wconf 71' lang='lat' dir='ltr'>exponenda,</span> 
     </span>
    </p>

    <p class='ocr_par' dir='ltr' id='par_1_55' title="bbox 1363 2476 2426 2635">
     <span class='ocr_line' id='line_1_168' title="bbox 1399 2476 2424 2519; baseline -0.003 -11"><span class='ocrx_word' id='word_1_1436' title='bbox 1399 2478 1475 2518; x_wconf 90' lang='lat' dir='ltr'>Ipse,</span> <span class='ocrx_word' id='word_1_1437' title='bbox 1491 2480 1544 2510; x_wconf 92' lang='lat' dir='ltr'>hiis</span> <span class='ocrx_word' id='word_1_1438' title='bbox 1565 2480 1663 2511; x_wconf 89' lang='lat' dir='ltr'>auditis</span> <span class='ocrx_word' id='word_1_1439' title='bbox 1685 2490 1750 2519; x_wconf 81' lang='lat' dir='ltr'>quae</span> <span class='ocrx_word' id='word_1_1440' title='bbox 1771 2480 1860 2510; x_wconf 88' lang='lat' dir='ltr'>nostri</span> <span class='ocrx_word' id='word_1_1441' title='bbox 1881 2479 1994 2510; x_wconf 90' lang='lat' dir='ltr'>Nuncii</span> <span class='ocrx_word' id='word_1_1442' title='bbox 2017 2487 2052 2509; x_wconf 83' lang='lat' dir='ltr'>ex</span> <span class='ocrx_word' id='word_1_1443' title='bbox 2066 2486 2144 2516; x_wconf 88' lang='lat' dir='ltr'>parte</span> <span class='ocrx_word' id='word_1_1444' title='bbox 2158 2476 2254 2508; x_wconf 75' lang='lat' dir='ltr'>nostrii</span> <span class='ocrx_word' id='word_1_1445' title='bbox 2269 2476 2424 2507; x_wconf 86' lang='lat' dir='ltr'>retulerunt</span> 
     </span>
     <span class='ocr_line' id='line_1_169' title="bbox 1363 2514 2426 2557; baseline -0.003 -10"><span class='ocrx_word' id='word_1_1446' title='bbox 1363 2517 1472 2557; x_wconf 85' lang='lat' dir='ltr'>eidem,</span> <span class='ocrx_word' id='word_1_1447' title='bbox 1490 2529 1551 2549; x_wconf 92' lang='lat' dir='ltr'>non</span> <span class='ocrx_word' id='word_1_1448' title='bbox 1569 2519 1718 2557; x_wconf 65' lang='lat' dir='ltr'>expectans</span> <span class='ocrx_word' id='word_1_1449' title='bbox 1737 2529 1805 2556; x_wconf 85' lang='lat' dir='ltr'>nos,</span> <span class='ocrx_word' id='word_1_1450' title='bbox 1823 2519 1871 2557; x_wconf 90' lang='lat' dir='ltr'>qui</span> <span class='ocrx_word' id='word_1_1451' title='bbox 1890 2517 1981 2548; x_wconf 91' lang='lat' dir='ltr'>versus</span> <span class='ocrx_word' id='word_1_1452' title='bbox 1999 2516 2190 2554; x_wconf 86' lang='lat' dir='ltr'>Gerundam,</span> <span class='ocrx_word' id='word_1_1453' title='bbox 2205 2523 2290 2554; x_wconf 89' lang='lat' dir='ltr'>prout</span> <span class='ocrx_word' id='word_1_1454' title='bbox 2312 2514 2368 2553; x_wconf 88' lang='lat' dir='ltr'>ipse</span> <span class='ocrx_word' id='word_1_1455' title='bbox 2381 2524 2426 2544; x_wconf 89' lang='lat' dir='ltr'>re-</span> 
     </span>
     <span class='ocr_line' id='line_1_170' title="bbox 1363 2554 2426 2595; baseline -0.002 -10"><span class='ocrx_word' id='word_1_1456' title='bbox 1363 2556 1490 2593; x_wconf 78' lang='lat' dir='ltr'>quisierat</span> <span class='ocrx_word' id='word_1_1457' title='bbox 1505 2567 1555 2595; x_wconf 88' lang='lat' dir='ltr'>per</span> <span class='ocrx_word' id='word_1_1458' title='bbox 1568 2557 1624 2588; x_wconf 89' lang='lat' dir='ltr'>suas</span> <span class='ocrx_word' id='word_1_1459' title='bbox 1638 2558 1726 2589; x_wconf 84' lang='lat' dir='ltr'>literas</span> <span class='ocrx_word' id='word_1_1460' title='bbox 1738 2558 1771 2588; x_wconf 89' lang='lat'>&amp;</span> <span class='ocrx_word' id='word_1_1461' title='bbox 1787 2557 1940 2595; x_wconf 82' lang='lat' dir='ltr'>Nuncios,</span> <span class='ocrx_word' id='word_1_1462' title='bbox 1954 2556 2125 2587; x_wconf 76' lang='lat' dir='ltr'>continuatis</span> <span class='ocrx_word' id='word_1_1463' title='bbox 2143 2554 2223 2585; x_wconf 90' lang='lat' dir='ltr'>dietis</span> <span class='ocrx_word' id='word_1_1464' title='bbox 2244 2554 2280 2585; x_wconf 86' lang='lat' dir='ltr'>ad</span> <span class='ocrx_word' id='word_1_1465' title='bbox 2296 2563 2363 2584; x_wconf 89' lang='lat' dir='ltr'>eum</span> <span class='ocrx_word' id='word_1_1466' title='bbox 2378 2562 2426 2583; x_wconf 91' lang='lat' dir='ltr'>ac-</span> 
     </span>
     <span class='ocr_line' id='line_1_171' title="bbox 1363 2593 2410 2635; baseline 0.001 -12"><span class='ocrx_word' id='word_1_1467' title='bbox 1363 2593 1466 2625; x_wconf 88' lang='lat' dir='ltr'>cedere</span> <span class='ocrx_word' id='word_1_1468' title='bbox 1478 2596 1634 2627; x_wconf 89' lang='lat' dir='ltr'>nullatenus</span> <span class='ocrx_word' id='word_1_1469' title='bbox 1648 2596 1843 2633; x_wconf 84' lang='lat' dir='ltr'>tardabamus,</span> <span class='ocrx_word' id='word_1_1470' title='bbox 2363 2629 2368 2635; x_wconf 49' lang='grc'>,</span> <span class='ocrx_word' id='word_1_1471' title='bbox 2405 2629 2410 2634; x_wconf 51' lang='grc'><em>,</em></span> 
     </span>
    </p>

    <p class='ocr_par' dir='ltr' id='par_1_56' title="bbox 1363 2630 2425 2750">
     <span class='ocr_line' id='line_1_172' title="bbox 1400 2630 2425 2672; baseline -0.002 -10"><span class='ocrx_word' id='word_1_1472' title='bbox 1400 2631 1482 2664; x_wconf 83' lang='lat' dir='ltr'>Dixit</span> <span class='ocrx_word' id='word_1_1473' title='bbox 1503 2634 1607 2665; x_wconf 88' lang='lat' dir='ltr'>eisdem</span> <span class='ocrx_word' id='word_1_1474' title='bbox 1628 2634 1754 2665; x_wconf 88' lang='lat' dir='ltr'>Nunciis</span> <span class='ocrx_word' id='word_1_1475' title='bbox 1775 2634 1877 2664; x_wconf 90' lang='lat' dir='ltr'>nostris</span> <span class='ocrx_word' id='word_1_1476' title='bbox 1890 2657 1900 2672; x_wconf 84' lang='lat'>‚</span> <span class='ocrx_word' id='word_1_1477' title='bbox 1926 2633 2010 2663; x_wconf 86' lang='lat' dir='ltr'>nobis</span> <span class='ocrx_word' id='word_1_1478' title='bbox 2029 2631 2107 2663; x_wconf 88' lang='lat' dir='ltr'>idem</span> <span class='ocrx_word' id='word_1_1479' title='bbox 2122 2641 2172 2669; x_wconf 87' lang='lat' dir='ltr'>per</span> <span class='ocrx_word' id='word_1_1480' title='bbox 2187 2630 2244 2661; x_wconf 89' lang='lat' dir='ltr'>suas</span> <span class='ocrx_word' id='word_1_1481' title='bbox 2257 2630 2348 2661; x_wconf 87' lang='lat' dir='ltr'>literas</span> <span class='ocrx_word' id='word_1_1482' title='bbox 2361 2636 2425 2660; x_wconf 87' lang='lat' dir='ltr'>inti·</span> 
     </span>
     <span class='ocr_line' id='line_1_173' title="bbox 1364 2667 2422 2710; baseline -0.003 -10"><span class='ocrx_word' id='word_1_1483' title='bbox 1364 2671 1471 2702; x_wconf 90' lang='lat' dir='ltr'>mando</span> <span class='ocrx_word' id='word_1_1484' title='bbox 1484 2694 1494 2710; x_wconf 88' lang='lat'>‚</span> <span class='ocrx_word' id='word_1_1485' title='bbox 1519 2672 1600 2710; x_wconf 72' lang='lat' dir='ltr'>qu’od</span> <span class='ocrx_word' id='word_1_1486' title='bbox 1622 2682 1675 2702; x_wconf 93' lang='lat' dir='ltr'>nos</span> <span class='ocrx_word' id='word_1_1487' title='bbox 1692 2683 1752 2703; x_wconf 94' lang='lat' dir='ltr'>non</span> <span class='ocrx_word' id='word_1_1488' title='bbox 1773 2679 1881 2710; x_wconf 88' lang='lat' dir='ltr'>poterat</span> <span class='ocrx_word' id='word_1_1489' title='bbox 1895 2671 2058 2709; x_wconf 66' lang='lat' dir='ltr'>expectare,</span> <span class='ocrx_word' id='word_1_1490' title='bbox 2075 2671 2140 2708; x_wconf 89' lang='lat' dir='ltr'>quia</span> <span class='ocrx_word' id='word_1_1491' title='bbox 2154 2669 2275 2699; x_wconf 89' lang='lat' dir='ltr'>habebat</span> <span class='ocrx_word' id='word_1_1492' title='bbox 2288 2669 2318 2698; x_wconf 91' lang='lat' dir='ltr'>in</span> <span class='ocrx_word' id='word_1_1493' title='bbox 2334 2667 2422 2698; x_wconf 86' lang='lat' dir='ltr'>Fran-</span> 
     </span>
     <span class='ocr_line' id='line_1_174' title="bbox 1363 2709 2248 2750; baseline -0.002 -12"><span class='ocrx_word' id='word_1_1494' title='bbox 1363 2709 1436 2739; x_wconf 89' lang='lat' dir='ltr'>ciam</span> <span class='ocrx_word' id='word_1_1495' title='bbox 1449 2709 1567 2750; x_wconf 81' lang='lat' dir='ltr'>dirigere</span> <span class='ocrx_word' id='word_1_1496' title='bbox 1580 2710 1685 2749; x_wconf 77' lang='lat' dir='ltr'>gressus</span> <span class='ocrx_word' id='word_1_1497' title='bbox 1698 2711 1769 2740; x_wconf 87' lang='lat' dir='ltr'>suos.</span> <span class='ocrx_word' id='word_1_1498' title='bbox 2243 2744 2248 2749; x_wconf 27' lang='lat'>⁵</span> 
     </span>
    </p>

    <p class='ocr_par' dir='ltr' id='par_1_57' title="bbox 1365 2742 2428 2903">
     <span class='ocr_line' id='line_1_175' title="bbox 1403 2742 2428 2788; baseline -0.004 -11"><span class='ocrx_word' id='word_1_1499' title='bbox 1403 2747 1442 2778; x_wconf 88' lang='lat' dir='ltr'>Et</span> <span class='ocrx_word' id='word_1_1500' title='bbox 1455 2748 1509 2788; x_wconf 85' lang='lat' dir='ltr'>sie,</span> <span class='ocrx_word' id='word_1_1501' title='bbox 1527 2747 1661 2780; x_wconf 88' lang='lat' dir='ltr'>variando</span> <span class='ocrx_word' id='word_1_1502' title='bbox 1675 2749 1704 2778; x_wconf 91' lang='lat' dir='ltr'>in</span> <span class='ocrx_word' id='word_1_1503' title='bbox 1721 2746 1879 2785; x_wconf 68' lang='lat' dir='ltr'>praedictis,</span> <span class='ocrx_word' id='word_1_1504' title='bbox 1897 2746 2004 2776; x_wconf 82' lang='lat' dir='ltr'>habivi&#39;t</span> <span class='ocrx_word' id='word_1_1505' title='bbox 2016 2746 2074 2776; x_wconf 89' lang='lat' dir='ltr'>vias</span> <span class='ocrx_word' id='word_1_1506' title='bbox 2086 2744 2143 2775; x_wconf 90' lang='lat' dir='ltr'>suas</span> <span class='ocrx_word' id='word_1_1507' title='bbox 2179 2742 2296 2774; x_wconf 78' lang='lat' dir='ltr'>dimissis</span> <span class='ocrx_word' id='word_1_1508' title='bbox 2311 2767 2320 2781; x_wconf 90' lang='lat'>,</span> <span class='ocrx_word' id='word_1_1509' title='bbox 2339 2751 2370 2774; x_wconf 92' lang='lat' dir='ltr'>ut</span> <span class='ocrx_word' id='word_1_1510' title='bbox 2386 2752 2428 2773; x_wconf 85' lang='lat' dir='ltr'>as-</span> 
     </span>
     <span class='ocr_line' id='line_1_176' title="bbox 1365 2767 2426 2825; baseline -0.005 -9"><span class='ocrx_word' id='word_1_1511' title='bbox 1365 2785 1447 2816; x_wconf 88' lang='lat' dir='ltr'>seruit</span> <span class='ocrx_word' id='word_1_1512' title='bbox 1466 2787 1494 2816; x_wconf 88' lang='lat' dir='ltr'>in</span> <span class='ocrx_word' id='word_1_1513' title='bbox 1514 2787 1599 2818; x_wconf 87' lang='lat' dir='ltr'>literis</span> <span class='ocrx_word' id='word_1_1514' title='bbox 1620 2785 1781 2824; x_wconf 59' lang='lat' dir='ltr'>supradietis</span> <span class='ocrx_word' id='word_1_1515' title='bbox 1795 2809 1805 2824; x_wconf 91' lang='lat'>,</span> <span class='ocrx_word' id='word_1_1516' title='bbox 1822 2786 1855 2816; x_wconf 90' lang='lat'>&amp;</span> <span class='ocrx_word' id='word_1_1517' title='bbox 1870 2794 1901 2815; x_wconf 87' lang='lat' dir='ltr'>ut</span> <span class='ocrx_word' id='word_1_1518' title='bbox 1914 2784 1986 2815; x_wconf 88' lang='lat' dir='ltr'>dixit</span> <span class='ocrx_word' id='word_1_1519' title='bbox 1999 2783 2091 2815; x_wconf 91' lang='lat' dir='ltr'>verbo</span> <span class='ocrx_word' id='word_1_1520' title='bbox 2104 2767 2205 2813; x_wconf 72' lang='lat' dir='ltr'>nostris</span> <span class='ocrx_word' id='word_1_1521' title='bbox 2221 2782 2349 2812; x_wconf 91' lang='lat' dir='ltr'>Nunciis</span> <span class='ocrx_word' id='word_1_1522' title='bbox 2363 2791 2426 2825; x_wconf 83' lang='lat' dir='ltr'>me·</span> 
     </span>
     <span class='ocr_line' id='line_1_177' title="bbox 1366 2820 2424 2863; baseline -0.005 -8"><span class='ocrx_word' id='word_1_1523' title='bbox 1366 2826 1496 2863; x_wconf 73' lang='lat' dir='ltr'>moratis,</span> <span class='ocrx_word' id='word_1_1524' title='bbox 1515 2824 1680 2863; x_wconf 90' lang='lat' dir='ltr'>quibusdam</span> <span class='ocrx_word' id='word_1_1525' title='bbox 1696 2824 1732 2855; x_wconf 91' lang='lat' dir='ltr'>de</span> <span class='ocrx_word' id='word_1_1526' title='bbox 1744 2823 1872 2855; x_wconf 90' lang='lat' dir='ltr'>Consilio</span> <span class='ocrx_word' id='word_1_1527' title='bbox 1887 2822 1955 2861; x_wconf 91' lang='lat' dir='ltr'>suo,</span> <span class='ocrx_word' id='word_1_1528' title='bbox 1974 2822 2024 2860; x_wconf 87' lang='lat' dir='ltr'>qui</span> <span class='ocrx_word' id='word_1_1529' title='bbox 2040 2830 2073 2852; x_wconf 82' lang='lat' dir='ltr'>ex</span> <span class='ocrx_word' id='word_1_1530' title='bbox 2088 2829 2165 2860; x_wconf 88' lang='lat' dir='ltr'>parte</span> <span class='ocrx_word' id='word_1_1531' title='bbox 2179 2820 2262 2859; x_wconf 84' lang='lat' dir='ltr'>ipsius</span> <span class='ocrx_word' id='word_1_1532' title='bbox 2276 2821 2361 2851; x_wconf 89' lang='lat' dir='ltr'>nobis</span> <span class='ocrx_word' id='word_1_1533' title='bbox 2375 2820 2424 2850; x_wconf 91' lang='lat' dir='ltr'>ali-</span> 
     </span>
     <span class='ocr_line' id='line_1_178' title="bbox 1367 2861 2310 2903; baseline -0.003 -11"><span class='ocrx_word' id='word_1_1534' title='bbox 1367 2873 1454 2902; x_wconf 88' lang='lat' dir='ltr'>quem</span> <span class='ocrx_word' id='word_1_1535' title='bbox 1467 2865 1617 2894; x_wconf 69' lang='lat' dir='ltr'>tratstatum</span> <span class='ocrx_word' id='word_1_1536' title='bbox 1635 2864 1709 2901; x_wconf 90' lang='lat' dir='ltr'>pacis</span> <span class='ocrx_word' id='word_1_1537' title='bbox 1722 2862 1842 2902; x_wconf 77' lang='lat' dir='ltr'>apertius</span> <span class='ocrx_word' id='word_1_1538' title='bbox 1854 2861 2035 2892; x_wconf 88' lang='lat' dir='ltr'>declararent.</span> <span class='ocrx_word' id='word_1_1539' title='bbox 2175 2898 2190 2903; x_wconf 91' lang='lat'>..</span> <span class='ocrx_word' id='word_1_1540' title='bbox 2304 2898 2310 2903; x_wconf 95' lang='lat'>.</span> 
     </span>
    </p>

    <p class='ocr_par' dir='ltr' id='par_1_58' title="bbox 1365 2896 2430 3048">
     <span class='ocr_line' id='line_1_179' title="bbox 1401 2896 2429 2940; baseline -0.005 -9"><span class='ocrx_word' id='word_1_1541' title='bbox 1401 2901 1544 2933; x_wconf 66' lang='lat' dir='ltr'>praetextu</span> <span class='ocrx_word' id='word_1_1542' title='bbox 1565 2911 1684 2940; x_wconf 90' lang='lat' dir='ltr'>quarum</span> <span class='ocrx_word' id='word_1_1543' title='bbox 1704 2901 1847 2932; x_wconf 90' lang='lat' dir='ltr'>literarum</span> <span class='ocrx_word' id='word_1_1544' title='bbox 1862 2901 1895 2931; x_wconf 91' lang='lat'>&amp;</span> <span class='ocrx_word' id='word_1_1545' title='bbox 1907 2900 2064 2930; x_wconf 90' lang='lat' dir='ltr'>verborum</span> <span class='ocrx_word' id='word_1_1546' title='bbox 2077 2897 2205 2928; x_wconf 89' lang='lat' dir='ltr'>Nunciis</span> <span class='ocrx_word' id='word_1_1547' title='bbox 2222 2896 2324 2928; x_wconf 86' lang='lat' dir='ltr'>nostris</span> <span class='ocrx_word' id='word_1_1548' title='bbox 2339 2906 2429 2936; x_wconf 81' lang='lat' dir='ltr'>expo-</span> 
     </span>
     <span class='ocr_line' id='line_1_180' title="bbox 1367 2935 2430 2979; baseline -0.003 -9"><span class='ocrx_word' id='word_1_1549' title='bbox 1367 2939 1500 2979; x_wconf 86' lang='lat' dir='ltr'>sitorum,</span> <span class='ocrx_word' id='word_1_1550' title='bbox 1515 2951 1584 2979; x_wconf 79' lang='lat'>1108,</span> <span class='ocrx_word' id='word_1_1551' title='bbox 1602 2940 1774 2972; x_wconf 88' lang='lat' dir='ltr'>attendentes</span> <span class='ocrx_word' id='word_1_1552' title='bbox 1787 2939 1865 2977; x_wconf 89' lang='lat' dir='ltr'>quod</span> <span class='ocrx_word' id='word_1_1553' title='bbox 1877 2937 1969 2969; x_wconf 66' lang='lat' dir='ltr'>dietus</span> <span class='ocrx_word' id='word_1_1554' title='bbox 1983 2938 2119 2975; x_wconf 87' lang='lat' dir='ltr'>Princeps</span> <span class='ocrx_word' id='word_1_1555' title='bbox 2132 2935 2167 2966; x_wconf 93' lang='lat' dir='ltr'>ad</span> <span class='ocrx_word' id='word_1_1556' title='bbox 2181 2935 2284 2966; x_wconf 90' lang='lat' dir='ltr'>vistam</span> <span class='ocrx_word' id='word_1_1557' title='bbox 2298 2935 2430 2973; x_wconf 88' lang='lat' dir='ltr'>persona-</span> 
     </span>
     <span class='ocr_line' id='line_1_181' title="bbox 1365 2974 2429 3048; baseline -0.004 -39"><span class='ocrx_word' id='word_1_1558' title='bbox 1365 2979 1429 3048; x_wconf 56' lang='lat' dir='ltr'>}{ter</span> <span class='ocrx_word' id='word_1_1559' title='bbox 1440 2989 1501 3009; x_wconf 91' lang='lat' dir='ltr'>non</span> <span class='ocrx_word' id='word_1_1560' title='bbox 1515 2980 1661 3018; x_wconf 70' lang='lat' dir='ltr'>veniebat,</span> <span class='ocrx_word' id='word_1_1561' title='bbox 1680 2979 1773 3009; x_wconf 88' lang='lat' dir='ltr'>immo</span> <span class='ocrx_word' id='word_1_1562' title='bbox 1787 2978 1909 3008; x_wconf 83' lang='lat' dir='ltr'>habierat</span> <span class='ocrx_word' id='word_1_1563' title='bbox 1923 2978 1980 3007; x_wconf 89' lang='lat' dir='ltr'>vias</span> <span class='ocrx_word' id='word_1_1564' title='bbox 1994 2976 2069 3015; x_wconf 88' lang='lat' dir='ltr'>suas,</span> <span class='ocrx_word' id='word_1_1565' title='bbox 2087 2975 2222 3006; x_wconf 88' lang='lat' dir='ltr'>nolumus</span> <span class='ocrx_word' id='word_1_1566' title='bbox 2242 2975 2281 3005; x_wconf 88' lang='lat' dir='ltr'>ire</span> <span class='ocrx_word' id='word_1_1567' title='bbox 2295 2974 2429 3013; x_wconf 85' lang='lat' dir='ltr'>persona-</span> 
     </span>
    </p>

    <p class='ocr_par' dir='ltr' id='par_1_59' title="bbox 1387 3025 1442 3048">
     <span class='ocr_line' id='line_1_182' title="bbox 1387 3025 1442 3048; baseline -0.018 0"><span class='ocrx_word' id='word_1_1568' title='bbox 1387 3025 1442 3048; x_wconf 86' lang='lat' dir='ltr'>ter·</span> 
     </span>
    </p>

    <p class='ocr_par' dir='ltr' id='par_1_60' title="bbox 1366 3041 2431 3170">
     <span class='ocr_line' id='line_1_183' title="bbox 1404 3041 2431 3091; baseline -0.006 -5"><span class='ocrx_word' id='word_1_1569' title='bbox 1404 3041 1453 3086; x_wconf 83' lang='lat' dir='ltr'>Se’t</span> <span class='ocrx_word' id='word_1_1570' title='bbox 1468 3055 1593 3086; x_wconf 87' lang='lat' dir='ltr'>misimus</span> <span class='ocrx_word' id='word_1_1571' title='bbox 1607 3055 1797 3087; x_wconf 89' lang='lat' dir='ltr'>venerabilem</span> <span class='ocrx_word' id='word_1_1572' title='bbox 1810 3055 1843 3085; x_wconf 74' lang='grc' dir='ltr'>δε</span> <span class='ocrx_word' id='word_1_1573' title='bbox 1859 3053 2020 3091; x_wconf 87' lang='lat' dir='ltr'>religiosum</span> <span class='ocrx_word' id='word_1_1574' title='bbox 2035 3053 2147 3090; x_wconf 85' lang='lat' dir='ltr'>virum,</span> <span class='ocrx_word' id='word_1_1575' title='bbox 2166 3051 2281 3082; x_wconf 88' lang='lat' dir='ltr'>fratrem</span> <span class='ocrx_word' id='word_1_1576' title='bbox 2288 3050 2431 3081; x_wconf 86' lang='lat' dir='ltr'>Raimun-</span> 
     </span>
     <span class='ocr_line' id='line_1_184' title="bbox 1366 3088 2425 3132; baseline -0.006 -7"><span class='ocrx_word' id='word_1_1577' title='bbox 1366 3094 1437 3125; x_wconf 92' lang='lat' dir='ltr'>dum</span> <span class='ocrx_word' id='word_1_1578' title='bbox 1450 3092 1486 3124; x_wconf 90' lang='lat' dir='ltr'>de</span> <span class='ocrx_word' id='word_1_1579' title='bbox 1501 3094 1636 3132; x_wconf 89' lang='lat' dir='ltr'>Ribellis,</span> <span class='ocrx_word' id='word_1_1580' title='bbox 1653 3095 1687 3125; x_wconf 92' lang='lat'>&amp;</span> <span class='ocrx_word' id='word_1_1581' title='bbox 1700 3093 1819 3124; x_wconf 64' lang='lat' dir='ltr'>dilectos</span> <span class='ocrx_word' id='word_1_1582' title='bbox 1834 3092 1946 3123; x_wconf 86' lang='lat' dir='ltr'>nostros</span> <span class='ocrx_word' id='word_1_1583' title='bbox 1960 3092 2001 3123; x_wconf 87' lang='lat' dir='ltr'>G.</span> <span class='ocrx_word' id='word_1_1584' title='bbox 2015 3090 2186 3130; x_wconf 84' lang='lat' dir='ltr'>Durifortis,</span> <span class='ocrx_word' id='word_1_1585' title='bbox 2205 3091 2238 3121; x_wconf 91' lang='lat'>&amp;</span> <span class='ocrx_word' id='word_1_1586' title='bbox 2251 3088 2425 3120; x_wconf 87' lang='lat' dir='ltr'>Bernardum</span> 
     </span>
     <span class='ocr_line' id='line_1_185' title="bbox 1368 3131 1927 3170; baseline -0.005 -6"><span class='ocrx_word' id='word_1_1587' title='bbox 1368 3132 1529 3164; x_wconf 91' lang='lat' dir='ltr'>Guillielmi</span> <span class='ocrx_word' id='word_1_1588' title='bbox 1542 3132 1579 3163; x_wconf 87' lang='lat' dir='ltr'>de</span> <span class='ocrx_word' id='word_1_1589' title='bbox 1594 3132 1708 3163; x_wconf 88' lang='lat' dir='ltr'>Pinellis</span> <span class='ocrx_word' id='word_1_1590' title='bbox 1721 3131 1908 3170; x_wconf 88' lang='lat' dir='ltr'>jurisperitum</span> <span class='ocrx_word' id='word_1_1591' title='bbox 1917 3155 1927 3170; x_wconf 91' lang='lat'>,</span> 
     </span>
    </p>

    <p class='ocr_par' dir='ltr' id='par_1_61' title="bbox 1365 3166 2432 3356">
     <span class='ocr_line' id='line_1_186' title="bbox 1406 3166 2430 3210; baseline -0.005 -10"><span class='ocrx_word' id='word_1_1592' title='bbox 1406 3171 1469 3210; x_wconf 84' lang='lat' dir='ltr'>Qii</span> <span class='ocrx_word' id='word_1_1593' title='bbox 1487 3171 1521 3200; x_wconf 88' lang='lat' dir='ltr'>ad</span> <span class='ocrx_word' id='word_1_1594' title='bbox 1546 3180 1636 3209; x_wconf 81' lang='lat' dir='ltr'>partes</span> <span class='ocrx_word' id='word_1_1595' title='bbox 1656 3170 1833 3208; x_wconf 72' lang='lat' dir='ltr'>Empurdaui</span> <span class='ocrx_word' id='word_1_1596' title='bbox 1853 3170 1952 3200; x_wconf 84' lang='lat' dir='ltr'>nostro</span> <span class='ocrx_word' id='word_1_1597' title='bbox 1973 3169 2093 3199; x_wconf 89' lang='lat' dir='ltr'>nomine</span> <span class='ocrx_word' id='word_1_1598' title='bbox 2106 3166 2298 3204; x_wconf 73' lang='lat' dir='ltr'>accesserunt,</span> <span class='ocrx_word' id='word_1_1599' title='bbox 2313 3167 2347 3198; x_wconf 91' lang='lat'>&amp;</span> <span class='ocrx_word' id='word_1_1600' title='bbox 2359 3175 2430 3197; x_wconf 88' lang='lat' dir='ltr'>cum</span> 
     </span>
     <span class='ocr_line' id='line_1_187' title="bbox 1367 3203 2428 3249; baseline -0.004 -10"><span class='ocrx_word' id='word_1_1601' title='bbox 1367 3210 1574 3240; x_wconf 85' lang='lat' dir='ltr'>venerabilibus</span> <span class='ocrx_word' id='word_1_1602' title='bbox 1589 3233 1597 3246; x_wconf 81' lang='lat'>,</span> <span class='ocrx_word' id='word_1_1603' title='bbox 1624 3209 1722 3239; x_wconf 81' lang='lat' dir='ltr'>Priore</span> <span class='ocrx_word' id='word_1_1604' title='bbox 1743 3209 1840 3239; x_wconf 60' lang='lat' dir='ltr'>Sancti</span> <span class='ocrx_word' id='word_1_1605' title='bbox 1861 3208 1956 3249; x_wconf 84' lang='lat' dir='ltr'>Egidii</span> <span class='ocrx_word' id='word_1_1606' title='bbox 1974 3231 1985 3245; x_wconf 90' lang='lat'>,</span> <span class='ocrx_word' id='word_1_1607' title='bbox 1998 3209 2031 3239; x_wconf 88' lang='lat'>&amp;</span> <span class='ocrx_word' id='word_1_1608' title='bbox 2049 3205 2261 3237; x_wconf 78' lang='lat' dir='ltr'>Bartholomaeo</span> <span class='ocrx_word' id='word_1_1609' title='bbox 2274 3204 2310 3235; x_wconf 92' lang='lat' dir='ltr'>de</span> <span class='ocrx_word' id='word_1_1610' title='bbox 2325 3203 2428 3245; x_wconf 68' lang='lat' dir='ltr'>Capua</span> 
     </span>
     <span class='ocr_line' id='line_1_188' title="bbox 1365 3244 2431 3287; baseline -0.006 -9"><span class='ocrx_word' id='word_1_1611' title='bbox 1365 3249 1438 3287; x_wconf 87' lang='lat' dir='ltr'>Juris</span> <span class='ocrx_word' id='word_1_1612' title='bbox 1466 3247 1568 3278; x_wconf 90' lang='lat' dir='ltr'>Civilis</span> <span class='ocrx_word' id='word_1_1613' title='bbox 1589 3247 1751 3278; x_wconf 83' lang='lat' dir='ltr'>Professore</span> <span class='ocrx_word' id='word_1_1614' title='bbox 1766 3271 1775 3286; x_wconf 91' lang='lat'>,</span> <span class='ocrx_word' id='word_1_1615' title='bbox 1801 3258 1833 3278; x_wconf 87' lang='lat' dir='ltr'>ac</span> <span class='ocrx_word' id='word_1_1616' title='bbox 1855 3247 1938 3278; x_wconf 84' lang='lat' dir='ltr'>fratre</span> <span class='ocrx_word' id='word_1_1617' title='bbox 1960 3246 1991 3277; x_wconf 94' lang='lat' dir='ltr'>B.</span> <span class='ocrx_word' id='word_1_1618' title='bbox 2019 3245 2131 3276; x_wconf 90' lang='lat' dir='ltr'>Abbate</span> <span class='ocrx_word' id='word_1_1619' title='bbox 2151 3244 2357 3282; x_wconf 69' lang='lat' dir='ltr'>Simque-(qui</span> <span class='ocrx_word' id='word_1_1620' title='bbox 2378 3252 2431 3281; x_wconf 90' lang='lat' dir='ltr'>pro</span> 
     </span>
     <span class='ocr_line' id='line_1_189' title="bbox 1369 3281 2432 3325; baseline -0.005 -9"><span class='ocrx_word' id='word_1_1621' title='bbox 1369 3286 1510 3325; x_wconf 61' lang='lat' dir='ltr'>praedietis</span> <span class='ocrx_word' id='word_1_1622' title='bbox 1531 3295 1565 3316; x_wconf 84' lang='lat' dir='ltr'>ex</span> <span class='ocrx_word' id='word_1_1623' title='bbox 1586 3295 1664 3323; x_wconf 88' lang='lat' dir='ltr'>parte</span> <span class='ocrx_word' id='word_1_1624' title='bbox 1683 3286 1753 3316; x_wconf 75' lang='lat' dir='ltr'>dicti</span> <span class='ocrx_word' id='word_1_1625' title='bbox 1777 3286 1916 3324; x_wconf 89' lang='lat' dir='ltr'>Principis</span> <span class='ocrx_word' id='word_1_1626' title='bbox 1935 3282 2196 3321; x_wconf 74' lang='lat' dir='ltr'>venerantWtstam</span> <span class='ocrx_word' id='word_1_1627' title='bbox 2208 3281 2316 3313; x_wconf 88' lang='lat' dir='ltr'>ibidem</span> <span class='ocrx_word' id='word_1_1628' title='bbox 2326 3281 2432 3312; x_wconf 87' lang='lat' dir='ltr'>habue-</span> 
     </span>
     <span class='ocr_line' id='line_1_190' title="bbox 1370 3335 1450 3356; baseline 0.013 -1"><span class='ocrx_word' id='word_1_1629' title='bbox 1370 3335 1450 3356; x_wconf 89' lang='lat' dir='ltr'>runt·</span> 
     </span>
    </p>

    <p class='ocr_par' dir='ltr' id='par_1_62' title="bbox 1370 3349 2429 3510">
     <span class='ocr_line' id='line_1_191' title="bbox 1409 3349 2429 3402; baseline -0.005 -9"><span class='ocrx_word' id='word_1_1630' title='bbox 1409 3349 1523 3402; x_wconf 60' lang='lat' dir='ltr'>Qubus</span> <span class='ocrx_word' id='word_1_1631' title='bbox 1544 3363 1672 3401; x_wconf 69' lang='lat' dir='ltr'>praediffi</span> <span class='ocrx_word' id='word_1_1632' title='bbox 1692 3362 1806 3394; x_wconf 90' lang='lat' dir='ltr'>Nuncii</span> <span class='ocrx_word' id='word_1_1633' title='bbox 1826 3363 1964 3400; x_wconf 87' lang='lat' dir='ltr'>Principis</span> <span class='ocrx_word' id='word_1_1634' title='bbox 1979 3386 1989 3399; x_wconf 92' lang='lat'>,</span> <span class='ocrx_word' id='word_1_1635' title='bbox 2007 3360 2057 3391; x_wconf 92' lang='lat' dir='ltr'>sub</span> <span class='ocrx_word' id='word_1_1636' title='bbox 2070 3359 2176 3390; x_wconf 67' lang='lat' dir='ltr'>fictitiae</span> <span class='ocrx_word' id='word_1_1637' title='bbox 2188 3358 2264 3396; x_wconf 90' lang='lat' dir='ltr'>pacis</span> <span class='ocrx_word' id='word_1_1638' title='bbox 2278 3356 2429 3389; x_wconf 77' lang='lat' dir='ltr'>simulatio-</span> 
     </span>
     <span class='ocr_line' id='line_1_192' title="bbox 1370 3397 2428 3441; baseline -0.007 -9"><span class='ocrx_word' id='word_1_1639' title='bbox 1370 3412 1408 3432; x_wconf 92' lang='lat' dir='ltr'>ne</span> <span class='ocrx_word' id='word_1_1640' title='bbox 1418 3427 1428 3441; x_wconf 91' lang='lat'>,</span> <span class='ocrx_word' id='word_1_1641' title='bbox 1453 3401 1605 3432; x_wconf 89' lang='lat' dir='ltr'>retulerunt</span> <span class='ocrx_word' id='word_1_1642' title='bbox 1624 3401 1754 3439; x_wconf 81' lang='lat' dir='ltr'>quaedam</span> <span class='ocrx_word' id='word_1_1643' title='bbox 1768 3426 1778 3440; x_wconf 89' lang='lat'>,</span> <span class='ocrx_word' id='word_1_1644' title='bbox 1804 3411 1869 3440; x_wconf 77' lang='lat' dir='ltr'>quae</span> <span class='ocrx_word' id='word_1_1645' title='bbox 1883 3423 1893 3439; x_wconf 91' lang='lat'>,</span> <span class='ocrx_word' id='word_1_1646' title='bbox 1914 3410 1967 3431; x_wconf 91' lang='lat' dir='ltr'>nec</span> <span class='ocrx_word' id='word_1_1647' title='bbox 1981 3400 2071 3437; x_wconf 82' lang='lat' dir='ltr'>pacis,</span> <span class='ocrx_word' id='word_1_1648' title='bbox 2088 3408 2142 3428; x_wconf 91' lang='lat' dir='ltr'>nec</span> <span class='ocrx_word' id='word_1_1649' title='bbox 2156 3397 2321 3428; x_wconf 83' lang='lat' dir='ltr'>concordiae</span> <span class='ocrx_word' id='word_1_1650' title='bbox 2335 3397 2428 3439; x_wconf 74' lang='lat' dir='ltr'>viam,</span> 
     </span>
     <span class='ocr_line' id='line_1_193' title="bbox 1371 3436 2429 3508; baseline -0.009 -36"><span class='ocrx_word' id='word_1_1651' title='bbox 1371 3442 1409 3472; x_wconf 87' lang='lat' dir='ltr'>set</span> <span class='ocrx_word' id='word_1_1652' title='bbox 1429 3441 1522 3508; x_wconf 77' lang='lat' dir='ltr'>potibus</span> <span class='ocrx_word' id='word_1_1653' title='bbox 1542 3439 1688 3470; x_wconf 85' lang='lat' dir='ltr'>discordiae</span> <span class='ocrx_word' id='word_1_1654' title='bbox 1700 3463 1710 3479; x_wconf 91' lang='lat'>,</span> <span class='ocrx_word' id='word_1_1655' title='bbox 1736 3441 1770 3471; x_wconf 90' lang='lat'>&amp;</span> <span class='ocrx_word' id='word_1_1656' title='bbox 1790 3449 1850 3470; x_wconf 90' lang='lat' dir='ltr'>non</span> <span class='ocrx_word' id='word_1_1657' title='bbox 1874 3439 1998 3470; x_wconf 82' lang='lat' dir='ltr'>modicae</span> <span class='ocrx_word' id='word_1_1658' title='bbox 2017 3436 2124 3467; x_wconf 79' lang='lat' dir='ltr'>nostrae</span> <span class='ocrx_word' id='word_1_1659' title='bbox 2142 3436 2260 3467; x_wconf 80' lang='lat' dir='ltr'>laesionis</span> <span class='ocrx_word' id='word_1_1660' title='bbox 2285 3441 2429 3466; x_wconf 87' lang='lat' dir='ltr'>materiam</span> 
     </span>
     <span class='ocr_line' id='line_1_194' title="bbox 1371 3487 1564 3510; baseline -0.01 0"><span class='ocrx_word' id='word_1_1661' title='bbox 1371 3489 1488 3510; x_wconf 87' lang='lat' dir='ltr'>contine</span> <span class='ocrx_word' id='word_1_1662' title='bbox 1509 3487 1564 3509; x_wconf 86' lang='lat' dir='ltr'>ant.</span> 
     </span>
    </p>

    <p class='ocr_par' dir='ltr' id='par_1_63' title="bbox 1371 3508 2431 3815">
     <span class='ocr_line' id='line_1_195' title="bbox 1409 3508 2429 3556; baseline -0.01 -8"><span class='ocrx_word' id='word_1_1663' title='bbox 1409 3516 1544 3548; x_wconf 87' lang='lat' dir='ltr'>Attendat</span> <span class='ocrx_word' id='word_1_1664' title='bbox 1556 3517 1638 3556; x_wconf 86' lang='lat' dir='ltr'>igitur</span> <span class='ocrx_word' id='word_1_1665' title='bbox 1651 3515 1743 3546; x_wconf 86' lang='lat' dir='ltr'>vestra</span> <span class='ocrx_word' id='word_1_1666' title='bbox 1753 3514 1959 3553; x_wconf 62' lang='lat' dir='ltr'>circumspecta</span> <span class='ocrx_word' id='word_1_1667' title='bbox 1971 3514 2102 3544; x_wconf 89' lang='lat' dir='ltr'>discretio</span> <span class='ocrx_word' id='word_1_1668' title='bbox 2116 3514 2150 3544; x_wconf 91' lang='lat'>&amp;</span> <span class='ocrx_word' id='word_1_1669' title='bbox 2163 3511 2255 3556; x_wconf 74' lang='lat' dir='ltr'>Regia</span> <span class='ocrx_word' id='word_1_1670' title='bbox 2265 3508 2411 3554; x_wconf 69' lang='lat' dir='ltr'>Celfitiido</span> <span class='ocrx_word' id='word_1_1671' title='bbox 2419 3533 2429 3548; x_wconf 88' lang='lat'>,</span> 
     </span>
     <span class='ocr_line' id='line_1_196' title="bbox 1372 3547 2430 3595; baseline -0.009 -9"><span class='ocrx_word' id='word_1_1672' title='bbox 1372 3556 1490 3594; x_wconf 86' lang='lat' dir='ltr'>qualiter</span> <span class='ocrx_word' id='word_1_1673' title='bbox 1504 3555 1595 3585; x_wconf 69' lang='lat' dir='ltr'>dietus</span> <span class='ocrx_word' id='word_1_1674' title='bbox 1612 3554 1746 3595; x_wconf 90' lang='lat' dir='ltr'>Princeps</span> <span class='ocrx_word' id='word_1_1675' title='bbox 1761 3556 1822 3593; x_wconf 91' lang='lat' dir='ltr'>(qui</span> <span class='ocrx_word' id='word_1_1676' title='bbox 1836 3556 1908 3585; x_wconf 90' lang='lat' dir='ltr'>inter</span> <span class='ocrx_word' id='word_1_1677' title='bbox 1922 3552 2086 3583; x_wconf 88' lang='lat' dir='ltr'>christianos</span> <span class='ocrx_word' id='word_1_1678' title='bbox 2101 3550 2248 3587; x_wconf 69' lang='lat' dir='ltr'>Principes</span> <span class='ocrx_word' id='word_1_1679' title='bbox 2263 3547 2430 3592; x_wconf 63' lang='lat' dir='ltr'>christianis7</span> 
     </span>
     <span class='ocr_line' id='line_1_197' title="bbox 1373 3585 2429 3632; baseline -0.009 -8"><span class='ocrx_word' id='word_1_1680' title='bbox 1373 3596 1457 3624; x_wconf 86' lang='lat' dir='ltr'>simus</span> <span class='ocrx_word' id='word_1_1681' title='bbox 1477 3594 1634 3630; x_wconf 81' lang='lat' dir='ltr'>putabatur)</span> <span class='ocrx_word' id='word_1_1682' title='bbox 1654 3594 1800 3624; x_wconf 89' lang='lat' dir='ltr'>honorum</span> <span class='ocrx_word' id='word_1_1683' title='bbox 1818 3593 1852 3624; x_wconf 79' lang='grc' dir='ltr'>δε</span> <span class='ocrx_word' id='word_1_1684' title='bbox 1873 3592 2022 3632; x_wconf 85' lang='lat' dir='ltr'>gratiarum</span> <span class='ocrx_word' id='word_1_1685' title='bbox 2035 3614 2044 3629; x_wconf 84' lang='lat'>,</span> <span class='ocrx_word' id='word_1_1686' title='bbox 2069 3598 2120 3629; x_wconf 92' lang='lat' dir='ltr'>per</span> <span class='ocrx_word' id='word_1_1687' title='bbox 2139 3598 2192 3619; x_wconf 91' lang='lat' dir='ltr'>nos</span> <span class='ocrx_word' id='word_1_1688' title='bbox 2206 3588 2240 3618; x_wconf 90' lang='lat'>&amp;</span> <span class='ocrx_word' id='word_1_1689' title='bbox 2253 3585 2365 3616; x_wconf 89' lang='lat' dir='ltr'>nostros</span> <span class='ocrx_word' id='word_1_1690' title='bbox 2379 3585 2429 3630; x_wconf 80' lang='lat' dir='ltr'>sibi</span> 
     </span>
     <span class='ocr_line' id='line_1_198' title="bbox 1372 3626 2429 3669; baseline -0.009 -7"><span class='ocrx_word' id='word_1_1691' title='bbox 1372 3632 1565 3669; x_wconf 68' lang='lat' dir='ltr'>multipliciter</span> <span class='ocrx_word' id='word_1_1692' title='bbox 1584 3632 1772 3669; x_wconf 88' lang='lat' dir='ltr'>impensarum</span> <span class='ocrx_word' id='word_1_1693' title='bbox 1786 3654 1796 3669; x_wconf 92' lang='lat'>,</span> <span class='ocrx_word' id='word_1_1694' title='bbox 1820 3631 1926 3661; x_wconf 90' lang='lat' dir='ltr'>oblitus</span> <span class='ocrx_word' id='word_1_1695' title='bbox 1940 3653 1951 3668; x_wconf 87' lang='lat'>,</span> <span class='ocrx_word' id='word_1_1696' title='bbox 1970 3629 1989 3650; x_wconf 69' lang='lat'>³¹²</span> <span class='ocrx_word' id='word_1_1697' title='bbox 2007 3635 2107 3659; x_wconf 89' lang='lat' dir='ltr'>contra</span> <span class='ocrx_word' id='word_1_1698' title='bbox 2121 3627 2202 3664; x_wconf 65' lang='lat' dir='ltr'>pad‘ta</span> <span class='ocrx_word' id='word_1_1699' title='bbox 2213 3626 2246 3656; x_wconf 90' lang='lat'>&amp;</span> <span class='ocrx_word' id='word_1_1700' title='bbox 2259 3632 2429 3668; x_wconf 75' lang='lat' dir='ltr'>conventio-</span> 
     </span>
     <span class='ocr_line' id='line_1_199' title="bbox 1373 3662 2431 3709; baseline -0.009 -9"><span class='ocrx_word' id='word_1_1701' title='bbox 1373 3680 1421 3700; x_wconf 69' lang='lat' dir='ltr'>nes</span> <span class='ocrx_word' id='word_1_1702' title='bbox 1442 3670 1589 3708; x_wconf 71' lang='lat' dir='ltr'>praedictas</span> <span class='ocrx_word' id='word_1_1703' title='bbox 1608 3669 1740 3708; x_wconf 80' lang='lat' dir='ltr'>processit</span> <span class='ocrx_word' id='word_1_1704' title='bbox 1753 3694 1763 3709; x_wconf 86' lang='lat'>,</span> <span class='ocrx_word' id='word_1_1705' title='bbox 1781 3672 1814 3701; x_wconf 88' lang='lat'>&amp;</span> <span class='ocrx_word' id='word_1_1706' title='bbox 1830 3669 1914 3699; x_wconf 90' lang='lat' dir='ltr'>nobis</span> <span class='ocrx_word' id='word_1_1707' title='bbox 1929 3669 1962 3699; x_wconf 90' lang='lat'>&amp;</span> <span class='ocrx_word' id='word_1_1708' title='bbox 1977 3667 2078 3705; x_wconf 84' lang='lat' dir='ltr'>vobis,</span> <span class='ocrx_word' id='word_1_1709' title='bbox 2094 3665 2145 3696; x_wconf 90' lang='lat' dir='ltr'>sub</span> <span class='ocrx_word' id='word_1_1710' title='bbox 2158 3664 2319 3706; x_wconf 68' lang='lat' dir='ltr'>velamento</span> <span class='ocrx_word' id='word_1_1711' title='bbox 2332 3662 2431 3707; x_wconf 67' lang='lat' dir='ltr'>pacui-</span> 
     </span>
     <span class='ocr_line' id='line_1_200' title="bbox 1373 3701 2430 3747; baseline -0.006 -9"><span class='ocrx_word' id='word_1_1712' title='bbox 1373 3718 1412 3738; x_wconf 95' lang='lat' dir='ltr'>co</span> <span class='ocrx_word' id='word_1_1713' title='bbox 1425 3733 1434 3746; x_wconf 88' lang='lat'>,</span> <span class='ocrx_word' id='word_1_1714' title='bbox 1459 3707 1501 3738; x_wconf 91' lang='lat' dir='ltr'>est</span> <span class='ocrx_word' id='word_1_1715' title='bbox 1521 3708 1676 3746; x_wconf 71' lang='lat' dir='ltr'>loquutu83</span> <span class='ocrx_word' id='word_1_1716' title='bbox 1701 3710 1735 3740; x_wconf 90' lang='lat'>&amp;</span> <span class='ocrx_word' id='word_1_1717' title='bbox 1757 3708 1874 3746; x_wconf 88' lang='lat' dir='ltr'>qualiter</span> <span class='ocrx_word' id='word_1_1718' title='bbox 1893 3708 1977 3737; x_wconf 90' lang='lat' dir='ltr'>etiam</span> <span class='ocrx_word' id='word_1_1719' title='bbox 1999 3715 2052 3736; x_wconf 92' lang='lat' dir='ltr'>vos</span> <span class='ocrx_word' id='word_1_1720' title='bbox 2066 3728 2077 3743; x_wconf 93' lang='lat'>,</span> <span class='ocrx_word' id='word_1_1721' title='bbox 2093 3705 2188 3747; x_wconf 78' lang='lat' dir='ltr'>immo</span> <span class='ocrx_word' id='word_1_1722' title='bbox 2201 3710 2319 3744; x_wconf 42' lang='lat' dir='ltr'>nosffn</span> <span class='ocrx_word' id='word_1_1723' title='bbox 2331 3701 2430 3746; x_wconf 71' lang='lat' dir='ltr'>vestris</span> 
     </span>
     <span class='ocr_line' id='line_1_201' title="bbox 1371 3743 2430 3814; baseline -0.005 -38"><span class='ocrx_word' id='word_1_1724' title='bbox 1371 3747 1490 3776; x_wconf 86' lang='lat' dir='ltr'>brachiis</span> <span class='ocrx_word' id='word_1_1725' title='bbox 1494 3745 1681 3814; x_wconf 73' lang='lat' dir='ltr'>ssdormientes</span> <span class='ocrx_word' id='word_1_1726' title='bbox 1695 3771 1705 3785; x_wconf 78' lang='lat'>,</span> <span class='ocrx_word' id='word_1_1727' title='bbox 1731 3747 1747 3776; x_wconf 77' lang='lat' dir='ltr'>a</span> <span class='ocrx_word' id='word_1_1728' title='bbox 1765 3744 1912 3784; x_wconf 78' lang='lat' dir='ltr'>praemiss‘is</span> <span class='ocrx_word' id='word_1_1729' title='bbox 1933 3743 2094 3779; x_wconf 85' lang='lat' dir='ltr'>deviando,</span> <span class='ocrx_word' id='word_1_1730' title='bbox 2111 3748 2318 3771; x_wconf 88' lang='lat' dir='ltr'>circumvenire</span> <span class='ocrx_word' id='word_1_1731' title='bbox 2333 3748 2430 3771; x_wconf 89' lang='lat' dir='ltr'>nititur</span> 
     </span>
     <span class='ocr_line' id='line_1_202' title="bbox 1372 3793 1540 3815; baseline -0.012 0"><span class='ocrx_word' id='word_1_1732' title='bbox 1372 3793 1436 3815; x_wconf 87' lang='lat' dir='ltr'>toto</span> <span class='ocrx_word' id='word_1_1733' title='bbox 1471 3795 1491 3815; x_wconf 96' lang='lat' dir='ltr'>o</span> <span class='ocrx_word' id='word_1_1734' title='bbox 1517 3795 1540 3814; x_wconf 90' lang='lat' dir='ltr'>e.</span> 
     </span>
    </p>

    <p class='ocr_par' dir='ltr' id='par_1_64' title="bbox 1372 3795 2434 4037">
     <span class='ocr_line' id='line_1_203' title="bbox 1408 3795 2430 3866; baseline -0.008 -12"><span class='ocrx_word' id='word_1_1735' title='bbox 1408 3795 1519 3853; x_wconf 67' lang='lat' dir='ltr'>Exphiis</span> <span class='ocrx_word' id='word_1_1736' title='bbox 1535 3823 1635 3866; x_wconf 79' lang='lat' dir='ltr'>igitur,</span> <span class='ocrx_word' id='word_1_1737' title='bbox 1654 3833 1718 3861; x_wconf 83' lang='lat' dir='ltr'>quae</span> <span class='ocrx_word' id='word_1_1738' title='bbox 1731 3822 1806 3853; x_wconf 71' lang='lat' dir='ltr'>dicia</span> <span class='ocrx_word' id='word_1_1739' title='bbox 1822 3821 1901 3859; x_wconf 82' lang='lat' dir='ltr'>sunt,</span> <span class='ocrx_word' id='word_1_1740' title='bbox 1919 3818 2062 3851; x_wconf 89' lang='lat' dir='ltr'>evidenter</span> <span class='ocrx_word' id='word_1_1741' title='bbox 2071 3824 2205 3859; x_wconf 34' lang='lat' dir='ltr'>„apparere</span> <span class='ocrx_word' id='word_1_1742' title='bbox 2220 3814 2430 3860; x_wconf 25' lang='lat' dir='ltr'>potestnvelstrae</span> 
     </span>
     <span class='ocr_line' id='line_1_204' title="bbox 1372 3853 2431 3901; baseline -0.007 -10"><span class='ocrx_word' id='word_1_1743' title='bbox 1372 3861 1474 3901; x_wconf 78' lang='lat' dir='ltr'>Regiae</span> <span class='ocrx_word' id='word_1_1744' title='bbox 1494 3860 1637 3899; x_wconf 73' lang='lat' dir='ltr'>Majestati</span> <span class='ocrx_word' id='word_1_1745' title='bbox 1649 3886 1659 3899; x_wconf 91' lang='lat'>,</span> <span class='ocrx_word' id='word_1_1746' title='bbox 1675 3860 1828 3900; x_wconf 90' lang='lat' dir='ltr'>quomodo</span> <span class='ocrx_word' id='word_1_1747' title='bbox 1843 3859 1977 3895; x_wconf 88' lang='lat' dir='ltr'>Princeps</span> <span class='ocrx_word' id='word_1_1748' title='bbox 1991 3854 2139 3894; x_wconf 65' lang='lat' dir='ltr'>praedictus</span> <span class='ocrx_word' id='word_1_1749' title='bbox 2153 3862 2184 3882; x_wconf 91' lang='lat' dir='ltr'>in</span> <span class='ocrx_word' id='word_1_1750' title='bbox 2198 3863 2297 3897; x_wconf 82' lang='lat' dir='ltr'>poenas</span> <span class='ocrx_word' id='word_1_1751' title='bbox 2312 3853 2431 3899; x_wconf 82' lang='lat' dir='ltr'>incidit,</span> 
     </span>
     <span class='ocr_line' id='line_1_205' title="bbox 1373 3890 2431 3937; baseline -0.007 -7"><span class='ocrx_word' id='word_1_1752' title='bbox 1373 3901 1404 3930; x_wconf 89' lang='lat' dir='ltr'>in</span> <span class='ocrx_word' id='word_1_1753' title='bbox 1418 3899 1558 3937; x_wconf 69' lang='lat' dir='ltr'>praediffls</span> <span class='ocrx_word' id='word_1_1754' title='bbox 1574 3900 1662 3937; x_wconf 62' lang='lat' dir='ltr'>pactis</span> <span class='ocrx_word' id='word_1_1755' title='bbox 1675 3901 1722 3930; x_wconf 90' lang='lat' dir='ltr'>seu</span> <span class='ocrx_word' id='word_1_1756' title='bbox 1734 3897 1976 3930; x_wconf 90' lang='lat' dir='ltr'>conventionibus</span> <span class='ocrx_word' id='word_1_1757' title='bbox 1987 3890 2218 3929; x_wconf 81' lang='lat' dir='ltr'>comprehensas3</span> <span class='ocrx_word' id='word_1_1758' title='bbox 2238 3902 2303 3930; x_wconf 87' lang='lat' dir='ltr'>quia</span> <span class='ocrx_word' id='word_1_1759' title='bbox 2312 3892 2346 3922; x_wconf 93' lang='lat' dir='ltr'>ad</span> <span class='ocrx_word' id='word_1_1760' title='bbox 2353 3892 2431 3923; x_wconf 87' lang='lat' dir='ltr'>diem</span> 
     </span>
     <span class='ocr_line' id='line_1_206' title="bbox 1373 3929 2434 3976; baseline -0.008 -8"><span class='ocrx_word' id='word_1_1761' title='bbox 1373 3937 1516 3976; x_wconf 81' lang='lat' dir='ltr'>praefixam</span> <span class='ocrx_word' id='word_1_1762' title='bbox 1528 3947 1588 3968; x_wconf 91' lang='lat' dir='ltr'>non</span> <span class='ocrx_word' id='word_1_1763' title='bbox 1600 3938 1758 3976; x_wconf 90' lang='lat' dir='ltr'>complevit</span> <span class='ocrx_word' id='word_1_1764' title='bbox 1766 3961 1776 3975; x_wconf 85' lang='lat'><em>‚</em></span> <span class='ocrx_word' id='word_1_1765' title='bbox 1815 3946 1858 3967; x_wconf 88' lang='lat' dir='ltr'>uae</span> <span class='ocrx_word' id='word_1_1766' title='bbox 1872 3932 2019 3969; x_wconf 86' lang='lat' dir='ltr'>complere</span> <span class='ocrx_word' id='word_1_1767' title='bbox 2030 3930 2176 3962; x_wconf 81' lang='lat' dir='ltr'>tenebatur</span> <span class='ocrx_word' id='word_1_1768' title='bbox 2190 3929 2347 3962; x_wconf 85' lang='lat' dir='ltr'>secundum</span> <span class='ocrx_word' id='word_1_1769' title='bbox 2367 3939 2434 3969; x_wconf 85' lang='lat' dir='ltr'>pac-</span> 
     </span>
     <span class='ocr_line' id='line_1_207' title="bbox 1373 3969 2419 4037; baseline -0.011 -29"><span class='ocrx_word' id='word_1_1770' title='bbox 1373 3978 1463 4009; x_wconf 88' lang='lat' dir='ltr'>tiones</span> <span class='ocrx_word' id='word_1_1771' title='bbox 1478 3977 1576 4014; x_wconf 65' lang='lat' dir='ltr'>ini‘ias,</span> <span class='ocrx_word' id='word_1_1772' title='bbox 1594 3985 1624 4008; x_wconf 87' lang='lat' dir='ltr'>ut</span> <span class='ocrx_word' id='word_1_1773' title='bbox 1638 3975 1764 4014; x_wconf 72' lang='lat' dir='ltr'>superius</span> <span class='ocrx_word' id='word_1_1774' title='bbox 1773 3984 1795 4025; x_wconf 47' lang='lat' dir='ltr'>‘e</span> <span class='ocrx_word' id='word_1_1775' title='bbox 1834 3969 2006 4010; x_wconf 81' lang='lat' dir='ltr'>expressum:</span> <span class='ocrx_word' id='word_1_1776' title='bbox 2370 4005 2419 4037; x_wconf 61' lang='lat' dir='ltr'>Sd</span> 
     </span>
    </p>
   </div>
   <div class='ocr_carea' id='block_1_16' title="bbox 2443 3633 2570 3672">
    <p class='ocr_par' dir='ltr' id='par_1_65' title="bbox 2443 3633 2570 3672">
     <span class='ocr_line' id='line_1_208' title="bbox 2443 3633 2570 3672; baseline -0.024 -7"><span class='ocrx_word' id='word_1_1777' title='bbox 2443 3636 2460 3655; x_wconf 77' lang='lat'>¹*</span> <span class='ocrx_word' id='word_1_1778' title='bbox 2471 3633 2570 3672; x_wconf 48' lang='lat' dir='ltr'>Hui-58⁴</span> 
     </span>
    </p>
   </div>
  </div>
 </body>
</html>
