2570 4261
771 234 881 275 ET
962 236 1229 277 ACTA

16 309 156 343 'Ann.D.

45 359 127 388 1272.

16 395 151 463 {selva-‚gggss
274 403 301 430 :k
327 407 375 438 De
392 403 530 447 custodia
552 406 694 449 misioniae
712 407 795 438 Lucae
810 403 846 437 de
865 406 946 452 Tany
965 408 1125 454 commifflz.

14 495 67 520 An.
87 494 131 528 56.
166 486 294 543 REX
312 488 535 532 Archiepiscopis
548 512 557 527 ,
575 488 600 518 E
622 489 737 533 iscopis,
756 488 928 533 Abbatibus,
947 490 1106 534 Prioribus,
1123 490 1228 535 Corni-

15 535 48 558 H.
67 539 92 566 3.
239 527 311 556 tibus
325 549 334 565 ‚
353 527 504 558 Barouibus
516 551 525 565 ,
545 526 572 557 C
615 527 706 557 ellanis
721 550 730 563 ,
748 527 1025 568 Communitatib-us,
1043 531 1076 561 &
1093 530 1226 560 omnibus

15 572 74 596 Pat.
86 569 131 602 56.
166 562 292 594 fidelibus
305 566 356 594 suis
368 564 404 594 de
419 573 486 595 terra
499 565 660 595 Wasconiae
668 588 678 602 ,
697 565 819 595 salutem.

15 610 50 633 H.
73 615 98 642 3.
204 602 301 645 Sciatis
320 604 397 641 quod
420 614 471 633 nos
487 626 496 641 ,
512 605 546 634 ὃς
566 603 724 633 Edwardus
736 604 936 642 primogenitus
951 604 1044 636 noster
1080 604 1226 635 constitui-

17 653 43 671 n.
64 644 105 673 18.
167 650 230 671 mus
243 640 376 671 ddecftum
399 641 556 685 &nfidelem
572 641 718 685 nostrum,
736 641 846 671 Lucam
864 642 899 672 de
921 643 986 673 Tan
1013 667 1022 682 ,
1040 628 1226 673 senescallum

167 678 297 708 nostrum
312 679 474 709 Wasconiae
490 702 500 717 ,
519 680 552 710 ὃς
569 689 593 708 ei
608 688 697 709 totam
716 688 816 709 terram
830 680 954 711 nostram
967 653 1131 712 Villasconiae
1144 691 1227 711 com-

165 717 289 747 misimus
302 717 515 747 custodiendam
529 717 659 755 quamdiu
675 718 754 747 nobis
771 718 908 756 placuerit.

202 754 240 785 Et
256 756 320 785 ideo
333 757 415 785 vobis
435 755 598 785 mandamus
614 756 691 793 quod
705 756 795 786 eidem
819 756 923 794 Lucae,
939 765 1073 796 tanquam
1087 757 1226 787 Senescal-

165 793 196 822 lo
210 793 307 824 nostro
321 794 481 824 Wasconiae
491 817 499 831 ,
519 796 547 823 in
561 795 710 832 omnibus,
729 804 793 833 quae
812 794 846 824 ad
866 802 967 824 terram
982 796 1055 825 illam
1069 796 1222 835 pertinent,

166 832 339 862 intendentes
352 832 404 862 litis
419 833 451 862 ὃς
465 832 677 870 respondentes,
696 834 765 863 licut
780 831 947 870 praedictum
961 833 1009 863 est.

202 869 237 899 In
249 870 345 908 cujus,
364 871 423 901 &c.

200 945 290 977 Teste
306 946 387 986 Rege
400 947 471 985 apud
485 946 650 977 Westmon.
663 956 678 986 5
694 947 739 977 die
747 947 834 986 Junii.

293 1070 352 1101 Pro
373 1070 459 1101 Luca
476 1069 512 1101 de
525 1072 606 1118 Tasq
623 1069 784 1114 Semstallo
803 1069 945 1114 Wftoniae
957 1067 1103 1115 praedicf‘bO.

16 1139 93 1171 Am·
109 1137 150 1169 D'
165 1151 292 1208 REX
311 1152 430 1193 Hugoni
443 1153 480 1183 de
492 1153 653 1184 Turbervill
667 1153 821 1184 Senescallo
837 1153 999 1184 Wasconiae
1009 1177 1017 1191 ,
1032 1153 1153 1184 salutem-

40 1186 124 1215 ¹272·
275 1191 370 1222 Sciatis
387 1192 462 1230 quod
476 1192 667 1222 commifimus
685 1192 789 1222 dileeto
804 1193 837 1222 &
858 1191 930 1222 fideli
951 1191 1064 1229 nostro,
1084 1191 1174 1222 Lucae
1191 1191 1226 1221 de

18 1221 68 1244 An,
88 1219 133 1254 5⁶·
164 1230 248 1270 Tany
264 1253 273 1268 ,
291 1230 489 1261 Senescalciam
510 1230 634 1260 nostram
655 1230 816 1260 Wasconiae
831 1253 840 1268 ,
858 1240 926 1260 cum
940 1231 1073 1260 omnibus
1087 1231 1228 1269 pertinen-

15 1260 107 1321 {adab
164 1270 208 1299 tiis
230 1270 298 1307 suis,
318 1268 530 1299 custodiendam
542 1268 673 1307 quamdiu
687 1268 768 1298 nobis
782 1268 929 1306 placuerit,

201 1306 237 1337 Et
255 1307 318 1337 ideo
337 1309 418 1338 vobis
438 1306 600 1336 mandamus
623 1305 700 1343 quod
712 1305 803 1335 eidem
820 1306 908 1335 Lucae
923 1305 1138 1344 Senescalciam,
1158 1305 1227 1336 Cas-

164 1353 221 1383 tra,
239 1345 391 1384 Civitates,
407 1345 440 1375 &
456 1353 544 1374 totam
561 1352 661 1373 terram
674 1343 800 1374 nostram
814 1343 993 1381 Wasconiae,
1007 1353 1076 1373 cum
1091 1345 1227 1375 omnibus

157 1385 327 1452 perItinentiis
341 1385 408 1454 (υὲεζ,
427 1383 545 1413 liberetis
558 1381 756 1420 custodienda,
775 1382 844 1413 sicut
857 1381 1024 1420 praedictum
1039 1381 1089 1411 est.

216 1433 236 1452 n
254 1432 348 1462 cujus,
400 1432 425 1453 c.

199 1498 289 1530 Teste
303 1506 334 1530 ut
347 1499 432 1538 supra.

217 1629 337 1660 Littera
358 1629 432 1674 Regi
449 1628 580 1660 francia
598 1626 634 1660 de
649 1624 785 1673 Juribns
801 1630 832 1658 in
853 1629 898 1660 Va
913 1629 996 1658 conia
1011 1626 1170 1672 ufhrpatis.

19 1708 95 1739 Arm·
110 1708 150 1740 D·
163 1712 278 1769 REgi
300 1713 426 1743 Franciae
443 1712 509 1743 Rex
529 1712 639 1751 Angliae
659 1711 790 1750 salutem,
813 1711 846 1742 &
861 1711 973 1742 sincerae
987 1710 1143 1742 dilefflonis
1155 1711 1227 1742 sern-

41 1758 73 1777 12
97 1757 124 1777 2.
234 1761 283 1791 per
295 1759 484 1790 augmentum.

16 1790 68 1813 An.
88 1788 132 1821 56·
202 1788 310 1819 Gentes
324 1788 427 1819 nostrae
440 1788 604 1819 Wasconiae
619 1789 715 1827 nobis,
734 1797 792 1818 non
810 1788 912 1829 absque
928 1788 1019 1819 cordis
1034 1788 1226 1827 amaritudine,

16 1829 52 1852 H·
71 1834 96 1861 3·
165 1826 315 1858 retulerunt
336 1827 413 1866 quod
427 1850 437 1866 ,
456 1827 490 1857 ad
512 1827 698 1866 quorumdam
719 1828 924 1868 querimoniam
939 1827 974 1857 de
985 1827 1145 1866 quibusdam
1159 1836 1227 1866 gen-

14 1866 73 1891 -Pat-
86 1864 131 1898 56-
166 1867 237 1896 tium
256 1865 453 1906 praediitarum
471 1889 480 1904 ,
497 1866 526 1895 in
548 1866 655 1896 easdem
669 1889 679 1904 ‚
696 1865 732 1896 de
753 1867 853 1903 quibus
868 1866 1040 1905 querimonia
1061 1866 1227 1906 deponitur,

17 1905 52 1930 H·
71 1910 96 1937 3-
163 1904 384 1942 iurisdictionem
399 1905 432 1935 &
445 1904 523 1942 super
540 1904 672 1943 impositis
687 1905 881 1944 cognitionem
898 1904 997 1942 (nobis
1010 1905 1043 1935 ὃ(
1056 1904 1153 1934 locum
1167 1904 1227 1935 Ed-

14 1948 41 1967 n.
63 1938 94 1965 ¹3
164 1943 251 1974 wardi
265 1943 442 1982 primogeniti
457 1942 543 1972 nostri
557 1943 712 1973 tenentibus
724 1943 843 1972 minime
858 1941 1007 1978 requisitis)
1028 1942 1179 1972 vendicatis
1193 1953 1226 1974 ac

164 1982 288 2012 nitimini
301 1991 478 2026 exrorquere,
497 1990 672 2020 quanquam,
685 1982 826 2011 retroactis
837 1977 934 2011 faelicis
947 1981 1147 2011 recordationis
1162 1981 1228 2012 Do-

165 2020 237 2050 mini
257 2020 400 2051 Ludovici
420 2019 505 2050 Patris
524 2019 608 2050 vestri
626 2021 687 2050 talia
705 2028 850 2059 nunquam
872 2018 982 2050 fuiffent
995 2020 1168 2057 temporibus
1185 2030 1228 2049 re-

163 2059 279 2096 quisita,
299 2069 351 2089 nec
373 2060 403 2088 in
423 2059 593 2089 exhibitione
611 2057 725 2096 justitiae
745 2058 889 2088 fuiffemus
905 2058 1070 2095 noluntarii,
1084 2066 1131 2088 aut
1143 2058 1226 2088 etiam

161 2098 350 2136 negligentes,
373 2097 411 2127 set
433 2098 516 2134 parati
537 2097 639 2127 fuimus
654 2097 687 2127 ὃς
701 2097 859 2134 existimus,
879 2106 945 2128 cum
963 2095 1074 2125 summo
1089 2096 1227 2127 desiderio

161 2137 196 2166 δε
218 2136 310 2166 debita
329 2135 550 2175 promptitudine
562 2159 571 2171 ,
592 2135 723 2166 universis
737 2135 773 2165 de
787 2143 869 2174 gente
899 2134 1009 2173 nostra,
1025 2136 1161 2175 conqueri
1176 2145 1230 2167 vo-

162 2174 299 2211 lentibus,
314 2173 443 2204 exhibere
453 2174 566 2212 justitiae
580 2174 824 2213 complementum
835 2197 844 2211 ,

200 2212 335 2251 Cumque
349 2213 443 2250 vobis,
458 2213 526 2242 sicut
540 2213 573 2243 &
586 2212 722 2242 Domino
736 2213 804 2252 patri
819 2211 930 2250 vestro,
948 2211 1019 2242 linea
1032 2212 1229 2252 consanguini-

161 2253 223 2282 tatis
239 2274 248 2289 ,
270 2253 327 2281 tam
349 2261 400 2281 nos
413 2274 422 2288 ,
437 2252 522 2291 quam
543 2250 694 2282 Edwardus
709 2251 927 2290 primogenitus,
945 2250 1047 2281 astriffl
1062 2250 1227 2290 existamus,

159 2291 225 2328 qui,
246 2300 294 2327 per
309 2290 505 2320 induitionem
522 2289 644 2319 Domini
655 2290 786 2328 genitoris
802 2288 886 2320 vestri
901 2291 931 2319 in
944 2297 1024 2319 terrae
1038 2289 1149 2320 Sanitae
1161 2290 1229 2321 sub-

159 2328 258 2359 fidium
273 2328 450 2368 personaliter
463 2328 505 2358 est
519 2328 680 2368 profe&us;

198 2366 437 2398 Dominationem
458 2366 576 2397 vestram
601 2375 731 2405 rogamus
748 2366 782 2397 &
797 2367 961 2405 requirimus
977 2366 1105 2397 instantia
1117 2366 1226 2404 speciali

157 2407 283 2472 guarinus
297 2416 366 2443 nos,
385 2406 419 2436 ὃς
433 2404 604 2435 Edwardum
619 2405 803 2443 praedierum,
822 2407 868 2435 cui
883 2404 981 2434 nostro
995 2406 1111 2435 nomine
1131 2405 1227 2436 custo-

181 2444 237 2473 iam
251 2452 330 2474 terrae
344 2443 447 2474 nostrae
463 2443 624 2473 Wasconiae
638 2443 846 2481 commisimus,
863 2442 963 2473 nostris
982 2443 1167 2482 libertatibus,
1185 2445 1227 2481 ju-

163 2482 256 2520 ribus,
275 2483 307 2512 &
323 2482 532 2521 cognitionibus
546 2482 587 2511 uti
599 2482 632 2512 ὃς
644 2481 761 2520 gaudere
776 2481 936 2517 permittatis
945 2481 1060 2520 pacifice
1074 2482 1107 2511 ὃς
1121 2483 1229 2520 quiete,

164 2528 249 2558 prout
270 2520 371 2550 eisdem
395 2519 527 2550 haetenus
546 2519 638 2549 sumus
659 2520 719 2556 usi,
740 2519 790 2548 nisi
810 2520 888 2548 emim
903 2520 916 2548 {i
932 2520 1012 2550 vobis
1026 2521 1225 2559 tranquillitatis

164 2558 317 2588 subsidium
326 2558 506 2595 supposuisset
520 2556 672 2588 firmissime
685 2557 1017 2596 optinere,supponimus
1028 2567 1079 2595 pro
1093 2557 1227 2588 constan-

163 2597 184 2626 ti
200 2596 278 2633 quod
291 2598 321 2626 in
334 2604 414 2626 terrae
426 2596 569 2636 praedictae
584 2595 753 2633 adjutorium
767 2595 794 2625 se
807 2596 959 2625 nullatenus
971 2596 1160 2626 convertisset.

200 2633 292 2664 Porro
306 2634 343 2664 sic
358 2644 410 2664 nos
428 2633 581 2673 constrepit
601 2633 725 2674 personae
745 2633 868 2664 debilitas
883 2634 976 2673 quod,
996 2643 1048 2673 pro
1060 2634 1158 2665 debito
1171 2645 1225 2665 vo-

159 2673 202 2702 bis
217 2673 351 2712 homagio
362 2672 535 2709 exhibendO,
550 2672 584 2702 ad
600 2681 686 2709 partes
700 2671 724 2701 F
725 2673 843 2709 ranciae,
860 2672 961 2710 absque
976 2673 1072 2702 mortis
1087 2673 1225 2711 periculo,

160 2721 213 2742 nos
235 2719 399 2741 convertere
421 2721 480 2740 non
499 2710 645 2749 valemus,
664 2710 844 2750 supplicantes
863 2719 897 2741 ex
912 2721 948 2740 eo
962 2711 1065 2741 devote
1081 2719 1111 2741 ut
1124 2711 1225 2742 vestrae

160 2748 348 2780 dominationi
368 2749 474 2789 placeat
486 2771 496 2785 ,
521 2749 597 2786 quod
611 2772 620 2787 ,
648 2759 701 2787 pro
721 2748 822 2779 eodem
836 2749 970 2788 homagio
989 2749 1147 2790 praestando
1160 2772 1170 2788 ,
1189 2750 1225 2780 ad

157 2788 282 2818 vestram
296 2787 537 2827 magnificentiam
552 2795 657 2818 certam
673 2787 819 2825 personam
835 2810 845 2825 ,
870 2797 938 2817 cum
950 2787 1086 2827 potestate
1100 2789 1225 2827 homagii

161 2826 316 2864 hujusmodi¹
330 2825 467 2863 faciendi,
485 2826 595 2856 mittere
607 2826 757 2856 valeamus:
776 2825 833 2856 Seu
846 2824 880 2855 ad
890 2836 941 2856 nos
955 2826 1039 2857 talem
1053 2827 1142 2858 velitis
1157 2829 1225 2857 mit-

163 2872 220 2895 tere
233 2865 280 2903 qui
295 2865 361 2895 illud
377 2863 461 2902 poffit
474 2865 597 2903 recipere
610 2864 674 2894 vice
687 2863 790 2894 vestra:

199 2903 336 2941 Alioquin
350 2902 384 2933 de
399 2904 464 2933 beni
485 2904 568 2933 nitate
580 2903 652 2942 regia
665 2904 919 2950 appropinquantes
932 2902 966 2933 ad
982 2903 1079 2935 locum
1094 2904 1228 2934 maritimi

162 2941 308 2972 confinem
324 2965 334 2980 ,
357 2948 454 2981 utpote
501 2941 626 2971 oloniam
641 2964 650 2979 ,
673 2941 718 2972 vel
744 2942 880 2972 bancftum
912 2941 1109 2973 Audomarum
1125 2965 1134 2981 ‚
1160 2943 1227 2980 ubi,

18 2977 35 2996 ‘⁵
51 2976 148 3013 1-885·
163 2990 333 3018 quamquam
342 2989 410 3009 cum
418 2977 580 3010 difficultate
596 2980 614 2999 *²
625 2981 659 3011 &
673 2979 817 3020 dispendio
826 3002 834 3016 ‚
853 2979 964 3010 favente
978 2980 1137 3018 Altiffimo,
1157 2991 1228 3022 prae—

165 3018 279 3055 figendo
294 3018 375 3047 nobis
389 3018 530 3055 termino,
547 3017 723 3057 personaliter
734 3018 901 3049 accedemus
915 3019 1014 3050 facturi
1028 3020 1062 3051 &
1076 3020 1227 3059 impensuri

167 3055 335 3094 homagium
349 3062 547 3085 memoratum.

197 3092 283 3124 Circa
299 3103 363 3131 quae
383 3093 417 3123 δε
437 3093 534 3123 eadem
549 3094 648 3123 contin
668 3096 742 3125 entia
755 3095 790 3126 ad
804 3095 1030 3126 dominationem
1044 3096 1164 3127 vestram
1183 3096 1226 3126 di-

160 3132 271 3162 leetum
294 3132 327 3162 &
349 3130 459 3162 fidelem
479 3130 606 3161 nostrum
625 3132 655 3161 T
676 3142 774 3163 ornam
799 3134 834 3164 de
856 3132 940 3164 Clare
955 3135 1108 3174 mittimus,
1123 3135 1226 3165 nostrae

164 3170 313 3238 copaescium
327 3170 494 3208 voluntatis3
512 3170 574 3207 cui,
594 3169 615 3200 fi
629 3169 733 3209 placet,
751 3173 826 3203 circa
838 3172 901 3204 haec
916 3173 1004 3204 velitis
1018 3173 1143 3212 credere,
1162 3175 1226 3205 vice

164 3219 204 3240 no
232 3219 268 3239 ra.

205 3284 294 3316 Teste
307 3285 388 3325 Rege
399 3285 472 3324 apud
484 3283 609 3315 Westm,
626 3286 727 3323 quinto
742 3286 788 3317 die
796 3287 883 3326 Junii.

202 3365 274 3392 Item
281 3360 452 3401 firibebatur
472 3359 584 3400 Gastoni
601 3361 632 3391 de
653 3364 746 3391 Biern.
755 3362 836 3403 ficper
850 3365 924 3406 istis,
941 3364 980 3400 όν
994 3367 1103 3397 Erardo
1120 3367 1151 3396 de
1172 3369 1227 3396 Va-

164 3400 236 3441 lery,
254 3398 291 3435 dy
306 3399 462 3440 quibusdam
482 3398 648 3428 Conciliariis
667 3403 790 3431 Franciae
802 3425 812 3440 ,
828 3412 859 3432 ut
878 3404 925 3443 ipsi
939 3403 1037 3443 instent
1052 3416 1115 3443 erga
1131 3409 1226 3442 Regem

168 3443 307 3477 Franciae,
321 3444 352 3467 ut
365 3438 465 3468 dicium
479 3439 575 3474 Regem
587 3436 701 3475 Angliae
713 3437 816 3469 habeat
827 3442 980 3481 exquiztum
995 3447 1025 3473 in
1038 3443 1090 3473 hac
1098 3451 1189 3482 parte.

203 3519 276 3545 Item
296 3515 382 3545 diclux
400 3513 515 3544 Thomas
536 3512 634 3542 habuit
654 3512 762 3544 litteras
779 3518 858 3554 Regis
882 3518 998 3556 Angliae
1020 3520 1137 3550 direclas
1161 3522 1227 3557 Regi

166 3557 289 3585 Franciae
298 3576 308 3591 ,
323 3554 353 3584 de
364 3551 476 3592 fimplici
490 3552 625 3581 credentia
631 3549 712 3590 ficper
726 3558 836 3592 negotiis
850 3562 1021 3588 memoratis.

220 3692 439 3738 ‘lestamentum
457 3695 584 3726 Domini
600 3690 753 3725 Edwardi
763 3695 957 3742 primogeniti
975 3700 1061 3744 Regis
1084 3695 1185 3729 condi-

559 3751 626 3773 tum
640 3739 723 3786 apud
737 3742 843 3778 Acres‚

22 3791 156 3869 Αιῐὲῃγπῡ
172 3825 272 3887 ΕΝ
290 3838 349 3859 nun
360 3827 398 3859 du
413 3837 496 3868 pere,
509 3825 548 3870 du
562 3825 619 3857 fiuz
629 3835 646 3856 e
657 3824 697 3856 du
714 3824 791 3865 seynt
803 3824 902 3865 esprit,
917 3826 1019 3859 Amen.

22 3874 73 3898 An.
88 3871 135 3908 56.
281 3867 349 3897 Nus
361 3865 497 3904 Edward,
514 3864 606 3895 einsne
621 3863 668 3894 filz
681 3874 717 3894 au
732 3862 818 3893 noble
825 3863 890 3903 Rey
905 3864 1110 3905 d’Engleterre,
1125 3866 1228 3898 fesoms

23 3913 59 3936 H.
71 3918 97 3944 3.
170 3903 266 3934 nostre
285 3905 449 3943 testament,
467 3914 503 3934 en
518 3902 611 3933 nostre
631 3902 691 3932 bon
706 3902 769 3940 sen,
786 3911 803 3931 e
815 3911 852 3931 en
865 3903 959 3934 nostre
981 3906 1058 3935 bone
1071 3907 1229 3945 memorie,

23 3950 56 3974 L.
73 3949 110 3973 A.
118 3945 146 3982 f.
167 3942 196 3972 le
215 3942 337 3981 Sarnedis
359 3943 504 3983 procheyn
516 3951 592 3979 apres
613 3940 639 3973 la
652 3939 856 3978 Pentecouste,
874 3949 911 3970 eri
925 3941 951 3971 le
963 3951 998 3972 an
1012 3943 1048 3974 de
1063 3944 1156 3974 nostre
1169 3944 1228 3982 sey-

27 3993 91 4020 312.
107 3993 135 4011 a.
169 3990 241 4021 gnur
253 3981 319 4019 mil,
337 3982 375 4011 du
387 3989 470 4020 cent,
486 3979 634 4019 sept—saunt
649 3978 769 4017 secund,
786 3987 825 4018 yn
839 3977 915 4009 ceste
923 3988 1048 4011 manere:
1067 3990 1103 4011 en
1115 3984 1232 4021 primes,

20 4028 91 4060 penes
99 4025 152 4050 Ca·
169 4028 220 4050 nus
234 4017 366 4049 divisoms
385 4030 401 4049 a
416 4019 501 4057 Deu,
518 4028 534 4048 e
552 4029 568 4049 a
588 4017 682 4048 nostre
694 4016 790 4047 Darne
802 4016 886 4047 seinte
903 4015 1011 4056 Mai-ie,
1026 4028 1043 4048 e
1057 4029 1074 4049 a
1088 4027 1138 4050 tuz
1152 4021 1169 4051 s
1197 4031 1228 4051 ns

23 4069 116 4088 merar.
169 4055 263 4087 nostre
275 4056 365 4095 alme,
383 4057 418 4088 &
431 4057 527 4089 nostre
540 4066 603 4087 cors
617 4056 748 4087 ensevelir
782 4064 821 4085 ou
836 4064 889 4085 nos
900 4053 1070 4095 Effeketurs,
1090 4067 1144 4087 ceo
1158 4068 1174 4088 e
1211 4069 1227 4090 a

19 4102 136 4126 scaccar.
168 4096 258 4165 sarug,
275 4094 325 4163 si?
334 4094 428 4164 {fbf}
442 4095 478 4128 de
492 4095 642 4136 Bretayne‚
659 4094 718 4127 Sire
731 4078 863 4125 William
877 4092 914 4125 de
926 4091 1066 4133 valence,
1081 4094 1142 4126 Sire
1149 4095 1227 4135 Rog.

1310 235 1786 283 PUBLICA;
2251 247 2336 299 '123

1266 320 1302 351 de
1323 321 1448 354 Clifford
1460 347 1470 362 ‚
1496 325 1555 355 Sire
1574 325 1614 355 Pa
1632 337 1651 356 n
1673 327 1707 357 de
1727 326 1885 368 Chautros,
1903 327 1963 358 Sire
1983 325 2099 359 Roberd
2120 328 2231 360 Tiletot
2243 352 2253 368 ,
2268 330 2329 361 Sire
2338 329 2412 360 Ann.
2430 328 2474 369 D,

1269 359 1340 390 Ores
1355 361 1389 391 de
1410 362 1586 399 Grauntson,
1636 365 1716 394 obert
1738 364 1868 403 Burnett,
1887 367 1920 396 &
1935 365 2068 406 Anzoyne
2081 366 2157 406 Bek,
2173 377 2194 398 o
2208 369 2265 398 ouk
2279 380 2330 399 uns
2357 376 2431 406 1272
2441 392 2448 397 .

1268 397 1306 427 de
1325 408 1371 428 eus
1392 408 1493 443 aurunt
1503 401 1621 431 devisse:
1640 402 1678 432 As
1693 412 1791 440 queus,
1809 414 1860 434 nus
1880 405 2000 434 donoms
2013 405 2045 435 ὃς
2058 414 2220 443 grauntoms
2234 407 2328 444 plener
2341 412 2403 435 Hel).
2424 417 2452 445 3,

1267 437 1423 474 poer,ke1l
1438 441 1527 477 pulint
1536 438 1646 469 ordiner
1656 449 1707 476 por
1714 441 1806 470 nostre
1820 442 1907 480 alme,
1924 443 1958 472 de
1968 450 2072 472 tuziios
2087 444 2188 483 beyns,
2203 445 2328 476 moebles

1267 484 1282 503 e
1301 485 1378 504 noun
1396 476 1520 505 moebles
1533 500 1542 515 ,
1560 486 1628 507 cum
1651 487 1685 507 en
1706 478 1803 508 rendre
1825 489 1876 509 nos
1895 480 1997 517 denes,
2014 491 2030 510 e
2046 481 2189 512 redrecher
2203 483 2239 512 les
2251 492 2327 522 tort,

1266 511 1301 541 ke
1316 523 1368 543 nus
1379 523 1477 556 avonis
1493 514 1531 544 fet
1548 524 1595 551 par
1612 526 1662 545 nus
1679 526 1717 545 ou
1732 525 1779 555 par
1792 526 1843 546 nos
1859 517 1949 556 Baliz,
1966 519 1998 548 &
2011 520 2108 550 rendre
2123 530 2138 550 a
2151 519 2246 551 nostre
2259 530 2327 562 gent

1265 550 1308 580 lur
1321 551 1432 590 serVise,
1447 552 1537 582 sulom
1553 562 1608 582 ceo
1624 553 1659 583 ke
1672 554 1691 582 il
1706 563 1817 585 verrunt
1831 554 1866 584 ke
1880 556 1939 586 bon
1954 555 2015 596 seyr.

1301 588 1342 627 Ε,
1360 600 1411 629 por
1431 600 1484 620 ceo
1503 590 1537 620 ke
1558 601 1609 621 nus
1629 592 1734 622 savoms
1748 593 1820 631 ben,
1838 593 1872 622 ke
1887 602 1945 623 noz
1959 594 2083 624 moebles
2098 605 2133 625 ne
2147 605 2263 635 purrunt
2281 606 2328 637 pas

1264 626 1356 657 suffire
1376 638 1390 657 a
1409 638 1478 667 ceo,
1497 629 1595 659 vuluns
1610 639 1626 658 e
1640 638 1748 659 otroms
1767 630 1802 659 ke
1826 639 1885 660 noz
1897 640 1997 662 avaunt
2010 632 2056 662 diz
2071 632 2231 665 Exseketurs
2245 645 2326 675 eyent

1264 665 1359 708 plener
1382 675 1448 705 poer
1461 691 1470 706 ,
1491 667 1514 696 le
1537 667 1598 706 quel
1621 677 1671 697 nus
1684 668 1720 697 les
1734 676 1895 706 grauntoms
1909 670 1927 699 si
1943 679 2042 700 avaunt
2056 671 2090 701 ke
2104 682 2154 702 nus
2188 683 2274 712 ouns,
2291 674 2326 704 de

1264 704 1376 734 ordiner
1392 727 1401 741 ,
1425 706 1458 735 &
1481 705 1588 735 establit
1607 705 1641 734 de
1658 714 1728 736 tutes
1747 716 1798 736 nos
1825 715 1894 736 teres
1906 707 2101 746 d’Engletere,
2119 710 2153 739 de
2183 712 2328 751 relaunde,

1264 741 1299 770 de
1321 741 1462 772 Gascoine
1473 765 1483 781 ,
1503 753 1519 772 e
1539 744 1574 773 de
1589 752 1659 773 tutes
1675 754 1726 774 nos
1747 754 1834 775 autres
1850 754 1933 782 teres,
1953 746 1988 775 ke
2003 746 2023 775 il
2037 756 2072 776 en
2086 749 2181 784 pusent
2198 751 2273 781 ourir
2289 760 2326 781 en

1263 789 1368 810 memes
1386 780 1409 810 la
1431 791 1541 810 manere
1563 781 1598 811 ke
1618 792 1668 811 nus
1683 783 1786 821 feymes
1801 791 1886 821 quant
1901 784 1953 814 eles
1965 784 2054 814 furent
2071 795 2105 814 en
2119 787 2212 817 nostre
2228 790 2325 827 meign

1259 817 1337 848 saunt
1356 819 1458 848 vendre
1476 829 1514 849 ou
1534 819 1621 849 doner
1637 843 1646 858 ,
1664 830 1679 850 e
1694 830 1729 850 en
1746 821 1786 851 lur
1810 832 1905 860 meyns
1925 824 1995 853 tenir
2015 822 2236 857 ensemblement
2254 837 2275 856 o
2296 829 2320 857 la

1261 856 1343 894 gai-de
1358 856 1392 886 de
1406 867 1456 887 nos
1470 858 1606 896 enfaunz,
1624 858 1709 896 usque
1721 869 1755 889 au
1769 859 1862 898 plener
1877 871 1891 890 a
1911 870 1926 889 e
1938 859 1972 890 de
1985 871 2030 891 eus
2039 883 2049 899 ,
2068 870 2119 900 pur
2132 862 2225 894 nostre
2239 864 2323 895 testa-

1261 902 1339 924 ment
1353 895 1487 934 acomplir
1521 896 1554 925 δε
1567 906 1618 926 nos
1632 907 1765 927 aumones
1775 898 1830 927 fere
1844 907 1878 927 en
1892 869 2057 937 {ngleterffi
2074 900 2107 930 δε
2121 901 2211 933 aillurs
2230 902 2322 933 sulum

1263 936 1316 975 c'eo
1331 932 1366 962 ke
1381 943 1432 962 nos
1446 919 1602 963 Ess²eketurs
1617 944 1729 965 verrunt
1741 936 1777 965 ke
1789 936 1844 974 seyt
1857 947 1871 966 a
1884 937 1957 974 fere,
1975 947 2001 966 as
2015 947 2099 976 queus
2113 938 2168 968 fere
2185 962 2195 977 ,
2212 950 2262 970 nus
2275 951 2323 971 or-

1261 969 1375 1000 dinoms
1392 980 1474 1011 ceynt
1489 972 1565 1001 milie
1581 982 1659 1003 mars.

1299 1007 1352 1045 Et,
1374 1018 1450 1048 apres
1462 1009 1555 1039 nostre
1572 1010 1649 1040 devis
1662 1011 1716 1048 fet,
1735 1012 1767 1041 &
1781 1021 1832 1041 nos
1845 1021 1961 1042 aumons
1980 1013 2146 1052 acomplies,
2162 1014 2274 1046 volums
2286 1014 2322 1047 ke

1264 1046 1302 1075 les
1319 1047 1398 1076 iilues
1419 1047 1464 1077 des
1486 1047 1653 1078 avauntdites
1668 1057 1752 1086 teres,
1768 1058 1878 1087 turgent
1890 1060 1923 1088 au
1940 1050 2021 1087 profit
2035 1052 2070 1082 de
2084 1061 2142 1081 noz
2154 1054 2290 1092 enfaunz,
2307 1064 2324 1084 e

1264 1082 1429 1123 demurgent
1447 1095 1482 1115 en
1496 1085 1533 1115 les
1547 1095 1642 1126 meyns
1658 1086 1705 1116 des
1719 1087 1868 1117 avauntdiz
1888 1087 2038 1118 Exeketurs
2052 1112 2062 1127 ,
2077 1090 2163 1128 juskes
2176 1101 2191 1121 a
2204 1091 2270 1132 l'age
2287 1093 2322 1123 de

1264 1132 1322 1152 noz
1337 1124 1457 1153 enfaunz
1472 1131 1572 1153 avaunt
1588 1134 1695 1154 nomes.

1302 1160 1339 1191 Et
1352 1184 1361 1199 ,
1385 1161 1405 1191 si
1424 1171 1555 1191 aventure
1575 1171 1680 1200 avenge
1697 1161 1733 1192 ke
1755 1161 1849 1192 nostre
1870 1162 1995 1230 Se>ignur
2016 1163 2081 1205 Rey
2095 1188 2105 1203 ,
2130 1166 2224 1197 nostre
2241 1175 2323 1207 pere,

1264 1208 1362 1238 murge
1376 1199 1485 1229 dedenz
1498 1200 1523 1229 le
1536 1209 1586 1239 age
1601 1200 1636 1230 de
1652 1211 1703 1230 nos
1716 1202 1830 1230 enfauns
1846 1201 1900 1238 (ke
1947 1211 1980 1231 eu
1996 1202 2130 1239 defende)
2144 1215 2195 1234 nos
2210 1207 2323 1236 voloms

1263 1237 1298 1266 ke
1312 1238 1339 1267 le
1352 1237 1479 1268 Reaume
1497 1237 1690 1277 d'Engletere,
1711 1239 1827 1269 &tutes
1847 1240 1884 1269 les
1905 1247 1992 1269 autres
2011 1249 2079 1270 teres
2099 1242 2132 1271 ke
2147 1252 2262 1280 porrunt
2284 1244 2323 1274 es·

1262 1275 1337 1306 chair
1359 1287 1373 1307 a
1395 1285 1452 1306 noz
1469 1276 1610 1314 enfaunz,
1634 1278 1799 1315 demorgent
1821 1288 1854 1307 en
1875 1277 1912 1307 les
1932 1287 2028 1318 meyns
2046 1279 2081 1308 de
2099 1289 2149 1309 nos
2164 1280 2322 1312 Efleketurs

1262 1323 1362 1344 avaunt
1377 1325 1493 1354 nomes,
1507 1315 1727 1346 ensemblement
1740 1316 1859 1355 ovesque
1872 1314 1966 1346 nostre
1978 1317 2046 1346 cher
2062 1316 2130 1347 Pere
2145 1318 2170 1347 le
2185 1319 2324 1350 Erceuesk

1261 1351 1295 1382 de
1311 1353 1467 1391 Everwyk,
1486 1364 1502 1384 e
1516 1354 1576 1384 Sire
1591 1353 1668 1393 Rog.
1684 1365 1699 1385 e
1715 1354 1800 1385 ovesk
1813 1363 1900 1384 autres
1911 1354 2010 1391 prodes
2021 1355 2118 1385 homes
2132 1356 2169 1386 du
2185 1357 2324 1397 Reaume,

1260 1391 1296 1420 ke
1318 1392 1335 1421 il
1357 1392 1516 1422 akondrunt
1535 1392 1553 1422 fi
1569 1392 1681 1422 mestier
1698 1394 1771 1432 seyt,
1786 1393 1862 1431 jekes
1876 1392 1899 1423 al
1916 1393 2009 1431 plener
2024 1404 2074 1433 age
2087 1394 2122 1424 de
2135 1405 2187 1425 nos
2201 1396 2323 1427 enfaunz

1262 1429 1304 1460 sus
1323 1439 1450 1468 nomez,
1467 1441 1483 1460 e
1504 1431 1540 1460 ke
1561 1430 1597 1460 les
1616 1431 1696 1462 issues
1717 1432 1764 1462 des
1779 1440 1879 1462 avaunt
1894 1431 1963 1461 dites
1978 1440 2061 1471 teres,
2077 1432 2167 1472 seyent
2180 1434 2291 1472 cuilliz,
2305 1445 2323 1465 e

1261 1468 1362 1507 gardez
1376 1491 1385 1506 ‚
1413 1469 1512 1506 perles
1537 1479 1634 1509 meyns
1651 1469 1686 1499 de
1706 1480 1757 1499 nos
1775 1470 1953 1500 Exseketures
1974 1471 2138 1508 avauntdiz‚
2157 1481 2173 1502 e
2187 1473 2291 1503 liverez
2305 1474 2321 1504 a

1260 1517 1312 1537 nos
1330 1508 1466 1544 enfaunz,
1481 1516 1566 1547 quant
1581 1508 1599 1537 il
1614 1508 1717 1538 serrunt
1729 1509 1765 1539 de
1779 1509 1872 1548 plener
1884 1517 1949 1547 age,
1965 1518 1980 1538 a
1996 1509 2037 1539 lur
2049 1510 2154 1547 profist.

1297 1545 1323 1575 E
1332 1569 1340 1583 ,
1356 1546 1397 1576 sur
1411 1555 1464 1576 ceo
1480 1556 1530 1576 nus
1538 1546 1651 1577 voloms
1664 1557 1680 1576 e
1695 1547 1838 1577 ordinoms
1851 1548 1886 1577 ke
1899 1547 1979 1584 deus,
1997 1557 2036 1577 ou
2052 1548 2110 1585 plus
2122 1549 2158 1579 de
2172 1558 2229 1579 noz
2242 1548 2321 1580 Esse-

1261 1583 1352 1614 keturs
1362 1608 1371 1623 ,
1394 1593 1476 1625 eyent
1492 1594 1560 1622 poer
1583 1584 1618 1615 de
1636 1595 1690 1622 oyr
1703 1595 1756 1615 nos
1777 1594 1903 1622 acuntes,
1922 1595 1937 1615 e
1950 1585 1986 1615 de
1998 1596 2143 1626 receyvere
2158 1587 2192 1617 de
2205 1596 2255 1618 tuz
2270 1597 2323 1618 nos

1263 1622 1339 1653 Baliz
1351 1647 1360 1660 ,
1380 1633 1418 1652 ou
1433 1623 1468 1653 ke
1482 1624 1499 1653 il
1513 1623 1619 1663 seyent,
1638 1623 1757 1654 devaunt
1771 1623 1866 1654 nostre
1879 1625 1995 1661 departir
2007 1624 2189 1663 d'Engletere.

1301 1659 1326 1690 E
1343 1661 1453 1700 puis‚se
1467 1662 1485 1692 il
1503 1672 1538 1691 ne
1590 1670 1636 1691 ent
1652 1661 1770 1692 mustrer
1785 1662 1819 1692 ke
1835 1662 1854 1692 il
1868 1671 1949 1702 eyent
1963 1662 2014 1692 leal
2030 1673 2132 1694 acunte
2146 1663 2268 1703 rendue,
2283 1665 2318 1696 &
2366 1662 2369 1668 '

1260 1699 1279 1730 fi
1295 1699 1343 1730 nul
1357 1699 1393 1729 de
1407 1709 1464 1768 nloz
1479 1700 1535 1731 Bali
1560 1701 1617 1740 seyt
1628 1709 1721 1738 mort,
1737 1700 1772 1731 ke
1787 1701 1825 1732 ses
1843 1700 1927 1732 Heirs
1941 1700 2032 1741 seyent
2046 1710 2131 1732 tenuz
2145 1712 2160 1732 a
2174 1703 2272 1734 rendre
2291 1704 2317 1734 la

1262 1747 1348 1769 cunte
1380 1749 1410 1768 ur
1437 1749 1454 1769 u
1474 1762 1480 1768 .

1298 1748 1423 1817 Endfgeyt
1462 1788 1477 1808 e
1498 1777 1634 1809 Dowarie
1647 1777 1681 1808 de
1696 1777 1804 1808 Nostre
1818 1777 1900 1807 chere
1915 1777 2033 1808 Femme
2048 1779 2197 1818 Alianore,
2211 1780 2324 1811 volums

1260 1815 1295 1845 ke
1309 1817 1350 1846 ele
1365 1824 1410 1855 eyt
1431 1817 1607 1856 pleynement
1631 1826 1685 1847 ceo
1707 1817 1743 1846 ke
1757 1816 1813 1846 fust
1826 1826 1911 1846 nome
1925 1825 2011 1854 quant
2030 1827 2080 1848 nus
2095 1817 2255 1857 lespusamS,
2275 1830 2290 1850 e
2302 1820 2322 1850 fi

1259 1853 1295 1885 de
1311 1864 1364 1885 ceo
1380 1865 1416 1884 ne
1429 1856 1455 1886 se
1470 1865 1529 1885 tent
1543 1865 1588 1892 pas
1602 1866 1617 1885 a
1630 1865 1698 1894 pae,
1715 1865 1768 1885 nus
1782 1854 1893 1885 voloms
1907 1855 1941 1884 ke
1956 1855 1997 1885 ele
2012 1864 2057 1894 eyt
2073 1865 2141 1894 ceo,
2158 1856 2194 1887 ke
2209 1857 2287 1896 dreyt
2303 1867 2320 1888 e

1260 1892 1304 1932 ley
1319 1893 1343 1924 la
1358 1893 1455 1933 dorra,
1471 1894 1560 1924 sulom
1574 1894 1612 1924 les
1627 1894 1716 1932 usages
1730 1903 1746 1923 e
1762 1893 1787 1923 le
1801 1893 1853 1931 leys
1869 1893 2051 1934 dflEngletere.

1297 1931 1322 1961 E
1344 1932 1453 1962 voloms
1473 1933 1526 1963 ausi
1549 1931 1584 1962 ke
1597 1932 1639 1970 la,
1654 1942 1693 1962 ou
1708 1939 1757 1962 tuz
1772 1941 1828 1961 noz
1841 1931 1995 1962 Elleketurs
2007 1942 2043 1962 ne
2057 1941 2172 1972 potrunt
2187 1933 2258 1964 estre
2271 1943 2323 1972 pur

1261 1969 1318 2000 fere
1334 1970 1358 1999 le
1373 1972 1520 2002 execution
1540 1970 1574 2001 de
1594 1969 1690 2001 nostre
1704 1969 1849 2000 testament
1861 1971 2017 2008 avauntdit,
2036 1971 2072 2001 ke
2105 1980 2178 2001 uatre
2193 1982 2231 2002 ou
2245 1973 2305 2010 plus
2311 1995 2322 2011 ‚

1262 2018 1298 2038 en
1319 2018 1390 2039 num
1410 2009 1456 2039 des
1472 2019 1561 2049 autrys
1577 2032 1587 2045 ,
1611 2017 1693 2047 eyent
1712 2009 1731 2028 ᾖ*
1752 2018 1819 2049 poer
1840 2018 1892 2048 pur
1908 2019 1956 2039 eus
1976 2032 1986 2046 ,
2000 2019 2016 2038 e
2031 1982 2133 2047 purcles
2147 2019 2252 2052 autrys,
2270 2020 2323 2050 pur

1262 2047 1400 2085 acomplir
1411 2048 1447 2078 les
1461 2048 1558 2078 choses
1572 2046 1695 2084 susdites,

1301 2085 1326 2116 E
1340 2095 1392 2124 pur
1407 2097 1477 2125 ceo,
1495 2087 1600 2124 priums
1615 2095 1629 2115 a
1644 2085 1739 2116 nostre
1752 2083 1826 2124 seynt
1837 2093 1902 2123 pere
1916 2084 2069 2123 l’Apostle‚
2089 2085 2123 2115 ke
2138 2086 2157 2117 il
2169 2087 2322 2124 voyllc'ei-

1265 2130 1293 2154 te
1306 2124 1391 2154 chose
1403 2126 1493 2163 tenir,
1513 2125 1546 2155 &
1559 2125 1616 2154 fere
1630 2125 1701 2154 tenir
1710 2147 1719 2162 ,
1735 2133 1751 2152 e
1760 2123 1929 2161 confirmer,
1946 2133 1962 2153 e
1974 2123 2009 2153 ke
2020 2125 2040 2153 il
2054 2124 2136 2164 voyle
2150 2127 2220 2165 prier
2229 2126 2324 2158 nostre

1263 2162 1332 2193 cher
1346 2162 1416 2194 Pere
1451 2163 1487 2194 ke
1499 2163 1519 2193 il
1533 2163 1615 2202 voyle
1628 2164 1700 2193 tenir
1709 2161 1828 2199 estable,
1845 2172 1861 2191 e
1874 2162 1930 2192 fere
1942 2163 2029 2199 tenir,
2042 2172 2088 2199 par
2103 2172 2145 2193 tut
2161 2164 2211 2194 son
2225 2164 2323 2196 Reau-

1264 2210 1312 2231 me
1324 2211 1340 2231 e
1355 2209 1397 2232 tot
1421 2212 1461 2232 on
1473 2211 1557 2241 poer,
1576 2201 1639 2240 quel
1654 2208 1714 2241 part
1728 2199 1764 2230 ke
1779 2201 1797 2230 il
1809 2201 1882 2240 seyt,
1896 2201 1934 2230 les
1948 2200 2044 2230 choses
2058 2210 2139 2232 avant
2151 2212 2258 2233 nomes.

1302 2239 1350 2270 En
1367 2241 1599 2273 testimoniaunce
1618 2239 1653 2269 de
1668 2239 1692 2269 la
1711 2249 1784 2277 queu
1797 2239 1882 2269 chose
1913 2248 1928 2268 a
1942 2248 1995 2269 ceo
2013 2238 2158 2271 testament
2171 2251 2271 2271 avoms
2283 2242 2322 2273 fet

1263 2286 1363 2309 mettre
1381 2278 1478 2309 nostre
1497 2279 1531 2310 sel
1540 2302 1550 2317 ,
1565 2278 1598 2309 δε
1613 2287 1711 2309 avoms
1733 2277 1790 2317 prie
1803 2276 1862 2307 Sire
1874 2261 1969 2316 sohan
1980 2276 2139 2309 Erceveske
2152 2278 2188 2309 de
2202 2279 2271 2318 Sur,
2287 2281 2321 2311 &

1261 2316 1363 2347 vicarie
1375 2317 1410 2347 de
1425 2317 1450 2348 la
1465 2317 1548 2348 seinte
1563 2316 1652 2356 Eglise
1667 2316 1702 2346 de
1731 2315 1878 2353 erusalern,
1896 2316 1929 2346 &
1945 2315 1982 2345 les
1996 2316 2161 2347 honurables
2173 2318 2253 2356 bers,
2264 2318 2320 2349 fre-

1261 2364 1290 2384 re
1303 2355 1372 2386 Hue
1386 2355 1476 2387 Revel
1493 2355 1603 2386 Mestre
1617 2355 1653 2385 de
1667 2355 1685 2384 l'
1719 2354 1830 2392 ospital,
1851 2355 1883 2385 ὃς
1898 2354 1967 2384 frere
1981 2353 2109 2385 Thomas
2124 2355 2223 2386 Berard
2237 2356 2320 2387 Mes-

1259 2401 1300 2423 tre
1320 2394 1359 2425 du
1379 2394 1502 2432 Temple
1515 2418 1524 2433 ,
1542 2394 1577 2423 ke
1597 2404 1612 2423 a
1627 2392 1686 2424 cest
1700 2393 1778 2423 escrit
1793 2392 1908 2422 meisent
1924 2392 1976 2423 ausi
1991 2392 2033 2422 lur
2046 2393 2118 2430 seus,
2134 2394 2172 2423 les
2189 2396 2284 2434 quieus
2302 2395 2323 2425 fi

1259 2430 1286 2460 16
1306 2442 1344 2462 un
1363 2431 1402 2463 fet
1420 2433 1639 2463 ensemblement
1661 2442 1681 2462 0
1703 2441 1754 2461 nos
1765 2429 1920 2461 Effeketurs
1931 2438 2032 2462 avaunt
2044 2441 2144 2462 nomes
2158 2441 2194 2463 en
2208 2433 2322 2464 tesmoi-

1259 2468 1359 2501 saunce
1371 2470 1418 2501 des
1434 2471 1519 2503 chose
1536 2471 1577 2502 sus
1590 2469 1668 2501 dites.

2347 2027 2363 2045 ¹*
2375 2027 2397 2055 1.
2412 2025 2476 2055 836<

1295 2546 1384 2577 Done
1395 2558 1410 2577 a
1428 2547 1503 2578 Aere
1511 2571 1520 2586 ‚
1535 2547 1562 2578 le
1574 2546 1694 2585 Samedy
1706 2554 1807 2577 avaunt
1820 2555 1924 2585 nome,
1941 2545 1967 2576 le
1980 2545 2107 2577 disutime
2116 2546 2170 2586 Jur
2182 2546 2218 2578 de
2227 2547 2320 2588 Juen,

1258 2584 1312 2615 l’an
1328 2584 1366 2615 du
1383 2585 1486 2625 Regne
1500 2586 1525 2616 le
1539 2585 1603 2626 Rey
1617 2584 1711 2615 nostre
1726 2595 1791 2622 pere
1807 2584 1940 2615 cinkaunt
1952 2595 1968 2615 e
1981 2585 2047 2616 sinc.

1309 2729 1358 2761 De
1375 2727 1554 2761 Proteffione
1571 2725 1678 2771 Papali
1692 2735 1746 2771 pro
1764 2724 1922 2758 Edwardo
1931 2729 2126 2772 primogenito
2141 2731 2228 2775 Regis
2246 2730 2278 2760 in

1611 2774 1707 2808 Terra
1728 2774 1840 2808 Sanfla
1857 2785 1969 2821 agente.

2344 2850 2421 2882 Ann.
2436 2850 2477 2882 D„

2367 2899 2451 2927 1272.

2345 2933 2397 2957 An.
2408 2933 2454 2964 56.

2344 2972 2379 2994 H.
2401 2977 2426 3003 3.

2344 3010 2385 3032 Ex
2402 3008 2462 3040 ΛιιωΔ

2345 3052 2409 3081 togr.

1264 2871 1328 2933 G
1337 2870 1476 2910 Regorius
1489 2868 1643 2907 Episcopus
1651 2892 1661 2906 ,
1678 2868 1769 2899 servus
1783 2868 1927 2899 servorum
1942 2865 2017 2906 Dei,
2030 2866 2134 2897 dileeto
2147 2866 2205 2898 filio
2217 2867 2323 2900 Nobili

1348 2911 1411 2940 viro
1434 2908 1575 2939 Edwardo
1588 2930 1598 2945 ,
1619 2907 1810 2946 primogenito
1828 2905 1955 2937 carissimi
1977 2906 2006 2935 in
2028 2904 2146 2936 Christo
2166 2906 2214 2936 filii
2233 2907 2322 2939 nostri

1260 2946 1307 2976 Re
1327 2949 1348 2978 is
1360 2947 1519 2986 Anglorurn
1533 2945 1659 2983 illustris,
1676 2944 1789 2976 salutem
1804 2945 1836 2975 ὃς
1851 2943 2033 2984 apostolicam
2048 2944 2285 2976 benedictionem.

1299 2956 1443 3024 {spiciens
1465 2993 1544 3015 terrae
1564 2984 1665 3014 sanctae
1680 2983 1828 3022 pressuras,
1846 2992 1931 3020 quam
1945 2991 2042 3025 manus
2059 2982 2253 3021 Agaranorum
2267 2985 2323 3015 im—

1263 3024 1308 3063 pia
1329 3025 1428 3055 lacerat
1451 3024 1608 3053 immaniter
1621 3022 1655 3052 &
1670 3022 1780 3061 affligit,
1798 3023 1826 3051 in
1840 3022 1897 3059 ejus
1908 3020 2056 3051 subsidium
2070 3021 2134 3050 zelo
2145 3020 2210 3052 fidei
2223 3023 2257 3053 &
2273 3023 2323 3054 de-

1262 3063 1386 3093 votionis
1404 3061 1551 3098 accensus,
1568 3060 1709 3098 affumpto
1729 3059 1851 3091 vivificae
1871 3059 1962 3089 crucis
1973 3058 2117 3098 signaculo
2129 3060 2324 3101 transfretasti,

1262 3101 1296 3130 &
1311 3110 1393 3140 agens
1403 3099 1583 3137 redemptoris
1596 3098 1685 3128 nostri
1706 3099 1851 3137 negotium
1859 3120 1868 3135 ,
1885 3096 1951 3127 illud
1963 3097 1994 3126 in
2007 3098 2118 3137 propria
2130 3099 2246 3137 persona
2258 3110 2323 3137 pro-

1264 3138 1382 3177 sequeris
1395 3162 1405 3177 ,
1436 3137 1614 3174 temetipsum
1638 3137 1718 3174 ipsius
1737 3136 1919 3174 redemptoris
1939 3135 2077 3173 obsequio
2090 3158 2101 3175 ,
2123 3135 2159 3166 ad
2177 3137 2329 3172 defenden-

1261 3177 1332 3208 dum
1350 3179 1407 3216 ejus
1421 3176 1636 3218 patrimonium,
1653 3175 1801 3205 liberaliter
1813 3174 1994 3212 exponendo:

1299 3215 1367 3247 Nos
1380 3218 1488 3255 itaque,
1507 3214 1648 3250 cupientes
1663 3221 1693 3243 ut
1714 3213 1790 3243 idem
1803 3214 1951 3253 negotium
1965 3222 2000 3242 eo
2013 3212 2164 3243 ferventius
2175 3213 2323 3252 prosequa-

1262 3255 1314 3293 ris,
1332 3265 1390 3293 quo
1404 3253 1526 3295 praesidia
1540 3251 1607 3282 sedis
1619 3251 1784 3288 apostolicae
1798 3253 1847 3282 tibi
1860 3252 1949 3282 adeffe
1964 3252 2117 3290 perceperis
2134 3254 2325 3291 promptiora,

1282 3293 1407 3323 ersonam
1419 3301 1512 3328 tuam,
1530 3299 1598 3320 cum
1612 3290 1743 3328 Familia,
1763 3290 1875 3328 Terris,
1891 3289 2076 3327 Civitatibus,
2094 3288 2215 3327 Castris,
2235 3290 2325 3329 Villis,

1256 3303 1372 3371 furibus
1386 3354 1395 3369 ,
1412 3329 1597 3360 Libertatibus
1611 3350 1621 3366 ,
1640 3327 1858 3359 Poffeffionibus
1871 3352 1880 3366 ,
1900 3329 1933 3359 ὃς
1955 3328 2061 3357 caeteris
2075 3328 2156 3357 bonis
2172 3328 2324 3358 mobilibus

1264 3372 1297 3401 &
1311 3368 1519 3405 immobilibus,
1538 3376 1603 3404 quae
1623 3367 1653 3396 in
1675 3366 1774 3406 Anglia
1787 3390 1796 3405 ,
1814 3367 1935 3404 Wallia‚
1950 3365 2091 3404 Iebernia,
2109 3364 2259 3404 Vasconia,
2278 3366 2324 3396 vel

1263 3410 1423 3447 ubicunque
1452 3407 1582 3436 locorum
1613 3406 1858 3445 impraesentiarum
1883 3404 2078 3435 rationabiliter
2107 3402 2224 3442 possides
2236 3426 2246 3440 ,
2272 3403 2323 3435 sub

1263 3448 1336 3478 beati
1366 3446 1441 3477 Petri
1461 3445 1494 3476 &
1516 3443 1610 3487 nostra
1632 3445 1807 3481 protefflone
1826 3443 1985 3482 suscipimus
1998 3466 2009 3480 ,
2027 3442 2060 3472 &
2075 3440 2213 3478 praesentis
2231 3442 2323 3482 scripti

1264 3485 1421 3524 patrocinio
1436 3491 1665 3520 communimu83
1955 3519 1960 3524 ¹
2237 3519 2243 3524 ¹

1303 3522 1465 3554 Distrifflus
1487 3520 1641 3550 inhibentes
1662 3521 1699 3551 ne
1719 3521 1796 3560 quis,
1814 3521 1842 3550 in
1864 3517 2023 3556 immissis,
2039 3517 2083 3547 vel
2097 3525 2196 3546 eorum
2208 3517 2323 3559 aliquo,

1263 3571 1292 3593 te
1314 3561 1457 3592 offendere
1472 3583 1481 3597 ,
1501 3559 1658 3598 perturbare
1670 3582 1680 3597 ,
1701 3558 1746 3589 seu
1765 3558 1978 3598 quomodolibet
1997 3555 2142 3586 molestare
2179 3557 2322 3599 raesumat:

1265 3601 1309 3631 Ac
1325 3599 1521 3631 nichilominus
1535 3596 1680 3627 statuentes
1696 3606 1727 3627 ut
1740 3607 1771 3627 ea
1783 3597 1894 3633 omnia,
1913 3596 1969 3625 fine
1984 3594 2094 3623 laesione
2106 3603 2139 3623 ac
2178 3596 2323 3626 immutio-

1265 3650 1302 3670 ne
1321 3638 1464 3678 qualibet,
1483 3637 1587 3674 integra
1607 3644 1735 3666 maneant
1755 3636 1788 3667 ὃς
1812 3635 1920 3674 quieta,
1933 3633 2024 3663 donec
2038 3632 2073 3662 de
2089 3639 2139 3665 tuo
2153 3632 2259 3672 reditu,
2278 3635 2323 3667 vel

1266 3678 1347 3709 obitu
1360 3675 1510 3707 certissime
1524 3673 1717 3714 cognoscatur.

1301 3715 1386 3746 Nulli
1399 3723 1484 3754 ergo,
1501 3712 1562 3743 &c.

1303 3792 1370 3822 Dat.
1385 3790 1457 3835 apud
1472 3788 1588 3820 Urbem
1602 3796 1744 3827 veterem,
1766 3797 1801 3819 12
1817 3786 1938 3819 Kalend.
1950 3784 2024 3825 Aug.
2040 3778 2224 3818 Pontifi‘caffis
2233 3786 2324 3819 nostri

1265 3841 1340 3864 anno
1353 3839 1456 3871 primo.

1799 3900 1854 3933 Sub
1862 3900 1922 3944 filix
1928 3880 2022 3941 firieis
2034 3900 2113 3941 flavi
2126 3881 2213 3938 νει-Μ·-

1849 3951 1901 3981 que
1916 3939 2013 3971 coloris.

1791 4130 1862 4171 (ζ,
