2570 4261
697 173 807 224 ET
891 177 1157 222 ACTA

0 267 65 298 amn·
81 264 121 297 D·
137 269 351 308 prosecutione,
365 269 443 308 juxta
461 267 546 299 dietae
567 265 635 298 sedis
654 266 819 305 arbitrium,
835 265 954 297 deficere
974 266 1048 297 forte
1065 265 1197 302 contige-

11 306 94 342 1287.
138 310 189 346 rit,
208 308 342 339 volumus
357 307 436 346 quod
450 307 592 345 dispositio
607 304 808 342 praedictorum
820 306 953 335 omnium
972 305 1006 334 ad
1028 304 1194 346 Romanam

0 345 55 373 ido.
78 354 102 372 1·
138 345 295 377 Ecclesiam
308 346 491 384 devolvatur,
508 347 542 376 ὃς
557 345 642 374 libera
656 343 769 380 perinde
783 352 892 372 maneat
910 342 983 380 apud
1002 343 1104 382 ipsam,
1121 352 1154 373 ac
1176 344 1195 371 11

138 385 221 416 faetae
233 395 282 423 per
294 395 346 415 nos
358 384 547 421 responliones
561 381 719 421 hujusmodi
734 391 794 411 non
807 381 929 412 fuissent.

174 460 243 492 Dat.
268 460 377 490 Romae
396 457 469 498 apud
489 458 623 489 Sanctam
642 457 793 495 Sabinam,
816 456 859 488 Id.
882 457 998 497 Martii,
1013 455 1198 488 Pontificatfis

140 499 229 531 nostri
243 508 318 529 anno
331 496 463 528 secundo.

813 572 870 603 'Sub
875 572 928 614 filo
944 572 1068 603 canabeo·.

167 701 195 728 ²ss
220 702 418 735 Summonitio
428 726 438 741 ,
462 698 498 731 de
514 697 686 731 intendendo
700 697 862 732 Edmundo
881 702 991 733 Comiti
1006 699 1155 734 Cornnbiae
1165 726 1177 742 ‚

0 716 129 754 »11343-
320 760 390 781 cum
404 751 486 793 equis
504 750 541 785 ὠν
558 751 672 789 armis,
698 751 730 779 in
743 745 884 793 partibus
901 749 1018 782 Walliae.

0 839 126 872 Ann.D.
208 833 267 865 EX
279 833 384 864 dilecto
398 830 431 864 ’δε
448 828 521 863 fideli
534 832 601 869 suo,
618 831 752 862 Roberto
764 830 877 871 Peche,
895 833 1017 865 salutern.

23 880 108 915 1287.
245 873 323 940 Qia
332 872 501 914 injunximus
515 871 622 901 dileeto
634 870 738 901 consan
760 873 845 901 uineo
858 873 892 902 &
913 872 986 902 fideli
1009 872 1125 911 nostro,
1143 872 1203 903 Ed-

0 923 50 947 An.
69 927 112 953 15.
145 910 257 941 mundo
300 911 382 940 omiti
398 909 678 947 Cornubiae,locum
692 919 732 939 no
759 920 822 940 rum
834 912 940 940 tenenti
953 912 982 940 in
996 911 1204 951 Anglia,quae-

0 962 28 986 E.
52 967 75 986 1,
144 949 210 980 dam
230 948 312 979 ardua
331 949 464 986 negotia,
483 958 535 978 nos
559 948 709 985 specialiter
729 950 939 987 contingentia,
963 949 1046 979 vobis
1068 959 1103 980 ex
1128 959 1205 988 parte

0 1000 55 1024 Rot.
144 987 241 1019 nostra
261 987 369 1025 plenius
388 986 570 1024 exponenda,
587 996 619 1016 ac
639 987 675 1016 de
694 986 807 1024 vestro,
825 996 857 1016 ac
880 987 1064 1025 quorundum
1085 989 1206 1019 aliorum

0 1033 129 1067 Wall.15.
147 1026 273 1057 fidelium
288 1024 454 1056 nostrorum
468 1025 604 1063 confilio,
623 1025 723 1062 quibus
736 1024 816 1062 super
830 1025 887 1056 hoc
908 1025 1074 1065 scribimus,
1090 1026 1207 1066 diligen-

0 1068 30 1100 Ε.
48 1081 117 1099 1.m.
146 1065 200 1096 tius
212 1063 391 1102 exequenda:
416 1084 419 1089 -

5 1119 49 1137 10,
66 1110 91 1139 a,
185 1102 278 1133 Vobis
293 1102 474 1140 mandamus,
493 1103 521 1132 in
535 1101 590 1132 fide
624 1100 682 1140 qu&
696 1101 779 1132 nobis
793 1102 946 1139 tenemini,
962 1110 1090 1141 rogantes
1112 1111 1210 1141 quate-

142 1151 195 1173 nus
204 1141 353 1181 ,omnibus
368 1141 423 1171 aliis
458 1141 578 1171 raetermi
601 1151 624 1170 is
637 1163 646 1178 ,
660 1150 676 1169 e
699 1141 738 1170 uis
751 1141 784 1171 ὃς
796 1142 878 1170 armis
891 1140 1023 1170 decenter
1038 1143 1210 1181 praemuniti,

149 1181 204 1211 fitis
217 1179 252 1210 ad
267 1179 415 1217 praefacum
428 1151 579 1210 gomitem
594 1178 667 1217 apud
712 1178 894 1208 loucestriam
907 1179 923 1208 ὲ
933 1178 981 1208 die
993 1179 1090 1210 Sancti
1099 1180 1210 1219 Johan-

148 1220 192 1250 nis
205 1217 333 1256 Baptistae
346 1219 375 1247 in
387 1226 442 1248 trec
453 1218 629 1258 septimanas,

186 1256 267 1287 Cum
285 1255 365 1287 dicto
385 1255 521 1294 Comite,
539 1255 619 1292 super
641 1253 804 1292 praemiffis,
821 1254 959 1293 locuturi,
977 1256 1011 1286 ὃς
1026 1256 1140 1287 ulterius
1152 1256 1212 1288 fac-

151 1296 225 1334 turi,
240 1294 319 1333 quod
333 1295 389 1332 ipse
403 1295 485 1325 vobis
499 1294 626 1332 injunget
637 1302 671 1322 cx
684 1300 762 1330 parte
774 1292 884 1331 nostrii,

189 1333 228 1365 Et
240 1334 316 1370 hoc,
334 1333 403 1363 ficut
416 1332 453 1363 de
466 1332 548 1364 vobis
561 1331 748 1369 confidimus,
765 1330 845 1361 nullo
861 1331 954 1361 modo
967 1333 1108 1364 omittatis.

191 1409 283 1441 Teste
295 1406 468 1444 Edmundo,
488 1406 607 1438 Comite
620 1406 795 1446 Cornubiae,
812 1407 1025 1446 consanguineo
1039 1409 1127 1448 Regis
1141 1409 1216 1448 apud

155 1448 283 1481 Westm.
301 1447 418 1478 decimo
432 1455 533 1485 quarto
548 1445 594 1477 die
603 1445 690 1484 Junii.

189 1524 304 1556 Eodem
318 1524 410 1555 modo
425 1523 591 1556 mandatum
602 1522 642 1555 est
657 1522 791 1554 omnibus
805 1514 976 1565 subscriptis,
995 1524 1144 1566 videlicet,

160 1602 275 1635 Roberto
288 1602 320 1633 de
332 1601 475 1632 Stutevill.

158 1641 289 1680 Johanm·
303 1641 335 1671 de
350 1640 486 1680 Balbolo,

159 1683 260 1718 Rogero
274 1680 306 1709 de
322 1679 456 1721 Moubray
466 1701 476 1719 ,

161 1716 304 1756 Radulpho
318 1718 437 1756 Pipard,

163 1758 208 1787 W
207 1755 314 1786 illielmo
328 1756 360 1784 de
377 1759 446 1795 Say,

98 1808 101 1811 v
165 1793 308 1832 Ranulpho
322 1794 354 1823 de
369 1789 486 1832 Nevill,

165 1832 297 1872 Johanni
312 1832 344 1862 de
357 1831 450 1873 Sulye,

165 1871 243 1902 Adae
256 1871 288 1900 de
301 1873 429 1909 Banent,

167 1907 310 1948 Radulpho
324 1910 356 1939 de
370 1912 505 1948 Berners,

167 1947 299 1988 Johanni
314 1949 346 1978 de
361 1950 523 1988 Wyggeton‚

168 1986 305 2026 Herberto
317 1987 348 2017 de
361 1988 458 2017 Sancto
473 1986 626 2026 Qintim,

170 2027 215 2056 W
215 2020 323 2055 illielmo
336 2025 368 2055 de
382 2025 530 2066 Kerdeston
538 2049 548 2063 ,

170 2064 286 2094 Ricardo
299 2064 331 2094 de
346 2063 454 2102 Breufi’.

172 2104 216 2133 W
215 2101 323 2132 illielmo
336 2103 367 2132 de
381 2103 458 2132 Alta
473 2105 533 2141 ripa
542 2125 552 2141 ,

172 2143 273 2178 Rogero
287 2141 318 2170 de
333 2145 453 2182 Somery,

173 2178 295 2209 Wltero
311 2180 342 2209 de
357 2179 557 2218 Fauconberge,

175 2215 305 2257 Johanni
319 2219 350 2248 de
362 2217 442 2247 Bella
454 2222 557 2258 Aqua,

176 2257 290 2294 Wrino
303 2257 334 2286 de
348 2255 441 2296 Infida
449 2280 460 2296 ,

175 2292 309 2333 Nicholao
321 2295 353 2325 de
368 2294 486 2335 Menill,

176 2332 291 2363 Roberto
326 2333 360 2364 lio
373 2336 486 2374 Rogeri,

175 2374 281 2402 Briano
315 2371 349 2402 lio
364 2372 474 2412 Alani,

175 2412 337 2441 Normanno
350 2411 382 2440 de
396 2415 490 2451 Arcy,

174 2447 282 2487 Thomae
294 2450 327 2479 de
342 2449 463 2479 Moleton
477 2451 596 2486 Seniori,

176 2486 284 2517 Thomae
297 2488 329 2517 de
344 2486 466 2518 Moleton
481 2487 614 2526 Juniori,

176 2525 298 2564 Philippo
312 2526 343 2555 de
356 2529 459 2566 Kyme,

176 2566 277 2601 Rogero
290 2563 319 2593 la
334 2566 432 2594 Warre
439 2589 449 2603 ,

177 2605 271 2639 Regin.
291 2603 322 2632 de
337 2606 481 2643 Argentyn
490 2625 501 2642 ‚

177 2641 294 2670 Ricardo
310 2642 341 2671 de
357 2643 511 2679 Harecurt,

179 2681 223 2709 W
223 2678 329 2709 illielmo
345 2679 376 2709 de
390 2682 540 2718 Ferrariis,

177 2720 278 2747 Simoni
290 2717 314 2747 le
329 2717 485 2758 constable,

177 2755 294 2785 Roberto
309 2755 426 2786 Luterel
436 2780 446 2794 ,

177 2794 300 2833 Gerardo
314 2795 346 2824 de
358 2794 452 2834 Infida
460 2817 470 2833 ,

177 2831 309 2871 Johanni
322 2834 354 2864 de
368 2833 506 2863 Tudeham
515 2856 525 2872 ,

179 2871 307 2910 Johanni
322 2873 353 2902 de
366 2871 495 2909 Engham
503 2894 513 2910 ,

178 2909 270 2947 Alex.
287 2910 319 2940 de
333 2909 451 2940 Balliolo
463 2911 495 2940 de
509 2908 651 2947 chilham,

180 2947 332 2979 Willielmo
345 2950 377 2978 de
389 2951 414 2978 G
412 2959 478 2988 yney
486 2973 496 2987 ‚

179 2989 281 3023 Rogero
291 2982 347 3025 filio
360 2986 470 3016 Osberti
477 3009 487 3024 ,

181 3025 326 3054 Edmundo
337 3025 369 3054 de
384 3023 554 3063 Espigornel,

183 3061 312 3100 Johanni
325 3063 356 3092 de
369 3064 464 3092 Adon
473 3086 482 3102 ,

707 1599 857 1680 WillieIJno
863 1601 926 1644 filio
941 1603 1051 1633 Warini
1064 1603 1096 1634 de
1120 1607 1219 1635 Monte

747 1643 817 1669 cani
828 1652 851 1670 zo
859 1664 867 1679 ,

710 1679 818 1715 Hugoni
830 1680 861 1709 de
875 1683 1026 1721 Curtenay,

711 1718 793 1754 Petro
807 1717 904 1747 Corbet
911 1743 922 1756 ‚

711 1756 828 1785 Ricardo
835 1755 897 1798 filio
913 1757 1071 1797 Johannis,

712 1793 854 1832 Radulpho
868 1796 900 1825 de
915 1796 1110 1837 Crumbewell,

716 1835 815 1862 Simoni
829 1833 922 1873 Baffit
934 1835 966 1865 de
981 1838 1120 1875 Sapen-ote,

716 1870 857 1910 Radulpho
872 1872 966 1911 Baffit
979 1874 1011 1903 de
1025 1878 1169 1915 Drayton,

715 1909 892 1952 Fulconifilio
906 1913 1030 1951 Warini,

715 1947 845 1986 Jolmnni
855 1953 955 1986 wegoz
963 1971 973 1988 ,

716 1988 798 2016 Petro
812 1988 844 2017 de
857 1988 939 2018 Malo
953 1992 1050 2028 Lacu,

717 2027 760 2054 W
759 2024 867 2055 illielmo
881 2028 913 2056 de
927 2030 980 2056 Ros
993 2029 1025 2058 de
1038 2028 1150 2060 Beluero
1158 2051 1168 2069 ‚

717 2063 846 2102 Johanni
852 2064 914 2106 filio
927 2065 1060 2107 Philippi,
1072 2069 1077 2073 ⁴

718 2101 846 2141 Johanni
859 2104 891 2133 de
903 2106 930 2132 E
925 2103 1003 2144 yvile
1010 2126 1020 2144 ,

720 2142 764 2170 W
763 2140 870 2171 illielmo
884 2143 1016 2182 Bardolse
1022 2167 1033 2183 ,

721 2181 765 2208 W
763 2178 870 2209 illielmo
884 2181 916 2210 de
930 2182 1128 2222 Huntingfeld‚

719 2217 860 2256 Radulpho
874 2219 969 2258 Baffit
982 2221 1014 2249 de
1029 2221 1172 2253 Wlledon.

721 2257 838 2286 Guidoni
850 2257 883 2287 de
897 2261 988 2288 Brian
1003 2259 1153 2300 W’stwall.

721 2297 824 2332 Bogoni
835 2299 867 2325 de
878 2297 1006 2327 Knovill.

722 2335 841 2363 Henrico
854 2335 884 2364 de
898 2337 997 2376 Percy,

722 2371 817 2401 Radul
831 2372 864 2402 ho
877 2373 909 2401 de
922 2377 1038 2413 Gorgen·²

724 2381 854 2448 Ansbssno
868 2412 900 2440 de
915 2415 1046 2451 Gurnay,

724 2448 744 2468 *⁷
761 2450 838 2479 Adae
852 2448 876 2478 le
892 2449 1054 2490 Despensbr,

723 2488 833 2523 Hugoni
846 2489 950 2526 Poinz,

724 2526 903 2555 Marmaduco
915 2527 947 2556 de
958 2529 1068 2565 Tweng.

724 2563 866 2603 Radulpho
871 2563 935 2605 filio
950 2567 993 2593 W
992 2565 1108 2605 illielmi,

726 2602 856 2640 Johanni
868 2602 962 2633 Lovel
966 2627 976 2641 ,

726 2640 848 2670 Gilberto
861 2641 893 2670 de
908 2645 1021 2680 Gaunt,

727 2678 861 2710 Nicholao
874 2680 906 2708 de
919 2684 1055 2720 Segrave,

727 2717 924 2759 Johannifilto
938 2719 1098 2759 Reginaldi,

728 2756 855 2786 Mathaeo
868 2756 901 2786 de
915 2759 1043 2798 Loveyn,

729 2793 856 2825 Waltero
871 2795 904 2824 de
917 2796 1148 2836 Hunttercumbe‚

727 2832 858 2871 Johanni
873 2834 904 2863 de
916 2833 946 2862 la
961 2837 1061 2875 Mare,

728 2874 818 2902 Henr.
838 2871 913 2911 Hufi’
923 2897 932 2909 ,

727 2913 846 2941 Henrico
859 2912 890 2941 de
902 2914 973 2952 Grey

727 2948 845 2979 Roberto
859 2951 890 2980 de
904 2936 1061 2991 Tatefhale,

727 2988 845 3018 Ricardo
858 2990 890 3019 de
904 2992 993 3029 Grey,

728 3026 858 3065 Johanni
872 3028 903 3057 de
918 3030 1102 3067 Steyngrave‚
1136 3040 1138 3042 ·

728 3067 773 3094 W
773 3064 880 3096 illielmo
885 3062 948 3104 filio
963 3069 1103 3105 Martini,

24 2463 158 2499 ⁰11.344.

181 3103 282 3137 Rogero
295 3101 328 3130 de
341 3099 457 3140 Lascel,
730 3103 866 3134 Nicholao
881 3105 913 3134 de
928 3105 1067 3145 Audeley,

183 3137 317 3168 Nicholao
333 3137 358 3168 le
371 3141 474 3169 Baron.
493 3137 631 3177 Staffbrd‚
731 3142 872 3181 Radulpho
880 3141 943 3184 filio
959 3146 1053 3181 Rogeri
1069 3145 1100 3174 de
1113 3142 1219 3184 Th⁰⁷7y²

182 3178 309 3208 Andreae
323 3178 355 3207 de
368 3177 490 3218 Esthye,
731 3181 861 3219 Johanni
875 3183 907 3211 de
924 3181 1098 3222 Hodeleston,

183 3214 313 3254 Johanni
326 3214 350 3245 le
365 3219 472 3245 Bretun
485 3216 516 3245 de
530 3214 630 3255 Effix,

183 3253 333 3284 Wllielmo
347 3254 461 3292 Elouet,

184 3294 268 3322 Petro
283 3293 385 3322 Coudra

183 3331 300 3360 Ricardo
316 3303 469 3370 stladeft,
542 3364 543 3368 Ἰ
596 3365 599 3367 Α

184 3368 301 3399 Roberto
308 3368 371 3411 filio
386 3367 505 3399 Walteri
523 3369 556 3399 de
575 3371 696 3399 Daven-

225 3414 267 3437 tre

187 3430 287 3484 Regin.³
299 3445 400 3483 Pauely
408 3469 419 3485 ,

184 3484 293 3514 Thomae
306 3485 337 3515 de
352 3489 374 3514 C
374 3482 488 3522 haunci,

185 3522 313 3591 GaZrido
328 3524 360 3553 de
374 3520 567 3560 Maundevill,

187 3562 230 3602 Jo
251 3565 318 3592 anni
332 3563 363 3591 de
379 3560 507 3600 Wahull,

188 3599 338 3631 Willielmo
350 3599 374 3629 le
386 3598 502 3629 Botiller
515 3599 548 3629 de
571 3600 695 3636 Wring-

225 3646 273 3669 ton

190 3677 320 3717 Johanm'
334 3678 365 3707 de
381 3675 477 3716 Bosco,

190 3718 299 3753 Hugoni
306 3715 369 3757 filio
383 3716 515 3753 Henrici,

187 3756 341 3784 Laurentio
356 3755 387 3783 de
403 3752 531 3821 Preiston,
736 3755 853 3785 Ricardo
866 3756 898 3785 de
911 3760 937 3786 G
934 3756 978 3797 yffi
987 3780 996 3796 ,

188 3793 304 3822 Ricardo
318 3794 350 3822 de
364 3794 443 3821 Frivi
455 3791 481 3830 l,
737 3792 904 3833 Postmodum
927 3796 1087 3825 mandatum
1105 3795 1168 3836 fuit
1189 3798 1247 3826 Ra-

190 3829 304 3860 Roberto
320 3831 405 3860 Peche
413 3854 422 3868 ‚
777 3830 873 3869 dulpho
887 3834 1041 3872 Bernardi,
1050 3836 1122 3874 quod
1130 3836 1173 3865 ad
1176 3844 1250 3875 pra·-

190 3870 290 3897 Simoni
305 3869 337 3898 de
352 3869 480 3907 Lindon,
772 3868 866 3907 fatum
880 3873 1008 3901 Comitem
1022 3877 1115 3902 veniet
1129 3875 1170 3903 ad
1183 3882 1251 3913 par-

192 3904 290 3944 Alano
303 3907 335 3936 de
348 3907 480 3937 Plukenet
496 3929 506 3945 ,
775 3915 816 3936 tes
843 3907 952 3940 Walliae
970 3920 1028 3941 cum
1051 3915 1125 3952 equis
1142 3910 1181 3948 &
1203 3922 1252 3942 ar-

193 3941 310 3973 Roberto
323 3945 356 3974 de
371 3944 578 3984 Everingham‚
779 3949 838 3977 ruiti

732 3219 847 3250 Roherto
860 3221 891 3250 de
908 3219 1050 3259 Lathum,

731 3257 846 3293 Roberto
857 3260 890 3288 de
902 3258 1044 3289 chaundos
1052 3284 1062 3297 ,

733 3295 847 3326 Roberto
859 3300 964 3327 Baroni
978 3299 1011 3328 de
1023 3296 1158 3338 Stqffier,

732 3333 847 3365 Roberlo
861 3336 893 3365 de
904 3338 991 3375 Grey‚

733 3371 840 3402 Thomae
855 3374 887 3403 de
907 3373 1066 3415 Berkekye,

733 3409 862 3447 Johanni
876 3414 1035 3452 Extraneo,

734 3447 843 3479 Thomae
856 3450 887 3479 de
901 3454 1073 3481 Corwenner.

734 3486 850 3517 Roberto
865 3488 897 3518 de
911 3491 1122 3528 Haverington,

735 3524 860 3555 Waltero
875 3526 907 3556 de
923 3527 1079 3568 Mulecaflr.

733 3562 861 3601 Galfrido
875 3565 907 3594 de
921 3566 1075 3607 Moubray‚

733 3603 778 3631 W
778 3601 883 3632 illielmo
897 3603 928 3633 de
941 3607 1011 3644 Rye,

735 3639 859 3670 Waltero
872 3642 904 3670 de
921 3643 1103 3682 Pedewerdyn
1112 3665 1122 3681 ,

734 3678 850 3708 Ricardo
862 3680 894 3708 de
908 3682 1007 3710 Sanan
1022 3681 1152 3711 Walerico
1160 3704 1170 3719 ‚

736 3717 814 3746 Adae
830 3718 961 3756 Gurdun,

238 4102 311 4133 nm.
322 4105 347 4133 Ι.
367 4104 400 4134 Ρ.
417 4102 478 4135 111.

1241 159 1719 214 PUBLICA.
2256 171 2304 222 ‘17

2313 290 2389 321 Ann.
2402 291 2443 324 D,

1234 358 1284 389 De
1305 358 1454 391 Exercitu
1466 359 1650 405 providendo
1669 369 1772 393 contra
1795 360 1925 406 Resitm,
1950 359 2116 406 caeterosque
2141 358 2295 404 Wallenfts
2313 330 2425 396 Εὲτῗῗζζῖ

1688 406 1827 442 Rebeller.

1236 496 1360 558 REX
1373 497 1480 542 diiecto
1494 501 1528 532 ὅ(
1543 499 1617 531 fiden
1631 500 1680 533 suo
1689 523 1700 540 ,
1713 502 1838 540 Johanni
1849 502 1885 533 de
1897 503 2050 541 Bevmard,
2067 503 2191 535 salutem.
2314 492 2368 517 ⁴4⁷¹·
2386 497 2427 525 ¹52

1340 536 1433 580 Qua,
1457 536 1491 567 ad
1513 538 1647 568 malitiam
1665 540 1699 571 ὅ(
1721 541 1906 571 rebellionem
1929 541 1996 572 Reli
2019 541 2067 572 filii
2090 541 2244 572 Mereduci
2263 541 2296 572 &
2315 532 2344 556 E.
2363 535 2385 554 ¹*
2407 570 2415 575 ,

1237 574 1417 611 complicum
1437 575 1570 614 suorum,
1585 578 1768 608 inimicorum
1789 579 1822 609 &
1845 579 1991 609 rebellium
2012 579 2193 618 nostrorum,
2210 581 2298 617 repri'-
2316 570 2369 618 ¹³⁰}
2380 565 2446 593 ml.

1238 613 1388 655 mendam,
1407 614 1508 644 auxilio
1528 615 1681 645 hominurn
1703 616 1887 655 nostrorum,
1905 625 1962 647 tam
1982 619 2128 657 equitum,
2148 619 2235 657 quarn
2249 628 2299 656 pe-
2322 614 2363 638 ¹3'
2382 608 2446 655 32¹*

1238 649 1348 694 ditum,
1366 651 1400 681 ad
1416 653 1533 689 praesens
1549 653 1724 692 indigemus,
2318 642 2424 678 m'9*d‘

1279 688 1370 733 Vobis
1383 690 1563 729 mandamus,
1580 691 1697 721 firmiter
1710 692 1899 732 injungentes,
1917 695 2044 731 quatinus
2059 694 2095 724 de
2108 695 2207 733 viginti
2220 695 2299 732 equis

1241 736 1400 770 coopertis,
1418 730 1451 759 &
1466 729 1577 760 duobus
1592 730 1713 760 millibus
1727 731 1880 761 hominum
1891 733 2037 770 peditum,
2054 733 2088 762 ad
2102 742 2178 762 arma
2198 742 2300 770 poten-

1239 773 1311 794 tium
1329 765 1411 809 (salya
1424 766 1572 810 sufficienti
1585 769 1744 799 munitione
1756 768 1924 800 Castrorum
1939 770 2157 809 nostrorum,in
2174 770 2301 802 custodia

1239 802 1329 833 vestra
1343 803 1530 842 existentium)
1548 808 1605 836 ime
1617 806 1748 837 dilatione
1762 807 1905 844 provideri
1919 810 2037 839 faciatis:
2152 836 2154 840 ,

1278 840 1320 871 Ita
1341 842 1418 878 quod
1439 853 1502 882 eos,
1521 845 1605 874 armis
1627 846 1854 882 competentibus
1877 846 1952 877 bene
1976 846 2102 878 munitos
2115 847 2255 886 habeatis,
2272 857 2304 877 a-

1244 878 1301 946 lpud
1324 879 1556 918 Lampadervaur.
1574 882 1609 912 ad
1628 883 1723 921 diem,
1742 894 1828 922 quem
1847 884 1966 916 dilectus
1986 887 2019 917 δε
2033 885 2120 916 fidelis
2134 885 2230 916 noster
2248 886 2303 924 Jo—

1264 927 1348 947 annes
1361 917 1397 947 de
1412 918 1539 950 Haverin
1560 931 1576 950 e
1590 921 1671 951 vobis
1684 921 1754 952 scire
1768 921 1850 952 faciet
1872 933 1905 953 ex
1928 933 2005 961 parte
2023 923 2136 962 nostrii,
2155 923 2305 962 promptos

1244 956 1278 986 ὃς
1297 964 1404 992 paratos
1426 957 1460 1001 ad
1478 968 1532 995 pro
1553 958 1716 989 ciscendum
1736 959 1837 989 exinde
1857 961 1886 990 in
1906 962 2136 999 expedititionem
2160 962 2305 1001 nostram,

1246 1002 1348 1024 contra
1360 995 1528 1031 praedictum
1543 997 1651 1027 Resum
1664 998 1698 1028 &
1712 998 1866 1035 complicae
1880 999 1941 1029 suos
1952 1000 2108 1036 praedicstos.

1247 1066 1249 1069 v
1281 1031 1318 1061 Et
1331 1033 1368 1063 ita
1382 1041 1434 1063 vos
1448 1033 1569 1064 habeatis
1581 1036 1611 1064 in
1627 1035 1684 1065 hoc
1698 1035 1829 1066 mandato
1843 1036 1941 1066 nostro
1962 1038 2146 1077 exequendo,
2163 1037 2241 1076 quod
2262 1034 2306 1068 di-

1245 1070 1391 1107 ligentiam
1403 1072 1437 1102 &
1451 1072 1736 1141 cgrcumspeffionem
1750 1073 1874 1105 vestram
1885 1075 1915 1104 in
1929 1075 1981 1106 hac
1996 1085 2073 1113 parte
2087 1086 2191 1107 mento
2206 1076 2308 1107 debeas

1247 1118 1310 1139 mus
1325 1118 1463 1140 commen
1483 1120 1538 1141 are.

1287 1184 1378 1216 Teste
1392 1185 1565 1225 Edmundo,
1582 1187 1700 1218 Comite
1714 1187 1890 1227 Cornubiae,
1907 1189 2116 1228 consanguineo
2129 1188 2218 1229 Regis
2237 1192 2310 1229 apud

1250 1222 1416 1254 Gloucestr.
1434 1224 1549 1256 decimo
1565 1225 1642 1256 sexro
1655 1226 1700 1256 die
1711 1226 1789 1264 Julii.

1289 1300 1404 1332 Eodem
1418 1300 1508 1331 modo
1523 1302 1686 1333 mandatum
1701 1302 1743 1334 est
1758 1302 1867 1334 Ballivis
1881 1302 1921 1332 H.
1935 1302 1972 1333 de
1987 1302 2073 1341 Lascy
2104 1303 2229 1335 Comitis
2244 1305 2314 1335 Lin-

1251 1339 1417 1377 colniensis,
1435 1338 1472 1369 de
1491 1339 1592 1384 Reos,
1610 1342 1644 1372 ὃς
1664 1342 1820 1382 Riynook,
1838 1341 1875 1372 de
1895 1348 1956 1380 400
1975 1329 2137 1374 hominibus
2157 1343 2313 1382 peditibus,

1251 1378 1287 1408 ad
1298 1388 1375 1408 arma
1388 1379 1566 1418 potentibus,
1585 1380 1646 1411 &c.

1292 1455 1407 1486 Eodem
1423 1455 1513 1486 modo
1527 1455 1691 1487 mandatum
1705 1456 1747 1488 est
1761 1457 1923 1496 Reginaldo
1935 1457 1971 1487 de
1983 1457 2065 1496 Grey
2078 1457 2114 1488 de
2125 1457 2251 1490 ducentis
2263 1459 2316 1489 hoa

1256 1495 1378 1526 minibus
1401 1494 1555 1536 peditibus,
1570 1496 1731 1533 potentibus
1752 1496 1787 1526 ad
1806 1506 1898 1534 arma,
1915 1495 1951 1526 de
1973 1495 2177 1536 Diffrencloyd
2195 1499 2229 1529 &
2253 1498 2316 1528 Te-

1256 1533 1377 1572 ge'ng103
1397 1534 1431 1564 ὃς
1446 1532 1530 1563 etiam
1543 1534 1579 1563 de
1591 1532 1680 1564 Com.
1699 1534 1834 1573 Cestriae,
1850 1534 1886 1565 de
1900 1534 1976 1564 mille
1995 1535 2176 1574 hominibus3
2192 1545 2318 1574 quorum

1257 1580 1316 1601 200
1331 1571 1383 1602 sint
1396 1571 1557 1610 foffatores,
1573 1572 1606 1603 &
1622 1582 1682 1603 200
1697 1573 1860 1605 succiffores
1874 1572 1962 1603 bosci.

1294 1648 1408 1679 Eodem
1427 1648 1518 1679 modo
1539 1648 1703 1680 mandatum
1726 1649 1766 1680 est
1786 1649 1839 1680 Ma
1851 1649 1889 1679 illi
1902 1649 1938 1680 de
1952 1649 2184 1689 Mortuo-Mari,
2202 1649 2238 1681 de
2261 1659 2319 1689 300

1257 1685 1422 1718 hominibus
1436 1686 1588 1725 peditibus,
1603 1687 1638 1718 ad
1651 1697 1727 1719 arma
1739 1689 1846 1726 potenti
1868 1699 1916 1727 uS,
1932 1690 1993 1720 ὅτε.
2012 1689 2049 1719 de
2061 1697 2133 1720 terra
2145 1688 2199 1720 sua.

1295 1763 1410 1795 Eodem
1426 1764 1516 1795 modo
1532 1764 1696 1795 mandatum
1708 1764 1749 1794 est
1764 1765 1886 1804 Rogero
1899 1765 1935 1795 de
1950 1764 2184 1803 Mortuo-Mari,
2201 1765 2238 1796 de
2257 1775 2320 1804 400

1259 1803 1422 1834 hominibus
1437 1802 1592 1842 peditibus,
1609 1805 1770 1841 potentibus
1783 1803 1817 1833 ad
1831 1813 1924 1842 arma,
1943 1805 2003 1835 &c.
2020 1804 2055 1834 de
2067 1812 2138 1834 terra
2150 1803 2203 1833 sua.

1299 1879 1412 1910 Eodem
1433 1878 1523 1910 modo
1546 1879 1710 1911 mandatum
1732 1880 1773 1911 est
1793 1879 1881 1911 Petro
1902 1878 2015 1910 Corbet
2034 1879 2070 1910 de
2084 1888 2144 1918 400
2161 1879 2324 1910 hominibus

1261 1918 1416 1957 peditibus,
1434 1919 1596 1956 potentibus
1607 1919 1642 1950 ad
1656 1929 1751 1959 arma,
1769 1920 1829 1951 &c.
1846 1919 1883 1948 de
1897 1923 1969 1948 terra
1983 1918 2036 1948 sua.

1299 1994 1414 2025 Eodem
1428 1992 1519 2024 modo
1534 1994 1696 2026 'mandatum
1711 1994 1752 2025 est
1767 1994 1876 2026 Ballivis
1890 1994 2008 2026 Ricardi
2021 1993 2069 2024 filii
2093 1994 2175 2025 Alani
2194 1994 2231 2025 de
2253 1993 2326 2025 Clo-

1262 2043 1317 2072 ne,
1331 2033 1368 2064 de
1382 2042 1444 2072 400
1460 2033 1623 2064 hominibus
1637 2033 1790 2072 peditibus,
1805 2034 1966 2074 potentibus
1979 2033 2013 2063 ad
2027 2043 2118 2071 arma,
2135 2035 2195 2064 ὅτε.

1301 2110 1417 2142 Eodem
1431 2109 1522 2140 m'odo
1536 2108 1703 2140 mandatum
1717 2106 1758 2140 est
1771 2105 1880 2141 Ballivis
1894 2110 2016 2148 ejusdem
2037 2109 2155 2141 Ricardi
2176 2109 2224 2140 filii
2247 2108 2330 2139 Alani

1264 2146 1301 2180 de
1322 2148 1592 2219 Blaugrgc-Mouster,
1609 2148 1646 2179 de
1667 2159 1726 2179 200
1747 2149 1912 2180 hominibus
1932 2148 2088 2187 peditibus,
2113 2148 2275 2186 potentibus
2294 2147 2330 2178 ad

1265 2198 1359 2227 arma,
1412 2197 1438 2219 c.

1304 2263 1417 2295 Eodem
1432 2263 1523 2295 modo
1536 2264 1700 2295 mandatum
1716 2265 1758 2296 est
1775 2263 1885 2297 Banivis
1897 2263 1934 2296 de
1947 2263 2052 2295 Castro
2067 2261 2200 2302 Episcopi
2216 2263 2252 2294 de
2272 2271 2331 2297 200

1268 2302 1433 2335 hominibus
1448 2303 1604 2342 peditibus,
1623 2305 1786 2341 potentibus
1800 2304 1835 2336 ad
1850 2313 1926 2334 arma
1939 2305 1999 2335 &c.

1307 2379 1327 2399 ²¹¹³
1346 2379 1461 2411 Eodem
1473 2379 1563 2411 modo
1578 2379 1741 2410 mandatum
1755 2379 1796 2410 est
1808 2379 1941 2411 Hawisiae
1952 2378 2025 2409 dela
2037 2371 2125 2417 Pole,
2141 2377 2177 2407 de
2202 2386 2258 2408 100
2280 2378 2334 2408 hc«
2353 2379 2483 2415 ‘11›345-=

1269 2418 1392 2449 minibus
1406 2418 1563 2457 peditibus,
1582 2418 1618 2449 de
1632 2420 1702 2448 terra
1714 2418 1750 2448 de
1764 2416 1995 2455 Strattonesdale,
2010 2418 2070 2448 &c.

1308 2493 1424 2524 Eodem
1440 2495 1532 2525 modo
1545 2495 1708 2526 mandatum
1724 2494 1766 2525 est
1780 2494 1915 2526 Roberto
1928 2493 1965 2524 de
1978 2492 2082 2532 Butes,
2101 2492 2208 2524 Ballivo
2225 2493 2334 2524 Domi-

1272 2537 1317 2562 nae
1331 2532 1474 2563 Alianorae
1489 2533 1609 2572 Reginae
1622 2534 1733 2573 Angliae
1749 2532 1897 2563 Consortis
1911 2532 2018 2572 Regis,
2036 2531 2072 2561 de
2086 2533 2199 2569 propria
2218 2532 2336 2570 persona

1271 2571 1332 2609 sua,
1351 2572 1385 2602 &
1410 2580 1466 2600 100
1488 2571 1669 2610 hominibus,
1696 2572 1859 2609 potentibus
1880 2571 1915 2601 ad
1935 2579 2027 2608 arma,
2052 2570 2088 2600 de
2109 2569 2213 2602 Balliva
2232 2570 2277 2601 sua
2299 2572 2336 2602 de

1273 2608 1380 2640 Mallor
1395 2609 1520 2648 Seifink,
1537 2610 1599 2640 &c.

1312 2685 1425 2717 Eodem
1441 2682 1532 2718 modo
1547 2687 1711 2717 mandatum
1725 2676 1767 2717 est
1782 2678 1908 2724 Ballivo,
1925 2685 2069 2716 Alianorae
2082 2677 2204 2726 Reginae
2226 2685 2340 2726 Angliae

1274 2724 1423 2756 Consortis
1434 2725 1539 2764 Regis,
1556 2725 1592 2756 de
1609 2725 1772 2763 Maelifeld,
1791 2724 1827 2755 de
1840 2726 1997 2765 quingentis
2011 2725 2193 2764 hominibus,
2212 2734 2336 2764 quorum

1278 2773 1335 2794 100
1348 2764 1401 2795 sint
1411 2765 1591 2803 carpentarii,
1608 2764 1641 2795 ὃς
1655 2764 1754 2795 residui
1769 2763 1873 2804 pedites
1887 2771 2015 2802 potentes
2029 2762 2065 2794 ad
2078 2773 2163 2793 arma.

1315 2840 1486 2871 Mandatum
1505 2838 1546 2870 est
1563 2840 1673 2873 Ballivis
1697 2840 1862 2879 Edmundi,
1880 2839 1969 2870 fratris
1984 2838 2088 2883 Regis,
2105 2839 2141 2870 de
2155 2838 2340 2877 Monemue,

1276 2880 1355 2919 quod
1368 2889 1469 2910 omnes
1483 2878 1614 2910 homines
1627 2878 1750 2919 pedites,
1761 2879 1796 2910 ad
1810 2885 1888 2909 arma
1901 2886 2047 2916 potentes,
2065 2887 2094 2907 m
2107 2878 2199 2908 Terra
2213 2877 2249 2907 de
2264 2877 2339 2908 Mo-

1276 2928 1396 2987 ffimue,
1415 2919 1448 2948 &
1469 2917 1506 2960 de
1528 2917 1760 2986 tribgssCasgisr,
1779 2916 1987 2985 finestdilatigne
1995 2917 2104 2984 [uenire
2126 2916 2246 2960 facient,
2263 2915 2339 2983 apuli:

1276 2963 1616 3031 feii'iissmsssssseiiafssssssu
1631 2964 1793 3032 Ἑὲἑιίοιῗε
1803 2965 1896 3024 1¹2¹ss?
1894 2963 1999 3031 3115,
2018 2964 2085 3024 3522?
2093 2963 2254 3031 Ἀέᾝζέἑῗῗ
2260 2964 2339 3022 vfi‘iia

1275 3033 1321 3064 sua
1334 3033 1441 3063 ibidem
1458 3032 1599 3075 recipere,
1617 3033 1651 3063 &
1665 3032 1700 3063 ad
1715 3018 1952 3076 proficiscendum
1966 3032 2067 3062 exinde
2091 3041 2160 3076 cum
2183 3030 2340 3074 Edmundo

1276 3071 1366 3102 Com.
1388 3070 1561 3108 Cornublae,
1579 3070 1679 3101 locum
1696 3070 1785 3111 Regis
1806 3076 1836 3101 m
1857 3069 1962 3108 Angla
1981 3077 2112 3107 tenente,
2130 3071 2159 3100 in
2184 3068 2339 3107 expeditio-

1273 3119 1343 3140 nem
1359 3109 1464 3149 Regis,
1481 3109 1542 3140 &c.

1315 3184 1407 3217 Teste
1420 3185 1536 3224 praefato
1551 3182 1671 3216 Comite
1682 3184 1756 3224 apud
1769 3183 1914 3216 Hereford
1928 3193 1964 3226 23
1981 3185 2027 3216 die·
2036 3184 2112 3224 Julii.

1316 3262 1430 3293 Eodem
1447 3262 1538 3293 modo
1553 3261 1718 3293 mandatum
1731 3261 1772 3293 est
1787 3261 1896 3294 Ballivis
1908 3262 2025 3292 Theob.
2041 3261 2078 3291 de
2100 3255 2234 3297 Verdun,
2252 3258 2288 3289 de
2302 3258 2342 3288 E-

1277 3311 1355 3340 wyas
1372 3301 1467 3339 Lacy,
1486 3300 1563 3339 quod
1579 3302 1677 3332 venire
1691 3301 1795 3331 Facient
1809 3300 1843 3331 ad
1857 3300 2007 3339 praedictos
2022 3299 2100 3330 diem
2115 3300 2148 3330 ὃ(
2161 3298 2261 3328 locum
2277 3307 2342 3327 om-

1277 3350 1327 3370 nes
1342 3339 1465 3378 pedites,
1483 3340 1544 3371 &c.
1563 3337 1600 3369 de
1614 3338 1716 3370 Balliva
1735 3339 1788 3370 sua.

1318 3415 1432 3446 Eodem
1454 3416 1546 3447 modo
1563 3414 1727 3446 mandatum
1749 3414 1791 3446 est
1813 3414 1923 3446 Ballivis
1936 3413 1978 3444 G.
1994 3413 2031 3444 de
2043 3412 2179 3452 Gyenvill
2193 3411 2230 3442 de
2242 3409 2345 3449 Ewyas

1280 3456 1359 3525 c[sacy
1380 3455 1459 3524 <god
1478 3456 1574 3487 venire
1594 3453 1698 3485 facient
1719 3453 1753 3484 ad
1767 3452 1918 3492 praedictos
1931 3451 2009 3483 diem
2023 3453 2055 3484 &
2068 3452 2168 3482 locum
2181 3458 2282 3481 omnes
2296 3456 2346 3487 pe-

1302 3504 1366 3532 ntes,
1411 3503 1447 3524 -c.

1319 3571 1433 3602 Eodem
1453 3570 1543 3605 modo
1563 3568 1729 3600 mandatum
1750 3569 1793 3600 est
1812 3567 1974 3600 Willielmo
1997 3567 2034 3597 de
2060 3565 2221 3609 Hathewy,
2237 3563 2345 3609 Barllivo

1282 3610 1318 3640 de
1333 3610 1439 3640 83ηᾶὶο
1456 3607 1593 3639 Brianello
1618 3607 1697 3646 quod
1711 3608 1836 3638 {imiliter
1849 3609 1946 3639 venire
1958 3606 2042 3648 faciet
2054 3604 2089 3635 ad
2104 3603 2255 3642 praemites
2267 3603 2346 3634 diem

1283 3648 1317 3680 &c
1332 3648 1432 3679 locum
1445 3656 1545 3678 omnes
1557 3632 1682 3684 pedites,
1699 3647 1762 3679 διε.
1779 3646 1816 3677 de
1830 3645 1934 3678 Balliva
1948 3643 2001 3675 sua.

1321 3724 1412 3756 Teste
1428 3733 1458 3755 ut
1479 3723 1565 3761 supra.

1324 3797 1413 3839 Item,
1432 3798 1597 3830 mandatum
1618 3798 1660 3830 est
1680 3800 1774 3831 eidem
1793 3796 1956 3830 Willielmo
1998 3796 2073 3836 uod,
2090 3796 2158 3828 licet
2178 3795 2245 3827 Rex
2266 3803 2347 3826 man-

1287 3842 1394 3873 daverit
1415 3841 1441 3869 ci
1455 3837 1533 3876 quod
1546 3836 1642 3869 venire
1656 3838 1739 3870 faciet
1752 3837 1786 3868 ad
1805 3837 1955 3875 praedictos
1996 3837 2051 3867 'em
2073 3836 2107 3866 &
2127 3836 2227 3866 locum
2246 3842 2348 3865 omnes

1289 3880 1410 3918 pedites,
1428 3878 1488 3908 &c.
1504 3876 1541 3906 de
1555 3876 1658 3906 Balliva
1669 3877 1730 3914 sua,
1747 3876 1948 3907 nichilominus
1963 3873 2110 3912 provideat
2128 3874 2165 3904 de
2184 3883 2254 3915 400·
2267 3871 2348 3901 Cou-³

1291 3917 1442 3959 piatoribus
1454 3915 1491 3945 de
1508 3915 1687 3953 melioribus,
1706 3917 1767 3946 &c.
1786 3916 1820 3946 &
1837 3923 1886 3944 eos
1903 3912 1989 3951 usque'
2009 3912 2174 3944 Monemue
2191 3920 2287 3943 venire
2308 3909 2349 3938 fa-

1307 3958 1364 3986 ·'etv
1539 3971 1542 3975 ι

1293 3967 1320 3989 α
1332 3981 1372 4024 It}
1394 3991 1471 4031 quod
1492 3991 1543 4022 sint
1564 3991 1670 4022 ibidem
1689 3991 1742 4022 hac
1757 3990 1871 4021 instanti
1882 3989 1929 4021 die
1938 3988 2115 4029 Dominicd,
2134 3986 2261 4027 proxima
2272 3983 2350 4030 *post

1294 4033 1410 4064 Festum
1428 4030 1522 4061 Sanffl
1538 4028 1641 4067 Jacobi
1662 4029 1814 4068 Apostoli,
1831 4039 1900 4060 cum
1919 4029 2025 4060 hachiis
2043 4031 2077 4061 &
2096 4028 2152 4058 aliis
2172 4025 2349 4070 utenfihbus‚

1295 4073 1357 4104 &c.
1376 4071 1461 4109 parati
1478 4067 1558 4102 vadia
1577 4068 1624 4101 sua
1640 4070 1782 4108 recipere,
1800 4069 1849 4137 δὲ
1853 4067 1888 4099 ad
1908 4066 2145 4108 proficiscendum
2163 4063 2263 4096 exinde
2283 4070 2355 4127 ‘³⁰4¹ss
