2570 4261
35 267 110 300 Ann.
125 266 165 299 D.

61 315 145 346 1301.

36 349 103 374 Eav.
126 354 151 375 Ι.

39 558 173 596 411877.

69 3543 192 3581 011378

649 178 778 220 ΕΤ
875 178 1198 223 ACTA

187 263 215 293 in
242 263 295 296 hac
312 273 388 303 parte
403 266 454 296 tibi
470 265 504 297 ὃς
521 264 638 304 praefato
656 265 732 303 Regi
749 265 870 297 Franciae
886 266 1042 304 cupiditatis
1059 265 1158 297 aestum
1175 265 1255 296 adhi-

188 303 257 370 beg}1
258 326 268 342 ,
293 307 365 334 adeo
384 306 455 335 virus
471 304 598 335 infundat
613 305 744 342 invidiae,
761 305 838 343 quod
856 305 1063 335 irremediabilia
1080 313 1250 336 nocumenta

206 351 218 370 i·
260 351 322 373 ucat

186 351 205 379 p
227 379 305 410 Ecce
315 381 320 410 ἔ
330 365 430 411 ²adhuc
448 390 475 411 te
491 380 525 411 ad
541 391 591 418 ea,
609 390 671 418 quae
687 388 742 410 tuae
758 380 832 411 saluti
848 380 1013 418 expediunt,
1030 381 1131 411 honori
1147 381 1181 411 &
1197 382 1251 411 uti-

187 417 305 449 litatibus
329 421 380 449 tuis
396 420 429 450 &
446 419 515 457 ipsus
532 418 629 456 Regni
645 420 837 456 conveniunt,
854 419 1000 449 salubribus
1017 420 1251 450 exhortationibus

190 466 345 488 inVitamus.

228 493 411 526 Persualiones
427 497 517 534 itaque
533 494 635 525 nostras
651 496 747 525 animo
763 493 867 525 devoto
883 494 1023 533 suscipias,
1041 495 1109 534 hiis,
1126 506 1189 533 quae
1198 497 1250 526 tibi

191 531 343 564 affectione
368 544 479 572 paterna
493 534 682 571 suggerimus,
700 543 774 563 aures
790 534 957 563 adhibiturus
973 535 1105 572 intentas,
1122 536 1154 565 ὃς
1169 534 1203 564 ad
1219 546 1250 565 ea

190 571 287 602 oculos
302 574 401 602 mentis
417 573 554 602 habiturus
570 581 692 610 apertos,
710 579 757 609 iit,
774 571 894 602 deducta
910 573 938 602 in
953 574 1063 602 rationis
1081 573 1098 591 ²*
1117 583 1251 612 examen,

190 609 224 640 δε
240 609 309 640 illius
324 612 477 641 examinata
491 610 621 640 scrutinio
636 609 811 640 admittantur
827 610 969 648 devotius,
986 611 1019 641 &
1035 611 1178 648 exprelsius
1196 613 1249 641 im-

189 649 341 686 primantur
365 648 497 687 admissa,
522 649 556 679 &
578 647 723 685 impreffii,
748 649 799 677 tibi
823 648 983 687 Regnoque
1004 658 1053 679 tuo
1069 650 1103 680 ad
1121 650 1251 689 salutem,

191 687 366 719 concedente
395 687 483 718 salutis
506 688 636 724 auctore,
654 686 797 725 proficiant
813 709 823 724 ,
849 697 947 725 pacem
970 689 1151 727 germinent,
1187 699 1251 725 pro-

191 724 350 764 ducantque
383 727 522 764 quietem,
554 725 587 755 ὃς
619 725 654 755 ad
680 723 764 754 status
788 725 940 755 universalis
952 748 962 764 ,
985 728 1068 756 etiarn
1093 736 1250 758 renatorum

191 763 269 831 {onte
295 765 476 803 baptismatis,
502 765 534 794 ὅ(
558 763 656 794 Terrae
679 762 779 793 sanetae
795 763 934 800 potissime
950 765 1154 802 prosperitatem
1170 776 1252 796 acce-

212 810 266 832 ant.

231 839 366 870 Profe&o
376 863 385 878 ,
403 840 423 870 si
440 839 474 870 ad
490 841 622 879 praeterita
637 839 733 870 referas
748 848 803 870 tuae
818 840 1039 872 considerationis
1046 843 1252 881 intuitum,oc-

192 886 303 909 current
325 879 375 909 tibi
401 881 522 917 pericula
546 880 658 918 gravia,
683 880 780 917 quibus
796 887 841 917 te,
859 879 1049 918 Regnumque
1066 881 1251 919 praedic‘lum,

189 927 224 948 ac
240 916 386 955 praefatum
404 917 534 956 Regem,
552 919 584 948 ὃς
602 917 737 955 Regnum
754 917 876 948 Franciae
892 918 1112 956 periculoiiffime
1128 920 1172 949 ille
1182 920 1252 950 Dae-

192 965 262 985 mon
285 956 402 986 involvit
435 958 590 994 utrimque,
608 958 703 993 variis,
722 956 790 993 proh
807 956 899 986 dolor!
918 958 1070 987 animarum
1087 957 1252 989 discrimini-

192 994 261 1031 bus,
280 994 454 1031 personarum
472 994 601 1033 excidiis,
618 1004 763 1032 rerumque
780 994 924 1032 dispendiis
933 994 1090 1026 subsecutis:

230 1031 389 1063 Occurrent
410 1034 461 1064 tibi
477 1033 582 1064 labores
596 1035 751 1071 innumeri,
768 1035 841 1064 anxii
856 1035 1008 1072 cogitatus,
1026 1033 1139 1071 grandia
1154 1034 1253 1073 taedia,

192 1072 313 1102 maxima
338 1071 440 1111 studia,
458 1071 634 1110 expensarum
648 1071 768 1109 sumptus
784 1072 817 1102 ὃ(
833 1082 915 1103 onera
933 1073 1044 1110 gravia,
1062 1083 1124 1110 quae
1141 1073 1253 1104 diversi-

193 1109 279 1140 mode
301 1120 351 1141 nos
376 1111 409 1141 &
435 1110 574 1148 Ecclesia,
592 1110 684 1140 Mater
701 1119 762 1148 tua,
780 1110 938 1147 pertulimus
951 1111 985 1141 &
1000 1110 1168 1150 subivimus,
1186 1122 1253 1142 cum

191 1149 333 1179 immensae
349 1150 526 1187 benignitatis
541 1149 729 1187 adhibitione,
746 1148 834 1178 solerti
851 1158 901 1187 pro
917 1148 1005 1179 danda
1022 1159 1089 1186 pace
1104 1151 1196 1181 tibi&
1206 1151 1254 1189 ipsi

193 1186 315 1217 Francia:
340 1187 417 1225 Regi
437 1199 469 1218 ac
491 1187 662 1227 procuranda
685 1189 791 1225 quiete,
816 1187 925 1217 diverfis
950 1188 982 1218 &
1004 1187 1158 1218 solennibus
1174 1189 1208 1219 ad
1225 1189 1253 1219 id

193 1225 317 1257 Nunciis
334 1226 490 1265 destinatis,
512 1227 545 1257 &
569 1226 649 1256 factis
666 1235 713 1263 per
729 1235 780 1255 nos
796 1227 876 1256 certis
891 1225 1124 1265 ordinationibus,
1141 1228 1175 1258 ὃς
1184 1237 1254 1258 6011-

191 1264 270 1295 cessis
284 1266 483 1303 matrimoniis,
500 1264 568 1294 sicut
583 1263 673 1293 nosti:

231 1303 370 1334 Occurret
394 1304 444 1333 tibi
469 1304 616 1341 praeteritus
640 1301 721 1332 status
737 1301 895 1332 miserabilis
909 1302 1008 1332 Terrae
1024 1301 1143 1341 sanstae,
1161 1314 1256 1343 nunc,

193 1350 223 1373 ut
248 1350 275 1372 te
298 1342 380 1372 latere
394 1351 452 1371 non
471 1341 622 1378 convenit,
638 1339 714 1377 satis,
731 1350 779 1378 per
795 1340 853 1370 Dei
868 1340 1102 1379 misericordiam,
1121 1342 1255 1374 faelicibus

193 1380 339 1411 eventibus
353 1379 509 1416 illustratus:

231 1418 265 1448 In
281 1428 337 1455 quo
352 1417 411 1448 satis
425 1417 557 1448 hadlenus
572 1414 698 1454 repulisse
712 1415 819 1447 videtur
834 1415 976 1447 Dominus
993 1417 1104 1455 plebem
1120 1418 1193 1449 suam
1202 1443 1212 1458 ,
1222 1421 1255 1452 ὃς

191 1455 316 1488 avertifl'e
339 1455 440 1486 faciem
462 1458 477 1486 a
496 1455 601 1494 populo
619 1453 777 1485 Christiano
786 1478 796 1493 ,
812 1464 847 1485 ex
862 1465 898 1485 eo
914 1455 990 1493 quod
1005 1464 1104 1486 terram
1119 1458 1256 1498 eandem,

193 1497 222 1525 in
248 1505 300 1533 qua
318 1494 400 1532 pedes
417 1494 521 1525 Christi
539 1493 667 1524 steterunt
683 1493 805 1532 tamdiu,
824 1496 943 1531 peccatis
956 1496 1147 1534 exigentibus,
1165 1506 1256 1535 popu-

193 1533 233 1564 lus
257 1533 313 1571 ipse
336 1532 423 1571 passus
446 1533 504 1572 est,
529 1543 577 1572 per
601 1532 802 1570 negligentiam
819 1533 853 1563 &
868 1532 1007 1572 inediam,
1024 1532 1092 1564 stare
1107 1533 1155 1565 sub
1170 1536 1255 1566 foedis

191 1571 404 1602 Sarracenorum
422 1572 538 1610 pedibus
554 1571 756 1602 conculcatam.

233 1610 312 1641 Vidit
334 1611 410 1641 enim
435 1611 561 1649 praefatus
580 1609 701 1648 Populus
711 1617 809 1640 terram
821 1608 907 1648 ipsam
923 1609 1023 1640 diutius
1032 1610 1123 1648 jacere
1139 1611 1256 1649 prostra-

192 1657 269 1688 tam,
286 1649 458 1680 desolationis
481 1649 670 1688 deplorantem
690 1648 844 1686 angustias,
863 1647 999 1678 flebilibus
1014 1650 1133 1680 vocibus
1148 1651 1181 1681 ὃ(
1196 1652 1257 1682 ulu-

191 1687 291 1718 latibus
306 1687 525 1726 exclamantem,
543 1697 576 1718 ac
592 1696 626 1718 ex
665 1686 785 1717 scentem
803 1686 932 1717 instanter
949 1686 1169 1719 Christianorum
1183 1692 1258 1720 auxi-

194 1726 263 1757 lium
280 1727 313 1758 &
326 1727 476 1765 juvamen,
492 1727 526 1758 &
542 1735 600 1756 non
629 1726 666 1755 uit
682 1726 729 1763 qui
743 1734 944 1763 compateretur
958 1726 1002 1765 ei,
1019 1727 1066 1764 qui
1075 1727 1258 1759 consolaretur

193 1764 329 1803 eandem,
348 1766 395 1804 qui
411 1764 460 1794 fibi
474 1765 616 1795 vivamina
631 1763 803 1794 ministraret.

233 1803 281 1833 Set
302 1803 357 1841 ipse
377 1802 503 1833 Christus
519 1813 552 1833 ex
568 1802 624 1833 alto
638 1802 819 1840 prospiciens,
836 1802 870 1833 &
885 1802 1024 1833 attendens
1038 1803 1117 1841 quod
1133 1806 1190 1844 ejus
1205 1816 1257 1844 po-

193 1841 272 1880 pulus
288 1841 444 1880 laborabat,
460 1842 489 1872 in
501 1843 554 1873 hac
569 1849 642 1879 parte
653 1864 663 1879 ,
680 1841 880 1878 ingratitudinis
894 1841 927 1872 &
941 1842 1120 1879 negligentiae
1135 1846 1207 1875 vitio
1216 1855 1258 1875 er-

193 1890 231 1919 ga
247 1890 330 1919 eum,
347 1881 380 1912 &
397 1888 558 1919 propterea,
574 1888 604 1911 ut
611 1888 736 1917 putamus
741 1902 752 1918 ,
769 1879 941 1910 indefectam
949 1879 1168 1912 Christianarum
1177 1883 1259 1914 Gen-

194 1920 284 1958 tium,
308 1920 412 1956 eligens
434 1929 481 1957 per
503 1919 562 1949 illos
577 1941 588 1957 ,
613 1928 682 1957 quos
705 1918 796 1949 adhuc
813 1928 876 1949 vera
891 1917 956 1949 fides
973 1918 1128 1950 Christiana
1142 1921 1258 1959 Religio

196 1967 255 1987 non
280 1959 413 1996 agnovit,
436 1957 566 1988 Tartaros
586 1957 729 1995 videlicet,
753 1956 779 1986 se
798 1957 910 1995 juvare,
933 1958 1076 1996 praefatam
1097 1967 1195 1990 terram
1210 1970 1258 1998 per

195 1995 308 2026 eosdem
321 1996 351 2026 T
352 2004 452 2026 art-aros
464 1995 500 2026 de
517 1995 728 2027 Sarracenoi‘um
744 1996 869 2026 manibus
881 1996 1016 2027 liberavit.

234 2034 281 2064 Set
297 2036 456 2073 neminem,
475 2045 543 2073 quos
559 2033 614 2072 ipsa
630 2035 770 2071 contingit
784 2033 868 2072 fides,
885 2035 918 2065 &
934 2043 961 2065 te
977 2034 1134 2075 potiffime,
1152 2038 1198 2076 qui
1216 2038 1259 2068 in-

195 2080 237 2103 ter
261 2081 374 2103 6316103
395 2072 537 2111 Principes
561 2073 636 2103 orbis
659 2081 736 2103 terrae
758 2073 880 2110 potentia
905 2074 1022 2104 nosceris
1038 2075 1071 2105 &
1087 2074 1259 2107 facultatibus

197 2111 370 2149 habundare,
396 2111 477 2142 decet
493 2112 638 2150 omittere,
656 2111 723 2149 quin
740 2111 890 2142 consideret
906 2112 1052 2149 diligenter
1069 2113 1144 2151 quod
1160 2124 1258 2144 veren-

196 2149 266 2179 dum
290 2150 330 2180 est
353 2152 386 2181 &
405 2150 562 2181 timendum
583 2151 723 2188 occurrit,
740 2159 775 2180 ne
792 2150 983 2189 castigaverit,
1001 2151 1045 2181 vel
1059 2152 1195 2189 castigare
1209 2152 1260 2183 de-

196 2190 314 2218 creverit
330 2188 473 2219 Dominus
488 2189 595 2219 <iustam
612 2188 723 2227 plebem
736 2187 805 2218 dum
820 2189 880 2227 ipso
896 2191 924 2219 in
940 2198 1021 2220 tantae
1030 2190 1198 2221 confusionis
1206 2191 1259 2222 ob-

197 2227 313 2265 probrio
328 2227 355 2257 se
370 2228 418 2257 libi
434 2228 586 2258 obnoxiam
604 2226 782 2266 praesentavit.

235 2265 375 2297 Occurret
392 2276 503 2304 quoque
519 2267 588 2305 tibi,
604 2275 657 2296 nec
673 2264 729 2295 esse
743 2266 843 2308 poterit
858 2266 873 2295 a
888 2273 942 2296 tuae
958 2266 1180 2298 considerationis
1185 2267 1260 2307 judi-

197 2304 247 2334 cio
266 2304 405 2342 alienum,
424 2305 498 2342 quod
515 2305 549 2335 δε
565 2313 595 2335 111
607 2303 731 2334 cecidisti
745 2307 822 2341 super
837 2304 911 2341 hoc,
929 2306 1002 2342 quali
1016 2306 1189 2344 principalius
1202 2318 1258 2337 cae-

196 2344 260 2373 teris
274 2365 282 2380 ,
309 2344 337 2372 in
369 2342 568 2381 commissum,
594 2353 659 2372 nam
683 2342 768 2381 dum,
792 2352 871 2372 more
894 2342 1109 2380 Progenitorum
1127 2353 1259 2384 tuorum,

199 2380 494 2412 Christianiffiniorum
516 2381 695 2420 Principum,
720 2381 753 2412 &
776 2390 809 2411 ex
836 2389 922 2420 voto,
947 2383 962 2411 a
979 2391 1006 2412 te
1021 2382 1128 2413 dudum
1142 2383 1260 2422 emissb,

198 2419 349 2458 debtiisseS,
374 2430 424 2457 pro
446 2421 525 2457 ipsius
548 2421 697 2449 reverentia
710 2419 920 2457 Redemptoris,
939 2421 1012 2450 circa
1027 2421 1125 2451 Terrae
1139 2422 1260 2458 praefatae

199 2457 355 2488 succursum
365 2458 508 2495 vigilanter
517 2457 654 2488 intendere
661 2457 800 2495 ,laborare
808 2458 960 2496 ferventer,
973 2458 1164 2489 &efficaciter
1173 2470 1260 2498 expo-

199 2506 265 2527 nere
272 2497 342 2526 vires
349 2505 405 2527 tuas
411 2506 452 2534 ,ut
461 2497 662 2534 patrimonium
671 2496 725 2533 ejus
732 2518 741 2533 ,
749 2495 880 2532 praedi&a
886 2518 896 2534 ,
903 2495 1032 2527 videlicet
1039 2520 1049 2535 ,
1056 2497 1144 2527 Terra
1152 2497 1257 2537 taneta,

201 2534 236 2565 ad
250 2536 460 2572 recuperationis
482 2543 582 2572 optatae
600 2533 732 2572 gloriam,
747 2543 794 2571 per
811 2534 930 2565 tuum&
945 2534 1062 2566 aliorum
1069 2535 1193 2567 fidelium
1207 2539 1261 2567 mi-

205 2572 348 2604 nisterium
357 2574 497 2603 deveniret
506 2595 516 2611 ,

243 2611 354 2642 Vacitsti
373 2621 440 2642 cum
462 2613 563 2642 eodem
580 2610 701 2641 Franciae
715 2609 798 2648 Rege
813 2611 916 2649 guerris
928 2610 962 2642 &
975 2610 1123 2651 scandalis,
1140 2613 1174 2645 &
1190 2622 1217 2645 te
1233 2615 1263 2645 in

202 2649 406 2681 discriminosos
419 2650 496 2681 attus
510 2649 623 2680 bellicos
637 2648 768 2691 irrupisti:

241 2688 400 2726 Neglexisti
424 2688 532 2719 causam
555 2688 611 2718 Dei
629 2689 770 2726 prosequi,
795 2687 830 2718 ad
842 2697 926 2727 quam
943 2689 1073 2720 tuendam
1089 2700 1146 2728 prae
1161 2691 1265 2722 caeteris

205 2728 356 2766 tenebaris,
374 2727 520 2765 dispendiis
536 2728 651 2764 propriis
667 2735 694 2756 te
710 2726 871 2757 involvens:

241 2765 390 2806 Reliquisti
411 2766 468 2796 Dei
486 2766 683 2803 patrimonium
700 2766 729 2795 in
745 2766 872 2796 manibus
886 2766 1057 2805 impiorum,
1074 2774 1105 2797 ut
1119 2766 1173 2798 sola
1186 2768 1266 2806 cupi-

203 2804 303 2843 ditate,
328 2815 379 2843 pro
402 2803 520 2835 minim&
544 2803 600 2834 fere
622 2812 729 2834 tuarum
753 2803 914 2836 facultatum
929 2805 1076 2844 particula,
1093 2805 1268 2844 dispendiosis

204 2843 335 2875 fluetibus
349 2843 501 2874 laetareris:

244 2882 317 2912 Non
338 2881 429 2913 vitasti
451 2880 599 2913 universale
622 2879 721 2911 mundi
742 2879 933 2919 dispendium,
957 2881 991 2912 &
1014 2881 1135 2920 publicae
1154 2883 1269 2921 jasturae

203 2919 370 2959 discrimen,
397 2929 425 2951 ut
448 2922 565 2959 propriae
587 2919 731 2951 voluntatis
753 2921 894 2951 arbitrium
915 2920 1026 2951 ruinofis
1046 2922 1152 2952 actibus
1176 2921 1269 2960 seque-

204 2968 284 2988 reris:

245 2996 445 3035 contempsisti
467 3004 566 3027 aeterna
590 2996 689 3034 gaudia
712 3007 763 3035 pro
777 2997 904 3036 caducis,
921 2997 956 3028 &
971 2996 1158 3029 haereditatem
1173 3008 1270 3037 perpe-

208 3041 286 3066 tuam
302 3045 353 3073 pro
367 3036 514 3066 transitoria
528 3035 665 3066 dimiiisti:

245 3073 276 3103 Si
297 3082 389 3103 autem
405 3073 438 3103 ad
455 3073 596 3111 praesentia
610 3074 643 3105 &
657 3074 746 3105 futura
761 3074 827 3105 velis
842 3075 941 3105 habere
955 3073 1128 3114 respectum,
1145 3077 1272 3107 intuebe-

209 3112 244 3143 ris
269 3111 345 3150 quod
368 3110 493 3142 Christus
515 3111 606 3142 adhuc
630 3120 675 3143 tua
698 3113 731 3144 &
746 3113 861 3144 aliorum
876 3112 998 3144 fidelium
1014 3115 1043 3143 in
1058 3121 1134 3145 terrae
1151 3114 1271 3153 praefatae

214 3152 333 3186 negotio
347 3151 461 3188 experiri
477 3149 582 3188 plenius
589 3159 656 3180 vota
663 3150 796 3182 decrevit.

248 3186 413 3228 Praeparavit
434 3198 554 3225 namque
578 3189 652 3218 viam
676 3190 881 3220 commoditatis
896 3190 929 3220 &
945 3189 1064 3221 modurn
1079 3192 1177 3229 quibus
1193 3191 1272 3222 debi-

209 3233 272 3258 tum
286 3226 453 3266 praestoletur
468 3226 686 3265 obsequium3ut
700 3228 811 3267 saltem,
827 3229 931 3259 scilicet
947 3229 1022 3266 quod
1038 3230 1105 3260 inibi
1121 3231 1274 3277 recuperari

212 3266 300 3297 voluit
316 3265 476 3296 miraculose
491 3275 538 3303 per
553 3264 700 3304 Tmaros,
718 3276 846 3306 prompte
860 3278 893 3298 ac
908 3267 1010 3298 devote
1027 3277 1126 3306 pertua
1135 3269 1167 3300 &
1176 3269 1271 3299 Chris-

212 3305 352 3334 tianorum
367 3304 455 3335 studia
471 3303 653 3334 conservetur.

250 3342 298 3373 Set
313 3343 380 3381 quid
395 3343 426 3373 sit
441 3342 476 3373 de
491 3342 569 3380 ipsius
584 3340 688 3386 ultione
702 3342 876 3382 timendum,
894 3343 913 3374 si
930 3342 1099 3374 Christianos
1114 3344 1192 3382 super
1200 3344 1256 3375 hoc
1265 3368 1276 3383 ,

213 3380 290 3418 quod
312 3381 396 3419 absit,
418 3382 447 3411 in
471 3389 527 3412 tam
542 3387 665 3410 extrema
679 3382 855 3413 contumacia
870 3383 1107 3421 comprehendet,
1124 3392 1173 3414 tuo
1189 3383 1216 3414 id
1231 3394 1275 3414 re-

212 3418 361 3457 linquimus
376 3420 502 3450 examine
517 3418 738 3449 discernendum.

254 3457 335 3496 Qid
349 3467 461 3496 quoque
475 3458 621 3488 mereberis
635 3457 706 3495 apud
714 3457 819 3496 ipsum,
836 3458 966 3490 sitantam
980 3459 1100 3498 ejusdem
1107 3469 1185 3491 terrae
1193 3470 1275 3491 com-

216 3496 380 3527 moditatem
387 3518 397 3534 ,
414 3497 447 3526 &
462 3497 491 3526 in
498 3495 698 3526 commoditate
705 3495 891 3528 necessitatem
899 3521 909 3536 ,
927 3509 959 3529 ac
966 3500 995 3529 iri
1003 3498 1159 3529 necessitate
1167 3501 1275 3537 pericu-

196 3566 202 3573 ,
216 3534 292 3573 lum,
317 3534 418 3573 absque
433 3533 488 3564 ulla
502 3534 723 3572 tergiversatione
739 3535 929 3574 cognoscens,
946 3538 1077 3581 impedias
1091 3538 1124 3568 &
1139 3537 1276 3576 destruas,

217 3573 333 3612 quaesitis
356 3573 458 3610 guerris
480 3572 514 3603 &
528 3572 672 3611 scandalis,
690 3572 784 3612 quod,
802 3574 820 3593 *²
839 3582 868 3605 ut
884 3577 1063 3614 pramittitur,
1079 3576 1115 3606 de
1129 3576 1208 3614 ipsius
1222 3585 1277 3607 ter-

216 3622 255 3644 rae
270 3612 477 3650 recuperatione
492 3611 638 3648 provenit?

257 3651 330 3691 Qiis
345 3649 379 3680 ad
393 3649 512 3680 eandem
527 3657 626 3680 terram
641 3650 875 3681 manutenendam
889 3650 1028 3683 fervorem
1043 3653 1178 3691 accipiet,
1195 3652 1214 3683 si
1231 3661 1260 3684 tu

219 3690 268 3730 qui
289 3688 323 3720 ad
345 3687 374 3718 id
398 3687 636 3726 Christianorum,
661 3696 718 3718 tam
741 3687 922 3728 Principum,
939 3692 1022 3729 quam
1037 3691 1169 3730 aliorum,
1186 3691 1237 3722 ade
1262 3702 1278 3723 e

219 3727 321 3759 crucior
334 3726 461 3765 speraris,
477 3726 511 3757 &
526 3727 658 3765 praeviuS,
673 3736 732 3756 non
747 3725 899 3757 fervescas?

257 3766 291 3797 In
300 3775 356 3804 quo
370 3765 448 3803 super
462 3765 519 3809 hoc
533 3765 647 3803 sperabit
655 3764 777 3795 Ecclesia
785 3764 878 3796 Mater
884 3775 929 3798 tua
936 3790 946 3806 ,
955 3767 973 3798 si
981 3768 1008 3798 se
1016 3769 1149 3806 percipiet
1163 3769 1190 3799 in
1199 3777 1226 3800 te
1233 3768 1279 3807 spe

219 3803 359 3842 concepta
373 3802 512 3834 frustrari?

217 3865 220 3867 Α
259 3844 353 3882 Qiale
375 3842 409 3873 ad
432 3841 651 3880 prosecutionem
674 3841 777 3879 praefati
802 3844 909 3879 negotii
929 3844 984 3874 aliis
1005 3844 1171 3875 ministrabis
1184 3854 1280 3875 exem-

221 3880 406 3920 plum,finec
415 3880 499 3919 ipsam
509 3879 730 3919 prosecutionem
746 3878 876 3919 assumas,
894 3891 947 3914 nec
962 3882 998 3913 ab
1012 3883 1279 3921 impedimentorum

221 3918 402 3958 prostratione
417 3918 545 3950 desistas?

260 3956 345 3989 Certe
365 3969 424 3989 non
446 3958 506 3989 sunt
528 3957 590 3988 haec
605 3958 621 3987 a
636 3956 732 3994 Regio
747 3957 889 3988 abicienda
901 3958 1026 3997 judicio,
1044 3969 1102 3990 non
1117 3959 1280 3998 exponenda

224 4004 261 4025 ne
282 3995 385 4035 1661111,
400 3996 447 4028 sed
461 3996 507 4027 die
521 3996 771 4034 noetuqueaedebitae
780 3996 889 4026 rationis
903 3999 1029 4028 examine
1045 3998 1242 4036 perscrutanda.

226 4035 414 4105 lamntdliedlisris
434 4035 542 4080 insuper
564 4034 657 4081 quod,
674 4035 749 4065 circa
761 4035 979 4078 recuperandam
994 4036 1150 4080 hujusmodi
1164 4038 1281 4081 particu-

387 4073 503 4112 Regni,
518 4073 554 4106 de
568 4084 622 4113 qua
636 4072 829 4110 contenditur,
845 4073 878 4105 &
893 4075 933 4105 ob
949 4084 1033 4113 quam
1048 4075 1155 4107 videtur
1169 4075 1281 4107 scintilla

1291 180 1873 229 PUBLICA.
2321 204 2348 247 7

1292 267 1365 303 ignis
1388 268 1504 299 obnoxii
1520 270 1692 310 remansisse,
1709 282 1767 317 non
1783 273 1884 313 absque
1898 274 2025 306 aviditate
2040 275 2198 315 deduceris,
2214 277 2248 308 &
2263 280 2350 309 avari·
2370 290 2445 322 Ann-
2460 291 2500 322 D.»

1297 314 1342 335 tiae
1358 311 1615 351 Vitioretorqueris,
1633 320 1700 340 cum
1715 320 1784 341 inter
1799 321 1826 342 te
1843 323 1876 343 ac
1892 315 2035 351 praefatum
2058 315 2169 352 Regem
2179 317 2300 347 Francize
2308 326 2350 348 tot

1295 345 1328 373 &
1343 344 1408 388 tales
1423 348 1489 384 lint,
1514 357 1543 391 ut
1558 349 1649 390 nosti,
1668 350 1813 386 parentelae
1828 352 1997 391 contractae,
2016 353 2108 391 quod,
2126 353 2191 383 licet
2206 354 2278 393 ipse,

1295 392 1378 426 vore·
1384 393 1533 427 juventutis
1556 387 1700 427 impulsus,
1726 390 1814 425 pravis
1835 389 1960 420 seducTtus
1983 392 2115 428 conlili'is,
2133 392 2166 422 &
2180 392 2350 423 adulatorum

1295 421 1397 451 malitia
1411 422 1569 462 instigatus,
1586 426 1612 455 16
1626 426 1707 456 nimis
1723 428 1752 456 in
1767 427 1820 458 hac
1837 436 1912 466 parte
1927 437 2054 460 tenacem
2068 431 2197 461 exhibeat
2211 439 2292 469 atque
2300 431 2352 462 du-

1293 468 1371 488 runi:

1331 497 1380 528 Tu
1402 506 1493 529 tamen
1503 523 1512 538 ,
1526 502 1557 544 in
1574 512 1630 539 quo
1644 503 1782 545 maturitas
1795 503 1828 534 &
1842 505 2056 543 circumspectio
2071 506 2195 545 plenior,
2211 517 2245 538 ac
2262 508 2352 544 magis

1294 536 1433 566 moderata
1456 548 1615 578 requiritur,
1638 540 1810 578 acquiescere
1834 543 1898 581 sibi,
1916 553 1946 574 ut
1958 546 2073 583 juveni,
2089 545 2148 575 satis
2164 546 2351 576 condecenter

1295 582 1386 618 potes:
1413 575 1505 618 saltem
1521 578 1554 607 ad
1569 586 1693 615 tempus,
1711 578 1801 621 donec
1819 579 1896 610 Deus
1911 584 2105 622 omnipotens,
2123 585 2170 621 qui
2185 593 2270 614 errata
2285 594 2349 614 cor*-

1293 620 1359 649 rigit
1371 613 1414 656 ¹&
1437 617 1584 653 reformat,
1608 618 1658 646 tibi
1680 618 1712 646 &
1728 618 1777 647 libi
1791 617 1826 647 de
1843 619 1950 649 meliori
1965 621 2095 660 consilio,
2113 621 2350 653 &salubrioribus

1294 650 1428 681 fructibus
1442 652 1546 684 duxerit
1562 654 1773 691 providendum.

1332 689 1397 719 Nos
1419 692 1532 729 quidem
1547 693 1739 732 agnoscimus,
1757 703 1791 724 ac
1805 701 1833 724 te
1846 693 1927 725 decet
1942 695 2080 728 advertere
2095 697 2256 737 diligenter,
2275 698 2352 737 quod

1294 736 1362 757 cum
1387 729 1431 758 tali
1453 731 1577 760 debitore
1598 732 1715 762 nosceris
1738 733 1917 771 contraxisse,
1943 735 2018 771 quod
2032 735 2183 767 necessario
2199 738 2309 775 expedit
2321 745 2353 768 ut

1293 765 1444 809 apudeum
1458 770 1508 810 tibi
1522 769 1557 799 de
1572 770 1680 801 creditis
1693 772 1847 810 minuatur,
1864 772 1896 803 &
1908 771 1957 802 sub
1973 773 2089 810 quadam
2104 776 2260 811 ignorantia
2275 776 2355 814 super

1297 803 1353 833 hoc
1367 806 1525 841 iplideteras
1540 807 1666 838 debitori.

1334 841 1384 885 Et,
1409 844 1474 875 licet
1497 846 1546 876 alia
1567 846 1670 886 multa,
1695 847 1764 877 sanae
1789 849 1888 878 mentis
1907 848 2049 879 obtutibus
2064 848 2099 879 de
2115 848 2208 888 facili,
2226 852 2354 889 quinimo

1295 888 1409 918 apertius
1424 883 1457 913 &
1475 886 1624 922 patentius,
1641 885 1852 924 consideranda,
1870 887 1898 916 in
1914 886 2055 924 praemissis
2062 897 2227 926 occurrant,
2245 892 2307 927 quia
2315 899 2356 920 ta-

1295 928 1361 949 men
1385 930 1416 950 ea
1438 921 1510 952 foret
1531 932 1580 960 per
1602 923 1707 961 singula
1729 934 1851 953 enarrare
1872 924 2078 964 longiffimum,
2103 925 2160 963 ipsa
2174 928 2225 957 tuis
2241 928 2358 958 sensibus

1294 956 1461 989 discutienda
1477 960 1578 997 Regali
1594 961 1765 999 providentia
1779 962 1951 993 reservamus.

1333 995 1512 1028 serenitatem
1532 1000 1623 1036 itaque
1640 1000 1761 1037 Regiam
1776 1010 1906 1036 rogamus
1920 1002 1952 1031 &
1969 1001 2109 1033 hortamur
2123 1010 2242 1041 attente,
2259 1014 2292 1034 ac
2304 1005 2358 1034 ob-

1296 1032 1430 1077 secramus
1455 1045 1502 1073 per
1526 1037 1628 1068 viscera
1652 1038 1845 1069 misericordiae
1860 1038 1918 1068 Dei
1932 1040 2034 1078 nostri,
2051 1041 2116 1071 sano
2131 1041 2182 1071 tibi
2196 1042 2312 1072 consilio
2328 1044 2358 1072 in

1296 1071 1484 1103 remiffionem
1495 1077 1692 1112 peccaminum
1706 1076 1856 1115 suadentes,
1873 1078 1996 1114 quatinus
2012 1088 2062 1115 pro
2077 1079 2170 1109 divin&
2185 1080 2218 1110 &
2235 1080 2358 1118 Aposto-

1297 1110 1359 1141 licae
1382 1110 1449 1141 sedis
1471 1114 1638 1152 reverentia,
1664 1115 1697 1145 &
1712 1125 1763 1153 pro
1778 1123 1849 1153 tuae,
1866 1125 1898 1145 ac
1912 1114 2083 1152 posterorum
2100 1126 2228 1157 tuorum,
2246 1118 2358 1156 Regni-

1298 1159 1353 1187 que
1367 1150 1406 1179 tui
1420 1149 1507 1181 salutis
1521 1152 1554 1182 &
1571 1153 1748 1191 prosperitatis
1764 1162 1934 1191 augmento,
1952 1153 2012 1184 haec
2026 1155 2055 1183 in
2067 1154 2205 1194 debitam,
2223 1166 2358 1187 maturam

1297 1189 1331 1219 &
1352 1187 1478 1221 solertem
1497 1190 1743 1222 considerationem
1767 1192 1902 1231 adducas,
1926 1191 1977 1230 &,
2000 1191 2034 1221 ad
2058 1194 2182 1224 evitanda
2198 1197 2267 1225 inter
2282 1204 2309 1225 te
2324 1205 2357 1225 ac

1296 1226 1441 1271 praefatum
1459 1228 1572 1265 Regem
1582 1229 1669 1261 futura
1683 1230 1823 1269 scandala,
1841 1240 1903 1268 quae
1918 1240 1976 1260 non
1991 1229 2091 1268 absque
2106 1233 2287 1264 immensitate
2302 1233 2357 1264 dis-

1297 1275 1448 1297 criminum
1472 1270 1662 1305 provenirent:

1335 1304 1381 1334 Ad
1405 1305 1569 1337 abolendam
1591 1318 1703 1346 quoque
1726 1309 1907 1346 praeteritam,
1924 1307 1957 1338 &
1972 1306 2091 1338 futuram
2107 1309 2189 1338 etiam
2204 1309 2366 1340 evitandam·

1296 1349 1374 1372 tuam
1389 1344 1422 1374 &
1437 1346 1492 1382 ejus
1505 1346 1666 1384 infamiam,
1683 1346 1759 1384 supei·
1767 1347 1961 1383 inpedimentis
1969 1345 2108 1384 praestitis,
2124 1347 2271 1377 occafione
2280 1357 2362 1385 guer-

1296 1390 1387 1411 rarum
1403 1382 1435 1413 &
1449 1383 1638 1414 scandalorum
1652 1385 1825 1424 hujusmodi,
1842 1383 1961 1422 praefatae
1976 1386 2093 1421 negotio
2106 1393 2183 1416 terrae
2199 1385 2322 1416 Sandiae:

1334 1419 1381 1450 Ad
1406 1422 1582 1452 nutriendum
1604 1423 1711 1461 insuper
1733 1433 1800 1453 cum
1824 1422 1944 1460 eodem,
1969 1423 2002 1453 &
2018 1423 2114 1453 fortius
2127 1425 2361 1461 augmentandam

1298 1468 1372 1488 verae
1388 1461 1461 1496 pacis
1495 1461 1528 1491 ὅ(
1546 1462 1660 1500 quietis,
1677 1473 1709 1492 ac
1726 1462 1882 1492 smceritatis
1896 1462 2002 1491 intimae
2017 1463 2164 1492 unitatem:
2183 1471 2293 1493 remoto
2310 1473 2361 1493 cu-

1299 1496 1416 1534 piditatis
1431 1483 1532 1529 affiedtu
1541 1522 1550 1537 ,
1568 1500 1601 1530 &
1616 1500 1787 1531 haesitationis
1802 1499 1944 1537 scrupulo,
1962 1498 2076 1530 discrete
2090 1499 2126 1530 de
2140 1501 2191 1531 tuis
2194 1502 2298 1539 juribus
2306 1503 2359 1531 mi-

1299 1545 1381 1573 nuas,
1405 1535 1442 1566 de
1464 1539 1516 1567 tuis
1530 1537 1675 1569 affectibus
1691 1538 1793 1569 reseces
1808 1550 1818 1577 3
1835 1539 1867 1569 &
1885 1538 1920 1568 ad
1933 1547 2012 1576 eam,
2031 1548 2078 1575 per
2093 1549 2175 1576 quam
2190 1547 2293 1570 exortae
2308 1540 2361 1569 dis-

1299 1573 1421 1613 cordiae,
1438 1585 1470 1605 ac
1486 1585 1543 1606 tam
1558 1578 1715 1616 praeteritis,
1733 1578 1815 1615 quiim
1830 1577 2038 1606 imminentibus
2051 1586 2083 1606 ex
2099 1577 2131 1607 ei
2147 1578 2289 1616 periculis,
2304 1578 2361 1609 lau-

1298 1612 1396 1643 dabilis
1418 1612 1478 1644 finis
1501 1615 1609 1653 imponi
1632 1616 1736 1654 valeat,
1753 1615 1920 1645 mansuetam
1935 1614 2134 1646 moderantiam
2149 1616 2363 1649 condescendas.

1336 1650 1405 1682 Nec
1428 1654 1554 1692 omittas,
1571 1654 1614 1684 vel
1630 1656 1734 1692 patiaris
1748 1654 1877 1684 ullatenus
1892 1652 1987 1692 quod,
2036 1664 2056 1683 0
2070 1662 2127 1684 tam
2142 1655 2259 1686 modica
2274 1654 2365 1694 terra,

1299 1689 1335 1720 de
1371 1701 1403 1720 ua
1418 1690 1556 1729 scrupulus
1572 1694 1757 1723 contentionis
1772 1694 1921 1730 ingeritur,
1938 1700 1979 1722 tot
2005 1693 2100 1722 abores
2108 1692 2242 1732 adhibiti,
2259 1695 2363 1724 totim-

1300 1738 1353 1766 pen
1366 1739 1380 1759 a
1402 1728 1488 1761 studia
1504 1731 1585 1761 inane
1601 1731 1797 1770 pertranseant,
1814 1742 1846 1762 ac
1863 1730 2037 1769 periculosius
2052 1731 2242 1770 detrahantur,
2258 1733 2292 1763 &
2307 1734 2363 1762 im-

1301 1767 1422 1805 pediatur
1443 1769 1510 1799 tanti
1531 1770 1599 1800 boni
1620 1770 1775 1800 comodum
1792 1793 1801 1809 ,
1826 1771 1892 1801 tanti
1916 1769 2009 1805 gaudii
2031 1769 2064 1800 &
2087 1770 2280 1801 consolationis
2295 1781 2327 1801 au
2351 1788 2364 1794 -

1300 1814 1442 1845 mentum,
1467 1815 1550 1838 tantae
1571 1809 1667 1846 quietis
1689 1810 1722 1840 &
1743 1810 1870 1839 ubertatis
1884 1807 2054 1847 antidotum,
2072 1817 2205 1846 quantum
2220 1818 2253 1839 ex
2268 1808 2316 1839 tua

1299 1844 1420 1884 ejusdem
1442 1846 1530 1884 Regis
1544 1846 1664 1877 Franciae
1680 1847 1746 1878 vera
1762 1858 1846 1885 pace,
1865 1847 1943 1885 plena
1956 1847 2125 1885 concordia,
2142 1848 2176 1889 (ξε
2190 1847 2366 1886 tanquillitate

1301 1893 1359 1913 non
1384 1883 1490 1923 vacui,
1515 1885 1619 1916 nedum
1634 1894 1683 1916 tuo
1696 1887 1729 1916 ὅ(
1745 1889 1800 1925 ejus
1817 1885 1943 1923 RegniS,
1960 1895 1992 1915 ac
2010 1884 2129 1924 Incolis,
2146 1886 2191 1916 led
2207 1888 2290 1916 etiarn
2304 1888 2365 1916 uni-

1301 1921 1394 1952 versali
1413 1922 1490 1953 statui
1505 1922 1653 1954 Christiani
1667 1924 1765 1962 Populi
1772 1948 1782 1963 ,
1799 1925 1831 1955 &
1841 1922 2012 1962 potiffimum
2020 1923 2119 1955 Terrae
2130 1924 2232 1956 sancstae
2241 1927 2361 1955 cernitur

1321 1969 1508 1992 roventurum.

1301 1970 1320 1999 p
1338 1999 1405 2037 Spes
1421 2001 1498 2029 enim
1513 2007 1541 2029 te
1555 2000 1638 2031 ducat
1654 2001 1780 2039 indubia,
1799 2001 1832 2032 &
1845 2000 1945 2039 absque
1959 1999 2130 2031 dubitatione
2144 1999 2366 2039 confidas,quod

1300 2036 1394 2068 divina
1416 2037 1589 2076 Clementia,
1614 2049 1661 2076 per
1681 2048 1709 2069 te
1724 2041 1752 2069 in
1771 2040 1828 2070 hoc
1841 2039 1867 2069 se
1879 2039 2007 2069 honorari
2020 2039 2201 2079 prospiciens,
2219 2041 2252 2071 &
2267 2039 2367 2070 deferri

1302 2076 1401 2106 Terrae
1414 2076 1516 2107 san6iae
1522 2077 1670 2114 praelibatae
1682 2079 1816 2117 negotio,
1832 2079 1963 2117 ampliora
1979 2079 2092 2114 perinde
2101 2079 2151 2108 tibi
2162 2081 2274 2117 praemia
2283 2088 2366 2108 com-

1302 2115 1441 2153 pensabit,
1459 2118 1590 2153 quodque
1603 2124 1648 2146 tua
1665 2116 1758 2147 Mater
1774 2117 1896 2148 Ecclesia
1910 2116 1942 2146 &
1957 2126 2007 2145 nos
2024 2126 2058 2146 ex
2072 2118 2165 2148 110616
2181 2119 2318 2149 cariorem
2334 2116 2367 2147 fi-

1301 2154 1370 2183 lium
1391 2153 1569 2192 ascribemus,
1592 2164 1625 2184 ac
1648 2155 1728 2186 nobis
1747 2156 1780 2186 &
1800 2156 1892 2186 eidem
1915 2159 2063 2196 Ecclesiae,
2095 2167 2161 2187 cum
2178 2156 2278 2187 auxilio
2295 2156 2367 2193 Dei,

1300 2191 1379 2230 polle
1400 2191 1590 2229 suffragabitur
1602 2193 1635 2223 &
1651 2193 1790 2231 voluntas,
1808 2195 1851 2234 id,
1870 2198 1945 2233 quod
1959 2199 1987 2227 in
2003 2198 2055 2227 hac
2070 2205 2144 2234 parte
2155 2195 2191 2225 de
2206 2196 2253 2226 tua
2265 2196 2365 2226 volun-

1300 2230 1518 2298 tatesdirgi-inues,
1535 2232 1564 2261 in
1576 2231 1671 2262 talibus
1684 2232 1717 2262 &
1730 2234 1877 2271 majoribus
1890 2236 2015 2274 benigna
2028 2233 2277 2265 tibimunificenc'ia
2284 2244 2365 2264 com-

1337 2279 1355 2298 11
1367 2279 1400 2298 an
1422 2279 1446 2298 i:

1301 2279 1404 2337 peNos
1426 2307 1540 2346 quidem
1560 2308 1596 2338 ita
1616 2309 1772 2340 curabimus
1791 2310 1927 2343 moderari
1948 2313 2113 2350 negotium,
2139 2310 2216 2350 quod
2234 2310 2368 2349 demum,

1301 2345 1415 2383 pensatis
1434 2347 1581 2384 omnibus,
1607 2349 1710 2386 majora
1730 2350 1882 2389 percipies,
1906 2350 1988 2381 dante
2004 2351 2151 2388 Domino,
2169 2359 2253 2388 quam
2273 2350 2367 2380 dimit-

1301 2391 1347 2414 tas
2053 2406 2056 2409 ·

1340 2422 1388 2452 Sic
1411 2423 1439 2452 in
1461 2423 1511 2452 hiis
1531 2433 1642 2462 preces,
1659 2424 1875 2464 exhortationes,
1891 2426 2092 2458 obsecrationes
2108 2426 2141 2457 &
2156 2427 2262 2457 monita
2276 2425 2368 2456 nostra

1302 2462 1451 2499 percipias,
1477 2462 1514 2491 lic
1530 2464 1668 2500 exequaris
1681 2464 1714 2493 &
1729 2464 1862 2503 impleas,
1880 2465 1956 2503 quod
1974 2475 2019 2496 tua
2035 2465 2134 2496 exinde
2158 2465 2231 2503 apud
2251 2464 2368 2503 Deum,

1302 2499 1336 2529 &
1359 2499 1505 2538 homines,
1523 2510 1555 2530 ac
1573 2500 1715 2538 praefatam
1732 2501 1903 2542 Ecclesiam,
1921 2502 2063 2534 Cellitudo
2078 2502 2222 2541 clarescat,
2239 2503 2370 2533 clai-endo

1303 2537 1479 2576 concrescat,
1503 2538 1537 2569 δε
1559 2539 1735 2577 condignam
1757 2540 1867 2572 laudem
1891 2551 1923 2572 ac
1940 2543 2122 2573 retributionis
2137 2543 2290 2580 praemium
2306 2551 2369 2572 me-

1303 2584 1398 2606 reatur.
1868 2600 1873 2605 .
2371 2600 2374 2603 -

1344 2613 1487 2644 Caeterum
1511 2614 1652 2652 postulasti
1674 2624 1704 2646 ut
1726 2616 1760 2646 de
1773 2616 1886 2648 decima
1900 2618 2159 2649 Ecclesiasticorum
2175 2617 2367 2649 Proventuurn

1306 2652 1403 2689 Regni
1418 2652 1530 2694 Angliae
1543 2676 1553 2691 ,
1570 2664 1653 2691 quam
1662 2677 1672 2692 ,
1688 2654 1783 2685 faelicis
1798 2656 2009 2695 recordationis,
2024 2657 2160 2688 Nicolaus
2176 2656 2250 2694 Papa
2260 2665 2368 2696 quartus

1307 2690 1493 2721 Praedecessor
1515 2691 1606 2722 noster
1623 2693 1641 2712 ²*
1659 2692 1749 2731 olim,
1767 2693 1838 2724 dum
1854 2696 1977 2735 viveret,
1991 2696 2125 2734 imposuit
2141 2706 2189 2734 per
2204 2696 2248 2726 sex
2264 2706 2367 2735 annos,

1307 2730 1413 2767 tibique
1436 2730 1569 2760 conceffit
1592 2731 1626 2761 ad
1644 2731 1864 2769 prosecutionem
1889 2735 2085 2765 comodiorem
2109 2735 2142 2766 &
2173 2734 2366 2766 efficaciorem

1309 2769 1416 2805 negotii
1447 2776 1523 2799 terrae
1553 2769 1654 2800 sandtae
1684 2770 1803 2808 praefarae
1825 2794 1834 2809 ,
1877 2772 1952 2811 quod
1985 2771 2161 2811 assumpseras
2193 2772 2369 2811 personaliter

1329 2806 1531 2845 rosequendum
1545 2830 1555 2845 ,
1587 2809 1638 2839 tibi
1662 2819 1708 2846 per
1735 2819 1786 2839 nos
1807 2809 1882 2840 fieret
1904 2812 2023 2849 provisio
2044 2812 2182 2850 gratiosa,
2224 2819 2253 2842 ut
2278 2811 2344 2843 illud
2357 2835 2369 2851 ,

1321 2844 1413 2875 cilicet
1427 2867 1436 2883 ,
1469 2845 1545 2888 quod
1577 2856 1628 2884 pro
1650 2848 1744 2885 primis
1765 2848 1850 2879 tribus
1872 2851 1948 2880 annis
1969 2850 2006 2880 de
2029 2850 2085 2888 ipsa
2105 2849 2220 2880 decimi.
2243 2852 2370 2888 percepi-

1310 2883 1361 2922 sti,
1386 2885 1501 2921 gratiose
1523 2886 1574 2915 tibi
1597 2887 1734 2916 remittere
1749 2885 1940 2924 dignaremur:
1961 2887 1997 2919 Et
2012 2887 2212 2919 nichilominus
2227 2896 2286 2919 tam
2302 2889 2366 2919 resi-

1310 2922 1400 2952 duum
1422 2922 1544 2960 ipsorum
1568 2924 1653 2954 trium
1681 2934 1818 2955 annorum
1841 2927 1998 2964 primorum
2014 2949 2025 2965 ,
2049 2928 2133 2965 quam
2151 2927 2185 2957 &
2201 2926 2371 2965 reliquorum

1311 2962 1397 3004 trium
1419 2971 1575 3027 mli-norum,
1599 2961 1744 2993 decimam
1758 2964 1808 2993 tibi
1824 2964 2043 2996 concederemus
2058 2974 2091 2996 ex
2106 2965 2292 2996 habundanti&⁴
2308 2975 2371 3004 gra-

1312 3007 1357 3030 tlae
1371 3008 1438 3036 amp
1449 3009 1520 3029 ioris.

1351 3036 1503 3075 Profecto,
1528 3036 1566 3081 fili
1589 3037 1743 3078 carissime,
1767 3038 1882 3071 libenter
1898 3042 1927 3071 in
1941 3042 1991 3072 hiis
2005 3042 2038 3073 ὃ(
2055 3042 2084 3072 111
2099 3041 2156 3072 aliis
2170 3043 2221 3073 tuis
2237 3041 2370 3080 11101εᾶ1-

1313 3076 1363 3120 bus
1380 3075 1647 3120 condescendimuS,
1663 3078 1693 3107 in
1708 3087 1841 3116 quantum
1857 3079 1982 3111 honestas
1997 3080 2089 3111 suadet
2104 3081 2138 3112 &
2154 3081 2311 3112 comoditas
2325 3092 2374 3120 pa-

1313 3123 1395 3153 titur,
1412 3123 1483 3145 votis
1499 3123 1559 3144 tuis.

1350 3153 1398 3183 Set
1413 3153 1478 3183 licet
1494 3153 1618 3190 petitioni
1634 3160 1706 3193 tuae,
1723 3165 1791 3186 cum
1807 3165 1976 3194 nequeamus
1991 3156 2124 3196 honeste,
2142 3167 2200 3188 non
2214 3157 2373 3189 duxerimus

1313 3192 1428 3222 totaliter
1450 3191 1647 3229 annuendum,
1664 3194 1747 3223 ecce!
1766 3203 1859 3224 tamen
1874 3203 1965 3225 totum
1979 3196 2012 3226 δε
2028 3196 2161 3235 quicquid
2175 3196 2212 3226 de
2227 3195 2283 3234 ipsa
2297 3196 2375 3227 deci-

1315 3229 1365 3260 11ιέ
1386 3229 1422 3260 (16
1446 3231 1540 3268 primis
1561 3229 1645 3273 tribus
1664 3232 1756 3270 annis,
1774 3240 1804 3263 ut
1819 3235 2010 3272 praemittitur,
2027 3234 2173 3272 recepisti,
2192 3234 2307 3271 gratiose
2322 3235 2374 3265 tibi

1315 3278 1363 3307 per
1379 3267 1441 3299 alias
1457 3267 1557 3298 nostras
1572 3268 1658 3298 literas
1673 3271 1838 3301 remittimus
1852 3272 1886 3302 &
1900 3272 2053 3303 donamus:
2071 3272 2224 3303 Residuum
2232 3282 2299 3302 vero
2308 3272 2376 3310 ejus-

1315 3307 1383 3337 dem
1406 3307 1544 3344 decimoe,
1568 3315 1626 3337 tam
1649 3307 1789 3347 ipsorum,
1806 3319 1893 3347 quam
1908 3310 2025 3341 aliorum
2041 3313 2124 3342 trium
2139 3320 2296 3349 annorum,
2312 3311 2375 3341 sub-

1315 3345 1419 3376 trahere
1443 3344 1571 3375 nolumus
1586 3345 1706 3382 praefatae
1718 3354 1796 3377 terrae
1809 3348 1909 3379 sanc‘tae
1924 3351 2041 3386 negotio
2056 3350 2089 3380 δε
2104 3347 2303 3379 necessitatibus
2318 3348 2376 3381 Ec-

1316 3383 1404 3414 clesiae
1419 3383 1580 3421 praelibatae,
1598 3394 1660 3421 quae
1676 3386 1806 3421 gravibus
1822 3389 1954 3424 premitur
1967 3388 2096 3417 oneribus
2111 3387 2144 3417 ὃ(
2161 3386 2290 3423 expensis.

1354 3420 1402 3452 De
1423 3432 1500 3452 novo
1514 3430 1607 3451 autem
1622 3424 1796 3461 imponimus
1810 3425 1879 3456 inibi
1915 3436 1962 3463 per
1976 3426 2037 3455 alias
2052 3425 2156 3462 literas,
2172 3424 2316 3456 decimam
2326 3434 2375 3464 pei·

1316 3467 1368 3490 tres
1383 3470 1481 3490 annos:
1502 3459 1549 3490 De
1564 3459 1620 3498 qua
1635 3471 1686 3498 pro
1701 3462 1848 3494 medietate
1862 3448 1913 3493 tibi
1929 3465 2110 3502 proponimus
2119 3485 2128 3501 ,
2145 3472 2197 3501 pro
2212 3463 2264 3492 tuis
2279 3464 2376 3495 neces-

1317 3498 1450 3536 sitatibus,
1468 3498 1629 3538 providere,
1646 3499 1729 3530 aliam
1746 3504 1815 3531 vero
1833 3502 2011 3533 medietatem
2028 3502 2161 3538 cogimur
2170 3499 2324 3532 necessario
2333 3513 2376 3533 re-

1317 3538 1403 3567 tinere
1426 3547 1476 3575 pro
1497 3537 1625 3567 oneribus
1648 3539 1681 3569 &
1705 3538 1905 3570 necessitatibus
1926 3540 2047 3578 ejusdem
2073 3539 2222 3577 Ecclesiae,
2239 3550 2302 3577 quae
2318 3551 2377 3571 non

1316 3575 1376 3619 sunt
1390 3575 1469 3606 facile
1483 3576 1673 3615 numeranda,
1690 3587 1779 3615 neque
1795 3576 1903 3616 pollent
1921 3579 2022 3617 absque
2038 3579 2116 3615 gravi
2134 3577 2257 3615 pondere
2264 3578 2378 3617 suppor-

1318 3622 1376 3644 tari.

1354 3652 1389 3682 Et
1404 3651 1485 3682 ecce!
1504 3652 1691 3683 venerabilem
1707 3653 1829 3684 Fratrem
1846 3654 1971 3685 nostrum
1986 3654 2158 3692 Episcopum
2174 3653 2357 3692 Spoletanum
2367 3679 2378 3694 ,

1318 3690 1419 3721 Virum
1434 3691 1526 3727 utique
1560 3691 1689 3722 rovidum
1704 3692 1737 3722 &
1753 3693 1918 3731 discretum,
1935 3693 1970 3723 de
1987 3695 2062 3731 cujus
2075 3692 2379 3724 industria&circum-

1319 3729 1457 3766 spectione
1473 3700 1640 3759 confidimus
1649 3753 1659 3768 ,
1667 3729 1699 3759 ad
1708 3739 1735 3760 te
1742 3730 1818 3768 super
1828 3731 1879 3761 hiis
1887 3732 2019 3761 omnibus
2027 3731 2155 3761 duximus
2164 3730 2360 3762 destinandum
2371 3744 2381 3771 3

1321 3769 1367 3806 qui
1382 3776 1409 3797 te
1424 3766 1459 3796 de
1472 3767 1565 3797 nostra
1589 3768 1740 3798 intentione
1757 3771 1860 3807 plenius
1884 3769 2061 3807 informabit,
2078 3777 2162 3808 tuque
2176 3769 2268 3807 ipsum
2283 3769 2380 3801 affabi-

1320 3806 1393 3836 litate
1409 3805 1510 3841 Regali
1530 3806 1661 3843 recipias,
1677 3807 1711 3837 &
1726 3808 1782 3845 ejus
1795 3809 1824 3838 in
1839 3809 1891 3838 hac
1908 3817 1982 3846 parte
1997 3807 2142 3838 salubribus
2158 3808 2276 3838 consiliis
2290 3809 2323 3839 ὅ(
2339 3809 2383 3838 in-

1321 3844 1514 3882 duetionibus‚
1532 3854 1594 3882 quse
1607 3844 1656 3875 sibi
1670 3847 1879 3885 commisimus,
1897 3846 2067 3884 acquiescas:
2087 3845 2138 3877 Per
2154 3856 2221 3877 eum
2230 3847 2310 3877 nobis
2324 3846 2382 3877 Re-

1325 3893 1396 3921 gum
1405 3884 1577 3920 propoiitum
1591 3882 1755 3914 remissurus

1357 3920 1417 3952 Dat
1432 3920 1566 3960 Lateran,
1583 3930 1612 3960 4.
1632 3920 1685 3953 Kal
1703 3922 1816 3960 Martii,
1833 3921 2014 3955 Pontificatsts
2026 3923 2113 3955 nostn'
2126 3932 2201 3955 anno
2215 3923 2343 3962 septimo-

2052 3999 2106 4032 Sub
2113 4000 2167 4043 filo
2180 4001 2295 4032 canabeo

2314 4114 2366 4142 Pro

2399 339 2482 369 1301.

2295 356 2351 385 fer*
2372 372 2438 396 Edv.
2459 377 2482 396 ι.

2389 2679 2410 2700 *
2419 2677 2525 2716 11379.
