2570 4261
10 548 26 566 iv
43 546 146 580 111.9¹-

30 2099 106 2131 Ann.
119 2096 161 2128 D.

50 2137 134 2176 1308.

29 2180 82 2204 An.
103 2186 125 2203 ι.

31 2219 61 2242 Ε.
83 2224 110 2240 2.

29 2257 102 2281 Rom.
122 2261 144 2279 ι.

30 2295 62 2318 E.
86 2299 112 2317 2.

31 2339 68 2356 m.
81 2337 89 2354 i
100 2338 121 2354 i.
135 2328 160 2358 d.

34 2368 61 2394 in
78 2366 158 2395 Cedu-

41 3400 174 3434 *111.92.

43 3815 118 3848 Ann.
133 3815 175 3848 D.

64 3855 149 3894 1308.

44 3897 96 3920 An.
118 3903 139 3919 1.

44 3935 74 3958 Ε.
96 3941 120 3959 2.

43 3972 114 3996 Rom·
135 3978 158 3995 1·
199 3967 341 4007 dentiam,
359 3979 421 4007 quae
437 3969 552 4000 consilio
567 3968 599 3999 &
613 3967 713 3997 auxilio
728 3976 814 4006 oppre

47 4010 77 4033 Ε.
96 4016 121 4032 2-
140 4015 175 4032 m.
198 4007 238 4036 vit
251 4016 416 4044 occurrere,
433 4008 466 4038 ὃς
479 4016 509 4037 ut
529 4006 658 4037 scandalis
677 4006 710 4036 &
724 4004 853 4048 periculis
874 4003 955 4042 possit
975 4006 1083 4036 obviari
1098 4005 1251 4044 praedietis,

591 182 721 225 ET
805 182 1120 226 ACTA
1202 183 1783 229 PUBLICA.

8 267 83 302 Ann-
98 266 138 298 D.
193 265 312 312 Propter·
326 266 401 305 quod
417 266 495 299 Firma
514 269 594 299 nobis
615 268 671 306 spes
685 267 820 308 suggerit,
845 270 878 300 &
899 269 1049 299 indubitata
1065 269 1209 299 credulitas

38 307 121 348 1308.
160 314 344 343 repromittit,
363 307 438 349 quod
452 318 519 346 vos,
537 308 680 344 personam
693 307 814 338 nostram
828 316 951 347 gerentes
969 308 999 336 in
1020 306 1145 337 Paternae
1157 308 1213 348 vii-

9 349 76 374 Edv.
93 354 120 372 2.
815 347 819 351 '

161 345 268 374 ceribus
281 346 418 382 caritatis,
436 345 529 375 nostra
541 346 708 383 &ipsorum
725 345 821 382 Regni
844 347 877 375 &
889 354 1021 376 terrarum
1043 346 1178 382 turbatio,
1196 348 1216 375 11

160 391 233 420 qua,
252 382 326 419 quod
343 382 427 421 absit,
446 384 639 421 contingeret,
656 383 801 414 affieetibus
816 383 914 413 vestrae
929 382 1107 413 Beatitudinis
1121 382 1217 420 displi-

160 429 243 450 cerer.

199 457 288 497 Sane,
305 456 366 495 post
388 457 486 500 Regni
506 459 540 489 &
560 467 690 490 terrarum
713 459 913 497 praedictorum
936 457 1150 496 Gubernacula,
1170 468 1217 496 per

162 505 229 533 nos,
246 494 314 525 Deo
328 495 456 535 volente,
470 498 587 534 suscepta
596 520 604 535 ,
613 497 785 528 confidemus
799 497 892 527 mulrae
925 497 1048 526 robitatis
1062 497 1217 534 virtutibus,

165 545 230 572 quas
245 534 281 563 ab
295 533 364 563 olim
380 535 409 563 in
424 537 443 553 κ
459 534 564 565 Nobili
575 537 636 565 viro
652 534 734 565 Petro
755 536 791 566 de
812 535 905 565 Gavai
918 545 956 565 on
970 558 980 572 ,
1003 534 1119 565 Comite
1142 533 1218 564 Cor-

163 573 274 609 nubiae,
292 572 388 614 vigere
402 574 591 611 percepimus,
609 572 786 603 Comitatum
798 573 903 612 ipsum,
921 573 955 602 de
970 572 1127 610 voluntate,
1147 582 1218 602 coii-

162 610 221 640 silio
239 609 272 639 &
293 611 439 647 conleniu,
464 611 497 641 &
520 611 552 641 ad
576 612 797 648 procurationem
819 610 985 649 Comitum,
1010 610 1166 648 Baronuni,
1183 610 1217 640 &

162 657 314 686 procerum
332 648 427 685 Regni
441 648 584 687 praeditsti,
604 649 655 679 libi
661 672 671 687 ,
688 650 790 680 absenti
812 649 845 679 ὅ(
856 648 1012 686 ignoranti,
1031 649 1148 686 gratiose
1164 648 1217 678 du-

162 687 254 717 ximus
267 687 493 716 concedendum.

203 724 249 754 Set
269 724 387 755 demum
401 725 488 754 iidem
511 723 657 762 Comites,
674 725 807 763 Berones,
827 734 859 755 ac
881 724 1011 754 Proceres
1026 746 1035 760 ,
1057 723 1217 761 hujusmodi

164 763 354 800 voluntatem,
373 761 529 792 Consilium
543 763 575 792 &
599 762 772 792 Consensum
794 765 822 792 in
838 763 1008 793 contrarium
1023 762 1218 798 immutanteS,

163 812 196 831 ac
211 801 277 838 ipsi,
294 801 327 830 &
343 800 453 838 quidam
470 799 563 837 Regni
577 802 608 831 ἃ
622 802 770 832 Terrarum
785 801 905 838 ipsorum
921 800 1039 837 incolit,
1057 808 1153 830 contra
1168 809 1218 828 nos

163 840 282 878 graviter
293 838 478 876 insurgentes,
496 839 576 868 nobis
590 838 702 869 infestos
724 839 912 877 multipliciter
927 839 959 868 ὅτ.
976 837 1106 867 molestos
1119 837 1145 867 se
1156 836 1218 867 red-

164 879 228 907 dere
241 886 298 906 non
314 885 454 915 verentur3
471 883 503 906 eit
520 887 576 914 quo
591 878 684 912 gravia
697 878 875 916 scandala‚&
890 876 1008 914 pericula
1026 877 1147 910 graviora
1156 875 1218 905 sub-

165 915 232 946 oriri
250 913 325 952 posse
348 915 376 944 in
393 914 516 952 Regno,
535 917 567 945 &
582 916 676 945 Terris
697 916 818 955 eisdem,
836 914 1014 945 verisimiliter
1029 913 1219 944 formidantur.

118 959 122 965 ⁷
201 952 280 983 Cum
301 954 391 991 itaque
404 963 470 990 vos,
493 953 588 984 locum
603 954 671 983 illius
686 963 806 984 tenentes
822 954 851 983 in
870 954 982 990 Terris,
1010 953 1058 990 qui
1075 962 1174 989 pacem
1190 952 1218 980 in

165 992 204 1021 eis
219 1001 270 1028 pro
283 990 435 1027 gratusimo
449 992 529 1021 dono
544 992 667 1029 reliquit,
684 992 716 1021 ad
734 1002 834 1030 pacem
849 991 1035 1028 cuncstorum,
1053 990 1120 1020 sicut
1140 990 1219 1019 Pater

167 1029 339 1060 Universalis
350 1030 382 1060 &
396 1029 509 1068 Pastor,
524 1039 605 1067 prout
621 1030 736 1060 effeetus
758 1029 973 1068 praecedentium
992 1038 1110 1066 operum
1131 1028 1232 1058 mani:

165 1067 245 1098 fest-at
254 1089 271 1106 ,
281 1069 353 1098 votis
369 1068 524 1098 ardentibus
538 1068 655 1105 aspiretis
665 1090 675 1105 ‚

205 1106 349 1136 Sanititati
363 1106 459 1136 vestrae
471 1107 622 1136 reverentia
637 1106 711 1135 filiali
725 1116 762 1136 eo
775 1106 966 1144 affeeruofitis,
985 1115 1042 1144 quo
1060 1103 1221 1143 possumus,

167 1144 368 1185 supplicamus,
386 1145 510 1182 quatinus
531 1144 624 1174 zelum
646 1144 730 1174 solitae
755 1146 871 1174 caritatis
890 1144 924 1174 ad
946 1154 998 1174 nos
1030 1144 1062 1174 &
1084 1142 1221 1179 Regnum

165 1183 353 1222 praedictum,
378 1184 410 1213 &
424 1183 538 1220 Terras,
555 1182 591 1212 de
604 1182 775 1219 Apostolicae
788 1183 967 1220 benignitatis
982 1167 1141 1211 Clementi-a
1155 1181 1222 1210 diri-

169 1230 283 1258 gentes,
301 1220 461 1259 hujulmodi
473 1231 622 1251 occurrere
634 1221 792 1257 dignemini
806 1221 951 1258 scandalis,
971 1221 1004 1251 ὃς
1025 1219 1152 1257 periculis
1168 1219 1222 1248 ob-

171 1261 262 1297 viare,
281 1260 314 1290 δε
327 1261 384 1289 vias
398 1260 430 1289 &
444 1258 543 1289 modos
557 1259 714 1297 exquirere,
732 1260 830 1296 quibus
843 1259 920 1297 super
935 1259 988 1288 hiis
1001 1257 1144 1296 provideri
1161 1255 1224 1294 pos-

172 1298 204 1328 sit
219 1298 254 1328 de
267 1298 393 1327 remedio
405 1297 520 1327 salutari:

208 1337 357 1373 Aliquam,
375 1335 419 1364 vel
437 1335 538 1372 aliquas
559 1334 683 1372 personas
705 1334 741 1365 de
754 1335 865 1373 vestris,
884 1344 980 1372 pacem
1002 1335 1035 1365 &
1056 1333 1224 1371 tranquilita-

170 1381 229 1405 tem
245 1373 365 1403 nostrain
379 1373 412 1402 ὃς
426 1372 548 1410 ejusdem
567 1372 659 1412 Regni
671 1382 843 1411 appetentes,
861 1374 894 1402 ad
911 1372 1045 1409 Regnum
1061 1371 1224 1412 destinando

171 1411 356 1450 praeditstum,
372 1411 420 1448 qui
441 1410 564 1448 inspecPtfi.
588 1412 714 1449 qualitate
738 1413 860 1450 negotii,
884 1409 1023 1448 praemissa
1041 1410 1147 1440 valeant
1170 1412 1224 1439 iuae

171 1449 354 1488 providentiae
375 1449 476 1479 virtute
495 1449 604 1487 sedare,
628 1450 661 1480 &
686 1449 720 1480 ad
744 1450 845 1480 statum
868 1448 999 1478 reducere
1024 1448 1172 1485 pacificum
1190 1447 1224 1477 δε

171 1487 363 1556 ῑταηςέῥῌυηη
381 1487 425 1517 vel
438 1487 502 1517 alias
514 1487 707 1526 providendo,
724 1496 804 1526 prout
821 1487 964 1518 Sanititati
977 1486 1073 1517 vestire
1087 1485 1225 1516 videbitur

173 1536 207 1557 ex
229 1537 243 1555 e
264 1536 312 1555 ire.

209 1537 250 1595 lsta
267 1564 341 1602 quod
354 1574 424 1602 nOS,
438 1563 567 1602 dietaque
579 1563 716 1601 Regnum
738 1565 771 1594 ὃς
785 1564 901 1602 Terrae,
920 1573 967 1601 per
982 1562 1153 1599 Apostolicae
1172 1561 1225 1592 sol-

171 1603 322 1633 licitudinis
331 1602 443 1632 salubria
459 1602 563 1640 studia,
578 1603 706 1633 scandalis
721 1603 753 1632 &
770 1602 895 1639 periculis
915 1600 1036 1639 repressis
1056 1602 1176 1638 eisdem,
1195 1601 1224 1629 in

173 1643 246 1679 pacis
259 1642 292 1672 &
307 1640 495 1678 tranquilitatis
518 1641 663 1671 dulcedine
682 1640 866 1678 quiescamus,
891 1641 923 1670 &
946 1639 1048 1669 nostrae
1068 1639 1226 1669 devotionis

174 1681 207 1711 &
222 1679 285 1709 fidei
303 1679 404 1709 sincera
423 1678 560 1715 perfeffio
581 1689 648 1717 erga
662 1689 727 1718 VOS,
744 1679 777 1711 &
793 1679 910 1710 eandem
931 1677 1100 1716 Ecclesiam,
1118 1677 1226 1715 semper

173 1717 298 1755 suscipiat
308 1718 523 1748 incrementum.
974 1738 975 1741 ,

210 1755 362 1786 Conservet
370 1779 380 1793 ,
398 1755 459 1786 &c.

208 1831 275 1863 Dat.
291 1832 364 1871 apud
377 1832 545 1874 Vv'yndesor.
567 1833 610 1864 16.
627 1833 672 1864 die
686 1833 780 1874 Junii,
798 1834 884 1865 Anno
898 1833 994 1873 Regni
1008 1831 1094 1863 nostri
1108 1833 1208 1871 primo.

176 1957 234 1993 Ad
253 1962 365 2005 Papam
387 1958 423 1992 de
439 1953 588 2004 sistentia
612 1961 956 2002 lfa-communicationis,
982 1970 1083 1992 contra
1107 1963 1229 1992 Petrum

420 2008 456 2041 de
480 2006 624 2051 Gaveston
642 2007 779 2053 prolata,
805 2007 983 2040 revocanda.

178 2093 388 2152 SAnffiffimo
402 2094 430 2124 in
453 2092 570 2124 Christo
590 2090 678 2132 Patri,
697 2091 830 2124 Domino
850 2093 886 2123 C.
908 2093 967 2124 &c.
1032 2094 1150 2134 warduS,
1169 2095 1230 2126 &c.

233 2134 404 2178 cumomni
425 2130 577 2164 reverentia
600 2132 633 2163 &
650 2132 774 2170 honore,
793 2132 893 2163 devota
913 2131 973 2162 Ped
994 2143 1024 2162 m
1047 2133 1138 2164 oscula
1162 2133 1231 2164 Bea-

179 2178 282 2201 torum.
910 2191 912 2193 -

220 2210 314 2246 Anger
328 2208 378 2241 nos
390 2210 645 2248 turbationisvnovae
653 2208 776 2247 macula,
790 2210 823 2241 ὃ(
838 2208 915 2240 causa
928 2210 1043 2239 recentis
1056 2210 1232 2240 commotio-

177 2251 218 2280 nis
231 2248 339 2279 inducit
353 2257 449 2279 contra
462 2249 648 2278 venerabilem
663 2246 774 2277 Patrem
889 2247 1147 2290 ‘Archiepiscopum
1155 2247 1232 2278 Can-

179 2297 244 2319 tuar.
265 2287 431 2325 caeterosque
452 2286 605 2324 Episcopos
618 2286 714 2322 Regni
735 2285 823 2316 nostri
840 2285 976 2324 Angliae„
994 2285 1028 2316 ad
1043 2285 1231 2316 Clementiam

179 2324 357 2364 Apostolatiis
370 2324 454 2355 vestri
466 2325 585 2362 perferre
598 2324 748 2363 querelam:
768 2323 803 2354 Et
819 2334 875 2360 quo
895 2323 1034 2361 processus
1050 2334 1146 2354 eorum
1155 2347 1166 2362 ,
1183 2326 1231 2362 qui

179 2375 238 2395 nori
253 2364 384 2393 deberent
395 2374 410 2393 a
422 2364 522 2393 timore
540 2362 662 2392 Domini
677 2363 710 2392 &
726 2362 772 2392 via
790 2362 959 2392 reetitudinis
975 2362 994 2392 d
1032 2363 1100 2401 iare,
1119 2364 1232 2400 requita-

180 2404 214 2433 tis
227 2402 271 2433 vel
284 2401 396 2440 justitiae
411 2402 568 2431 munimine
582 2401 749 2438 fulciantur,
766 2400 800 2430 ad
815 2402 942 2430 notitiam
1006 2400 1132 2431 ostolicae
1145 2401 1232 2431 dedu-

180 2451 244 2472 cere
256 2441 376 2478 pietatis,
398 2448 427 2469 ut
443 2439 506 2477 ipsi,
525 2438 617 2469 vestro
630 2439 756 2468 examine
768 2437 843 2476 justo
857 2437 963 2477 librati,
1035 2440 1065 2468 in
1079 2438 1174 2469 statera
1194 2450 1233 2469 ae-

180 2480 288 2547 quciltatis
301 2478 427 2516 appensi,
452 2476 625 2515 Apostolicae
645 2476 714 2506 lima
730 2476 911 2507 correffionis
933 2477 962 2506 iri
983 2476 1084 2507 statum
1105 2477 1232 2508 debitum

183 2529 212 2548 re
232 2526 356 2547 ucantur.
966 2538 968 2541 .

217 2555 319 2593 Nuper
335 2553 469 2592 siquidem
479 2576 488 2592 ,
506 2553 568 2591 post
584 2552 780 2584 Gubernacula
793 2552 863 2583 dieti
877 2552 972 2590 Regni
981 2553 1094 2591 Angliae
1109 2564 1158 2592 per
1171 2564 1233 2592 nos,

183 2593 252 2625 Deo
275 2593 436 2631 disponente
467 2593 600 2631 fiiscepta,
618 2593 761 2622 virtutibus
779 2591 939 2629 multiplicis
959 2593 1118 2631 probitatis,
1137 2593 1234 2630 quibus

181 2631 321 2663 Nobilem
334 2632 427 2661 virum
468 2655 475 2661 .
491 2630 525 2661 de
539 2630 699 2668 Gavaston,
718 2629 867 2660 Comitem
880 2629 1051 2669 Cornubiae,
1068 2631 1175 2661 abolim
1191 2633 1234 2660 in-

181 2671 311 2709 signitum
328 2671 511 2707 agnovimus,
527 2668 641 2699 sollicita
659 2668 838 2699 meditatione
854 2667 992 2707 discuffisss,
1010 2670 1035 2699 ei
1049 2691 1059 2707 ,
1084 2669 1185 2699 absenti
1202 2670 1235 2700 &

184 2709 340 2746 ignoranti,
357 2706 534 2737 Comitatum
548 2706 720 2744 Cornubiae,
735 2706 769 2736 ad
785 2706 842 2736 hoc
860 2705 1008 2737 Comitum
1018 2731 1028 2745 ,
1043 2707 1186 2737 Beronum
1202 2717 1236 2738 ac

184 2747 337 2777 Procerum
349 2746 420 2776 dieti
436 2745 531 2782 Regni
550 2745 699 2776 accedente
712 2743 837 2775 Consilio
850 2745 883 2775 ὃς
899 2755 914 2774 c
937 2745 1046 2784 nsensu,
1064 2746 1097 2776 &
1118 2745 1152 2775 ad
1173 2756 1237 2783 pro-

184 2786 357 2817 curationem
372 2784 537 2814 eorumdem
552 2783 680 2814 duximus
697 2782 732 2812 de
745 2782 853 2821 speciali
866 2793 915 2820 gra
937 2783 952 2813 a
966 2783 1193 2814 concedendum.

221 2824 351 2853 Demum
364 2824 433 2853 vero
448 2822 570 2861 praefati,
586 2820 818 2859 Archiepiscopus
831 2821 864 2851 &
878 2820 1028 2860 Episcopi,
1048 2822 1077 2851 in
1099 2832 1239 2853 memora-

186 2871 248 2894 tum
263 2861 429 2898 Comitem,
444 2871 501 2891 non
516 2861 674 2898 monitum,
690 2870 748 2889 non
762 2860 971 2897 citatum„non
994 2859 1168 2898 confessum,
1185 2871 1238 2891 nec

185 2900 262 2937 super
275 2899 363 2937 aliqua
377 2899 471 2929 fraude
487 2898 670 2935 convificum,
687 2897 984 2928 excommunicationis
1003 2897 1179 2938 sententiam,
1196 2900 1239 2928 ni-

187 2938 222 2976 si,
241 2938 312 2968 infra
327 2936 488 2968 Crastinum
504 2936 740 2975 Sanctijoliannis
753 2935 882 2974 Baptistae
895 2937 1025 2974 proximo
1042 2936 1182 2975 futurum,
1196 2937 1240 2968 di-

188 2977 228 3006 cti
245 2975 344 3012 Regni
359 2975 472 3012 Angliae
487 2974 554 3004 sines
567 2975 667 3012 exiret,
685 2982 780 3004 contra
792 2973 924 3012 justitiam
940 2974 1168 3013 promulgarunt,

226 3014 325 3051 Qiam
339 3012 416 3043 idem
438 3012 561 3050 Comes,
579 3013 750 3044 considerans
771 3013 893 3050 nequiter
913 3012 946 3043 &
969 3012 1069 3051 injuste
1088 3013 1240 3053 prolatam,

189 3052 226 3083 ab
238 3053 281 3082 illa
295 3050 443 3081 dinoscitur
455 3051 490 3081 ad
503 3051 604 3081 Sedem
621 3050 813 3088 Apostolicam
828 3050 982 3089 appellasse.

228 3089 307 3120 Cum
321 3090 410 3127 itaque
423 3089 537 3127 singuli,
553 3098 622 3126 quos
635 3088 766 3126 professio
785 3088 949 3120 Christianae
971 3088 1133 3126 Religionis
1151 3090 1242 3121 inclu-

189 3128 247 3168 dit,
264 3138 297 3158 ex
311 3127 444 3165 potestate
459 3127 540 3158 vobis
552 3126 657 3157 caelitus
668 3127 815 3166 attributa,
833 3137 881 3157 vos
897 3126 1050 3158 defensores
1064 3128 1175 3166 justitiae
1198 3139 1241 3159 re-

190 3166 378 3204 cognoscant,
401 3176 434 3196 ac
459 3165 592 3196 ’udicium
610 3165 643 3195 &
660 3165 764 3202 justitia
784 3167 944 3203 praeparati‘o
964 3165 1045 3196 Sedis
1069 3166 1241 3204 Apostolicae

191 3205 252 3235 fore
267 3204 429 3243 noscantur,
445 3176 622 3244 lieatitudinis
635 3202 732 3233 vestrae
744 3202 927 3242 Clementiae,
943 3204 1094 3234 devotione
1115 3215 1147 3236 ac
1163 3216 1242 3236 reve-

191 3243 278 3273 rentia
295 3242 394 3281 Filiali,
419 3252 456 3272 eo
475 3241 667 3278 affeetuoiius,
686 3251 742 3278 quo
763 3241 920 3280 possumus,
937 3242 1136 3281 supplicamus,
1154 3245 1242 3281 quati-

190 3291 241 3311 nus
255 3280 383 3310 scandalis
399 3281 434 3311 ὃς
449 3280 589 3318 periculis,
607 3289 670 3316 quae
687 3277 796 3319 possent
813 3289 847 3309 ex
869 3280 1038 3318 processibus
1058 3282 1091 3312 &
1111 3281 1242 3313 sententie

192 3319 348 3357 hujusmodi
361 3319 526 3356 provenire,
541 3317 678 3347 salubriter
692 3317 850 3356 obviantes,
870 3319 1008 3356 processus
1031 3320 1064 3349 ὃ(
1081 3318 1242 3350 sententiam

191 3357 350 3395 hujusmodi
363 3356 523 3393 dignemini
535 3365 681 3392 revocare,
691 3355 849 3398 uvel-saltem
863 3357 1011 3387 summarie
1025 3357 1060 3386 de
1073 3357 1170 3396 plano,
1188 3359 1244 3388 fine

193 3397 211 3413 ³*
227 3394 339 3432 strepitu
355 3395 387 3425 &
402 3394 492 3431 figura
501 3394 618 3433 judicii,
635 3393 757 3423 exhiberi
778 3393 887 3431 facere,
905 3394 981 3432 super
999 3395 1068 3433 hiis,
1085 3395 1180 3425 celeris
1198 3398 1244 3434 ju-

193 3433 273 3463 stiti-„e
294 3432 553 3470 complementum,
570 3432 602 3462 &
626 3432 753 3469 interim,
771 3431 804 3462 ad
825 3430 976 3472 cautelam,
994 3433 1100 3463 dictam
1120 3434 1245 3465 Excom-

193 3472 389 3502 municationis
401 3469 562 3500 sententiam
576 3469 700 3499 relaxare.

229 3508 384 3539 Conservet
397 3518 447 3538 vos
460 3507 628 3545 Altiffimus,
645 3506 679 3538 ad
693 3505 839 3544 Regimen
851 3507 983 3539 Ecclesia
993 3509 1046 3540 suae
1061 3509 1178 3550 sanetae,
1196 3521 1245 3549 per

191 3557 318 3586 tempora
331 3546 457 3584 prospera
470 3547 503 3576 &
520 3546 658 3583 longaeva.

229 3623 294 3655 Dat.
312 3622 386 3662 apud
397 3621 569 3661 Wyndesor.
589 3621 634 3653 16.
652 3621 698 3652 die
717 3621 808 3661 Junii,
825 3634 901 3654 anno
912 3623 1012 3662 Regni
1026 3624 1110 3655 nostri
1126 3626 1227 3664 primo.

1030 3715 1100 3717 ->*†⁷
1122 3714 1143 3716 ⁴⁷
1197 3714 1245 3722 ’νὴ

194 3770 253 3804 Ad
278 3768 487 3803 Cardinnlium
512 3770 626 3800 Coetum
657 3766 692 3800 de
711 3767 850 3813 praedit‘la
865 3767 1013 3811 sententia
1042 3768 1244 3802 retraflanda.

195 3854 410 3911 SAcrosan&ae
423 3854 561 3885 Romanae
573 3852 707 3884 Ecclesiae
718 3853 808 3883 coetui
819 3850 1009 3883 cardinalium
1016 3853 1183 3884 Venerando
1190 3853 1250 3883 Ed-

249 3893 373 3931 wardus,
389 3894 448 3924 &c
467 3891 586 3923 salutem.

232 3929 344 3970 Anger,
360 3930 387 3966 de
399 3943 419 3960 c.
428 3939 458 3960 ut
465 3934 560 3970 supra,
573 3931 684 3958 mutatis
697 3928 835 3958 mutandis
871 3929 1054 3960 venerandam
1061 3929 1179 3960 vestram
1186 3939 1250 3966 pru-

268 3969 273 3974 ’
817 3950 859 3995 siis
874 3975 971 3997 contra
988 3967 1118 4005 justitiam
1134 3967 1250 3998 consue-

229 4085 300 4113 Tom.
317 4085 342 4113 I.
361 4085 394 4113 P.
412 4086 460 4113 IV.

2230 198 2303 238 123

1259 277 1326 298 curn
1342 270 1481 306 praedicto
1500 270 1647 310 Domino,
1666 271 1745 302 Patre
1759 271 1896 310 Summo,
1912 280 2060 309 procurare
2073 270 2176 308 velitis,
2195 269 2229 300 &
2249 268 2311 298 effi·
2329 266 2402 298 Aim.
2415 264 2457 296 D.

1257 316 1322 336 cere
1339 317 1406 336 cum
1419 309 1538 346 eodeni,
1555 318 1583 339 ut
1603 311 1762 339 sententiam
1777 310 1937 349 praedietam
1954 319 2086 339 revocare
2103 308 2250 344 dignetur,
2268 306 2312 336 vel
2351 305 2436 344 1308.

1256 343 1348 374 saltem
1363 345 1510 376 summarie
1524 347 1560 377 de
1574 347 1672 385 plano,
1690 348 1745 377 sine
1760 347 1871 385 strepitu
1892 348 1924 378 &
1944 346 2033 383 figura
2051 346 2166 384 judicii,
2183 345 2307 375 exhiberi
2330 347 2399 370 Eav.
2411 351 2440 370 2.

1256 381 1348 412 facere
1371 382 1447 420 super
1464 385 1533 423 hiis,
1547 384 1659 422 justitiae
1681 385 1934 423 complementum,
1953 385 1985 415 &
2006 385 2136 422 interim,
2153 384 2185 414 ad
2211 391 2305 425 caute-

1256 419 1330 457 lam,
1355 421 1518 457 praedieiam
1537 424 1836 453 excommunicationis
1856 424 2017 453 sententiam
2041 422 2173 460 relaxare,
2190 422 2223 452 &
2241 420 2306 450 alias

1256 456 1406 501 supplicare
1419 460 1511 502 eidem
1524 467 1570 497 ut,
1587 459 1663 498 super
1679 462 1816 490 contentis
1832 463 1859 491 in
1873 460 1990 499 quadam
2003 459 2108 498 littere,
2127 470 2174 496 per
2188 468 2238 489 nos
2251 458 2306 488 suae

1255 494 1389 526 sanctitati
1399 496 1522 535 din-teta,
1539 499 1642 536 placeat
1655 499 1810 528 remedium
1823 508 1960 536 apponere
1973 507 2153 535 oportunum.

1294 569 1362 601 Dat.
1380 573 1451 617 apud
1465 573 1592 604 Windes.
1610 574 1654 604 16.
1668 573 1714 604 die
1725 573 1817 612 Junii,
1835 583 1909 604 anno
1924 573 2021 610 Regni
2035 572 2121 603 nostri
2135 573 2238 610 primo.

1353 693 1409 725 Aa'
1430 695 1567 727 ottonem
1593 695 1628 728 de
1652 694 1769 728 Grandi
1783 707 1832 726 ono
1848 695 1939 740 sicper
1958 694 2079 740 praefaso
2101 697 2221 740 negotio.

1325 775 1380 806 Ex
1403 777 1508 809 ductio
1520 780 1552 810 ὃς
1565 779 1637 810 fideli
1654 779 1701 809 suo
1717 778 1820 808 ottoni
1832 778 1868 808 de
1880 777 2075 815 orandisono,
2092 776 2214 807 satutem.
2333 767 2405 798 Ann-
2420 767 2462 799 D„

1281 852 1285 856 ¹
1361 815 1439 868 Curn
1457 827 1506 861 nos
1523 817 1684 861 Dominum
1697 816 2045 865 siimmumUPontificem,
2063 822 2092 844 ut
2108 816 2247 858 aliquem,
2255 824 2313 880 spa-
2352 806 2436 845 1308·

1259 861 1299 881 cis
1317 852 1349 882 &
1375 855 1563 891 tranquilitatis
1585 856 1687 885 nostrae
1709 856 1742 885 bc
1760 855 1857 891 Regni
1878 854 1965 884 nostri
1983 854 2151 889 zelatorem,
2169 852 2203 882 ad
2224 862 2252 898 ip
2265 862 2313 881 um
2334 850 2384 871 An.
2421 854 2443 871 ¹2

1260 889 1394 929 Regnum
1409 891 1541 930 destinet,
1559 894 1592 923 ad
1606 893 1755 923 sedandum
1769 892 1910 929 scandala,
1927 902 1988 930 qua:
2007 901 2041 921 ex
2053 901 2104 928 eo,
2117 890 2190 928 quod
2206 890 2311 920 (Dini-
2334 887 2362 909 E.
2379 892 2404 908 2-

1258 936 1312 965 tes,
1331 927 1448 959 Baiones
1463 931 1495 961 &
1508 941 1635 968 proceres
1649 931 1718 960 dicti
1731 930 1828 967 Regni
1839 930 1866 959 se
1879 941 1894 959 a
1913 931 1994 959 nobis
2009 929 2211 966 subtraxerunt,
2228 936 2311 965 prout
2330 925 2400 947 Rom.
2420 929 2443 947 ¹*

1261 965 1378 1004 nostris,
1398 968 1503 997 ibidem
1518 977 1647 1006 poterunt
1662 970 1791 1005 evenire,
2328 963 2356 985 E.
2376 967 2402 984 2-

1296 1004 1425 1034 Necnon
1440 1006 1472 1036 ὃ(
1486 1015 1514 1036 ut
1531 1007 1608 1036 idem
1625 1007 1768 1036 Dominus
1788 1005 1921 1035 Summus
1937 1004 2067 1035 Pontifex
2086 1004 2226 1042 quandam
2248 1004 2308 1034 sen·
2329 1006 2366 1040 ‚m-
2380 1005 2420 1022 ¹¹·
2435 995 2461 1023 ‘³⁶

1260 1043 1377 1072 tentiam
1391 1045 1711 1082 excommunicationis,
1729 1045 1758 1073 in
1776 1042 1922 1082 personam
1944 1043 2038 1072 dilecti
2060 1043 2092 1072 &
2114 1042 2199 1072 fidelis
2221 1041 2308 1072 nostri
2325 1044 2350 1061 ἠ
2358 1033 2463 1060 (sedula,

1260 1079 1336 1110 Petri
1349 1080 1385 1109 de
1399 1080 1546 1111 Gavaston
1562 1081 1683 1112 Comitis
1698 1081 1853 1112 Cornubiae
1864 1104 1873 1119 ,
1892 1091 1940 1118 pei·
1956 1081 2084 1110 Praelatos
2098 1079 2193 1117 Regni
2207 1080 2310 1117 praedi-

1262 1119 1301 1148 <Sti
1318 1119 1410 1148 minus
1424 1119 1497 1156 juste
1512 1120 1632 1158 illatam,
1650 1129 1800 1157 revocare,
1816 1119 1860 1149 vel
1883 1119 1995 1155 saliem,
2013 1118 2090 1155 super
2111 1119 2228 1154 negotio
2247 1118 2312 1155 illo,

1260 1156 1412 1186 summarie
1426 1157 1461 1186 de
1477 1158 1578 1196 plano,
1596 1159 1651 1189 sine
1666 1158 1778 1195 strepitu
1792 1158 1824 1187 &
1845 1157 1929 1195 figura
1941 1157 2058 1195 judicii,
2075 1156 2197 1185 exhiberi
2219 1155 2312 1186 facere

1262 1194 1357 1224 celeris
1370 1194 1479 1231 justitiae
1495 1196 1757 1234 complementum,
1773 1195 1806 1225 &
1827 1196 1957 1233 interim,
1975 1194 2011 1224 ad
2033 1193 2185 1234 cautelam,
2204 1193 2312 1223 dictam

1260 1232 1423 1263 sententiam
1435 1233 1552 1263 relaxare
1565 1235 1646 1273 velit,
1661 1243 1789 1273 rogemus
1804 1243 1852 1270 per
1867 1233 1971 1263 nostras
1985 1233 2083 1270 litteras
2097 1231 2237 1268 ipeciales,

1301 1270 1360 1300 Vos
1372 1280 1505 1307 rogamus
1518 1273 1644 1310 quatinus
1658 1281 1687 1302 ut
1701 1271 1837 1309 praemifla
1846 1295 1854 1309 ,
1867 1273 1943 1308 juxta
1957 1280 2056 1301 votum
2071 1269 2196 1299 nostrum
2219 1270 2251 1299 δε
2269 1279 2312 1298 re-

1263 1309 1438 1346 quisitionem
1452 1331 1462 1347 ,
1487 1319 1612 1347 optatum
1633 1311 1777 1341 sortiantur
1797 1310 1951 1348 effedmm,
1975 1319 2043 1339 cum
2064 1308 2146 1337 omni
2168 1306 2313 1348 instantia,

1264 1347 1318 1384 qua
1333 1347 1469 1384 poteritis,
1486 1348 1574 1378 velitis
1590 1358 1654 1388 erga
1667 1349 1776 1378 dietum
1792 1347 1953 1377 Dominum
1975 1347 2125 1376 Summum
2146 1344 2312 1374 Pontificem

1263 1385 1378 1452 instarest,
1394 1386 1427 1415 &
1440 1386 1504 1416 alias
1516 1385 1622 1426 modis,
1638 1388 1736 1427 quibus
1757 1386 1885 1424 expedire
1904 1385 2042 1421 videritis,
2060 1392 2237 1421 interponere
2251 1392 2314 1421 pat-

1264 1431 1302 1453 tes
1316 1433 1351 1454 ve
1376 1433 1425 1453 ras.

1300 1498 1388 1530 Teste
1403 1499 1486 1538 Rege
1498 1501 1570 1539 apud
1584 1499 1719 1542 Wyndes.
1738 1502 1784 1532 16.
1797 1500 1843 1532 die
1853 1500 1938 1540 Junii.

1300 1575 1412 1606 Eodem
1426 1576 1514 1607 modo
1528 1577 1652 1609 scribitur
1666 1578 1818 1609 Amaneno
1829 1577 1865 1608 de
1883 1577 2014 1608 Lebreto.

1303 1614 1390 1645 Teste
1405 1623 1433 1645 ut
1445 1614 1530 1654 supra.

1304 1689 1525 1722 Mernorandum
1539 1692 1614 1730 quod
1628 1702 1725 1722 omnes
1741 1692 1838 1723 litterae
1853 1690 2037 1729 suprascriptae
2047 1690 2125 1721 1ectae
2142 1690 2250 1720 fuerunt
2264 1698 2316 1719 co·
2344 1716 2346 1718 .

1266 1738 1327 1758 ram
1343 1728 1474 1760 Domino
1489 1729 1571 1766 Rege
1583 1731 1628 1761 die
1641 1731 1673 1761 δε
1687 1731 1754 1761 10ςο
1767 1731 1980 1769 supradicti5,&
1994 1728 2240 1766 consignatae,ipso
2248 1727 2314 1757 Do-

1267 1768 1348 1796 mino
1361 1767 1445 1804 Rege
1460 1769 1637 1807 praecipiente
1649 1768 1736 1799 dietas
1748 1768 1848 1799 litteras
1862 1769 2041 1805 consignari,
2059 1769 2087 1797 in
2101 1767 2243 1805 praesentia
2251 1765 2315 1795 Do-

1268 1806 1431 1843 minotum,
1444 1806 1580 1844 Johannis
1596 1807 1632 1837 de
1654 1806 1793 1837 Britannia
1814 1806 1935 1837 Comitis
1959 1806 2197 1842 Richemundiae,
2211 1804 2317 1834 Henri-

1267 1842 1464 1923 giedgslgggqyy,
1480 1844 1610 1882 Hugonis
1623 1845 1648 1875 le
1656 1844 1807 1883 Despenser
1815 1868 1825 1883 ,
1841 1844 1993 1875 wilhelmi
2005 1844 2040 1875 de
2048 1843 2160 1874 Melton
2171 1865 2181 1881 ,
2198 1843 2230 1873 ὅ(
2244 1842 2315 1872 Adae

1306 2011 1363 2042 Pro
1385 2011 1471 2043 Petro
1494 2009 1530 2043 de
1554 2010 1702 2055 Gavaston
1725 2014 1950 2045 Locumtenente
1974 2013 2057 2057 Regis
2079 2012 2109 2042 in
2133 2006 2282 2043 Hibernia

1701 2059 1862 2102 constituto.

1270 2142 1388 2199 REX
1409 2144 1651 2184 Archiepiscopis,
1668 2143 2011 2183 Episcopis‚Abbatibus,
2030 2139 2319 2183 Prioribus,Comiti-
2341 2135 2413 2166 Ann-
2429 2134 2470 2166 D-

1342 2184 1410 2221 bus,
1427 2184 1594 2223 Baronibus,
1615 2183 1768 2214 Militibus:
1790 2183 1912 2221 Capit-ali
1949 2182 2106 2218 usticiario,
2125 2179 2318 2222 Cancellario,
2368 2175 2452 2214 1303·

1271 2218 1470 2251 Thesaurario:
1497 2222 1738 2260 Vicecomitibus,
1760 2221 1886 2261 Ballivis,
1956 2220 2140 2258 nstabulariiS,
2164 2216 2317 2255 Mimstns,
2337 2217 2388 2241 An.
2411 2223 2435 2241 ¹-

1271 2258 1304 2287 &
1319 2258 1376 2288 aliis
1387 2259 1512 2291 fidelibus
1523 2262 1572 2291 suis
1587 2260 1822 2298 quibuscumque,
1839 2260 1874 2289 de
1887 2259 1958 2289 terra
1972 2258 2117 2291 Hiberniae
2151 2256 2272 2287 salutem.
2336 2256 2366 2278 Ε·
2386 2260 2411 2278 ²·

1308 2295 1356 2326 De
1366 2297 1494 2329 fidelitate
1507 2299 1540 2330 &
1555 2298 1807 2336 circumspecitione
1822 2298 1918 2328 dilecti
1932 2297 1965 2328 &
1979 2295 2064 2327 fidelis
2077 2280 2268 2337 noliri,1Petri
2282 2292 2317 2322 de
2340 2294 2397 2317 Pat.
2426 2297 2438 2314 ¹
2444 2310 2451 2316 ·

1273 2332 1434 2376 Gavastm,
1453 2335 1577 2367 Comitis
1591 2336 1761 2374 Cornubice,
1778 2345 1891 2366 necnon
1903 2336 1935 2366 &c
1950 2335 1985 2364 de
2007 2343 2087 2372 grato
2098 2334 2225 2370 servitio,
2244 2330 2319 2369 quod
2345 2331 2374 2354 E.
2390 2332 2416 2354 t.
2433 2336 2470 2356 mo

1271 2372 1349 2440 Edem
1366 2374 1462 2404 Petrus
1481 2376 1562 2404 nobis
1582 2374 1714 2404 ha&enus
1738 2375 1757 2393 ²*
1779 2373 1894 2404 fideliter
1914 2373 2070 2411 impendit,
2092 2372 2212 2410 plenarie
2232 2368 2321 2400 confi·
2337 2375 2405 2430 3111
2425 2410 2460 2441 93

1292 2419 1381 2441 entes:
2411 2422 2417 2427 ·
2466 2420 2473 2428 ·

1308 2448 1402 2486 Ipsum
1411 2449 1524 2481 Petrum
1540 2451 1673 2481 mittimus
1681 2449 1715 2481 ad
1728 2450 1816 2480 dictas
1829 2456 1916 2488 partes
1929 2448 2091 2487 Hiberniae,
2105 2446 2239 2490 &ipsum
2252 2456 2323 2477 con-

1273 2485 1410 2531 stituimus
1424 2489 1518 2519 locum
1533 2489 1659 2519 nostrum
1674 2497 1818 2519 tenentem
1840 2490 1869 2518 in
1884 2487 2003 2526 eisdem,
2020 2488 2152 2525 quamdiu
2170 2485 2251 2516 nobis
2265 2485 2324 2524 pla-

1273 2534 1368 2556 cuerit.

1310 2563 1347 2594 Et
1361 2564 1424 2595 ideo
1438 2566 1519 2596 vobis
1535 2565 1698 2595 mandamus
1720 2566 1749 2595 in
1768 2564 1840 2602 fide,
1857 2563 2007 2603 homagio,
2024 2564 2057 2594 &
2079 2562 2246 2600 dileffione,
2262 2562 2325 2600 qui-

1274 2602 1324 2632 bus
1345 2604 1425 2633 nobis
1449 2605 1564 2641 remini,
1581 2603 1698 2633 firmiter
1716 2604 1907 2642 injungentes,
1931 2603 2006 2641 quod
2028 2602 2119 2632 eidem
2139 2600 2239 2644 Petro,
2255 2601 2324 2630 dum
2365 2604 2369 2606 ’

1274 2640 1372 2671 locum
1383 2641 1508 2672 nostrum
1526 2641 1633 2673 ibidem
1647 2643 1683 2672 sic
1698 2643 1832 2680 tenuerit,
1847 2649 1977 2677 tanquam
1992 2640 2073 2670 nobis
2094 2639 2171 2678 ipsis,
2187 2639 2240 2669 sins
2255 2639 2325 2669 obe-

1275 2678 1394 2717 dientes,
1412 2680 1598 2718 intendentes,
1614 2681 1646 2710 &
1659 2679 1864 2717 respondentes,
1881 2678 1947 2708 sicut
1959 2678 2126 2716 praedkstum
2140 2677 2188 2708 est.

1313 2717 1422 2748 Damus
1434 2719 1540 2756 insuper
1551 2718 1665 2756 praefato
1678 2718 1761 2748 Petro
1769 2741 1778 2756 ,
1795 2727 1893 2748 tenore
1905 2717 2077 2754 praesentium
2085 2740 2094 2755 ,
2112 2716 2262 2754 plenariam
2275 2724 2329 2753 po-

1275 2755 1402 2786 testatem
1411 2756 1595 2795 Justiciarios,
1612 2757 1820 2794 vicecomites,
1838 2755 1970 2792 Ballivos,
1986 2755 2019 2785 &t
2034 2754 2099 2785 alios
2113 2754 2259 2784 Ministros
2274 2763 2328 2783 rio-

1276 2793 1343 2824 stros
1359 2795 1548 2833 quoscumque
1558 2818 1567 2833 ‚
1586 2796 1615 2824 in
1630 2795 1710 2825 dietis
1721 2794 1856 2832 partibus,
1874 2792 2069 2830 cujuscumque
2080 2794 2249 2823 conditionis
2269 2793 2327 2821 exi-

1277 2831 1364 2871 stant,
1381 2834 1508 2870 quotiens
1521 2843 1591 2871 opus
1603 2832 1697 2871 fuerit,
1714 2833 1875 2863 amovendi:
1894 2832 1927 2861 &
1941 2832 2022 2869 alios,
2040 2830 2107 2861 loco
2120 2841 2216 2861 eorum
2225 2854 2234 2868 ,
2248 2837 2330 2866 prout

1278 2870 1314 2900 ad
1328 2871 1466 2901 honorem
1479 2873 1511 2902 δε
1527 2872 1668 2902 utilitatem
1682 2871 1806 2901 nostram
1816 2870 1942 2907 expedire
1954 2870 2107 2908 videbitur,
2124 2868 2327 2900 constituendi:

1279 2919 1390 2939 necnon
1404 2911 1437 2940 ὃς
1450 2910 1597 2940 ordinandi
1610 2910 1643 2940 &
1658 2909 1794 2947 faciendi,
1811 2909 1927 2938 nomine
1939 2907 2049 2944 nostro,
2066 2908 2102 2938 de
2116 2908 2246 2937 omnibus
2264 2917 2327 2945 quse

1281 2949 1311 3016 isn
1324 2947 1405 2978 dietis
1418 2949 1537 2986 partibus
1549 2958 1599 2978 nos
1614 2949 1800 2985 contingunt,
1817 2955 1899 2987 prout
1919 2946 2073 2977 faceremus
2093 2946 2112 2976 fi
2132 2946 2272 2984 praesentes
2288 2946 2329 2976 es-

1292 2996 1378 3017 amus.

1318 3024 1352 3055 In
1366 3026 1455 3064 cujus,
1472 3025 1532 3056 &c.
1551 3024 1684 3063 quamdiu
1698 3025 1778 3055 nobis
1792 3023 1923 3062 placuerit
1935 3022 2060 3053 duratur).

1319 3101 1407 3132 Teste
1418 3101 1502 3139 Rege
1512 3101 1589 3140 ‘apud
1604 3101 1744 3142 Redyng,
1765 3101 1808 3131 16.
1821 3099 1868 3130 die
1877 3099 1962 3138 jnnii'.

1283 3183 1395 3238 REX
1411 3185 1561 3221 omnibus,
1580 3182 1614 3213 ad
1628 3191 1712 3221 quos,
1732 3183 1791 3213 &c
1808 3180 1930 3212 salutem.
2235 3218 2241 3224 ο

1374 3222 1423 3252 De
1435 3223 1561 3253 fidelitate
1573 3222 1606 3251 &
1620 3221 1871 3258 circumspectione
1881 3218 1977 3250 dile—<sti
1998 3219 2031 3250 &
2047 3217 2132 3249 fidelis
2156 3217 2259 3255 nostri,
2278 3216 2333 3246 Pe-

1282 3261 1317 3292 tri
1329 3258 1365 3289 de
1376 3261 1535 3298 Gavaston,
1553 3259 1677 3290 Comitis
1683 3258 1835 3289 Cornubize
1844 3281 1853 3296 ,
1872 3268 1957 3296 quem
1971 3258 2004 3288 ad
2020 3266 2105 3295 partes
2118 3257 2260 3287 Hiberniae
2268 3256 2335 3285 mit-

1283 3299 1385 3336 timus,
1401 3300 1435 3330 &
1449 3300 1543 3329 locum
1559 3297 1685 3327 nostrum
1701 3305 1841 3327 tenentem
1856 3298 1886 3326 in
1900 3296 2003 3326 eisdem
2016 3296 2333 3331 constituimus‚quam-

1284 3338 1331 3368 diu
1349 3338 1429 3367 nobis
1452 3336 1588 3373 ilacuerit,
1607 3336 1717 3372 plenam
1733 3335 1865 3365 fiduciam
1878 3335 2048 3371 obtinenteS,
2309 3369 2314 3374 .

1322 3374 1424 3405 Eidem
1443 3350 1524 3405 i)etr0
1541 3373 1717 3411 praescntandi
1727 3374 1760 3403 ad
1775 3372 1924 3411 Ecclesias,
1941 3381 2052 3402 necnon
2065 3371 2097 3401 δε
2110 3367 2334 3400 conferendialia

1287 3413 1437 3451 beneficia,
1455 3413 1571 3443 nornine
1586 3410 1702 3449 nostro,
1719 3411 1753 3441 ad
1774 3411 1899 3441 nostram
1923 3410 2162 3448 praesentationem
2182 3405 2226 3450 seu
2250 3406 2335 3437 colla-

1285 3453 1395 3482 tionem
1413 3453 1441 3480 in
1455 3451 1534 3481 dictis
1548 3450 1666 3487 partibus
1680 3450 1842 3487 speetantia,
1859 3459 1927 3479 curn
1939 3458 1971 3477 ea
1978 3456 2074 3477 vacare
2085 3447 2249 3489 contigerit,
2262 3444 2333 3488 dum

1286 3492 1314 3520 in
1329 3490 1447 3527 partibus
1461 3489 1511 3518 illis
1529 3488 1626 3518 locum
1642 3488 1768 3518 nostrum
1790 3488 1826 3517 sic
1846 3487 1979 3524 tenuerit,
2000 3484 2044 3515 vel
2061 3484 2152 3527 donec
2171 3482 2247 3514 aliter
2269 3483 2333 3512 inde

1284 3528 1514 3564 ordinaverimus,
1533 3526 1664 3564 plenam,
1683 3535 1778 3556 tenore
1789 3524 1981 3563 praesentium,
1999 3522 2180 3553 concedimus
2198 3521 2231 3552 &
2251 3530 2334 3551 com-

1286 3567 1421 3597 mittimus
1436 3565 1607 3603 potestatem.

1323 3603 1357 3634 In
1374 3604 1465 3641 cujus,
1481 3604 1542 3633 &c.
1562 3601 1695 3640 quamdiu
1709 3602 1790 3631 nobis
1805 3600 1937 3639 placuerit
1948 3598 2074 3630 duratur’.

1321 3679 1408 3710 Teste
1422 3678 1501 3716 Rege
1515 3678 1586 3716 apud
1597 3677 1739 3717 Redyng,
1760 3677 1802 3707 16.
1814 3677 1860 3707 die
1868 3675 1954 3715 Junii.

1476 3804 1533 3834 Pro
1556 3799 1719 3832 Bertrando
1743 3799 1792 3832 del
1815 3801 1894 3831 Gout
1912 3800 1993 3843 Papae
2011 3798 2132 3844 Nepote.

2354 3843 2430 3876 Ann.
2445 3841 2485 3873 D.

2377 3882 2458 3922 1308.

1380 3925 1478 3955 Sciatis
1498 3922 1573 3961 quod
1593 3932 1659 3961 ῃοε,
1678 3924 1718 3953 ob
1739 3930 1882 3959 amorem,
1905 3928 1990 3962 quem
2010 3929 2077 3957 erga
2097 3919 2296 3951 sanffiffimum
2314 3920 2344 3948 in
2362 3927 2414 3949 An.
2426 3930 2449 3947 r.

1290 3963 1405 3995 Christo
1422 3962 1551 3999 Pati-em,
1570 3959 1730 3991 Dominum
1745 3960 1926 3990 Clementem
1934 3962 2079 3988 iummum
2087 3957 2275 3995 Pontificem,
2292 3967 2342 3995 ge·
2358 3963 2386 3986 Ε.
2407 3968 2433 3985 2.

1291 4005 1392 4034 rimus:
1411 4002 1444 4031 &
1459 4001 1542 4030 etiam
1554 3999 1594 4028 ob
1609 3999 1718 4028 fervens
1731 3998 1892 4028 desiderium
1908 3995 1983 4034 quod
2004 3997 2139 4028 habemus
2161 3996 2281 4027 faciendi
2298 4005 2343 4033 ea,
2356 4001 2411 4024 Par.
2432 4004 2456 4021 i.

1288 3887 1367 3941 RE
1377 3884 1407 3916 X
1426 3885 1570 3921 omnibus,
1586 3884 1620 3914 ad
1634 3893 1720 3922 quos,
1738 3884 1798 3915 &c.
1812 3882 1936 3913 salutem.

45 4053 98 4110 ἐπι-ί
110 4045 135 4109 a}
154 4045 175 4070 'n
198 4053 234 4075 eo
255 4043 445 4082 affectuosius,
467 4055 523 4084 quo
544 4044 702 4084 possumus,
724 4043 888 4082 requirimus
908 4043 941 4074 δε
964 4052 1111 4083 rogamuS,
1128 4044 1254 4083 quatinus
1296 4051 1361 4080 quae
1376 4033 1446 4077 ejus‘
1454 4037 1590 4068 desideriis
1610 4037 1772 4068 noverimus
1788 4035 1846 4064 fore
1869 4043 1961 4073 grata:
1979 4035 2014 4067 δε
2030 4042 2061 4067 ut
2080 4034 2136 4073 ipse
2151 4036 2183 4065 in
2206 4035 2275 4071 hiis,
2291 4043 2352 4070 quae
2363 4038 2388 4060 Ε.
2405 4042 2430 4059 2.
2442 4038 2468 4069 p.

69 4092 80 4108 ι’
97 4092 113 4109 u
125 4091 152 4110 a·

1788 4072 1858 4111 Qz
2271 4080 2354 4109 penes
2363 4081 2388 4100 2.
2406 4080 2441 4099 m.
2460 4072 2487 4105 3?
