2570 4261
272 128 352 177 156

127 206 205 237 Άῐὶῠ-
220 202 264 234 D·
309 208 479 240 Mandatum
499 209 541 239 est
563 206 745 247 Archiepisco
766 208 802 246 is,
820 208 880 238 &c.
902 206 997 247 quod,
1015 217 1069 244 pro
1081 216 1151 247 pace
1165 205 1333 243 &tranqui-

149 243 234 282 1246-
270 246 345 279 litate
366 248 487 285 ejusdem
507 256 604 285 terrae,
623 255 672 286 per
692 246 741 276 eas
753 256 800 276 em
821 245 894 286 leges
914 256 963 277 eos
980 247 1083 285 regi&
1098 245 1201 276 deduci
1218 244 1334 282 permit-

127 287 191 311 Hm.
212 292 238 318 3·
272 293 349 323 tant,
368 288 400 316 ὅτ
413 296 455 315 eas
469 287 498 315 in
514 286 646 315 omnibus
659 285 813 324 sequantur.

312 323 345 354 In
361 324 453 362 cujus,
472 325 531 354 &c.

310 398 398 429 Teste
412 398 494 438 Rege
507 398 580 438 apud
593 399 771 439 XVudestok,
790 410 870 431 nono
884 400 931 430 die
945 398 1124 440 Septembris.

509 532 600 565 Bulla
630 531 666 564 a'e
691 543 788 564 annuo
805 532 890 578 cenfh
904 528 1107 578 persblvendo.

127 616 202 646 Ann.
220 613 258 643 D.
276 613 493 674 INnocentius
514 615 685 654 Episcopus,
702 616 792 647 servus
806 616 948 647 servorum
963 614 1040 652 Dei,
1056 611 1198 643 carissimo
1210 611 1238 640 in
1251 608 1337 640 Chri-

125 653 231 719 A1246.
274 652 369 722 d'ststo
391 654 449 685 filio
469 654 544 694 Regi
562 654 723 694 Anglotum
736 655 850 694 illustri,
865 654 978 685 salutem
988 653 1022 683 &
1037 650 1235 691 Apostolicam
1250 649 1336 678 bene-

151 704 177 719 a.
195 701 239 727 30.
295 700 319 721 1c
335 702 437 723 ionem.

125 735 159 757 H.
181 739 204 765 3-
225 768 230 773 .
310 730 514 762 Excellentiam
535 739 613 761 tuam
631 730 781 762 affeffione
800 729 913 769 paterna
934 738 1064 768 rogamus
1078 751 1088 766 ,
1132 728 1240 758 uatinus
1260 725 1338 755 mille

125 772 164 795 Ex
184 773 255 804 Ortg·
272 778 378 799 marcas
398 770 615 808 sterlingorum,
631 779 696 809 quas
718 780 769 807 pro
790 779 864 799 anno
880 768 1010 806 praesenti
1026 767 1115 798 Eccle
1126 776 1161 797 1ae
1176 765 1335 801 Romanae,

272 809 391 838 nomine
412 807 527 851 census,
545 808 643 845 debes,
660 807 766 837 dileeto
787 807 846 838 filio
1028 805 1213 836 Thesaurario
1233 801 1337 833 domus

272 845 389 890 Militiae
408 847 524 887 Templi
546 847 727 877 Londonien.
747 846 835 876 solitae
855 844 1014 876 devotionis
1033 843 1157 882 affedm,
1173 842 1257 874 facias
1275 841 1337 872 assi-

268 892 356 922 gnari.

306 959 375 1030 Diit.
395 961 529 1000 Lugdun.
543 960 669 993 secundo
683 961 768 992 Non.
785 960 940 1000 OCtobris,
955 957 1142 991 pontificatus
1154 957 1243 989 nostri
1255 966 1330 987 anno

270 1010 338 1039 quai*
351 1010 379 1031 ο.

614 1076 740 1107 Plumbeo
749 1075 836 1119 figillo
844 1075 976 1116 pendente
991 1086 1010 1104 a
1013 1073 1066 1118 filo
1080 1073 1202 1105 cambeo.

123 1213 170 1241 ’Ῐ-
184 1221 252 1250 443·
271 1218 298 1246 δὲ
319 1221 480 1253 conventio
498 1219 588 1265 faHa
613 1222 690 1252 inter
714 1221 885 1252 Henricum
912 1220 1041 1263 Regem,
1066 1219 1104 1255 ά·
1126 1216 1275 1250 Omenum
1295 1218 1332 1254 (ῤ’

593 1267 779 1302 Lewelinum
789 1266 869 1312 filios
886 1264 1014 1311 Griffini.

122 1363 198 1394 Αηῃ,
214 1361 254 1392 1),
276 1352 363 1409 AD
385 1355 574 1385 roborandam
597 1352 781 1384 concordiam
795 1352 828 1383 &
846 1360 946 1392 pacem
959 1360 1008 1388 per
1029 1359 1123 1381 etuam
1139 1351 1210 1381 inter
1226 1348 1335 1380 Domi-

144 1411 178 1431 12
180 1410 229 1439 47·
350 1403 419 1422 num
440 1392 602 1423 Henricum
622 1391 711 1421 filium
727 1391 814 1429 Regis
825 1390 962 1429 johannis
998 1391 1004 1418 i
1019 1389 1133 1420 lustrem
1147 1388 1259 1427 Regem
1272 1388 1334 1419 An-

120 1445 173 1469 Λα,
190 1450 234 1476 3¹·
274 1431 354 1470 gliae,
373 1433 407 1461 &
427 1430 486 1461 Ow
507 1441 577 1460 num
599 1431 632 1461 ὅ(
654 1430 845 1467 Lewelinum,
864 1429 934 1458 filios
953 1412 1087 1466 driffini',
1104 1428 1137 1459 &
1152 1426 1335 1457 haeredoeeo-

122 1483 157 1506 H.
178 1489 203 1514 3-
275 1479 354 1507 rum,
373 1470 444 1499 faeta
465 1480 481 1499 e
519 1470 676 1499 conventio
691 1467 739 1497 ista
753 1469 825 1497 inter
837 1466 949 1497 eosdem
964 1466 1129 1497 Dominum
1144 1465 1280 1503 Regem,
1299 1466 1333 1496 &

119 1521 139 1545 L
159 1515 257 1552 „514501⁴
275 1507 414 1538 Owinum
429 1509 461 1537 δε
479 1508 674 1544 Leiveliiium,
692 1506 837 1544 videlicet,

122 1565 188 1590 407·
205 1565 231 1581 a.
313 1545 403 1584 Qiod
424 1546 500 1576 idern
520 1545 665 1575 Dominus
687 1544 767 1582 Rex,
787 1553 881 1574 motus
897 1544 1006 1581 pietatis
1019 1542 1142 1581 affiediiu,
1158 1543 1279 1581 remisit,
1299 1552 1333 1573 ex

119 1598 192 1621 Penes
206 1596 257 1620 Ca·
273 1592 354 1623 toto,
371 1584 475 1614 eisdem
493 1584 611 1624 Owyno
624 1585 657 1614 ὃς
675 1583 818 1613 Lewelino
836 1591 923 1613 totam
938 1591 1068 1618 guerram
1103 1582 1136 1612 &
1152 1582 1248 1611 omnia
1261 1581 1334 1612 mala

273 1632 337 1666 quae
348 1623 473 1653 adversus
486 1633 552 1653 eum
566 1623 722 1660 insipienter
734 1630 897 1659 moverant,
915 1621 950 1651 us
964 1630 997 1651 ue
1014 1620 1048 1651 ad
1063 1605 1251 1650 Dominicatn
1266 1629 1333 1657 pro-

120 1641 204 1659 merar
962 1660 1051 1697 rucis,
1067 1659 1100 1690 &
1115 1668 1164 1689 eos
1176 1658 1286 1688 admisit
1301 1659 1331 1689 in

119 1676 233 1702 ,mmm
270 1671 376 1692 ximam
399 1670 464 1692 ante
481 1660 598 1691 Festum
620 1660 794 1691 Inventionis
813 1659 916 1690 sanetae

267 1700 377 1739 plenam
397 1701 513 1740 gratiam
536 1701 630 1738 suam,
649 1700 682 1730 &
696 1699 860 1738 homagium
876 1707 976 1728 eorum
991 1698 1094 1736 recepit
1113 1706 1120 1726 τ
1156 1695 1194 1727 Et
1207 1697 1332 1727 similiter

267 1739 371 1769 facient
392 1739 515 1769 haeredoe
539 1739 663 1779 ipsorum
681 1737 780 1768 Owini
802 1737 835 1768 δε
858 1736 999 1768 Lewelini
1013 1735 1142 1776 homagia
1155 1735 1250 1766 eidem
1265 1734 1331 1766 Do-

269 1777 351 1808 mino
366 1777 459 1816 Regi,
475 1778 509 1809 &
522 1777 677 1807 haeredibus
692 1776 752 1806 suis.

306 1826 334 1845 2.
353 1815 582 1854 Concefferunt,
596 1817 628 1846 &
672 1815 777 1845 uietum
797 1814 987 1844 clamaverunt
1006 1814 1223 1852 inperpetuum,
1237 1811 1330 1843 eidem

270 1854 404 1886 Domino
425 1855 500 1892 Regi
519 1856 551 1885 ὃ(
575 1856 648 1884 ὴιετε
672 1854 730 1883 ibus
751 1853 801 1883 suis
815 1861 933 1893 quatuoi·
947 1851 1119 1889 CantredOS,
1134 1851 1236 1881 scilicet
1253 1851 1330 1889 Ros,

271 1893 464 1932 Rowennok,
483 1893 666 1925 Desi‘encluc.
689 1892 722 1923 &
743 1890 905 1931 Anglefeld,
927 1900 996 1920 cum
1012 1889 1146 1920 omnibus
1160 1890 1331 1929 pertinentiis

271 1943 389 1971 eorum,
408 1934 441 1971 ὅ(
456 1941 514 1963 tota
534 1932 640 1962 Rivera
652 1931 686 1961 de
703 1931 848 1969 Cuneway
863 1930 918 1959 sine
938 1929 994 1959 ullo
1008 1937 1203 1959 retenemento
1221 1938 1227 1957 ε
1268 1928 1330 1967 Qii

269 1971 384 2012 quidem
408 1971 543 2001 Canu-edi
563 1979 700 2002 vocantur
720 1970 749 1999 in
773 1969 864 2009 lingua
887 1968 1055 1998 &Vallensica
1071 1967 1277 2006 Pernechelad3
1295 1969 1331 1997 de

269 2010 372 2048 quibus
394 2011 476 2039 etiam
499 2008 647 2039 Canrredis
670 2008 745 2038 idem
767 2007 914 2038 Dominus
928 2006 992 2037 Rex
1007 2006 1041 2037 &
1055 2006 1178 2036 haeredes
1191 2005 1230 2036 sui
1244 2005 1331 2046 profi-

268 2058 355 2079 cuum
371 2049 451 2078 suum
465 2048 566 2078 facient
579 2046 735 2078 secundum
748 2045 826 2086 quod
838 2045 886 2075 sibi
901 2045 1022 2076 viderint
1034 2044 1171 2084 expedire.

311 2095 336 2125 3.
355 2086 393 2116 Et
416 2095 504 2116 totam
525 2095 626 2117 terram
647 2086 685 2116 de
709 2085 816 2115 Monte
838 2083 906 2114 Alto
922 2093 989 2114 cum
1007 2084 1177 2121 pertinentiis
1190 2081 1257 2120 suis,
1275 2082 1331 2113 fine

271 2124 331 2155 ullo
354 2133 562 2163 retenerriento·⁷
579 2126 615 2155 ita
636 2124 712 2162 quod
733 2133 786 2153 nec
809 2123 856 2162 ipsi
879 2122 1010 2162 Owynus
1029 2122 1063 2152 &
1081 2121 1258 2159 Lewelinus,
1277 2132 1330 2152 nec

269 2173 368 2193 eorum
392 2163 514 2193 haeredes
534 2163 635 2201 aliquid
651 2165 694 2200 jus
713 2162 756 2192 vel
778 2162 911 2192 clamium
926 2161 1088 2199 habebunt,
1106 2161 1149 2191 vel
1164 2160 1266 2190 habere
1280 2170 1332 2200 po-

268 2202 407 2246 terunt-in
427 2202 487 2240 iplis
503 2200 664 2240 Cantredis,
683 2210 727 2232 aut
744 2209 815 2231 terra
828 2199 864 2232 dc
876 2199 982 2231 Monte
992 2198 1079 2238 Alto,
1097 2199 1142 2229 vel
1156 2208 1258 2229 eorum
1270 2208 1333 2239 per—

266 2249 400 2272 tineniiis.

306 2289 335 2318 4.
356 2278 490 2309 Praefatus
509 2287 602 2309 autem
627 2277 774 2308 Dominus
796 2277 879 2316 Rex,
897 2285 949 2314 pro
970 2276 1013 2314 se,
1032 2275 1064 2306 &
1085 2274 1242 2305 haeredibus
1266 2274 1332 2314 suis,

268 2317 408 2349 concessit
426 2318 508 2348 dietis
529 2317 641 2348 Owino
662 2317 695 2347 ὅ(
716 2316 882 2354 Lewelino,
898 2316 931 2346 &
953 2323 1054 2345 eorum
1073 2313 1249 2353 haeredibus,
1268 2315 1335 2345 reii-

268 2356 359 2389 duum
379 2358 463 2387 totius
481 2356 666 2394 Norwalliae,
685 2355 752 2385 sicut
766 2355 793 2386 se
807 2354 945 2391 extendit,

303 2395 477 2426 Habendum
500 2396 532 2426 &
555 2395 707 2425 tenendum
730 2393 832 2423 eisdem
860 2392 978 2433 Owyno
998 2391 1031 2422 &
1049 2389 1214 2433 Lewelinoh,
1236 2391 1269 2422 &
1284 2402 1335 2422 eo-

266 2444 332 2466 rum
353 2433 511 2465 haeredibus
529 2434 564 2464 de
586 2433 689 2464 eodem
704 2431 840 2463 Domino
859 2431 935 2471 Regi
949 2431 982 2462 &
993 2429 1151 2460 haeredibus
1164 2428 1215 2460 suis
1228 2430 1257 2460 in
1270 2440 1334 2469 per-

288 2482 385 2505 etuum

224 2541 225 2545 ,
266 2484 286 2513 P
306 2496 448 2543 Facier'ido
471 2510 558 2541 iidem
579 2510 708 2550 Owynus
725 2510 757 2541 &
771 2508 945 2546 Lewelinus‚
964 2507 997 2538 ὅ(
1010 2516 1108 2537 eorum
1123 2505 1280 2538 haeredibus
1294 2509 1334 2538 ei-

267 2549 335 2583 dem
360 2550 495 2581 Domino
515 2549 606 2589 Regi,
624 2550 657 2580 &
677 2548 833 2579 haeredibus
851 2548 917 2585 suis,
936 2546 969 2576 ad
985 2544 1154 2589 ,mandatum
1166 2544 1263 2589 suum,
1280 2546 1334 2576 ser-

269 2590 372 2620 vitium
395 2588 471 2619 mille
491 2588 618 2627 peditum
630 2587 825 2625 strenuorum,
844 2586 877 2617 ὃς
892 2586 991 2624 viginti
1005 2592 1122 2623 quatuor
1138 2593 1267 2622 equitum
1283 2585 1334 2615 be-

269 2638 306 2659 ne
326 2636 515 2665 armatorum,
540 2636 609 2657 cum
629 2626 716 2657 altero
736 2624 905 2655 eorumdem
927 2623 1037 2663 Owyni
1058 2623 1091 2653 &
1114 2621 1273 2661 Lewelini,
1288 2624 1334 2654 vel

269 2666 426 2698 haeredibus
444 2668 563 2701 eorum,
581 2665 628 2704 qui
653 2674 705 2704 pro
724 2672 853 2701 tempore
865 2663 986 2700 fuerint,
1004 2661 1123 2701 propriis
1132 2661 1291 2698 sumptibus
1304 2663 1333 2693 in

270 2705 393 2744 wallia,
410 2704 456 2734 vel
476 2704 506 2734 in
530 2703 660 2734 Marchia
680 2703 722 2733 W
725 2703 812 2740 alli-e,
827 2700 961 2740 quamdiu
985 2700 1061 2729 idem
1084 2698 1229 2730 Dominus
1251 2699 1333 2738 Rex,

269 2744 316 2775 vel
335 2742 458 2773 haeredes
479 2743 536 2780 sui,
552 2750 599 2772 aut
619 2742 715 2781 aliquis
728 2750 763 2771 ex
777 2748 854 2779 parte
866 2739 990 2781 ipsorum
1003 2737 1126 2771 fueritin
1145 2737 1268 2777 Wallia,
1287 2740 1333 2769 vel

267 2784 301 2813 in
322 2781 452 2812 Marchia
465 2780 597 2818 Walliae,
614 2781 644 2810 in
658 2779 842 2817 expeditione.

306 2820 343 2851 Et
358 2821 582 2859 quingentorum
595 2819 718 2858 peditum
736 2818 912 2848 strenuorum
926 2816 960 2847 &
974 2815 1106 2846 decenter
1117 2821 1289 2845 armatorum
1303 2817 1333 2846 in

271 2857 392 2898 Anglii,
414 2858 449 2889 ad
469 2857 585 2888 custum'
603 2858 682 2898 iplius
701 2856 825 2887 Domini
846 2855 948 2895 Regis,
971 2854 1016 2884 vel
1038 2853 1184 2884 haeredum
1201 2853 1334 2893 suorum,

270 2907 340 2927 cum
362 2898 447 2927 altero
469 2896 636 2927 eorumdem
652 2896 752 2927 Owini
765 2895 798 2926 &
813 2894 966 2933 Lewelini,
984 2892 1030 2923 vel
1044 2902 1144 2923 eorum
1161 2892 1337 2931 haeredibus,

269 2937 319 2973 qui
336 2945 387 2975 pro
401 2944 531 2973 tempore
544 2935 662 2972 fuerint,
681 2935 750 2965 licut
763 2933 931 2974 praedictum
949 2931 1008 2970 est,
1027 2930 1160 2969 quamdiu
1175 2930 1251 2960 idem
1266 2930 1334 2961 Do-

269 2974 362 3004 minus
379 2974 461 3012 Rex,
480 2974 524 3004 vel
546 2973 670 3004 haeredes
690 2973 747 3011 sui,
767 2981 814 3003 aut
836 2971 882 3002 ille
899 2973 948 3011 qui
969 2971 1051 3001 fuerit
1067 2979 1100 3000 ex
1120 2978 1197 3008 parte
1211 2979 1334 3009 eorum,

267 3013 381 3044 servitio
395 3011 517 3051 ipsorum
531 3022 600 3051 opu<
614 3012 748 3042 habuerit.

309 3060 334 3089 5.
356 3050 491 3080 Praetciea
506 3050 703 3080 concesserunt
721 3050 753 3080 &
770 3049 965 3089 obligaverunt
980 3047 1006 3077 se
1023 3045 1148 3085 praedieci
1164 3045 1286 3077 Owinus
1300 3047 1334 3077 ὃς

269 3088 445 3126 Lewelinus,
463 3099 519 3126 proi
538 3089 580 3125 se,
599 3090 632 3119 δε
654 3088 809 3118 haeredibus
828 3089 895 3126 suiS,
911 3088 1107 3126 inperpetuum
1129 3084 1225 3123 quod,
1244 3084 1264 3114 si
1286 3085 1335 3115 ali-

268 3129 329 3168 quis
348 3127 512 3165 XValleniis,
532 3127 577 3156 vel
599 3127 681 3165 alius,
700 3127 746 3165 qui
760 3128 841 3157 fuerit
859 3136 892 3156 ex
912 3134 990 3164 parte
1004 3124 1074 3155 dieti
1091 3123 1216 3154 Domini
1229 3123 1335 3162 Regis,

268 3167 315 3197 vel
337 3166 483 3196 haeredum
501 3165 630 3203 suorum,
646 3164 758 3195 eosdem
777 3165 918 3196 Owinum
937 3165 971 3196 &
996 3162 1191 3200 Lewelinum‚
1216 3162 1262 3192 vel
1286 3172 1336 3193 eo-

269 3216 331 3235 rum
353 3204 475 3235 haeredes
497 3203 575 3243 super
596 3203 673 3234 terris
694 3203 881 3242 Norwalliae,
898 3211 944 3233 aut
964 3201 1054 3242 aliqua
1076 3210 1151 3232 certa
1175 3209 1254 3239 parte
1267 3200 1336 3240 ipsa-

268 3254 331 3273 rum
341 3267 350 3282 ,
368 3243 413 3273 vel
429 3243 508 3281 super
522 3242 579 3272 aliis
596 3242 768 3281 implacitare
783 3242 939 3272 voluerint·

306 3281 431 3313 Venient
451 3281 485 3311 ad
506 3280 666 3312 mandatum
688 3280 768 3318 ipiius
790 3279 912 3310 Domini
933 3265 1040 3319 Regis,
1058 3280 1092 3310 ὅ(
1110 3277 1258 3308 haeredum
1274 3277 1336 3307 suo—

272 3330 352 3360 rum,
369 3328 416 3350 aut
437 3319 530 3350 Ballivi
553 3319 607 3355 sui,
626 3320 673 3357 qui
696 3329 748 3356 pro
765 3326 890 3356 tempore
905 3317 1024 3353 fuerint,
1044 3325 1124 3347 certo
1140 3315 1186 3346 die
1203 3317 1235 3346 &
1250 3316 1335 3354 loco,

272 3368 341 3397 quos
365 3359 497 3397 assignare
513 3358 633 3388 voluerit
646 3358 674 3387 in
687 3357 832 3393 Marchia,
851 3357 895 3386 vel
910 3358 938 3387 in
952 3356 1072 3392 wallia,
1091 3353 1243 3392 responsuri
1259 3354 1336 3391 super

273 3397 340 3434 hiis,
358 3398 391 3428 &
412 3399 462 3435 juri
483 3397 610 3436 parituri,
626 3406 659 3426 ac
678 3396 835 3426 secundum
859 3395 931 3435 leges
948 3396 982 3426 &
996 3392 1208 3425 consuetudines
1221 3392 1335 3423 Walliae

268 3434 402 3473 justitiam
417 3435 564 3472 recepturi.

309 3473 336 3502 6.
357 3474 446 3503 Simili
457 3475 540 3504 etiam
557 3472 647 3503 modo
662 3473 710 3503 fiet
725 3472 760 3502 de
774 3470 913 3509 praediffls
926 3470 1044 3508 Owyno
1057 3470 1090 3501 &
1105 3468 1270 3509 Lewelino,
1288 3470 1334 3499 vel

272 3520 371 3541 eorum
394 3512 566 3549 haeredibus,
585 3512 604 3542 si
623 3519 723 3541 contra
746 3509 900 3540 Wallenses
923 3510 1002 3547 ipiius
1024 3509 1147 3539 Domini
1163 3507 1269 3547 ReviS,
1288 3508 1333 3538 vel

274 3548 417 3579 haeredum
432 3551 542 3580 suorum
552 3574 561 3587 ,
573 3549 652 3587 super
666 3548 800 3588 aliquibus
814 3548 891 3578 terris
905 3547 1093 3586 Walliae,aut
1105 3546 1185 3586 super
1198 3532 1255 3575 aliis
1270 3556 1334 3577 mo-

275 3588 364 3617 verint
381 3587 577 3624 quaestionem.

294 3633 337 3668 ,7.
355 3623 465 3654 Omnes
484 3636 553 3656 vero
575 3626 609 3657 δε
630 3625 726 3664 singuli
745 3624 917 3663 wallenses,
934 3625 990 3654 tam
1009 3623 1116 3664 praefati
1130 3621 1255 3653 Domini
1271 3622 1334 3652 Re-

271 3671 330 3703 gis,
348 3662 432 3699 quam
449 3663 592 3694 di&orum
607 3664 705 3694 Owini
720 3665 753 3694 ἃ
770 3664 922 3701 Lewelini,
937 3663 1141 3700 recuperabunt
1160 3671 1263 3691 omnes
1279 3669 1335 3691 ter-

273 3711 332 3739 ras,
349 3709 414 3735 quas
432 3701 602 3740 habuerunt,
618 3703 662 3732 vel
685 3702 721 3731 de
737 3703 799 3739 jure
818 3703 919 3732 habere
930 3701 1077 3733 debuerint
1087 3723 1097 3738 ,
1113 3701 1174 3731 tam
1187 3700 1217 3730 ‘m
1230 3698 1334 3737 praedi-

274 3739 326 3770 &is
341 3737 503 3777 Cantredis,
521 3742 605 3776 quam
622 3741 649 3769 in
664 3740 823 3770 Norivallia
844 3751 849 3770 :

312 3777 349 3806 Et
363 3777 495 3820 teneliurit
507 3787 549 3806 cas
562 3778 632 3807 adeo
647 3779 732 3808 libere
747 3778 815 3808 licut
829 3778 895 3817 ipsas
907 3787 1042 3818 umquam
1056 3777 1212 3813 tenuerint,

309 3814 452 3845 Faciendo
464 3814 527 3844 inde
544 3815 679 3845 Dominis
697 3816 846 3846 feodorum
863 3817 969 3846 serviiia
984 3815 1078 3846 debita
1092 3815 1124 3845 ὃ(
1140 3814 1276 3844 consueta.

269 3867 275 3881 ι
312 3855 338 3883 8.
358 3852 411 3882 Per
433 3852 504 3881 hanc
526 3863 618 3882 aurem
640 3856 862 3884 conventionem
884 3855 1014 3893 homagia
1033 3854 1067 3884 &
1081 3852 1188 3884 servitia
1201 3853 1333 3882 omnium

276 3891 419 3934 Baronun)
441 3891 474 3921 &
496 3889 650 3920 Nobilium
671 3892 783 3922 Wailiae
798 3893 913 3932 praefato
930 3891 1066 3922 Domino
1080 3890 1157 3932 Regi
1168 3892 1202 3923 &
1217 3890 1335 3921 haeredi-

277 3932 329 3960 bus
343 3934 392 3959 luis
406 3937 602 3969 inperpetuum
618 3931 811 3960 remanebunt.

313 3978 339 4005 9.
358 3968 388 3997 Si
406 3977 474 3997 vero
493 3965 634 4006 saepedicti
655 3968 777 3997 Owinus
797 3969 830 3999 δε
845 3968 1022 4005 Lewelinus,
1039 3976 1086 3999 aut
1097 3976 1198 3998 eorum
1209 3966 1336 3997 haeredes

770 113 1563 166 CONVENTIONES,
1610 119 1996 170 LITERAE,

1373 202 1453 233 dibus
1468 203 1534 247 suis,
1552 203 1609 235 five
1624 206 1708 250 etiam
1721 207 1803 237 alicui
1820 217 1853 237 ex
1868 207 1918 238 suis
1932 216 2059 247 guerram
2072 207 2234 245 moverint;
2250 205 2293 238 vel
2308 207 2430 252 aliquem
2447 202 2524 233 Ann-
2538 193 2570 235 D

1373 251 1473 272 contra
1493 241 1580 280 ipsum
1599 243 1767 275 Dominum
1790 245 1923 284 Regem,
1942 246 1985 276 vel
2000 244 2122 276 haeredes
2134 246 2211 283 suos,
2228 254 2274 276 aut
2287 245 2432 285 homines,
2469 249 2555 280 1247.

1375 280 1411 324 ³5¹
1425 279 1581 317 dampnum
1594 291 1711 321 eorum,
1726 285 1944 322 receptaverint,
1963 284 2064 316 cadent
2077 284 2125 323 ipli
2140 284 2271 324 Owynus
2284 284 2318 315 ὃς
2331 284 2432 315 Lewe-
2449 284 2516 310 ΗΜ·
2534 289 2559 318 3-

1377 319 1463 356 linus,
1481 320 1515 348 &
1537 329 1636 350 eorum
1657 321 1780 352 haeredes
1797 332 1813 352 a
1829 323 1891 360 jure
1909 324 2041 353 omnium
2060 331 2197 353 terrarum
2218 322 2342 361 suarum,
2368 322 2432 353 ubi-

1376 367 1490 400 cunq-ue
1512 356 1635 402 fuerint:
1673 359 1713 390 [ta
1730 360 1809 399 quod
1830 370 1885 390 nec
1903 360 1970 399 ipsi,
1989 371 2041 392 nec
2062 371 2162 391 eorum
2183 361 2323 399 haeredes,
2341 370 2434 401 neque

1376 395 1472 433 aliquis
1491 404 1543 439 pro
1564 406 1617 441 eis,
1634 397 1744 436 aliquod
1764 400 1809 437 jus
1830 399 1875 428 vel
1894 400 2027 429 clamium
2045 399 2206 437 habebunt,
2224 408 2272 430 aut
2293 398 2434 429 vindicare

1376 440 1509 477 poterunt
1528 443 1556 463 in
1578 435 1639 473 ipsis
1659 438 1752 475 terris,
1767 437 1812 467 sed
1834 437 1974 474 praedidtis
1994 437 2129 468 Domino
2145 438 2265 477 Regi&
2280 437 2439 468 haeredibus

1375 471 1444 540 giiij,
1461 471 1561 539 agsque
1580 474 1661 504 omni
1684 475 1858 515 calumpnia,
1876 484 2035 507 remaneant
2051 477 2269 516 inperpetuum,
2284 477 2318 508 &
2340 477 2379 506 eis
2392 476 2437 506 in-

1396 520 1413 540 u
1428 519 1477 540 ran
1510 519 1530 538 r.

1419 557 1463 577 10.
1484 547 1533 577 Ut
1554 557 1650 581 autem
1668 552 1766 581 omnia
1781 552 1918 589 praemissa
1931 551 2048 584 fideliter
2064 552 2097 583 &
2110 551 2331 592 irrefragabiliter
2342 553 2439 591 impo-

1378 584 1483 616 sterum
1496 586 1684 629 ‚observentur
1698 612 1707 628 ,
1737 591 1805 627 parti
1822 589 1901 628 hujus
1918 590 2011 629 scripti
2025 615 2035 630 ,
2067 591 2096 621 in
2118 590 2239 621 modum
2256 590 2434 629 Cyrographi

1377 625 1520 669 confech,
1543 635 1608 664 quae
1627 637 1712 664 penes
1733 628 1881 665 praefarum
1901 627 2066 660 Dominum
2088 628 2203 668 Regem
2223 628 2335 667 residet,
2353 629 2436 669 sigilla

1377 663 1581 699 praedfflorum
1603 664 1703 696 Owini
1727 667 1761 696 &
1781 667 1920 698 Lewelini
1939 667 1999 699 sunt
2020 668 2136 709 appensa
2155 678 2161 697 :
2200 667 2238 698 Et
2256 667 2332 698 alteri
2352 669 2436 707 parti,

1377 711 1442 739 quae
1464 711 1548 738 penes
1565 703 1639 746 ipsos
1659 703 1811 749 Owynum
1828 706 1861 736 &
1876 705 2055 738 Lewelinum
2069 714 2223 745 remaneat,
2240 705 2318 737 idem
2330 705 2437 737 Domi-

1377 749 1429 770 nus
1444 739 1509 770 Rex
1524 740 1642 781 figillum
1653 742 1733 773 suum
1745 743 1812 774 fecit
1824 745 1936 784 apponi.

1413 816 1520 847 Acium
1535 817 1606 857 apud
1621 817 1819 858 Wodestoke,
1833 820 1920 860 pridie
1935 820 2054 852 Kalend.
2071 821 2160 860 Maii,
2173 831 2249 852 anno
2263 821 2358 860 gratiae
2372 821 2438 857 mil-

1375 855 1474 901 lesimo
1489 856 1682 901 ducentesimo
1696 857 1904 898 quadragefimo
1917 859 2054 899 septimo,
2071 861 2105 892 &
2119 860 2217 899 Regni
2228 859 2357 900 praedieti
2369 859 2436 890 Do-

1376 904 1447 935 rmni
1462 895 1548 935 Regis
1560 898 1700 926 tricelimo
1715 896 1818 934 primo.

1507 1023 1598 1056 Bulla
1615 1021 1652 1055 de
1668 1034 1766 1056 annuo
1785 1023 1869 1068 censis
1889 1035 1977 1058 1000
1993 1027 2139 1060 Marcar.
2150 1023 2305 1072 ftlvendo.

1373 1107 1588 1170 INnocentius
1603 1108 1774 1147 Episcopus,
1792 1108 1883 1153 servus
1897 1109 2038 1140 servorum
2054 1109 2128 1150 Dei,
2148 1109 2289 1141 carissimo
2301 1110 2330 1140 in
2347 1109 2434 1140 Chri-
2451 1107 2529 1140 Ann.
2544 1108 2570 1140 D

1384 1188 1388 1193 .
1423 1147 1466 1178 sto
1481 1147 1568 1191 filio„
1604 1187 1608 1191 Ι
1726 1146 1803 1187 Regi
1820 1147 1982 1188 Anglorum
1995 1148 2110 1188 illustri,
2127 1150 2240 1180 salutem
2255 1149 2289 1179 &
2304 1147 2432 1186 Aposto-
2479 1156 2564 1187 1247.

1370 1187 1454 1217 licam
1468 1185 1705 1216 benedie'tionem.
2452 1191 2503 1215 An.
2522 1196 2568 1224 3¹·

1411 1224 1614 1268 Celsitudinem
1635 1233 1711 1255 tuam
1734 1223 1886 1255 affefflone
1903 1225 2016 1265 paterna
2039 1233 2169 1266 rogamus
2188 1225 2222 1256 &
2234 1224 2379 1255 hortamur
2391 1232 2432 1256 at·
2452 1230 2486 1253 H.
2510 1235 2536 1262 3-

1374 1266 1451 1333 {nte
1465 1287 1474 1301 ,
1497 1273 1629 1307 quatinus·
1650 1263 1726 1293 mille
1747 1261 1861 1293 Marcas
1880 1262 2080 1308 sterlingorum
2094 1288 2103 1303 ,
2127 1265 2157 1294 in
2177 1264 2281 1308 quibus
2299 1263 2432 1308 Ecclesrae
2451 1268 2490 1290 Ex
2507 1267 2567 1299 ‘1¹⁴5

1405 1302 2101 1385 ‘'mm“’Tffi‘zss‘lffiiifgnissfaiss‘ffliiffiassz‘ss
2117 1301 2436 1379 egialiassleiffofiltss
2451 1310 2517 1340 ‘⁰⁸⁷‘

1373 1378 1504 1410 nostrum
1525 1379 1559 1411 &
1577 1379 1656 1417 ipsius
1674 1378 1823 1417 Eccleiiae‚
1840 1379 1928 1410 solitae
1946 1380 2105 1412 devotionis
2126 1379 2248 1418 affeetu,
2269 1380 2352 1412 facias
2372 1378 2436 1411 affi-

1374 1418 1460 1458 gnari.

1373 1493 1632 1574 nozasinssugdun.
1645 1493 1723 1525 sexto
1737 1493 1860 1526 Kalend.
1875 1492 2066 1535 Septembris,
2084 1494 2270 1526 pontificatus
2284 1494 2372 1526 nostri
2385 1503 2436 1526 an-

1847 1608 1975 1640 Plumbeo
1989 1608 2080 1647 Sigillo
2090 1621 2109 1640 a
2114 1608 2168 1652 filo
2181 1609 2306 1641 canabeo.

1440 1736 1530 1769 Bulla
1546 1734 1583 1769 de
1604 1747 1661 1767 non
1678 1733 1824 1777 residendo
1835 1745 1890 1781 pro
1907 1735 2028 1768 Clericis
2033 1732 2249 1780 familiaribus
2267 1738 2363 1783 Regis.

1371 1820 1588 1883 INnocentius
1608 1819 1778 1860 Episcopus,
1797 1818 1888 1850 servus
1897 1819 2041 1850 servorum
2057 1818 2134 1858 Dei,
2151 1820 2302 1851 venerabili
2316 1820 2392 1851 fratri
2449 1820 2526 1855 Ann.
2540 1819 2570 1855 D

1369 1899 1437 1929 d&
1531 1859 1675 1898 Episcopo
1696 1858 1905 1898 Lincolniensi,
1922 1858 2053 1897 salutem,
2071 1858 2104 1890 &
2125 1858 2322 1899 Apostolicam
2342 1859 2430 1890 bene-
2470 1872 2556 1903 ¹247·

1390 1909 1399 1929 i
1430 1908 1537 1929 ionem.
2447 1905 2500 1930 An.
2541 1911 2566 1930 ι.

1407 1936 1553 1968 Indultum
1576 1946 1591 1967 a
1613 1936 1694 1966 nobis
1712 1934 1768 1966 effe
1788 1935 1905 1974 dicitur,
1922 1943 1953 1967 ut
1971 1934 2084 1973 quidam
2106 1934 2210 1966 Clerici
2225 1935 2370 1968 familiares
2385 1946 2432 1968 ca·
2450 1944 2483 1968 H.
2505 1911 2533 1976 ξ

1369 1975 1467 2006 riffimi
1479 1976 1507 2006 in
1523 1974 1642 2005 Christo
1658 1974 1705 2004 filii
1717 1974 1805 2004 nostri
1969 1973 2077 2004 illustris
2091 1972 2179 2013 Regis
2192 1975 2314 2014 Angiiae,
2336 1976 2366 2005 in
2380 1975 2431 2006 suis
2450 1982 2489 2005 Ex
2504 1981 2564 2006 Au·

1371 2014 1486 2060 relidere
1506 2024 1565 2045 non
1584 2021 1729 2045 teneantur
1743 2012 1891 2051 Ecclesiis,
1912 2012 2046 2053 quamdiu
2060 2012 2179 2050 ejusdem
2193 2012 2280 2054 Regis
2292 2014 2432 2053 obsequiis
2450 2025 2515 2054 togr.

1369 2062 1564 2084 immorantur.

1407 2092 1477 2122 Tibi
1497 2093 1580 2122 etiam
1603 2088 1739 2120 indulsisse
1759 2089 1959 2129 proponimur,
1977 2097 2009 2120 ut
2025 2098 2124 2119 omnes
2145 2086 2272 2119 Clericos
2285 2097 2342 2120 tuae
2355 2089 2431 2120 Dio-

1372 2130 1450 2162 caelis
1470 2140 1567 2161 curam
1590 2130 1747 2159 animarum
1773 2129 1904 2158 habentes
1919 2150 1929 2166 ,
1961 2127 2163 2166 cujuscumque
2183 2128 2357 2158 conditionis
2376 2130 2433 2159 exi-

1373 2170 1463 2207 stant,
1479 2170 1537 2199 tam
1552 2168 1716 2199 auetoritate
1731 2166 1827 2197 nostra
1840 2167 1923 2206 quam
1937 2165 1985 2196 tua
1997 2175 2100 2204 cogere
2115 2164 2198 2205 poffis
2213 2166 2247 2196 ad
2261 2167 2433 2206 personalem

1374 2208 1547 2239 residentiam
1570 2208 1598 2236 in
1619 2206 1670 2236 suis
1691 2205 1810 2236 Ecclesis
1829 2203 2003 2241 faciendam,
2020 2214 2081 2234 non
2101 2203 2277 2236 obstantibus
2296 2205 2434 2245 aliquibus

1373 2247 1483 2284 litteris,
1503 2246 1547 2276 vel
1561 2244 1739 2281 indulgentiis
1755 2255 1770 2274 a
1782 2243 1842 2273 sede
1856 2242 2022 2280 Apostolica
2038 2243 2198 2282 impetratis.

1413 2284 1493 2315 Cum
1511 2292 1605 2315 autem
1624 2283 1825 2322 indulgentiam
1847 2281 1985 2319 praedietis
2004 2280 2122 2311 Clericis
2137 2304 2147 2319 ,
2172 2282 2291 2313 obtentu
2309 2282 2433 2319 ejusdem

1374 2321 1478 2363 Regis,
1497 2322 1660 2353 concessam
1682 2322 1710 2351 in
1725 2321 1774 2351 suo
1791 2320 1892 2351 robore
1909 2330 2020 2350 manere
2032 2320 2167 2357 velimus,
2185 2328 2216 2350 ut
2230 2320 2264 2351 &
2277 2321 2325 2351 sibi
2338 2321 2433 2351 honor

1373 2363 1519 2402 proveniat
1555 2363 1588 2393 &
1608 2361 1659 2390 tibi
1673 2361 1756 2390 etiam
1771 2368 1823 2398 pax
1839 2359 1871 2389 &
1886 2358 2054 2397 tranquilitas
2068 2366 2234 2396 procuretur
2245 2383 2255 2397 ,
2272 2359 2433 2390 fraternitati

1373 2409 1431 2431 tuae
1453 2411 1502 2439 per
1516 2385 1679 2439 [ipostolica
1691 2398 1788 2436 scripta
1803 2397 1967 2427 mandamus
1981 2396 2123 2435 quatinus,
2141 2406 2276 2434 praetextu
2290 2398 2373 2434 iplius
2388 2398 2432 2427 iri-

1373 2439 1522 2479 dulgentiae
1540 2439 1592 2470 tibi
1615 2436 1773 2473 conceffae,
1795 2444 1893 2466 contra
1913 2435 2044 2474 praefatos
2060 2434 2187 2466 Clericos
2204 2435 2275 2466 dieii
2294 2436 2382 2476 Regis
2400 2437 2437 2467 in*

1372 2478 1468 2516 aliquo
1489 2488 1547 2508 non
1568 2475 1720 2515 procedas,
1738 2474 1782 2505 sed
1803 2484 1851 2504 eos
1864 2476 1955 2511 potius
1968 2474 2108 2512 permittas
2122 2474 2311 2505 commodum
2323 2476 2360 2506 de
2371 2484 2432 2514 gra-

1372 2516 1412 2547 tia
1434 2515 1530 2547 nostra
1549 2515 1699 2554 consequi,
1717 2522 1747 2544 ut
1768 2513 1842 2543 circa
1864 2512 2010 2551 personam
2030 2521 2108 2543 tuam
2128 2512 2326 2545 benevolentia
2339 2510 2432 2554 Regia

1371 2555 1407 2586 de
1420 2556 1501 2586 bono
1514 2553 1598 2593 poffit
1611 2555 1641 2584 in
1653 2552 1752 2583 melius
1765 2551 1906 2589 adaugeri.

1406 2632 1476 2701 Dgt.
1502 2631 1634 2672 Lugdun.
1664 2637 1764 2669 quarto
1784 2627 1826 2659 Id.
1848 2627 1986 2658 octobris
2004 2650 2015 2666 ,
2044 2626 2227 2660 pontificatus
2246 2627 2336 2660 nostri
2354 2639 2432 2661 anno

1369 2680 1438 2710 quin
1451 2681 1479 2700 o.
1822 2687 1825 2694 ,

1418 2817 1467 2848 De
1486 2815 1643 2845 annuitate
1658 2807 1776 2844 Thomae
1794 2807 1830 2841 de
1848 2805 2005 2842 Sabaudia
2018 2818 2073 2855 per
2090 2809 2271 2855 Comittffitm
2289 2809 2383 2843 Flan-

1779 2857 1848 2891 driae
1861 2855 2018 2903 sblvenda.

1369 2946 1495 3004 REX
1514 2945 1755 2988 vicecomitibus,
1769 2942 1943 2983 P‘raepofitis,
1961 2940 2118 2981 Ministris‚
2136 2942 2170 2974 &
2194 2944 2329 2975 omnibus
2349 2944 2430 2976 Balli-
2447 2940 2525 2972 Ann-
2539 2940 2570 2972 D

1442 2987 1500 3024 vis,
1518 2986 1551 3016 &
1572 2984 1698 3015 fidelibus
1711 2983 1761 3014 suis
1773 2983 1801 3011 in
1817 2981 1940 3019 Anglia‚
1958 2981 2078 3011 salutem.
2469 2981 2555 3020 1248.

1405 3024 1593 3055 Intelleximus
1613 3032 1702 3061 nuper
1722 3020 1801 3061 quod
1815 3020 1917 3051 nobilis
1931 3020 2029 3049 mulier
2040 3018 2188 3058 Johanna,
2206 3020 2352 3059 quondam
2368 3020 2430 3053 Co-
2448 3022 2500 3047 An.
2520 3028 2564 3057 3²·

1369 3063 1471 3095 mitiffa
1494 3061 1649 3099 Flandriae,
1685 3069 1748 3091 uam
1769 3059 1899 3090 Thomas
1916 3058 1952 3089 de
1972 3057 2107 3089 Sabaudia
2124 3057 2238 3090 duxerat
2251 3060 2280 3089 in
2294 3070 2430 3100 uxorem,
2448 3062 2484 3086 H·
2507 3066 2532 3094 3-

1369 3103 1406 3134 de
1425 3100 1557 3132 consensu
1578 3101 1610 3131 &
1631 3110 1670 3130 vo
1681 3107 1773 3130 untate
1785 3098 1952 3136 Margaretae
1967 3095 2106 3127 Dominae
2121 3097 2157 3127 de
2170 3096 2326 3136 Domperr.
2341 3098 2430 3130 haere-
2448 3099 2506 3125 Pat.
2518 3104 2563 3133 3²-

1370 3141 1412 3172 dis
1433 3140 1514 3181 ipsius
1529 3139 1669 3177 Johannae
1683 3160 1693 3176 ,
1715 3146 1792 3168 nunc
1812 3135 1973 3167 Comitiffae
1993 3135 2012 3154 ³*
2028 3135 2182 3174 Flandriae,
2206 3136 2282 3168 dedit
2302 3137 2336 3168 &
2358 3147 2432 3169 con-
2449 3138 2484 3162 Η·
2505 3143 2530 3170 3·

1371 3178 1450 3211 cessit
1471 3178 1562 3209 eidem
1581 3176 1707 3207 Thomae
1732 3176 1774 3205 sex
1796 3175 1879 3205 millia
1898 3175 2031 3205 librarum
2048 3173 2260 3214 Artesienfium,
2285 3178 2430 3207 annuatim
2451 3181 2487 3199 m·
2502 3181 2530 3207 9-

1371 3216 1611 3256 percipiendarum
1633 3215 1662 3244 in
1685 3213 1811 3245 Flandria
1833 3212 1925 3252 quoad
1938 3213 2054 3250 vixerit;
2071 3212 2106 3243 ad
2118 3212 2176 3244 hoc
2192 3213 2359 3245 successores
2370 3215 2432 3245 suos
2451 3211 2501 3239 '‘l-
2515 3215 2570 3245 445

1371 3257 1515 3295 obligans,
1532 3261 1616 3292 prout
1634 3254 1663 3282 in
1685 3253 1805 3290 scripto,
1825 3253 1902 3292 super
1914 3252 1971 3282 hoc
1985 3250 2140 3290 confecto,
2159 3251 2193 3283 &
2207 3251 2297 3292 figulis
2308 3252 2432 3293 ipsorum
2568 3255 2570 3257 '

1374 3295 1542 3334 Margaretae
1557 3292 1590 3323 &
1599 3291 1738 3330 Johannae
1752 3291 1872 3330 lignato,
1886 3290 1993 3329 plenius
2004 3290 2171 3321 continetur.

1410 3332 1447 3363 Et
1469 3331 1533 3362 ideo
1555 3331 1637 3361 vobis
1656 3329 1818 3360 mandamus
1839 3329 1933 3368 quod,
1951 3329 1970 3358 si
1988 3327 2124 3366 praedista
2139 3327 2311 3368 Margareta,
2329 3328 2433 3361 Comi-

1372 3372 1433 3402 tiffa
1456 3369 1608 3406 Flandriae,
1632 3368 1677 3398 vel
1698 3368 1865 3399 successores
1884 3368 1940 3405 sui,
1962 3368 1991 3397 in
2011 3366 2150 3397 solutione
2167 3367 2301 3404 praedidta
2320 3367 2432 3399 defece-

1372 3412 1442 3448 rint,
1461 3407 1652 3448 quotienscum
1674 3416 1726 3445 ue,
1744 3417 1759 3436 a
1774 3406 1860 3438 Festo
1875 3406 1971 3437 Sancti
1986 3404 2136 3436 Michaelis
2146 3405 2278 3445 proximo
2290 3405 2384 3437 futuro
2398 3407 2429 3436 in

1371 3457 1463 3484 antea,
1479 3448 1514 3477 ab
1532 3445 1633 3476 eodem
1684 3445 1785 3483 homa,
1801 3445 1846 3476 vel
1865 3453 1944 3475 certo
1964 3443 2088 3474 Nuncio
2107 3443 2156 3474 suo
2174 3443 2277 3474 fueritis
2293 3444 2429 3483 requisiti,

1370 3487 1501 3516 homines
1521 3484 1554 3515 &
1577 3483 1758 3515 mercandisas
1779 3484 1917 3514 Flandriae
1953 3483 2070 3513 ubicum
2091 3491 2126 3511 ue
2141 3482 2248 3511 inventi
2262 3482 2378 3520 fuerint,
2397 3482 2428 3513 in

1370 3525 1480 3556 Ballivis
1500 3522 1611 3561 vestris,
1629 3521 1743 3553 firmiter
1764 3522 1898 3559 arestetiS,
1916 3505 2008 3551 donec
2022 3529 2080 3563 prae
2109 3527 2140 3549 to
2155 3519 2298 3557 Thomae,
2316 3521 2373 3553 tam
2385 3519 2428 3550 su-

1371 3574 1422 3601 per
1443 3561 1576 3600 praedidia
1594 3561 1731 3599 pecunia,
1754 3563 1839 3600 quam
1859 3561 1938 3598 super
1954 3560 2096 3602 dampnis,
2111 3564 2175 3595 quae
2197 3557 2345 3589 occasione
2366 3568 2427 3589 non

1369 3601 1451 3670 faeltrzlz
1464 3600 1606 3668 solutiogis
1621 3600 1785 3639 incurrerit,
1801 3600 1832 3631 sit
1845 3599 1964 3638 plenarie
1977 3595 2153 3628 satisfactum.

1453 3648 1547 3676 quuS,
1599 3648 1625 3668 c.

1404 3714 1493 3746 Teste
1506 3713 1592 3751 Rege
1606 3713 1680 3752 apud
1694 3712 1999 3749 Westmonasterium,
2015 3709 2111 3750 primo
2125 3709 2172 3740 die
2183 3707 2334 3740 Februarii.

2445 3840 2522 3872 Ann.
2535 3839 2570 3873 D.

2467 3880 2550 3919 1248.
2564 3878 2568 3881 “

1368 3925 1499 3982 REX
1518 3926 1667 3964 omnibus,
1685 3926 1746 3958 ὅτε.
1763 3925 1886 3956 salutem.
2123 3958 2128 3964 .
2165 3959 2170 3965 ·
2444 3921 2498 3946 An.
2514 3927 2560 3955 3²·

1476 3963 1612 3995 volentes
1652 3966 1748 3995 ratiarn
1769 3964 1862 3994 facere
1881 3961 1984 4000 dignis,
2002 3967 2069 3989 cum
2080 3966 2150 3988 ratio
2163 3957 2193 3989 id
2206 3960 2363 3999 permittat,
2381 3961 2427 3992 in·
2444 3960 2480 3984 Η·
2501 3964 2527 3992 3·

1527 3843 1576 3875 De
1598 3842 1748 3888 Homagi'o
1773 3838 1920 3885 Comitiffie
1942 3834 2089 3871 Flandriae
2107 3834 2279 3881 recipiendo,

130 4013 181 4041 ⁴1.
196 4020 263 4047 444-
278 4007 405 4038 venerint
422 4013 522 4037 contra
546 4006 564 4025 *⁵
580 4005 734 4043 praemissa,
750 4006 793 4036 vel
815 4005 907 4036 cidem
927 4005 1060 4037 Domino
1074 4006 1171 4045 Regi,
1188 4015 1237 4038 aut
1248 4006 1339 4037 haere-
1368 4003 1451 4036 stanti
1471 4002 1599 4035 Thomae
1638 4013 1654 4034 e
1674 4001 1808 4034 sabaudia
1821 4000 1952 4036 Cotniti,
1967 3995 2145 4037 praesentium
2158 4005 2272 4038 tenore,
2290 4000 2426 4031 concedi·
2444 3993 2549 4023 [bidm-

2365 4047 2428 4071 mUS
