2570 4261
0 314 34 334 nri.
49 303 90 334 D.

0 344 61 381 283.

0 392 24 409 v.
46 391 70 408 1.

0 2119 92 2157 11.263

0 3412 56 3434 inn.
71 3401 112 3432 D.

6 3443 88 3480 1284.

2 3483 32 3507 Yn.
54 3490 95 3507 12.

3 3539 8 3546 .
31 3528 54 3546 ι.

688 227 796 267 ET
852 217 1116 266 ACTA

107 324 191 346 vacca
206 338 216 354 ‚
241 316 286 347 vel
307 314 391 346 bestia
411 313 500 354 grossa
519 312 681 343 intraverint
699 319 793 348 ortos,
812 312 920 349 vineas,
937 318 1010 348 prata
1031 307 1156 342 alterius,

104 354 190 385 solvat
203 354 345 384 Dominus
364 355 458 384 bestiae
473 355 490 382 6
506 352 532 382 d.
551 350 719 381 Consulibus
731 350 817 379 dietae
831 350 921 386 villae,
939 350 971 379 ὃς
985 357 1038 385 pro
1051 354 1140 386 porco
1149 366 1159 380 ,

104 393 151 422 sue
164 416 173 430 ,
196 393 216 422 si
236 394 362 428 intrent,
384 401 396 427 ς
419 392 445 421 d.
468 393 500 421 &
522 400 575 427 pro
587 389 692 418 duabus
707 388 836 424 Ovibus,
854 389 956 426 capris,
975 386 1056 422 ircis,
1074 383 1159 426 solvat

107 430 251 461 Dominus
266 453 276 469 ,
294 431 372 467 cujus
386 429 487 459 bestiae
507 436 588 457 erunt
603 449 612 464 ,
630 436 718 456 unum
735 426 880 456 denarium
897 424 1063 465 Consulibus
1076 420 1161 451 dietae

108 469 203 506 villae,
220 470 253 499 ὅ(
268 468 334 497 inde
348 467 465 505 faciant,
484 475 514 495 ut
527 465 636 496 dic‘tum
653 464 708 502 est,
724 464 757 494 &
773 463 903 494 emendet
917 465 992 502 cujus
1007 468 1056 491 erit
1072 467 1164 496 ortus,

107 507 188 536 vinea
203 506 247 536 vel
260 514 379 543 pratum.

145 544 217 574 Item
231 545 401 582 quicumque
420 542 538 572 tenuerit
558 540 654 582 falsum
674 540 797 577 pondus,
815 540 859 570 vel
879 538 970 569 falsam
989 536 1162 578 mensuram,

109 582 152 613 vel
169 582 260 611 falsam
275 582 383 618 alnam,
401 580 471 611 dum
482 588 575 610 tamen
590 583 667 616 iuper
683 579 740 608 hoc
753 578 847 608 debite
868 579 917 608 erit
932 576 1114 612 instruetum,
1133 583 1163 602 in

108 621 157 649 60.
171 620 273 650 Solidis
288 620 423 658 puniatur.
1119 650 1123 655 ι
1138 650 1144 654 -

146 657 218 687 Item
233 667 286 698 pro
301 657 424 688 clamore
436 656 541 692 debiti,
563 655 608 684 vel
621 656 656 684 de
669 655 815 685 contractu
829 677 838 692 ,
857 654 900 684 vel
913 653 962 683 alia
977 652 1054 683 causa
1066 649 1164 692 simili,

108 695 128 725 si
141 696 266 735 ibidem,
282 696 412 725 videlicet
427 695 517 733 prima
531 693 576 723 die
591 695 619 723 in
635 694 774 731 praesentia
788 692 874 722 nostri
892 692 987 722 Baliivi
1000 688 1160 730 confessum

108 733 194 764 fuerit
209 745 260 771 pro
275 734 417 770 debitore,
435 733 492 762 sine
505 732 570 768 lite,
589 732 621 762 ὅ(
636 732 691 761 line
703 731 828 769 judiciis,
843 730 930 760 nichil
951 729 1032 759 nobis
1046 737 1097 768 pro
1109 736 1162 761 Jus-

109 774 168 802 titia
189 772 377 810 persolvatur,
397 770 498 801 scilicet
520 770 590 800 infra
612 780 639 809 9.
664 770 720 799 dies
741 769 855 799 Ballivus
874 769 966 798 noster
981 766 1165 808 debet-tacere

110 810 216 840 solvere
228 812 261 841 &
274 810 419 848 complere
432 808 574 838 Creditori
589 830 598 845 ,
617 808 693 845 quod
714 807 803 837 fissum
817 816 915 837 coram
931 804 1100 848 ipso'fuerirj
1118 802 1165 831 ali-

109 857 151 878 ter
165 849 234 878 ultra
247 848 358 878 debitor
369 848 397 877 in
411 857 439 876 2.
454 846 552 876 Solidis
569 847 602 876 &
616 845 735 876 dimidio
745 846 827 875 nobis
843 854 893 884 pro
903 844 1013 882 Justitia
1028 849 1164 882 puniatur.

147 885 219 916 Item
234 896 286 924 pro
298 886 379 915 omni
394 887 516 915 clamore
532 885 649 922 simplici
663 907 672 921 ,
687 885 722 914 de
737 894 795 922 quo
810 884 841 913 lis
862 890 1024 917 moveatur,
1041 881 1074 910 &
1085 878 1166 921 Judl-

108 925 153 955 cia
174 933 303 962 petantur
317 946 326 963 ,
343 923 407 963 post
429 923 590 953 sententiam
605 931 631 961 5.
644 922 731 953 Solid.
746 923 827 953 nobis
839 921 1027 961 persolvantur
1040 927 1092 958 pro
1110 926 1163 953 Jus-

108 970 175 993 titia.

147 1000 221 1031 Item
239 1000 383 1031 defficiens
402 1000 434 1030 ad
457 1001 532 1030 diem
549 1022 558 1036 ,
576 999 626 1029 sibi
646 998 804 1038 assignatam
821 1008 868 1036 per
879 996 1007 1040 bajulum
1023 993 1168 1038 nostrum,

109 1040 141 1069 in
154 1049 181 1069 2.
195 1039 294 1070 Solidis
307 1041 339 1070 δε
355 1039 474 1070 dimidio
488 1040 633 1078 puniatur,
653 1039 685 1068 δε
700 1039 924 1076 condempnetur
940 1044 968 1064 in
981 1034 1111 1072 legitimis
1120 1039 1167 1060 ex-

112 1077 200 1115 pensis
215 1079 282 1115 parti
294 1077 422 1108 adversae.
1094 1109 1099 1114 ‚

151 1114 224 1145 Item
237 1115 356 1146 Ballivus
370 1115 464 1146 noster
479 1125 538 1145 non
551 1114 633 1145 debet
650 1115 772 1154 recipere
792 1113 922 1151 justitiam
935 1119 1027 1154 neque
1040 1116 1151 1149 gagium
1161 1129 1171 1144 ‚

114 1155 259 1194 quousque
274 1155 369 1184 fecerit
386 1154 454 1184 solvi
468 1164 527 1183 rem
546 1153 716 1191 judicatam,
735 1153 861 1190 partique
873 1151 1036 1180 obtinuerit.
1106 1185 1111 1188 Ι

150 1191 222 1222 Item
234 1192 270 1222 de
282 1192 437 1231 quaestione
449 1201 544 1222 rerum
556 1191 746 1221 immobilium
763 1213 771 1228 ,
790 1189 854 1229 post
867 1188 1029 1219 sententiam
1044 1184 1126 1215 nobis
1142 1190 1169 1221 5·

111 1229 199 1260 Solid.
213 1241 264 1268 pro
275 1231 384 1269 Justitia
399 1230 595 1269 persolvantur.

152 1268 225 1299 Item
241 1269 276 1299 de
289 1278 469 1309 quocumque
482 1267 616 1297 Clamore
629 1289 639 1304 ,
656 1265 691 1295 de
712 1276 770 1305 quo
784 1266 815 1295 lis
830 1272 990 1302 moveatur,
1008 1263 1028 1293 si
1040 1260 1119 1304 astor
1138 1258 1172 1288 ad

113 1307 290 1345 probandum
306 1307 468 1342 deffecerit,
485 1307 514 1335 in
530 1314 555 1342 5.
572 1303 672 1334 Solidis
685 1314 738 1340 pro
753 1303 862 1341 Justitia
881 1303 1028 1343 puniatur,
1043 1307 1112 1341 parti
1125 1298 1173 1328 ad-

114 1345 200 1376 versae
214 1347 244 1375 iri
259 1345 380 1384 expensis
393 1343 521 1383 legitimis
535 1342 787 1383 condempnandis.
859 1379 864 1384 .
963 1379 967 1384 .

151 1383 223 1414 Iteni
246 1383 388 1413 Mercatus
410 1382 496 1413 dietae
516 1381 589 1410 villae
612 1380 695 1410 debet
717 1381 776 1409 lieri
792 1380 821 1409 in
838 1379 882 1409 die
901 1378 996 1415 Jovrs:
1014 1376 1052 1407 Et
1066 1375 1084 1405 si
1100 1375 1152 1404 bos
1163 1395 1174 1411 ,

115 1432 218 1460 vacca,
233 1431 350 1461 porcus,
367 1422 408 1451 sus
422 1421 502 1452 unius
513 1420 578 1449 anni
591 1419 635 1449 vel
649 1419 741 1458 supra,
761 1417 892 1448 vendatur
905 1427 954 1457 per
967 1421 1127 1446 extraneum
1139 1412 1173 1442 ad

115 1461 191 1490 diem
205 1461 335 1498 mercati,
352 1459 428 1489 dabit
445 1457 573 1488 venditor
586 1457 666 1487 nobis
679 1466 767 1486 unum
783 1456 868 1486 denar
882 1478 892 1494 ,
911 1465 964 1494 pro
978 1454 1073 1490 leuda,
1091 1452 1123 1482 &
1139 1450 1176 1479 de

116 1499 192 1529 aiino
207 1499 251 1528 vel
269 1498 356 1535 asina,
375 1507 451 1535 equo
463 1496 506 1527 vel
522 1506 608 1536 equa,
626 1495 705 1525 mulo
726 1495 770 1525 vel
785 1495 859 1525 mula
875 1495 954 1524 unius
969 1493 1033 1523 anni
1047 1489 1174 1535 &isupe-

115 1538 189 1574 riuS,
208 1536 284 1566 dabit
297 1536 426 1567 venditor
439 1544 581 1565 extraneus
595 1544 622 1564 2.
635 1534 662 1563 d.
679 1534 760 1563 nobis
776 1543 829 1572 pro
842 1532 938 1570 leuda,
955 1532 974 1561 si
989 1531 1060 1561 infra
1068 1529 1153 1560 mchil
1166 1537 1172 1556 ι

115 1575 151 1605 de
171 1584 246 1613 ove,
264 1574 299 1604 de
318 1575 419 1613 ariete,
438 1582 542 1611 caprO,
561 1574 623 1602 irco
644 1582 731 1602 unum
754 1573 804 1602 ob.
819 1570 855 1601 de
869 1570 983 1601 salmaca
997 1569 1070 1599 bladi
1084 1576 1174 1598 unum

116 1613 210 1643 denar.
233 1613 270 1643 de
292 1614 423 1651 carteria,
437 1612 486 1641 ob.
503 1620 554 1650 pro
573 1610 669 1648 leuda,
686 1610 720 1640 &
741 1609 898 1648 mesuragio
912 1609 1006 1638 nichil.
1020 1607 1055 1637 de
1069 1607 1176 1636 honere

117 1650 258 1682 Hominis
271 1652 411 1681 vitrorum
425 1659 514 1680 unum
527 1649 621 1680 denar.
638 1648 683 1679 vel
703 1657 790 1678 unum
805 1649 907 1678 vitrum
920 1647 1012 1677 valens
1027 1655 1115 1676 unum
1128 1644 1177 1688 de-

115 1699 173 1719 nar.
189 1689 224 1719 de
239 1689 363 1720 Salmaca
378 1690 523 1719 coriorum
538 1687 699 1727 grossorum
716 1697 740 1716 z.
762 1686 855 1716 denar.
870 1688 903 1716 &
915 1686 950 1716 de
964 1686 1070 1715 honere
1084 1684 1179 1713 homi-

115 1728 158 1758 nis
172 1728 216 1758 vel
227 1727 263 1757 de
277 1738 336 1758 uno
347 1727 443 1767 gross‘o
458 1726 556 1757 Coreo
571 1736 618 1756 un.
631 1725 725 1755 denar.
737 1725 772 1755 de
785 1725 910 1754 Salmaca
930 1725 997 1759 ferei
1011 1723 1056 1753 vel
1070 1731 1178 1761 panno-

115 1775 180 1796 rum
194 1765 340 1796 laneorum
364 1776 390 1796 2.
406 1766 435 1796 d.
449 1764 486 1795 de
499 1764 660 1795 sotularibus
671 1787 680 1802 ,
695 1764 730 1793 de
743 1764 842 1794 calceis
855 1786 865 1802 ,
879 1763 915 1792 de
927 1761 1042 1793 anderiis
1052 1786 1061 1798 ,
1079 1760 1114 1790 de
1131 1771 1179 1798 pa-

118 1804 187 1834 tellis
201 1826 211 1842 ,
234 1803 270 1834 de
290 1804 451 1835 affituribus
464 1826 474 1841 ,
500 1803 537 1833 de
558 1802 692 1833 cauderiis
706 1826 715 1840 ,
734 1802 770 1832 de
786 1801 917 1839 cultellis,
935 1801 970 1831 de
985 1801 1126 1837 faucibus,
1143 1799 1180 1829 de

119 1842 239 1880 piscibus
260 1842 354 1873 falsatis
368 1865 378 1881 ,
396 1843 429 1874 &
451 1841 643 1872 consimilibus
655 1864 665 1879 ,
683 1841 758 1871 dabit
779 1840 907 1871 venditor
929 1848 1071 1870 extraneus
1090 1839 1120 1867 in
1135 1837 1181 1867 die

118 1881 175 1911 fori
195 1890 249 1918 pro
262 1881 342 1912 leuda
361 1883 394 1912 &
413 1881 530 1919 intragio
550 1890 577 1910 2.
599 1879 626 1910 d.
650 1879 685 1909 de
698 1879 824 1909 Salmaca
836 1878 872 1908 de
887 1878 992 1908 honere
1006 1877 1128 1907 hominis
1146 1876 1182 1906 de

120 1919 261 1956 praedietis
276 1920 357 1950 rebus
370 1920 404 1950 &
418 1920 550 1949 similibus
564 1928 652 1948 unum
668 1918 760 1948 denar.
781 1916 816 1947 de
831 1917 957 1948 Salmaca
969 1925 1102 1947 urnarum
1112 1938 1121 1953 ,
1135 1915 1182 1945 vel

119 1967 252 1987 canatum
266 1967 355 1988 unum
369 1957 463 1988 denar.
477 1957 513 1988 de
525 1967 611 1987 onere
623 1957 746 1986 hominis
756 1956 805 1986 ob.

156 1994 249 2033 Item,
268 1996 402 2026 nundinae
422 1997 474 2027 smt
487 1996 516 2025 in
528 1995 603 2025 dieta
624 1994 697 2025 Villa
715 1995 837 2024 termino
852 1993 1001 2032 affignato,
1018 1993 1050 2023 ὃς
1067 1992 1182 2030 quilibet

120 2043 261 2064 mercator
283 2044 425 2066 extraneus
438 2057 448 2073 ,
466 2035 514 2074 qui
533 2033 631 2064 habeat
649 2032 782 2063 troffellos
806 2032 910 2062 multos
933 2034 966 2063 ὃς
988 2032 1136 2061 trocellum
1151 2032 1181 2060 in

118 2072 200 2102 dietis
221 2073 351 2103 nundinis
365 2096 374 2112 ,
392 2073 468 2103 dabit
486 2073 567 2102 nobis
584 2082 636 2112 pro
649 2073 767 2130 intrssgio
781 2073 813 2102 ὃς
829 2072 902 2101 exitu
916 2093 926 2108 ,
947 2071 978 2101 δε
993 2070 1127 2108 tanlagio,
1144 2070 1177 2100 δε

121 2120 173 2150 pro
194 2111 274 2141 leuda
314 2133 320 2139 .
340 2111 367 2141 d.
388 2111 423 2141 de
445 2111 551 2141 honere
571 2111 692 2140 hominis
752 2119 775 2139 1.
797 2109 824 2138 d.
839 2110 872 2140 &
892 2109 928 2139 de
941 2110 1020 2140 rebus
1036 2110 1136 2146 emptis
1148 2108 1183 2138 ad

121 2150 244 2179 utensilia
257 2120 406 2179 maborno
419 2149 503 2179 nichil
519 2149 596 2180 dabit
611 2157 722 2187 emptor
755 2158 786 2178 io
801 2148 889 2178 leuda.

159 2186 233 2217 Item
241 2210 252 2225 ,
269 2189 442 2226 quicumque
456 2187 589 2226 voluerit,
624 2188 709 2217 oterit
736 2196 814 2216 acere
828 2188 941 2216 furnum
960 2186 989 2214 in
1004 2185 1079 2215 dieta
1093 2184 1184 2222 Villa,

119 2226 154 2256 δε
167 2227 196 2255 iri
217 2226 301 2256 barris
316 2226 401 2256 dietae
417 2225 500 2256 Villae
513 2250 523 2264 ,
543 2226 576 2257 &
613 2235 630 2255 e
649 2225 775 2264 quolibet
791 2225 875 2255 fui-rio
890 2224 925 2254 ad
937 2224 1121 2263 coquendum
1135 2233 1183 2262 pa-

119 2274 188 2294 nem
203 2264 238 2295 ad
260 2264 457 2302 vendendum,
477 2265 522 2294 vel
543 2273 644 2303 panem
660 2264 748 2294 vicini
766 2263 819 2301 sui,
835 2263 911 2294 dabit
927 2285 937 2300 ,
954 2263 1032 2301 cujus
1047 2263 1112 2300 erit,
1127 2272 1183 2292 no-

122 2303 165 2332 bis
181 2304 309 2340 quolibet
323 2313 399 2333 anno
412 2303 496 2333 semel
514 2313 559 2333 10.
573 2302 620 2333 sol.
633 2302 781 2337 olibetum.

159 2340 231 2371 Item
242 2340 363 2379 justitia,
381 2341 453 2372 faeta
459 2351 508 2381 per
521 2341 677 2372 Notarium
688 2341 773 2371 distae
787 2339 887 2378 Vitlae,
907 2339 982 2370 illam
991 2341 1050 2371 vim
1059 2339 1184 2370 obtineat

119 2387 150 2409 ut
165 2380 276 2416 publica
291 2379 473 2410 instrumenta
485 2381 625 2418 optinent.

129 2451 131 2453 ¹
157 2417 247 2456 Item,
265 2418 285 2448 si
300 2419 359 2456 quis
374 2427 426 2457 pro
440 2418 587 2448 latrocinio
600 2416 773 2454 suspendatur
787 2439 798 2454 ,
815 2415 916 2446 decem
929 2416 1007 2446 librae
1022 2417 1106 2446 nobis
1121 2426 1182 2454 per-

118 2455 260 2486 solvantur
282 2466 335 2493 pro
354 2455 455 2493 justitia
470 2478 480 2494 ,
504 2456 524 2486 fi
547 2456 622 2486 bona
642 2456 688 2485 sua
707 2462 818 2484 tantum
839 2455 961 2492 valeant,
978 2455 1070 2485 solutis
1081 2455 1183 2485 debitis

119 2493 187 2531 suis,
203 2494 237 2524 ὃ(
250 2493 387 2524 reliduum
401 2494 433 2524 fit
448 2493 593 2524 haeredum
606 2493 735 2530 ejusdem.
956 2524 959 2525 7

155 2531 246 2569 Item,
264 2532 395 2562 volumus
427 2533 484 2563 uod
498 2532 606 2570 Bajulus
622 2532 655 2562 &
672 2530 808 2562 Consules
822 2529 908 2560 dietae
925 2529 1008 2560 Villae
1024 2530 1128 2568 poffint
1142 2531 1182 2561 fa-

119 2580 187 2600 cere
202 2569 301 2600 statuta
315 2542 424 2600 insimu‘l
433 2592 442 2608 ,
461 2572 494 2602 &
508 2581 568 2600 non
581 2570 699 2609 quilibet
713 2579 761 2606 per
773 2568 821 2605 se;
837 2569 908 2598 dum
922 2577 1015 2598 tamen
1029 2569 1071 2598 illa
1085 2569 1183 2600 statuta

118 2609 173 2638 sint
192 2609 225 2639 &
245 2608 399 2639 redundent
420 2608 454 2638 ad
476 2618 636 2638 commune
654 2608 814 2638 comodum
829 2607 862 2637 &
880 2607 1024 2637 utilitatem
1040 2607 1184 2646 nostr-am,

118 2647 153 2677 &
168 2646 355 2676 habitantium
367 2646 452 2677 didtae
466 2646 550 2677 Villae
560 2647 659 2685 ipsius,
679 2646 781 2676 statutis
796 2645 864 2676 ultra
879 2650 1003 2682 annum,
1021 2647 1037 2675 Ξι
1050 2654 1184 2683 tempore

119 2695 179 2722 quo
194 2685 267 2715 faeta
283 2685 394 2715 fuerunt
407 2685 631 2724 numerandum,
648 2686 767 2714 minime
783 2683 919 2720 valituris,
932 2684 981 2713 nisi
996 2683 1060 2722 post
1073 2685 1182 2719 dietum

119 2733 227 2753 annum
242 2746 252 2760 ,
277 2733 326 2762 per
342 2733 390 2753 eos
410 2724 509 2754 iterum
531 2724 752 2760 confirmentur3
771 2722 804 2751 &
817 2722 950 2766 praedieta
965 2721 1063 2752 statuta
1078 2722 1182 2764 possint

119 2761 210 2792 facere
224 2761 449 2801 quandocunque
462 2763 495 2797 &
510 2762 730 2801 quotiescunque
742 2761 780 2790 eis
796 2760 935 2790 videbitur
949 2761 1086 2798 expedire:
1128 2768 1131 2770 “

156 2795 243 2837 Item,
262 2800 394 2830 nolumus
406 2800 483 2838 quod
497 2800 579 2830 alicui
593 2800 726 2830 habitanti
740 2798 824 2829 difrae
841 2798 925 2828 Villae
939 2821 949 2836 ,
965 2809 1018 2836 pro
1029 2799 1128 2830 debitis
1144 2800 1185 2837 pi-'

119 2848 274 2878 gnorentur
286 2840 372 2876 panni
385 2838 522 2876 leeti'sui‚
538 2840 566 2868 in
581 2848 639 2877 quo
655 2838 708 2878 ipse
724 2837 769 2868 vel
784 2838 840 2874 ejus
854 2837 957 2867 familia
969 2837 1184 2875 jacuerint3nec

119 2876 208 2907 vestes
225 2878 376 2907 cotidianae
395 2876 434 2906 sui
453 2878 595 2916 corporis,
614 2886 666 2907 nec
681 2885 758 2906 arma
772 2898 781 2913 ,
798 2885 852 2906 nec
867 2876 1047 2915 ferramenta,
1068 2886 1123 2908 nec
1136 2876 1187 2907 alia

119 2923 275 2983 aptIamenta
288 2925 359 2984 curgic
372 2915 473 2953 quibus
485 2925 589 2955 panem
602 2915 681 2947 suum
695 2915 845 2946 lucrantur.

173 2963 192 2982 n
207 2963 304 2992 cujus,
361 2963 386 2983 c.

144 3031 228 3076 ,Dat
248 3032 338 3064 Cestr.
351 3033 488 3064 vicesimo
500 3034 606 3066 oetavo
619 3034 664 3065 die
684 3027 871 3073 Decembris,
887 3043 982 3073 anno,
1001 3034 1062 3065 &c
1081 3033 1187 3065 duode-

123 3081 211 3102 cuno.

1194 311 1246 332 tras
1260 299 1360 367 litt-deras
1376 301 1426 330 tibi
1439 301 1502 331 sunt
1516 300 1678 337 commissa,
1696 298 1829 337 procedas
1837 299 1911 337 juxta
1925 297 2046 329 formam
2055 295 2106 327 tibi
2121 293 2249 324 traditam
2264 282 2394 365 Aff'a?

1194 343 1419 413 persegsserergffla
1439 385 1506 405 vero
1525 375 1706 415 promiffione
1726 375 1803 419 ipsius
1825 385 1882 406 tuas
1896 382 2020 415 patentes
2033 373 2132 403 litteras
2146 370 2252 402 confici
2266 368 2330 394 Edeta.
2350 374 2374 392 ¹³

1196 416 1278 446 facias
1290 437 1299 452 ,
1316 415 1349 444 &
1371 423 1422 443 tuo
1439 414 1569 450 pendenti
1585 415 1670 452 iigillo
1683 423 1803 452 muniri,
1821 424 1864 444 eas
1882 414 1980 451 nobis,
1998 414 2082 452 quam
2097 412 2156 441 cito
2169 419 2252 440 com-

1200 453 1287 484 mode
1303 453 1421 490 poteris,
1438 452 1645 481 transmissurus.

2170 211 2248 260 iz?

1229 532 1308 576 *Dat.
1322 531 1398 574 apud⁴
1410 530 1523 562 Urbem
1536 531 1671 562 Veterem
1685 539 1783 570 quarto
1798 530 1983 569 ld.Januarii,
1998 528 2182 560 Ponuficatcis
2189 534 2256 560 nos⁴

1200 579 1234 602 tri
1248 580 1323 600 anno
1336 578 1428 600 tertio.

1200 700 1298 748 Qod
1322 700 1445 732 Carolus
1466 698 1723 745 jocundo-genitus
1745 697 1871 745 Philippi
1894 701 1979 746 Regis
2006 701 2135 731 Franciae
2153 724 2162 738 ,
2188 709 2258 730 cum

1248 748 1291 780 ad
1306 758 1417 779 etatem
1434 746 1563 779 habilem
1574 751 1743 792 pervenerit
1754 774 1763 788 ,
1788 761 1845 779 non
1862 748 1916 790 nist
1930 759 1964 779 ea
1976 774 1985 789 ,
2004 758 2063 792 qttae
2078 746 2173 790 ipfitm
2190 757 2259 778 con-

1245 800 1382 842 tingunt,
1409 799 1439 827 in
1459 799 1569 842 negotio
1588 795 1700 827 Caeciliae
1713 797 1823 839 jurare
1835 793 1929 828 debet..

2387 854 2396 866 ⁷5

1203 884 1401 944 MArtinus
1414 883 1584 921 Episcopus,
1602 883 1690 913 servus
1702 883 1844 913 servorum
1860 884 1915 914 Dei
1956 882 2062 913 dile&o
2083 882 2141 913 filio
2152 882 2258 921 Johan-
2275 864 2350 920 Ans}
2367 863 2407 893 D'

1298 923 1347 960 ni,
1365 923 1437 952 tituli
1457 922 1568 951 Sanctae
1590 922 1707 951 Ceciliae
1728 922 1885 952 Presbitero
1907 907 2047 952 (fardinali
2060 944 2069 959 ‚
2092 921 2205 952 salutem
2223 922 2256 952 ὃς
2270 913 2381 969 Abit·

1204 959 1400 996 Apostolicam
1415 960 1653 989 benedictionem.
2297 952 2324 971 ”⁰
2377 963 2384 969 '

1243 997 1275 1027 In
1296 998 1379 1027 literis
1401 997 1572 1036 Apostolicis
1585 1020 1594 1034 ,
1614 1007 1661 1034 per
1677 1007 1743 1034 quas
1758 999 1809 1028 tibi
1822 998 1977 1028 attribuitur
1990 998 2108 1044 potestas
2121 998 2257 1036 Regnum
2274 985 2304 1045 Ξ
2317 990 2350 1044 J,

1206 1035 1355 1074 Aragoniae
1375 1036 1541 1066 conserendi
1562 1035 1642 1064 alicui
1662 1035 1697 1064 de
1713 1035 1773 1065 filiis
1787 1035 1917 1066 cariisimi
1932 1038 1959 1064 in
1974 1036 2091 1065 (shristo
2107 1036 2154 1065 filii
2170 1036 2259 1065 nostri
2280 1039 2305 1082 ν’
2347 1038 2382 1082 ’ς

1207 1074 1294 1112 Regis
1309 1074 1436 1103 Franciae
1451 1073 1577 1110 illustris,
1593 1083 1678 1111 quem
1692 1073 1725 1102 ad
1741 1075 1798 1103 hoc
1814 1074 1886 1110 ipse,
1900 1075 2087 1112 primogenito
2099 1074 2116 1093 ²¹*
2126 1084 2261 1113 excepto,
2296 1066 2363 1118 φεῖ
2380 1064 2410 1081 '⁷

1206 1111 1314 1179 duxgrit
1328 1111 1508 1150 eligendum,
1523 1111 1586 1150 post
1603 1111 1707 1149 multa,
1726 1121 1790 1149 quae
1807 1112 2024 1149 promittuntur,
2038 1112 2183 1150 sequuntur
2200 1113 2262 1142 haec
2279 1104 2415 1163 elifaz&-

1208 1160 1257 1180 ver
1279 1161 1308 1180 a:

1244 1190 1313 1218 Haec
1332 1191 1421 1218 omnia
1435 1185 1472 1222 ὠ·
1489 1186 1596 1228 singula
1617 1193 1775 1216 memoratus
1787 1184 1864 1226 filius
1884 1186 1920 1215 ab
1935 1186 2021 1215 eodem
2038 1186 2210 1226 genitorefito
2228 1183 2268 1216 ad

1204 1227 1338 1264 praedieta
1358 1226 1453 1257 electus
1469 1249 1478 1264 ,
1494 1224 1532 1260 ὠ·
1554 1225 1571 1255 ἃ
1594 1233 1621 1254 te
1642 1232 1673 1253 ut
1689 1228 1868 1263 praemittt'tur
1883 1226 2040 1262 deputatus,
2052 1225 2098 1263 sb,
2116 1236 2147 1254 at
2168 1226 2267 1263 eosdem

1202 1264 1354 1304 ficcceffores
1371 1263 1565 1294 inviolabiliter
1580 1263 1741 1303 ftrvaturos
1754 1285 1763 1301 ,
1789 1260 1826 1296 (ᾤ’
1846 1262 1991 1302 hujusmodi
2013 1267 2143 1300 negotium
2156 1263 2268 1301 Jollicite

1206 1304 1400 1342 prosecuturos,
1420 1303 1495 1342 tibi',
1512 1301 1614 1341 nostro,
1625 1300 1794 1340 Jitcceffitrum
1814 1300 1975 1340 nostrorum,
1994 1299 2032 1334 ὠ
2050 1302 2126 1341 ipsius
2147 1301 2266 1340 Ecclefiae

1210 1344 1338 1371 Romanae
1353 1344 1455 1370 nomine
1490 1339 1609 1379 praefato
1631 1343 1699 1376 Rege
1714 1342 1834 1368 Franciae
1851 1342 1967 1375 genitore
1974 1338 2023 1377 fito
2037 1340 2127 1369 eadem
2143 1338 2270 1377 univers}

1211 1378 1249 1414 ὀ·
1258 1379 1364 1420 singula
1370 1364 1521 1418 speciaffiter
1534 1379 1710 1417 approbante,
1729 1376 1766 1411 ὠ·
1779 1377 1952 1416 consentiente
1973 1380 2000 1406 io
2021 1378 2076 1418 ¹Y'fi5
2097 1377 2210 1417 expreffe
2220 1387 2270 1417 pro

1204 1417 1253 1457 se,
1269 1429 1300 1446 ac
1321 1417 1379 1458 ipsis
1394 1417 1576 1456 successoribus
1584 1417 1658 1455 siris,
1675 1427 1715 1445 eos
1729 1416 1769 1444 ad
1779 1416 1869 1445 eadem
1889 1415 2040 1453 obligando,
2055 1421 2210 1454 promittet,
2230 1415 2270 1451 &-

1206 1459 1312 1495 proprio
1316 1457 1474 1495 juramento
1487 1456 1602 1484 adissem
1636 1455 1707 1495 quod
1719 1453 1774 1483 haec
1789 1456 1895 1492 omnia,
1914 1465 1970 1483 cum
1991 1455 2030 1482 ad
2041 1454 2186 1491 ligitimam
2200 1462 2271 1484 ‹eta-

1212 1502 1266 1523 tem
1280 1497 1436 1532 pervenerit
1451 1517 1461 1531 ,
1480 1504 1533 1522 non
1553 1493 1580 1522 dc·
1603 1500 1677 1531 eret,
1690 1491 1748 1531 fine
1766 1491 1925 1530 difficultate
1942 1491 2033 1532 aliqua
2049 1516 2058 1531 ,
2077 1492 2116 1521 zlli
2131 1517 2140 1531 ,
2158 1494 2271 1532 ejusdem

1212 1532 1475 1600 chlejliaedRomanae
1488 1535 1591 1562 nomme
1598 1554 1609 1569 ,
1624 1541 1771 1568 renovare,
1790 1541 1865 1570 quenz
1878 1531 1917 1560 ad
1928 1530 1985 1560 haec
1995 1531 2048 1570 ipsa
2059 1531 2174 1572 Ecclefia
2189 1534 2270 1562 duxit

1261 1579 1328 1600 utan
1347 1582 1399 1600 um.

1240 1580 1337 1648 Ρὲζιιοιί
1341 1609 1368 1648 fi
1373 1609 1452 1648 filius
1466 1609 1531 1638 diali
1542 1612 1618 1645 Regis
1635 1611 1774 1646 Franciae,
1792 1619 1867 1648 quem
1879 1606 1934 1646 ipsa
1956 1607 2133 1647 adpraemiffiz
2149 1609 2272 1647 elegerit,

1214 1648 1269 1677 e‘us
1277 1647 1316 1688 fit
1329 1648 1428 1688 forsan
1447 1651 1555 1685 aetatix,
1575 1648 1646 1687 quod
1662 1648 1701 1676 ad
1701 1647 1854 1685 juramenti
1856 1645 2062 1713 hpraestationem
2077 1647 2204 1679 inhabilis
2221 1648 2273 1678 ha-

1215 1660 1328 1724 leatur,
1342 1690 1481 1724 promittet
1497 1687 1564 1715 idem
1582 1689 1641 1714 Rex
1655 1707 1664 1722 ,
1683 1685 1749 1723 sitas
1757 1686 1836 1724 Jiaper
1876 1695 1902 1713 oc
1916 1691 2041 1722 patentes
2061 1684 2167 1715 litteras
2188 1692 2273 1716 conat-¹

1216 1725 1315 1762 dendo,
1323 1729 1371 1763 Je,
1389 1723 1504 1763 acsisum
1518 1727 1546 1753 in
1560 1727 1679 1753 Franciae
1696 1727 1784 1760 Regno
1795 1723 1940 1761 haeredem,
1959 1732 2113 1753 curaturum
2128 1724 2165 1759 ἔγ
2194 1724 2271 1754 iactu-

1217 1774 1292 1801 rum,
1308 1762 1377 1792 bona
1388 1762 1464 1804 fide,
1481 1763 1552 1802 quod
1569 1763 1636 1791 idem
1649 1760 1715 1800 fidus
1729 1761 1823 1803 filius,
1841 1772 1897 1790 cum
1917 1761 1957 1790 ad
1973 1768 2101 1800 aetatem,
2118 1764 2157 1792 ad
2174 1775 2213 1793 wc
2226 1772 2274 1802 ap-

1217 1810 1275 1830 tam
1306 1805 1478 1839 perverterit,
1489 1800 1622 1839 praemiffa
1645 1803 1733 1829 omnia
1750 1798 1788 1834 ὠ·
1810 1799 1911 1839 fingula
1922 1798 2047 1838 fimiliter
2058 1805 2218 1840 promittet,
2233 1812 2272 1836 (y

1212 1825 1416 1880 praessabitszne
1429 1839 1631 1868 contradit-lione
1642 1838 1761 1878 qualibet
1772 1861 1781 1873 ,
1795 1837 1939 1877 hujusmodi
1951 1838 2146 1878 juramentum,
2162 1841 2213 1870 tibi
2227 1840 2277 1870 vel

1218 1877 1285 1916 alii,
1301 1882 1346 1918 qui
1362 1879 1401 1907 ad
1409 1879 1439 1906 id
1442 1877 1532 1917 fuerit
1538 1900 1548 1915 ,
1570 1885 1617 1915 per
1631 1877 1741 1906 eandem
1755 1875 1850 1916 Eccles
1853 1888 1913 1914 am,
1930 1875 2081 1914 deputatus.

1258 1917 1309 1946 Ne
1325 1917 1426 1954 igitur,
1445 1926 1497 1955 pro
1509 1926 1544 1945 eo
1560 1914 1637 1952 quod
1652 1916 1750 1945 eadem
1765 1917 1848 1945 verba
1863 1916 1891 1944 in
1907 1915 2063 1952 supradietis
2077 1916 2171 1946 litteris
2187 1916 2280 1957 Apos-v

1219 1956 1310 1986 tolicis
1323 1955 1485 1993 generaliter
1496 1955 1528 1985 ὃ(
1545 1953 1707 1983 indistinete
1722 1955 1781 1984 sunt
1796 1954 1880 1990 polita
1914 1953 2050 1983 dubitatio
2064 1954 2151 1992 aliqua
2166 1956 2279 1986 forlitan

1220 1996 1324 2024 oriatur
1334 2016 1342 2030 ‚
1362 2002 1460 2023 tenore
1472 1992 1650 2031 praesentium
1663 1992 1833 2022 declaramus
1846 1975 1956 2022 dicium
1972 1991 2061 2021 filiurn
2073 1993 2109 2022 de
2123 1995 2276 2033 praemiisis,

1220 2040 1250 2062 ut
1268 2032 1425 2070 praedicitur
1444 2032 1474 2062 in
1496 2030 1597 2060 eisdem
1617 2031 1709 2060 litteris
1730 2029 1899 2067 Apostolicis
1914 2053 1923 2067 ,
1939 2039 1970 2059 ea
1991 2031 2080 2060 solum
2096 2034 2277 2072 promittere,

1217 2072 1323 2109 jurare,
1340 2080 1373 2100 ac
1388 2079 1521 2101 renovare
1533 2069 1652 2106 debere,
1668 2078 1730 2106 quae
1746 2070 1913 2107 contingunt
1929 2068 2060 2099 eundem.

1259 2151 1326 2181 Dat.
1348 2150 1420 2188 apud
1443 2149 1559 2180 Urbem
1583 2148 1718 2180 Veterem
1740 2156 1838 2187 quarto
1856 2147 1921 2178 Idus
1937 2148 2078 2188 januarii,
2098 2148 2281 2184 Pomjfimtfls

1222 2190 1310 2221 nostri
1324 2199 1402 2220 anno
1414 2189 1505 2219 tertio.

1221 2321 1310 2355 Bulla
1327 2320 1549 2362 declaratoria,
1575 2319 1651 2366 quid
1661 2332 1715 2366 per
1733 2318 1950 2365 confitetudines
1967 2316 2141 2364 approbatas
2153 2346 2162 2360 ‚
2191 2316 2282 2352 bonna

1341 2382 1398 2416 que
1413 2369 1520 2416 nfitgia
1539 2373 1569 2401 in
1589 2371 1684 2415 Regno
1703 2368 1909 2415 Aragom‘aefit
1928 2366 2162 2414 intellgendum.

1220 2460 1295 2520 M
1307 2459 1419 2491 Artinus
1432 2457 1604 2496 Episcopus,
1623 2456 1713 2486 servus
1728 2455 1872 2486 servorum
1888 2455 1945 2485 Dei
1981 2455 2087 2486 dilecto
2101 2456 2158 2486 filio
2168 2455 2279 2493 Johan-
2298 2450 2375 2481 Arin.
2390 2451 2431 2482 D,

1315 2498 1344 2526 ni
1361 2520 1370 2535 ,
1387 2497 1458 2526 tituli
1479 2497 1590 2526 Sanctae
1610 2494 1727 2524 Ceciliae
1748 2493 1908 2524 Presbitero
1932 2478 2073 2525 C'irdinali
2088 2517 2098 2533 ,
2113 2495 2227 2525 salutem
2244 2495 2277 2525 &
2318 2491 2404 2528 1284·

1220 2535 1417 2574 Apostolicam
1433 2534 1667 2569 benedictionem.
2296 2532 2349 2556 An.
2373 2538 2415 2557 ¹2.

1258 2573 1290 2603 ln
1309 2574 1422 2603 Litteris
1436 2572 1623 2609 Apostolicis,
1633 2581 1681 2608 per
1697 2580 1762 2608 quas
1774 2572 1931 2600 attribuitur
1945 2569 2127 2610 tibiffpotestas
2141 2570 2279 2611 Regnum
2297 2571 2327 2594 Ε·
2348 2577 2372 2594 ¹·

1221 2612 1370 2650 Aragonize
1383 2611 1546 2642 conserendi
1561 2610 1660 2647 alicui,
1677 2609 1714 2638 de
1726 2608 1787 2638 filiis
1802 2609 1931 2639 carissimi
1946 2610 1974 2639 in
1988 2609 2104 2639 Christo
2125 2610 2173 2639 filii
2190 2610 2277 2640 nostri
2295 2609 2328 2632 L·
2342 2609 2379 2633 Λ·
2398 2638 2419 2649 ,¹

1221 2650 1312 2687 Regis
1327 2650 1453 2680 Franciae
1469 2648 1593 2687 illustris,
1610 2657 1696 2687 quem
1710 2648 1744 2677 ad
1757 2648 1814 2676 hoc
1828 2648 1883 2685 ipse
1896 2648 2004 2678 duxerit
2016 2647 2194 2687 eligendum,
2208 2650 2279 2679 inter
2296 2647 2366 2670 Penes
2381 2647 2434 2672 0⁴⁴

1221 2697 1320 2718 caetera
1333 2689 1511 2726 continetur,
1529 2687 1607 2726 quod
1623 2693 1723 2716 omnes
1734 2686 1813 2722 ipsius
1829 2686 1924 2725 Regni
1937 2687 2057 2725 antiquae
2071 2687 2282 2718 comuetudines
2300 2691 2392 2710 meran

1221 2727 1399 2765 approbatae,
1417 2729 1548 2766 bonaque
1562 2725 1664 2765 usagio,
1680 2734 1745 2762 quae
1758 2723 1839 2754 sacris
1854 2724 2019 2754 Canonibus
2033 2733 2093 2754 non
2114 2734 2285 2764 repugnant,

1223 2766 1323 2796 illibata
1342 2765 1498 2796 serventurt
1518 2765 1594 2807 Qiae
1614 2769 1699 2801 vere,
1718 2771 1817 2793 contra
1840 2764 1983 2801 pactiones
1997 2762 2157 2793 Canonicas
2172 2764 2288 2803 statuta,

1224 2804 1269 2834 seu
1288 2805 1350 2834 alias
1369 2803 1530 2834 introducta
1551 2802 1651 2833 tuerint
1665 2824 1674 2839 ,
1690 2802 1814 2831 omnino
1838 2802 1941 2832 viribus
1962 2810 2087 2839 careant,
2105 2803 2138 2832 &
2155 2812 2288 2840 quatenus

1224 2843 1259 2873 de
1277 2842 1355 2873 fa&o
1368 2842 1570 2880 processerant,
1593 2848 1779 2877 revocentur,
2150 2872 2151 2875 Ἰ

1263 2881 1341 2919 Qiia
1362 2883 1434 2912 vero
1450 2903 1459 2918 ,
1478 2890 1511 2910 ex
1533 2880 1583 2910 hiis
1598 2902 1608 2918 ,
1626 2878 1699 2916 apud
1720 2877 1842 2908 eundem
1865 2876 1981 2915 Regem
1995 2877 2089 2916 aliquis
2108 2878 2288 2910 dubitationis

1224 2920 1364 2958 scrupulus
1385 2919 1487 2949 dicitur
1506 2919 1621 2955 exoriri,
1636 2926 1735 2947 tenore
1747 2916 1921 2956 praesentium
1942 2916 2111 2946 declaramus
2121 2917 2199 2956 quod
2213 2940 2222 2956 ,
2238 2920 2288 2956 pet

1225 2958 1311 2988 verba
1324 2957 1479 2996 praemissa,
1498 2957 1542 2987 iba
1556 2955 1756 2986 tantummodo
1770 2955 1867 2984 statuta
1882 2977 1891 2992 ,
1910 2955 1943 2985 &
1957 2955 2018 2984 alias
2035 2955 2194 2986 introduCta
2208 2957 2288 2987 intel:

1225 2997 1353 3035 ligimus,
1372 2996 1404 3026 &
1420 2995 1533 3034 intelligi
1548 2995 1695 3031 volumus,
1710 2995 1738 3023 iti
1752 2993 1808 3023 hoc
1825 2992 1886 3022 casu
1902 3002 1994 3022 carere
2007 2994 2126 3032 viribus,
2144 2995 2178 3024 &
2192 3003 2289 3034 quate-

1225 3045 1277 3064 nus
1293 3036 1329 3065 de
1344 3034 1421 3064 facto
1436 3033 1622 3071 procefferant
1637 3031 1793 3062 revocanda
1809 3054 1819 3068 ,
1836 3040 1900 3070 quae
1916 3030 1952 3061 sic
1967 3032 2027 3061 sunt
2047 3041 2146 3062 contra
2159 3031 2288 3063 Camoni-

1225 3084 1270 3103 cas
1290 3073 1473 3109 Sanetiones,
1490 3071 1586 3111 quod,
1601 3071 1702 3114 absque
1723 3070 1834 3100 mortali
1853 3078 1974 3109 peccato
1988 3092 1998 3108 ,
2014 3070 2047 3100 δε
2070 3079 2184 3100 aeternae
2198 3071 2288 3102 salutis

1225 3113 1354 3150 interitu,
1371 3120 1514 3151 nequeunt
1527 3110 1677 3140 oblervari.

123 3212 222 3258 Qod
243 3211 400 3259 Johannes
426 3211 598 3245 Cardinalis
623 3208 667 3243 ad
689 3213 752 3245 alia
777 3217 808 3245 in
829 3216 941 3260 negotio
967 3213 1076 3246 Ceciliae
1087 3225 1188 3259 proce-

172 3260 226 3293 dat
246 3288 256 3303 ,
289 3273 345 3292 non
372 3258 499 3304 obstante
523 3259 604 3307 quod
630 3262 696 3292 Rex
721 3263 850 3294 Francia
873 3262 975 3294 literas
991 3262 1189 3308 promissorias

175 3322 232 3341 non
250 3308 398 3342 concedat.

129 3397 326 3459 MArtinus
342 3399 366 3429 E
388 3398 510 3438 iscopus,
528 3397 620 3427 servus
631 3397 777 3427 servorum
799 3393 873 3437 Dei,
889 3399 996 3429 dilecto
1010 3398 1068 3429 filio
1080 3399 1105 3437 J.
1118 3400 1189 3429 tituli

225 3436 336 3466 8211&ae
397 3438 470 3467 ciliae
485 3435 642 3465 Presbitero
655 3434 932 3474 Cardinali‚saltitem
946 3439 979 3468 &
996 3438 1188 3477 Apostolicain

128 3475 366 3506 beneditfftionem.

166 3514 200 3544 In
215 3513 378 3551 quibuidam
392 3512 526 3551 articulis,
544 3512 685 3542 contentis
704 3513 733 3541 in
754 3511 838 3542 literis
854 3512 1041 3553 Apostolicis,
1060 3524 1108 3551 per
1122 3524 1188 3551 quas

127 3552 196 3591 tibi,
214 3553 264 3582 sub
276 3561 351 3582 certa
365 3552 456 3582 forma
492 3549 680 3592 concessimus
698 3550 862 3587 potestatem
887 3552 1023 3591 Regnum
1040 3553 1186 3590 Aragoniae

124 3590 288 3621 conferendi
304 3592 386 3621 alicui
399 3589 434 3620 de
450 3574 511 3619 fi'liis
524 3588 657 3619 carissimi
670 3588 700 3616 in
711 3587 830 3631 ‚Christo
844 3589 892 3620 filii
899 3590 987 3620 nostri
1000 3591 1087 3630 Regis
1102 3591 1187 3620 Fran-

122 3630 177 3659 ciae
191 3629 315 3667 illustris,
331 3635 423 3669 quernj
433 3628 468 3659 ad
483 3628 539 3658 hoc
554 3626 609 3664 ipse
622 3625 920 3668 duxerit-eligendum,
936 3629 1088 3659 secundum
1103 3638 1185 3658 teno-

121 3677 183 3697 rem
206 3668 358 3698 litterarum
379 3668 499 3705 ipsarum
512 3663 657 3708 promissio
671 3664 741 3694 dieti
756 3664 785 3694 R
822 3665 842 3695 is
853 3668 986 3706 exigitur,
1001 3667 1034 3698 ὃς
1049 3667 1125 3706 super
1141 3677 1187 3697 ea—

123 3705 189 3735 dem
204 3705 385 3744 promissione
398 3705 508 3736 suarum
522 3711 676 3744 patentium
689 3712 783 3732 conce
806 3704 1018 3744 inlitteratum,

160 3743 238 3782 Qia
251 3746 339 3782 vero,
358 3744 427 3775 ficut
441 3743 625 3774 intelleximus
637 3763 646 3778 ‚
665 3740 757 3784 dinitus
778 3739 844 3770 Rex
865 3742 895 3772 in
910 3742 1069 3781 hujusmodi
1083 3742 1187 3775 littera*—

124 3791 190 3811 rum·
209 3782 391 3813 concessione
411 3782 491 3813 'certis
513 3790 548 3811 ex
565 3779 650 3810 causis
662 3778 858 3822 difficultatem
870 3781 983 3820 ingerit,
1002 3782 1133 3812 volumus
1151 3785 1184 3814 ὃς

123 3819 302 3859 praesentium
315 3822 479 3851 auctoritate
493 3818 659 3849 mandamus
673 3827 719 3855 ut,
737 3821 756 3847 11
768 3816 832 3847 Rex
848 3817 924 3848 idem
937 3820 966 3849 in
979 3820 1036 3850 hoc
1052 3820 1188 3860 persistat,

107 3859 157 3897 ¹&
179 3856 257 3888 malit
277 3867 377 3891 omnes
396 3860 429 3890 &
451 3858 570 3901 singulos
589 3855 740 3893 praedic'ltos
759 3855 888 3886 articulos
908 3857 942 3887 δε
956 3857 1088 3891 contenta
1102 3870 1133 3888 m
1146 3861 1186 3889 eis

124 3896 212 3934 (sicut
227 3896 340 3935 cedula,
356 3907 407 3938 per
420 3896 554 3929 Nuncios
568 3894 689 3933 ejusdem
705 3893 890 3937 Regisnobis
903 3895 994 3926 oblata
1007 3919 1018 3934 ,
1033 3897 1066 3927 &
1082 3898 1109 3926 in
1126 3907 1187 3928 ma-

119 3936 229 3979 joribus
245 3934 338 3965 litteris
347 3958 356 3973 ,
367 3942 434 3980 quas
446 3935 494 3976 ipsi
509 3934 584 3972 Regi
597 3932 785 3969 destinamus,
798 3931 893 3962 inserta
907 3934 1048 3971 continet)
1061 3934 1187 3974 solemp-

121 3982 194 4004 niter
208 3972 275 4010 tibi,
292 3982 412 4004 nomme
426 3974 542 4012 no‘str0,
559 3973 591 4003 ὅ(
613 3971 748 4002 Ecclefiae
762 3970 922 4010 Romanae,
941 3973 1122 4011 promittere,
1140 3981 1193 4012 tu,

122 4009 257 4050 ejusmodi
282 4010 329 4041 sua
347 4012 530 4047 prorniffione
548 4020 611 4041 rece
632 4009 660 4040 ta
674 4033 683 4048 ‚
702 4019 762 4039 non
785 4008 916 4039 obstante
931 4009 1008 4046 quod
1026 4010 1106 4040 idem
1121 4011 1186 4041 Rex

124 4048 418 4118 ριιεξέῗῃῇἷιὶαεὲίῑεὶῗ
430 4060 490 4082 non
505 4020 665 4086 concedit,
682 4048 716 4080 ad
731 4047 797 4087 alia,
816 4057 881 4086 quae
894 4057 943 4088 per
959 4048 1108 4086 praemiffas
1120 4059 1187 4082 nos-

1263 3193 1330 3223 Dat.
1345 3190 1546 3236 apudlUrbem
1560 3190 1693 3221 Veterem
1707 3198 1806 3229 quarto
1818 3188 1858 3219 Id.
1870 3188 2008 3227 januarii,
2025 3188 2211 3221 Pontificatfis
2221 3190 2288 3219 nos-³

1225 3239 1260 3262 tri
1275 3241 1351 3262 anno
1365 3239 1455 3261 tertio.

1227 3365 1275 3395 De
1294 3360 1494 3395 intercedendo
1507 3387 1516 3402 ‚
1540 3358 1585 3391 ad
1601 3358 1790 3405 diffinstonem
1812 3363 1889 3392 inter
1907 3362 1996 3406 Reges
2013 3361 2141 3391 Franciae
2157 3361 2193 3396 (ῤ’
2212 3352 2290 3390 Sici'a

1274 3411 1314 3442 liae
1337 3411 1478 3451 catuna,
1513 3411 1548 3446 ὠ
1577 3408 1702 3441 Petrum
1727 3411 1885 3455 Aragom‘ae
1904 3419 1941 3440 ex
1959 3407 2056 3440 altera
2079 3417 2166 3453 parte
2184 3406 2292 3451 pacifi-

1272 3457 1414 3494 eandam.

1225 3541 1312 3602 RE
1323 3548 1353 3578 X
1373 3547 1478 3578 Abbati
1489 3545 1588 3577 Sanni
1605 3545 1732 3584 Dionysii
1747 3546 1774 3575 in
1788 3545 1922 3582 Francia,
1937 3543 2058 3574 salutem.
2193 3582 2195 3585 ι
2300 3531 2375 3573 Ᾱηη.
2392 3534 2437 3574 D?

1333 3587 1421 3626 Super
1435 3585 1601 3616 dissensione
1616 3585 1687 3614 inter
1702 3584 1867 3614 Dominum
1883 3581 2005 3612 vestrum
2021 3581 2133 3620 Regem
2148 3580 2286 3623 Franciae',
2326 3582 2410 3620 1284.

1225 3626 1259 3656 ὃς
1276 3626 1437 3655 Dominum
1454 3625 1480 3654 R
1517 3633 1564 3654 em
1579 3623 1681 3652 Siciiiae
1695 3645 1704 3661 ,
1723 3632 1756 3652 ex
1778 3631 1830 3651 una
1845 3629 1920 3661 parte
1934 3622 1967 3650 δε
1981 3619 2097 3650 Petrum
2112 3620 2238 3659 Aragon.
2252 3623 2287 3653 &
2303 3623 2355 3648 An.
2373 3630 2415 3648 iz<

1225 3664 1345 3695 fautores
1362 3664 1423 3693 suos
1438 3673 1471 3693 ex
1484 3673 1498 3692 a
1511 3671 1583 3698 tera,
1601 3670 1632 3690 ac
1648 3660 1743 3699 Regni
1758 3659 1860 3690 Siclliae
1873 3668 1922 3698 per
1936 3657 2058 3688 eundem
2072 3657 2105 3687 P.
2120 3668 2196 3690 occu
2232 3661 2287 3690 tio-
2305 3662 2334 3685 E.
2348 3668 2370 3685 i.

1225 3713 1261 3733 ne
1282 3703 1354 3732 fasta
1368 3725 1377 3740 ,
1396 3702 1525 3732 dolemus
1540 3722 1549 3736 ,
1568 3700 1649 3730 novit
1669 3698 1813 3729 altissimus
1827 3720 1837 3735 ,
1854 3697 2053 3734 vehementer,
2071 3696 2121 3735 &,
2142 3698 2162 3728 si
2221 3709 2287 3729 cau-
2302 3698 2397 3723 Brevia

1225 3743 1283 3772 sam
1295 3740 1492 3770 diiiensionum
1505 3740 1575 3768 inter
1591 3737 1662 3776 ipsos
1675 3736 1875 3774 pacificandam
1891 3735 1923 3764 &
1939 3733 2085 3764 sedandam
2098 3744 2203 3775 opem,
2214 3744 2288 3774 epea.
2300 3736 2367 3770 Regis
2395 3772 2402 3777 .

1225 3790 1283 3810 ram
1297 3781 1330 3811 &
1344 3779 1492 3809 confilium
1506 3775 1666 3814 impendere
1682 3775 1839 3813 poisemus,
1859 3774 1953 3811 utique
1967 3773 2158 3809 gauderemus.
2214 3804 2217 3807 ,
2297 3776 2350 3799 Aa.
2373 3780 2414 3797 iz.

1263 3818 1300 3848 Et
1322 3819 1379 3847 hoc
1399 3817 1440 3846 ob
1454 3824 1580 3845 amorem
1594 3823 1680 3851 quem
1695 3824 1725 3843 er
1744 3823 1760 3842 a
1777 3812 1874 3848 Reges
1887 3812 2026 3850 gerimus,
2043 3812 2076 3842 &
2110 3812 2186 3843 erere*
2199 3812 2285 3844 debe-
2300 3815 2328 3837 E.
2349 3811 2370 3837 ι’.

1226 3867 1286 3888 nius
1298 3863 1484 3891 memoratos,
1503 3854 1536 3884 &
1549 3853 1634 3882 etiam
1650 3861 1700 3890 pro
1721 3855 1731 3881 1
1746 3859 1792 3880 atu
1806 3851 1906 3880 Terrae
1928 3848 2027 3880 situdiae
2038 3849 2071 3880 &
2116 3860 2199 3890 egum
2214 3859 2285 3889 prae.-
2298 3858 2342 3875 nu.
2350 3855 2400 3882 57:

1225 3896 1369 3926 dierorum
1385 3916 1395 3931 ,
1411 3903 1444 3922 ac
1467 3891 1574 3928 insuper
1596 3889 1812 3920 Christianitatis
1825 3886 1984 3918 commodo
1998 3889 2148 3927 universae,
2162 3891 2195 3921 &
2208 3891 2285 3922 {uper
2343 3925 2346 3929 Α

1225 3945 1261 3967 eo
1274 3933 1351 3973 quod
1363 3930 1480 3972 proprio
1495 3938 1576 3960 motu
1593 3928 1687 3959 vesti-o
1701 3928 1801 3966 usque,
1817 3932 1917 3965 praeter
1937 3926 1956 3945 ²*
1977 3926 2046 3957 dieti
2061 3926 2186 3960 Domini
2203 3927 2285 3957 vestri
2297 3929 2435 3965 *11265-

1226 3973 1316 4011 Regis
1328 3971 1528 4002 conscientiam
1538 3990 1548 4005 ,
1566 3977 1618 3997 nos
1631 3967 1665 3997 ad
1680 3966 1736 3996 hoc
1750 3966 1872 3995 excitare
1884 3964 2028 4004 voluistis,
2045 3965 2146 3996 vestrae
2160 3967 2286 3995 benevo-

1226 4012 1318 4042 lentiae
1338 4016 1474 4047 quantum
1494 4005 1638 4044 poffumus
1657 4005 1825 4045 gratiamur,
1843 4002 2039 4035 discretionem
2053 4004 2173 4036 vestram
2188 4004 2218 4033 in
2231 4003 2289 4034 hoe

1225 4048 1376 4087 specialiter
1391 4043 1632 4079 commendantes.
2260 4068 2295 4084 ..—

1735 4078 1781 4111 Ff
1791 4089 1813 4110 z
2256 4078 2296 4109 E„
