2570 4261
626 202 752 242 ET
836 203 1812 253 AGTAPUBLICA.

8 281 83 316 Ann.
98 281 138 312 D.
158 283 236 323 stris,
254 283 289 315 de
305 284 476 323 Praebendi,
492 286 521 315 in
537 285 662 316 Ecclesia
676 287 767 318 vestri
783 288 917 326 prmdiCti
931 291 1064 326 proximo
1078 290 1218 327 vacatura,

36 330 119 362 1307.
153 324 255 353 virtute
274 323 360 353 dictae
377 325 489 361 gratiae,
509 326 589 355 vobis
609 325 766 365 concellie,
785 326 930 364 providere
947 327 1036 358 velitis
1061 327 1148 357 nostri
1168 338 1217 357 ro-

8 363 74 388 Edv.
97 369 121 387 i.
155 362 277 399 gaminis
290 362 454 392 interventu.

194 399 229 429 Et
246 410 281 430 eo
297 400 442 438 libentius,
461 400 480 430 si
499 400 604 438 placet,
622 411 679 439 quo
689 402 783 432 eidem
800 402 936 441 Medico,
954 402 1023 433 dum
1036 404 1162 441 corporis
1169 413 1217 434 va—

156 437 272 468 litudine
286 439 495 476 premebamur,
513 448 609 468 curam
624 440 818 470 commisimus
830 440 913 470 statiis
928 441 1022 471 nostri.

195 475 254 505 Pro
268 486 326 514 quo
341 476 424 506 vobis
437 477 523 506 teneri
538 477 667 507 volumus
679 477 713 507 ad
729 488 776 517 ea,
796 488 858 517 quae
880 480 961 509 vobis
982 480 1142 510 noverimus
1161 478 1216 510 esse

156 521 244 551 grata.

194 588 261 620 Dat.
278 590 350 628 apud
369 589 444 621 Karl.
461 592 595 622 vicesimo
612 591 717 623 oetavo
734 592 780 624 die
800 592 883 624 Maii.

32 722 52 743 ι*
73 723 111 750 ῙῙ,
203 710 230 736 >k
249 714 358 756 Bulla,
373 712 463 760 sitper
487 714 586 756 Castro
611 715 646 748 de
669 717 838 749 stdaloleone
864 720 935 763 Regi
959 717 1140 761 restituendo.

8 769 137 831 A'riiUD.
159 799 339 861 CLemens
356 798 526 838 Episcopus,
542 801 632 844 servus
648 800 788 845 'servorum
808 801 884 844 Dei,
901 801 1043 833 carissimo
1058 803 1087 832 in
1104 799 1217 845 Christo

30 846 113 876 1307-
234 836 291 866 filio
309 836 456 877 Edvardo,
475 838 551 877 Regi
571 840 684 876 Angliae
702 840 816 878 illustri,
840 841 951 871 ialutetn
969 841 1001 871 &
1020 840 1215 878 Apostolicam

8 881 60 905 An.
79 885 123 912 35.
158 875 397 906 benedictionem.

8 919 38 943 E.
63 924 85 940 i.

10 958 48 980 Ex
62 956 121 979 Au-

9 1000 72 1028 togr,

196 911 284 943 Circa
308 916 456 951 negotium
479 916 659 954 complendae
686 918 759 953 pacis
782 916 852 947 inter
877 926 904 947 te
930 918 963 948 &
989 915 1162 947 carissimum
1187 916 1215 943 in

161 950 276 981 Christo
301 952 389 983 filium
414 953 541 984 nostrum
556 977 566 992 ,
590 954 751 992 Philippum
779 955 892 991 Regem
918 956 1041 986 Francia:
1067 954 1216 989 illustrem,

155 989 232 1027 quod
250 989 290 1019 est
307 1001 364 1021 non
382 992 561 1022 mediocriter
578 993 658 1022 nobis
676 993 773 1030 cordi,
791 993 852 1030 post
866 995 968 1024 multos
985 995 1017 1024 &
1034 994 1121 1023 varios
1137 992 1217 1021 labo-

157 1038 199 1057 res
212 1050 222 1066 ,
250 1039 318 1066 quos
337 1038 478 1067 propterea
502 1030 692 1069 sustinuimus,
717 1030 807 1062 adhuc
828 1042 886 1061 non
905 1031 1057 1069 cessamus,
1082 1039 1216 1068 quantum

156 1066 242 1134 23¹³·ss
258 1076 291 1096 ex
310 1067 364 1098 alto
381 1069 547 1106 permittitur
563 1092 572 1107 ,
599 1068 814 1100 sollicitudinem
838 1071 871 1101 &
889 1070 1063 1108 diligentiam
1080 1070 1217 1099 continuo

200 1115 221 1134 ii
243 1115 295 1136 ere.

195 1143 267 1174 Sane
284 1143 419 1175 restitutio
438 1144 528 1176 Castri
551 1145 587 1175 de
612 1144 775 1176 Maloleone
799 1146 927 1177 nondum
952 1147 1041 1177 extitit
1062 1145 1219 1188 subsecuta,

155 1180 202 1214 sed
219 1182 355 1220 speramus
374 1193 438 1213 eain
455 1206 464 1222 ,
490 1183 526 1214 de
543 1184 588 1214 die
605 1184 634 1213 in
655 1183 749 1222 diem,
767 1184 885 1215 feliciter
899 1208 909 1223 ,
933 1185 1047 1215 audiore
1067 1183 1218 1221 Domino,

159 1221 293 1258 expediri.

196 1258 327 1289 Castrum
351 1261 428 1290 enim
448 1260 536 1298 ipsum
561 1260 651 1291 adhuc
671 1260 705 1290 ad
727 1271 823 1291 manus
839 1261 910 1291 dieti
930 1261 1019 1297 Regis
1043 1259 1087 1290 vel
1112 1259 1218 1303 sumini

159 1299 289 1333 gentium
315 1308 372 1328 nori
391 1300 529 1336 pensenit;
549 1298 611 1335 sed,
630 1308 698 1329 cum
716 1299 749 1329 ad
768 1309 814 1329 eos
832 1300 1008 1336 pervenerit,
1035 1299 1220 1328 incontinenti

157 1335 261 1366 facient
276 1335 478 1367 restitutionem
497 1337 681 1375 praediffiim,

195 1373 368 1404 Dummodo
380 1373 546 1405 Senescallus
565 1374 714 1405 Vaseoniae
728 1375 880 1412 recipiendi
893 1374 1022 1405 Castrum
1037 1375 1202 1412 praedidmm
1212 1396 1222 1412 ,

158 1420 209 1442 tuo
230 1413 345 1442 nomine
358 1435 367 1450 ,
393 1411 540 1450 specialem
557 1414 572 1442 a
591 1420 618 1442 te
635 1414 733 1444 habeat
751 1413 932 1450 potestatem,
957 1423 1004 1450 per
1027 1421 1083 1442 tuas
1102 1421 1221 1450 patentes

160 1451 276 1488 litteras,
292 1458 351 1480 tam
371 1451 534 1488 potestatem
552 1451 728 1490 hujusmodi,
747 1452 831 1489 quam
858 1452 932 1490 quod
950 1451 986 1481 de
1005 1451 1160 1488 hujusmodi
1177 1462 1220 1481 re-

161 1489 307 1526 ceptione,
325 1498 374 1526 per
391 1489 500 1519 dicitum
519 1489 705 1520 senescallum
721 1498 769 1520 tuo
786 1491 904 1520 nomine
922 1490 1067 1527 facienda,
1096 1491 1132 1519 ita
1149 1500 1220 1520 con-

160 1534 249 1556 tentus
266 1527 299 1557 ὃς
317 1536 425 1568 pacatus
443 1527 556 1567 existes,
573 1538 607 1559 ac
626 1528 646 1558 si
662 1529 715 1558 tibi
732 1528 907 1566 personaliter
925 1528 998 1559 fausta
1015 1527 1100 1566 foret,
1128 1530 1221 1558 conti-

161 1573 255 1595 nentes
273 1565 410 1603 expresse:

199 1603 286 1634 Aliter
303 1605 382 1634 enim
399 1604 484 1636 dietae
501 1604 609 1636 Gentes
626 1603 758 1636 Castrum
777 1604 869 1643 ipsum
886 1604 1039 1636 Senescallo
1056 1614 1116 1634 non
1133 1604 1222 1634 trade-

163 1651 223 1673 rent
240 1651 406 1673 memorato.

197 1680 320 1719 Ideoque
337 1680 538 1712 Celsitudinem
554 1689 631 1712 tuam
649 1692 780 1719 rogamus
796 1682 830 1713 &
847 1682 989 1713 hortamur
1013 1684 1131 1721 attente,
1156 1691 1222 1719 qua-

162 1721 234 1750 tinus
252 1719 350 1749 litteras
368 1720 452 1758 ipsas,
469 1719 547 1757 super
566 1719 722 1758 hujusmodi
740 1721 889 1759 potestate,
914 1731 961 1758 per
984 1721 1101 1751 modum
1120 1721 1221 1758 praedi-

163 1759 261 1795 ctum,
278 1758 361 1788 facias
378 1757 436 1788 fieri
453 1758 621 1797 duplicatas,
639 1759 760 1797 utrasque
779 1759 814 1789 ad
830 1768 916 1797 partes
929 1758 989 1789 istas
1004 1760 1127 1790 celeriter
1138 1759 1222 1788 trans-

163 1795 305 1826 missurus:
332 1804 362 1826 ut
386 1806 481 1827 earum
505 1797 565 1827 aliae
588 1807 671 1835 penes
695 1797 816 1827 eundem
838 1797 1020 1828 senescallum
1046 1806 1222 1835 remaneant,

161 1835 195 1865 &
212 1834 271 1865 aliae
290 1834 389 1865 similes
405 1834 485 1866 dicto
502 1835 578 1874 Regi
595 1836 629 1867 &
645 1837 701 1874 ejus
719 1836 846 1872 gentibus
864 1836 969 1866 valeant
985 1836 1119 1866 exhiberi.

199 1910 267 1942 Dat.
284 1909 405 1943 PiCkavis
422 1921 448 1942 2.
464 1911 546 1943 Non.
562 1911 656 1952 Junii,
672 1911 779 1943 Pontis.
796 1911 883 1944 nostri
899 1922 973 1943 anno
988 1911 1117 1944 secundo.

319 2039 367 2071 De
391 2050 491 2072 annua
514 2040 644 2083 Penstone
665 2041 784 2073 Nuncio
809 2044 890 2086 Papae
908 2040 1060 2086 JblvendO.

22 2129 97 2163 Αῃῃ,
114 2129 153 2161 D,
163 2122 276 2182 REX
296 2124 428 2156 omnibus
447 2124 481 2155 ad
500 2136 568 2164 quos
586 2126 645 2156 &c.
664 2126 785 2157 salutern.

42 2179 126 2210 1307,
254 2163 433 2207 Attendentes
451 2173 525 2201 grata
542 2165 574 2195 ὃς
591 2165 734 2195 laudabilia
750 2165 880 2203 obsequia
897 2175 944 2203 per
962 2166 1148 2196 venerabilem
1168 2165 1223 2210 Pa-

22 2214 132 2249 A;,‚35,
166 2208 238 2232 trem
263 2200 296 2231 P.
312 2201 483 2240 Episcopum
502 2202 698 2241 Sabinensem,
721 2203 906 2234 Sacrosanetae
927 2204 1067 2234 Romanae
1093 2205 1226 2236 Ecclesiae

23 2252 53 2274 E.
73 2257 93 2274 ι,
164 2239 343 2270 Cardinalem
360 2263 369 2278 ,
394 2241 475 2270 nobis
491 2242 524 2271 &
542 2241 650 2277 Regno
667 2241 778 2280 nostro,
795 2251 858 2272 ante
875 2243 938 2273 haec
961 2251 1106 2283 tempora,
1129 2244 1224 2275 multi-

21 2289 80 2313 ΡΜ,
99 2293 142 2321 35,
164 2278 274 2316 pliciter
291 2279 330 2308 im
353 2278 431 2317 enfii,
448 2279 481 2309 &
499 2279 682 2316 imposterum
700 2280 905 2318 impendenda,

23 2328 54 2351 Β,
68 2334 90 2351 1,
113 2333 152 2351 m,
201 2316 303 2347 Eidem
322 2317 465 2347 cardinali
483 2319 682 2356 quinquaginta
702 2318 831 2356 Marcas,
849 2319 960 2353 singulis
977 2321 1063 2358 amis,
1080 2320 1113 2350 ad
1136 2328 1225 2351 totam

26 2362 54 2388 ε,
167 2356 256 2385 vitam
278 2355 374 2394 suam,
391 2355 426 2385 ad
443 2355 614 2386 scaccarium
632 2356 757 2386 nostrum
771 2379 781 2394 ,
803 2357 832 2386 in
851 2356 932 2386 Festo
947 2358 1042 2387 &andri
1062 2357 1225 2397 Michaelis,

167 2395 285 2424 nomine
297 2394 452 2436 penfionis,
470 2394 675 2433 percipiendas,
691 2395 818 2425 duximus
836 2395 1034 2426 concedendas.

206 2431 240 2461 In
257 2441 349 2469 quuS,
375 2432 436 2462 δίς.

204 2506 293 2538 Teste
312 2507 395 2546 Rege
412 2508 485 2546 apud
504 2507 658 2540 Karliolum
676 2518 723 2547 27.
742 2508 788 2539 die
801 2508 886 2549 Junii.

209 2583 261 2614 Per
280 2584 374 2623 ipsum
387 2584 502 2624 Regem
519 2587 669 2617 nunciante
686 2586 817 2617 Thesaur.

271 2712 319 2743 De
343 2713 430 2758 Regis
451 2714 482 2743 in
499 2713 631 2744 civitate
648 2711 839 2756 Londonienfi
856 2725 911 2744 non
933 2712 1132 2748 accendendis.

27 2803 102 2835 Arm,
119 2801 159 2833 D,
228 2794 290 2826 EX
309 2795 416 2834 Majori
433 2797 466 2827 ὃς
483 2796 710 2828 Vicecomitibus
729 2797 858 2828 London.
875 2798 995 2829 salutern.

48 2851 133 2882 1307,
264 2835 340 2873 Qia
355 2834 530 2873 Margareta,
549 2835 662 2872 Regina
680 2836 810 2875 Angliae,
829 2836 949 2867 Consors
966 2837 1056 2867 nostra
1072 2837 1225 2876 cariffinia,

27 2885 79 2908 An.
97 2890 141 2916 ³5·
171 2870 254 2908 usque
267 2875 301 2903 ad
315 2873 434 2904 Turrim
449 2874 570 2904 nostram
592 2874 722 2905 London.
740 2875 769 2904 in
787 2875 865 2906 brevi
881 2875 921 2906 est
938 2875 1094 2915 accessura,
1120 2878 1153 2907 &
1172 2877 1227 2907 ibi-

26 2923 57 2946 E.
78 2914 103 2946 ,ξ
170 2909 238 2940 dem
256 2921 303 2948 per
320 2919 427 2948 tempus
442 2912 552 2951 aliquod
570 2921 721 2950 moratura,

26 2961 81 2985 Rot.
98 2956 139 2984 cl,
207 2948 272 2978 Nos
287 2950 429 2988 periculis,
448 2961 510 2988 quae
526 2951 620 2981 eidem
632 2952 762 2981 Consorti
775 2951 892 2990 nostrae,
911 2953 944 2983 &
958 2952 1013 2983 aliis
1028 2952 1227 2992 Magnatibus,

29 3004 75 3031 35,
91 2999 158 3022 Li.
173 2987 220 3025 qui
235 2986 269 3017 ad
282 2987 370 3025 ipsam
385 2987 444 3019 sunt
459 2990 583 3027 venturi,
602 2999 635 3019 ex
651 2990 804 3020 infectione
821 2991 853 3020 δε
877 2993 1055 3029 corruptione
1074 2992 1159 3029 aeris,
1177 3002 1227 3029 per

27 3042 64 3060 m.
80 3035 106 3063 6,
119 3033 144 3061 d,
172 3025 368 3056 accensionem
386 3036 523 3063 rogorum
537 3028 567 3056 in
587 3027 709 3058 Civitate
728 3028 874 3067 praedidii,
891 3029 924 3059 δε
947 3030 1005 3060 aliis
1029 3029 1115 3068 locis,
1133 3030 1226 3060 eidem

171 3063 257 3094 Turri
271 3064 389 3101 vicinis,
405 3064 476 3095 dum
489 3064 622 3102 praedicta
634 3065 758 3096 Consors
772 3066 863 3096 nostra
881 3067 952 3104 apud
971 3067 1137 3105 praedietam
1152 3068 1228 3098 Tur-

172 3102 230 3131 rim
244 3111 352 3170 chram
367 3102 480 3142 fecerit,
497 3103 621 3142 possent,
640 3104 715 3142 quod
732 3105 816 3144 abfit,
832 3105 868 3135 de
889 3106 963 3136 facili
980 3108 1107 3144 evenire,
1124 3116 1227 3137 occur-

171 3150 230 3171 rere
249 3151 287 3171 vo
297 3149 372 3171 entes

209 3178 301 3209 Vobis
317 3163 478 3209 mandamus
494 3179 569 3218 quod
585 3180 612 3209 in
627 3179 728 3210 eidem
741 3180 863 3212 Civitate
875 3182 986 3220 publice
998 3182 1175 3221 proclamari,
1192 3183 1226 3214 «Sc

171 3226 206 3247 ex
219 3225 293 3255 parte
305 3217 414 3256 nostra,
430 3217 478 3248 sub
497 3219 574 3255 gravi
590 3217 779 3257 forisfactura,
797 3220 911 3251 firmiter
928 3221 1045 3251 inhiberi
1059 3221 1180 3260 faciatis,
1191 3232 1226 3251 ne

176 3257 224 3293 qui
239 3265 325 3293 rogos
339 3256 399 3285 illos
411 3256 554 3293 praesumat
569 3256 736 3294 accendere,
753 3258 798 3288 seu
817 3259 879 3289 alias
894 3259 1076 3289 ministerium
1087 3259 1228 3298 hujusmo-

171 3294 219 3330 di,
238 3293 308 3324 dum
323 3293 399 3324 dieta
413 3293 535 3324 Consors
548 3293 638 3324 nostra
652 3294 759 3324 ibidem
777 3305 887 3327 moram
901 3298 1013 3337 fecerit,
1029 3308 1227 3336 exercere,pcr

171 3330 248 3371 quod
263 3342 308 3361 aer
322 3341 435 3370 quoquo
449 3333 537 3363 modo
550 3332 626 3362 infici
639 3333 742 3371 valeat,
759 3333 802 3365 seu
819 3338 973 3374 corrumpi.

209 3368 247 3399 Et
259 3369 316 3400 hoc
328 3370 405 3400 nullo
419 3371 508 3401 modo
521 3372 663 3402 omittatis.

206 3446 293 3477 Teste
305 3446 411 3486 meipso
423 3446 496 3485 apud
516 3446 630 3477 Karliol.
648 3448 695 3479 28.
710 3447 756 3478 die
763 3447 863 3497 junii„

48 3585 69 3605 ιιι
94 3587 133 3614 Π,
221 3569 248 3596 ³*
260 3575 354 3618 Super
374 3572 478 3617 Insitla
500 3571 536 3605 de
558 3574 663 3615 Man,
687 3576 719 3605 in
739 3585 867 3608 manum
886 3579 973 3622 Regis
994 3576 1178 3622 refiemenda.

27 3623 165 3693 [ἰᾷ-,81)
176 3656 288 3713 REX
307 3656 481 3688 Vicecomiti
496 3657 727 3697 Northumbriae,
743 3659 865 3690 salutem.

59 3708 144 3739 1307,
267 3696 359 3735 Qiia,
376 3706 426 3733 per
438 3695 642 3733 i11spe<stionem
662 3695 848 3735 Rotulorum,
864 3698 898 3729 &
919 3698 1039 3731 aliorum
1064 3710 1225 3730 memoran-

29 3741 83 3766 An.
102 3747 146 3774 35.
173 3730 290 3773 dorum,
309 3744 370 3773 quae
381 3744 478 3764 coram
492 3733 621 3765 Consilio
635 3733 728 3765 nostro
742 3734 853 3766 scrutari
866 3736 899 3766 δε
917 3736 1066 3775 diligenter
1085 3740 1226 3769 examina-

31 3780 62 3803 Ε.
86 3785 110 3802 ι.
174 3770 198 3800 ri
212 3767 344 3810 fecfmus,
362 3773 443 3803 nobis
455 3772 578 3811 constat,

26 3818 85 3841 Rot.
103 3813 145 3841 Cl.
211 3810 302 3849 Qiod
315 3811 420 3849 plures,
436 3810 471 3841 de
481 3810 697 3842 antecessoribus
708 3810 822 3849 nostris,
860 3811 982 3843 nondam
995 3813 1089 3851 Reges
1096 3814 1208 3852 Angliae
1217 3837 1227 3852 ,

31 3860 78 3888 35.
96 3854 126 3877 E.
145 3845 211 3878 i.de
226 3848 296 3878 terra
306 3850 342 3879 de
358 3849 430 3879 Man
444 3849 522 3879 seifiti
535 3850 660 3886 fuerunt,
679 3857 709 3880 ut
722 3849 757 3879 de
773 3850 828 3880 'ure
854 3859 908 3888 uo,

25 3899 68 3918 m.
80 3899 110 3925 4.
125 3890 150 3917 d.
213 3884 246 3915 Et
261 3888 336 3923 quod
351 3898 402 3918 nos
414 3887 535 3918 similiter
547 3887 623 3918 seisiti
636 3887 740 3918 fuimus
773 3898 789 3917 e
802 3887 901 3918 eadem
939 3889 1035 3925 (exitus
1052 3890 1089 3920 &
1103 3889 1225 3927 proficua

174 3924 241 3954 inde
255 3926 446 3967 percipiendo)
466 3926 604 3965 quousque
617 3935 684 3964 nos,
702 3925 737 3958 dc
756 3924 844 3962 gratia
856 3910 948 3956 ηοῐίῐέι
959 3927 1084 3965 speciali,
1100 3928 1224 3958 seisinam

168 3971 252 3994 terrae
267 3961 351 4000 illius,
367 3964 465 4002 talem,
485 3964 633 4002 videlicet,
650 3964 758 4001 qualern
767 3963 919 3994 Alexander
952 3965 1074 3996 uondam
1082 3965 1146 3995 Rex
1153 3966 1224 3996 Sco-

172 4002 220 4031 tiae
232 3999 326 4030 habuit
338 4000 373 4044 de
385 4002 485 4033 eadem
493 4025 504 4041 ,
517 4003 637 4042 Johanni
651 4003 686 4034 de
700 4001 830 4040 Balliolo,
846 3974 1022 4046 nupequegi
1038 4003 1143 4047 Scodae
1165 4003 1225 4043 (sal-

172 4048 210 4069 vo
223 4038 330 4078 semper
339 4048 401 4077 Jure
414 4040 509 4071 nostro
523 4042 556 4073 &
571 4040 711 4072 haeredum
725 4039 882 4076 nostorum)
898 4039 1018 4072 fecimus
1031 4041 1158 4081 liberari,

203 4076 275 4145 Tigri
288 4078 466 4146 praeIcissimus
480 4080 556 4119 quod
565 4080 632 4112 scire
645 4078 727 4111 facias
743 4077 892 4118 venerabili
903 4077 995 4117 Patri,
1011 4079 1138 4111 Antonio
1160 4079 1223 4110 Du-

263 4125 312 4146 om.
351 4139 357 4146 .
391 4138 398 4146 .
417 4119 467 4148 IV.

2256 230 2308 269 75

1261 290 1547 335 nelmensiEpiscopo
1565 296 1622 333 (qui
1634 297 1797 334 praedid‘tam
1811 306 1912 329 terram
1926 298 2016 330 modo
2037 307 2128 338 tenet,
2144 307 2174 330 ut
2192 299 2306 337 dicitur)
2322 300 2395 330 Ann.
2414 298 2455 330 D.

1260 338 1307 365 per
1317 329 1386 374 duos
1400 337 1497 374 libeios
1510 335 1542 363 &
1559 332 1657 369 legales
1671 335 1798 365 homines
1810 336 1846 365 de
1860 336 1959 367 Balliva
1979 345 2041 375 tua,
2061 337 2136 375 quod
2158 337 2189 367 sit
2210 347 2307 368 coram
2341 347 2426 377 1307.

1259 368 1343 411 ”OQ
1357 378 1371 396 a
1385 369 1429 410 die
1444 370 1538 412 Sancti
1552 370 1719 409 Michaelis,
1736 374 1765 401 in
1785 383 1827 412 15.
1843 373 1897 404 dies
1911 376 2014 405 ubicun
2036 386 2088 414 ue,
2105 376 2166 406 &c.
2326 380 2391 404 Edv-
2404 386 2428 403 ¹·

1262 442 1266 447 ι
1294 404 1457 448 Oitenlurus
1473 411 1491 437 ii
1507 408 1571 446 quid
1609 419 1641 438 ro
1662 409 1688 439 se
1707 411 1821 449 habeat,
1838 412 1882 441 vel
1904 412 1999 443 dicere
2030 414 2085 443 ciat
2105 423 2186 452 quare
2205 421 2310 443 terram

1259 442 1332 509 {llam
1355 453 1385 473 in
1404 454 1518 476 manum
1540 456 1578 475 uo
1603 457 1677 485 ram,
1696 455 1725 478 ut
1746 449 1788 485 jus
1810 448 1950 488 nostrum,
1975 450 2108 482 resumere
2126 451 2245 482 minime
2261 451 2312 481 de·-

1279 490 1370 510 eamus

1292 517 1327 548 Et
1338 518 1445 561 ‚habeas
1467 521 1507 550 ibi
1522 522 1638 553 nomina
1651 521 1781 561 illorum,
1796 533 1844 561 per
1865 535 1933 562 quos
1952 526 2065 563 praefato
2083 526 2225 565 Episcopo
2243 526 2312 557 scire

1257 555 1373 594 feceris,
1390 558 1423 587 &
1438 557 1494 588 hoc
1512 560 1604 589 breve.

1295 631 1380 662 Teste
1392 633 1479 670 Rege
1498 634 1570 671 apud
1588 633 1752 666 Caldecotes
1771 637 1818 667 28.
1829 636 1877 667 die
1890 637 1973 676 Junii.

1946 710 2001 743 Per
2017 713 2181 747 Consilium.

1319 905 1378 939 Ad
1397 911 1532 953 Papam,
1551 910 1641 956 fhper
1664 914 1784 956 negotiis
1807 913 1891 958 Regis
1913 925 1980 945 cum
2006 916 2082 961 Rege
2103 917 2243 948 Franciae.

1259 997 1380 1058 PApe
1396 1000 1457 1031 Rex
1475 1002 1578 1032 devota
1592 1002 1697 1040 pedum
1709 1003 1801 1034 oscula
1814 1002 1968 1036 beatorum.
2327 1019 2392 1050 Am,
2420 1018 2458 1049 D·

1346 1038 1492 1070 Sinceram
1507 1041 1689 1071 devotionem
1704 1043 1736 1072 ὃ(
1757 1052 1855 1079 puram
1872 1044 2055 1074 intentionem
2070 1045 2202 1077 hastenus
2215 1046 2312 1078 habui-
2352 1068 2364 1087 1
2387 1042 2425 1095 <37

1260 1086 1339 1113 mus,
1357 1077 1391 1106 &
1407 1076 1498 1108 adhuc
1515 1077 1672 1108 constanter
1694 1079 1826 1110 habemus
1847 1081 1877 1110 in
1921 1081 2091 1112 rosecutione
2111 1087 2312 1125 negotiorum,
2329 1099 2370 1123 An
2398 1081 2442 1131 35',

1260 1125 1323 1153 quae
1336 1113 1462 1153 fuerunt,
1482 1117 1515 1146 &
1530 1116 1588 1146 sunt
1601 1118 1670 1146 inter
1691 1117 1874 1158 magnificum
1919 1120 2056 1159 rincipem
2072 1121 2232 1160 Philippum
2255 1124 2313 1154 Re·
2333 1138 2353 1160 Ε
2375 1118 2408 1162 ἰ,

1260 1163 1329 1190 gem
1347 1152 1473 1183 Franciae
1487 1154 1620 1184 illustrem
1636 1153 1886 1192 Conunguineum
1908 1156 2034 1188 nostrum
2051 1160 2083 1189 ὅ(
2099 1170 2164 1198 n03,
2182 1161 2311 1199 benepla-
2327 1156 2462 1200 RaeitAEom.

1259 1192 1321 1221 citis
1334 1191 1366 1220 &
1381 1191 1499 1222 consiliis
1513 1192 1684 1230 Apostolicis
1695 1193 1831 1224 adhaerere
1839 1217 1849 1232 ,
1866 1195 1898 1225 &
1913 1194 1990 1235 super
2003 1196 2054 1226 hiis
2070 1206 2121 1226 nos
2138 1198 2245 1236 semper
2263 1211 2310 1240 pa-

1260 1238 1332 1260 ratos
1347 1228 1492 1260 studuimis
1507 1231 1615 1261 intento
1629 1232 1728 1261 animo
1742 1232 1881 1263 exhibere.

1298 1268 1369 1297 Sane
1383 1267 1501 1298 dilect-os
1515 1269 1547 1299 ὃς
1567 1268 1660 1299 fideles
1680 1269 1803 1308 nostros,
1821 1271 2008 1302 venerabilem
2030 1271 2155 1310 Patrem,
2172 1272 2225 1304 W.
2244 1275 2286 1305 W
2305 1292 2318 1299 -

1262 1315 1342 1342 gorn.
1355 1304 1526 1344 Episcopum
1536 1330 1545 1345 ‚
1563 1308 1597 1337 &
1610 1308 1758 1338 Thomam
1772 1308 1933 1339 Dominum
1948 1310 1985 1340 de
1998 1309 2111 1341 Berkele
2125 1311 2250 1342 Militem
2270 1315 2279 1351 (
2300 1324 2316 1344 e

1264 1353 1385 1381 quorum
1402 1343 1531 1375 fidelitate
1547 1344 1657 1376 fiduciae
1678 1345 1877 1383 plenitudinem
1896 1348 2075 1387 obtinemus)
2096 1360 2147 1387 pro
2167 1350 2317 1390 aliquibus,

1262 1392 1325 1449 Ruae
1338 1381 1415 1412 dicta
1428 1391 1545 1420 tangunt
1558 1385 1688 1422 negotia,
1705 1383 1738 1414 ad
1752 1385 1871 1415 vestram
1887 1386 2065 1417 reverendam
2082 1388 2253 1426 praesentiam
2267 1389 2316 1419 de-

1287 1420 1405 1458 inantes,
1424 1420 1545 1459 ipsorum
1558 1422 1673 1452 oraculo
1687 1422 1816 1460 quaedam
1829 1424 1990 1454 coniisiinus
2001 1447 2011 1462 ,
2028 1426 2108 1456 vobis
2120 1436 2154 1456 ex
2176 1435 2252 1465 parte
2264 1437 2317 1457 no-

1262 1457 1334 1495 stra,
1351 1457 1428 1495 super
1440 1459 1543 1489 eisdem
1556 1461 1693 1498 negotiis,
1710 1461 1815 1497 plenius
1829 1462 2002 1498 exponenda.

1297 1495 1367 1526 Ideo
1389 1507 1422 1526 ue
1437 1497 1580 1528 Sanetitati
1594 1498 1692 1528 vestrae
1711 1498 1886 1530 devotissime
1904 1499 2102 1540 supplicamus,
2119 1506 2242 1541 quatinus
2256 1502 2320 1540 hiis,

1262 1545 1325 1577 quae
1341 1506 1411 1578 digri
1426 1535 1537 1565 Nuncii
1550 1535 1637 1566 nostri
1652 1536 1816 1567 Beatitudini
1838 1537 1935 1568 vestrae
1957 1538 2135 1576 expresserint
2153 1543 2183 1571 in
2194 1541 2317 1580 praemis-

1263 1576 1311 1611 lis,
1328 1572 1501 1612 dignemini,
1518 1574 1538 1603 fi
1548 1574 1654 1612 placet,
1672 1573 1758 1605 fidem
1772 1575 1917 1607 indubiam
1933 1576 2070 1608 adhibere.

1300 1610 1471 1650 Conservet,
1491 1613 1552 1643 &c.

1299 1687 1368 1718 Dat.
1385 1688 1457 1726 apud
1477 1688 1552 1719 Karl.
1573 1690 1670 1728 quinto
1687 1689 1734 1720 die
1747 1689 1820 1729 Julii.

2334 1213 2461 1246 35.E.1.

2333 1257 2368 1275 m.
2383 1256 2408 1273 2.

1301 1764 1364 1795 Alia
1386 1764 1486 1794 Littera
1507 1767 1623 1796 mittitur
1640 1766 1733 1796 eidem
1751 1765 1851 1805 Papae,
1869 1768 1918 1799 sub
1935 1767 2035 1799 eadem
2051 1768 2162 1809 forma,
2181 1779 2249 1801 cum
2269 1769 2318 1802 ad-

1259 1803 1384 1841 jeffione
1398 1804 1518 1833 nominis
1533 1803 1661 1844 Magistri
1675 1805 1818 1836 Benedicti
1832 1805 1868 1836 de
1881 1806 1990 1847 Fyriby.

1358 1937 1416 1971 Ad
1441 1937 1615 1971 Cardinales
1636 1938 1671 1971 de
1692 1941 1820 1972 Nunciis
1841 1942 1877 1978 (ῤ’
1904 1941 2039 1987 Negotiis
2061 1941 2224 1978 antedictis.

1330 2023 1441 2053 Omino
1455 2023 1486 2053 P.
1500 2023 1590 2054 Tituli
1606 2023 1716 2054 Sandiae
1730 2023 1846 2062 Priscae,
1862 2023 2014 2056 presbitero
2038 2024 2197 2064 Cardinali,
2216 2027 2320 2059 Amico
2338 2032 2404 2064 Arm
2427 2030 2467 2062 D.

1346 2061 1394 2092 suo
1409 2061 1568 2100 karissimo,
1588 2061 1650 2092 Rex
1662 2062 1774 2092 salutem
1788 2063 1820 2093 &
1835 2062 1947 2094 sincerae
1961 2064 2119 2094 dile-{tionis
2131 2064 2275 2097 affeetum.
2361 2080 2441 2111 ¹307·

1301 2099 1445 2130 Sinceram
1461 2100 1642 2130 devotionem
1656 2101 1688 2131 &
1701 2110 1799 2138 puram
1815 2102 2003 2132 intentionem
2019 2102 2151 2132 haetenus
2163 2104 2317 2142 habuimus,
2338 2115 2388 2138 Aa.
2406 2119 2453 2145 35.

1264 2139 1297 2169 &
1320 2138 1409 2169 adhuc
1428 2138 1584 2169 constanter
1604 2139 1738 2168 habemus
1763 2139 1792 2168 in
1820 2139 2014 2175 prosecutione
2035 2141 2214 2175 neuotiorum
2257 2153 2320 2180 quae
2340 2153 2368 2176 ε,
2383 2159 2404 2176 1,

1265 2177 1373 2208 fuerunt
1401 2177 1434 2207 δε
1457 2176 1516 2206 sunt
1536 2177 1607 2206 inter
1624 2176 1810 2213 magnificum
1833 2177 1995 2215 Principem
2016 2177 2177 2216 Philippum
2206 2164 2320 2218 Regem
2339 2191 2469 2214 1³01<er-

1266 2215 1390 2245 Francite
1410 2214 1542 2244 illustrem
1565 2213 1815 2251 Consanguineum
1839 2215 1966 2246 nostrum
1991 2216 2176 2254 cariffimum,
2200 2218 2233 2249 &
2255 2228 2324 2258 nos,
2344 2230 2468 2261 35·13·¹·

1266 2251 1326 2288 &a
1344 2261 1374 2282 ut
1386 2252 1466 2291 [iepra
1483 2256 1512 2282 in
1524 2252 1624 2282 Literci
1638 2253 1678 2281 ad
1689 2255 1810 2291 Papam,
1828 2254 1905 2293 uffiue
1917 2254 1974 2283 haec
1987 2254 2093 2293 verba,
2110 2258 2172 2284 viz.
2341 2274 2377 2292 m.
2397 2273 2416 2289 ι,

1305 2291 1351 2322 Ad
1370 2291 1494 2321 Dom'mi
1514 2289 1618 2321 summi
1644 2290 1789 2321 Pontificis
1807 2291 1982 2329 prcesemiam
2005 2293 2199 2330 reverendam,
2216 2294 2249 2324 &
2272 2303 2321 2325 ve-

1267 2329 1348 2360 stram
1364 2331 1520 2366 mittentes,
1536 2329 1660 2367 ipibrum
1681 2329 1797 2360 oraculo
1815 2330 1944 2367 quaedam
1960 2332 2165 2369 cominiiimuS,
2184 2333 2266 2362 vobis
2285 2341 2319 2364 ex

1266 2376 1340 2406 parte
1353 2368 1460 2404 nostr-fi,
1478 2367 1554 2404 super
1567 2367 1672 2397 eisdem
1686 2368 1828 2405 negotiis,
1846 2368 1952 2405 plenius
1965 2369 2137 2406 exponenda.

1303 2406 1424 2445 Ideoque
1438 2405 1635 2436 paternitatem
1649 2405 1785 2443 vestram,
1801 2405 1837 2435 de
1852 2416 1904 2443 qua
1918 2406 2088 2437 confidimus
2101 2406 2265 2446 affedhiose,
2276 2419 2320 2439 re-

1266 2445 1400 2482 quirimus
1414 2445 1447 2474 &
1460 2453 1606 2481 rogamus,
1625 2445 1749 2481 quatinus
1763 2443 1831 2481 hiis,
1851 2454 1913 2482 quae
1927 2444 1998 2475 dieti
2014 2444 2125 2475 Nuncii
2139 2445 2225 2476 nostri
2239 2447 2320 2477 vobis

1264 2480 1440 2519 expresserint
1453 2482 1484 2512 iii
1498 2480 1657 2520 praemissis,
1675 2481 1851 2521 dignemini,
1867 2483 1886 2512 si
1899 2482 2006 2521 placet,
2023 2482 2108 2513 fidem
2122 2484 2265 2516 indubiam
2273 2485 2326 2516 ad-

1268 2521 1373 2551 hibere.

1306 2598 1374 2629 Dat.
1389 2598 1460 2639 apud
1478 2597 1554 2628 Karl.
1570 2599 1670 2636 quinto
1685 2597 1730 2628 die
1740 2597 1813 2637 Julii.

1267 2675 1418 2744 CEgidgin
1449 2674 1538 2705 inodo
1566 2674 1694 2705 scribitur
1718 2674 1777 2705 Th.
1799 2673 1871 2705 tituli
1889 2674 1999 2705 SanCtae
2020 2673 2149 2714 Sabinae,
2166 2674 2324 2708 Presbitero

1297 2724 1323 2743 ar
1344 2724 1371 2743 ln
1397 2724 1415 2744 1.

1647 2849 1697 2881 De
1719 2849 1824 2879 Alorte
1850 2848 1944 2893 Regis.

1342 2932 1552 2970 Emorandum,
1570 2932 1663 2971 quod,
1680 2931 1725 2961 die
1739 2933 1859 2975 veneris,
1876 2931 2020 2975 videlicet,
2038 2932 2157 2970 septimo
2177 2931 2224 2977 die
2235 2932 2322 2977 julii,
2342 2919 2471 2979 Ami-VD·

1359 2972 1444 3002 Anno
1460 2970 1582 3001 Domini
1598 2980 1681 3011 1307.
1691 2971 1807 3009 jubente
1822 2970 1900 3007 ipso,
1918 2979 1993 3008 cujus
2016 2970 2181 3001 famulantur
2201 2981 2322 3009 irnperio
2362 2969 2446 3014 ¹302-

1270 3019 1345 3040 mors
1357 3010 1390 3040 &
1405 3011 1460 3040 vita
1494 3009 1597 3038 inclitae
1609 3008 1817 3045 recordationis,
1836 3008 1977 3038 Dominus
1992 3007 2158 3047 Edwardus,
2177 3007 2239 3039 Rex
2260 3010 2321 3040 An-
2342 3002 2393 3026 An.
2410 3009 2452 3034 3>·

1269 3048 1353 3086 glize,
1371 3048 1442 3085 apud
1458 3032 1597 3084 limeum,
1613 3046 1691 3084 ssiper
1703 3046 1851 3076 Sabulones
1865 3054 1944 3089 extra·
1954 3044 2126 3089 Karliolum,
2340 3041 2370 3065 Ε·
2398 3046 2420 3064 ¹·

1305 3085 1337 3115 In
1350 3086 1443 3117 eundo
1456 3085 1543 3116 versus
1558 3094 1643 3122 partes
1657 3085 1763 3115 Scotiae
1776 3084 1838 3114 zelo
1852 3084 2008 3114 devotionis
2021 3086 2054 3115 ὅτ,
2067 3084 2132 3115 fidei
2143 3085 2273 3117 accensus
2285 3085 2319 3116 ad
2340 3080 2359 3102 P
2359 3083 2387 3101 Μ
2391 3098 2395 3102 ’
2420 3084 2463 3110 35.

1268 3124 1472 3154 vindicandum
1484 3123 1659 3161 despedtum,
1677 3123 1710 3151 ὅ(
1723 3122 1877 3161 sacrilegam
1893 3121 2114 3161 contumeliam,
2131 3123 2197 3154 Deo
2209 3124 2319 3154 &San-
2340 3117 2369 3140 E.
2388 3122 2411 3141 ¹·
2426 3122 2464 3141 '⁷'-

1268 3163 1325 3192 ‹stae
1338 3163 1470 3193 Ecclesiae
1484 3162 1669 3192 inhumaniter
1681 3159 1770 3190 sarstos
1790 3170 1837 3197 per
1856 3160 2014 3190 Robertum
2041 3161 2076 3191 de
2091 3161 2171 3200 Brus‚
2189 3163 2236 3200 qui
2256 3162 2320 3192 Do-
2343 3162 2364 3179 ¹·

1269 3202 1380 3231 minum
1391 3200 1547 3239 Johannem
1569 3199 1604 3229 de
1620 3197 1737 3237 Comyn
1750 3198 1785 3227 de
1800 3198 1912 3236 Scotia,
1930 3199 1959 3227 in
1978 3197 2103 3230 Ecclesia
2119 3199 2243 3230 Fratrum
2258 3199 2320 3229 Mi-

1268 3236 1369 3269 norum
1382 3240 1418 3269 de
1435 3238 1583 3274 Durnfres,
1601 3236 1723 3267 seditiose
1736 3236 1921 3267 interfecerat:

1306 3277 1432 3308 Necnon
1445 3277 1478 3306 ad
1492 3275 1646 3313 hujusmodi
1664 3274 1782 3305 Roberti
1796 3274 1974 3304 rebellionem
1983 3275 2017 3306 &
2025 3276 2204 3313 pertinaciam
2218 3276 2247 3306 in
2257 3284 2319 3305 ma-

1268 3326 1308 3346 nu
1321 3317 1426 3353 potenti
1443 3315 1581 3345 salubriter
1594 3311 1821 3350 reprimendam,
1838 3322 1889 3350 pro
1903 3322 1938 3342 eo
1953 3315 2031 3350 qued
2040 3322 2136 3343 contra
2148 3313 2316 3349 homagii&

1267 3354 1408 3385 fidelitates
1420 3353 1474 3383 sure
1487 3353 1662 3383 Sacramenta
1675 3350 1701 3381 se
1714 3352 1743 3381 in
1759 3349 1872 3387 Regem
1887 3350 1990 3381 Scotiae
2009 3350 2226 3389 proditionaliter
2241 3350 2319 3381 fece-

1322 3403 1338 3422 c
1361 3403 1373 3422 i·
1394 3401 1463 3422 nari:

1268 3401 1427 3461 ratEtomono
1441 3429 1532 3465 Regni
1545 3426 1666 3465 ejusdem
1682 3426 1770 3463 Regis
1784 3426 1923 3457 tricesimo
1941 3428 2054 3465 quinto,
2071 3426 2106 3456 ab
2121 3426 2173 3457 hac
2192 3425 2259 3469 ¹luce
2276 3425 2318 3456 fe-

1266 3469 1358 3499 liciter
1374 3469 1502 3503 migravit
1518 3466 1605 3503 (cujus
1617 3466 1711 3495 anima
1724 3466 1752 3495 in
1766 3464 1923 3502 coelestibus
1938 3465 2091 3494 collocetur
2107 3463 2254 3503 (Magistro
2262 3464 2319 3495 Ra-

1267 3507 1347 3537 dulfo
1361 3507 1396 3537 de
1409 3505 1520 3537 Raudale
1532 3503 1670 3543 Episcopo
1685 3502 1804 3533 London
1819 3502 1990 3532 Cancellario
2002 3502 2049 3533 suo
2070 3512 2139 3533 cum
2153 3511 2258 3541 magno
2270 3502 2317 3533 Si-

1270 3545 1340 3583 gillo
1353 3545 1433 3582 ipsius
1448 3543 1534 3579 Regis
1546 3541 1678 3572 Loiidon.
1694 3550 1759 3571 tunc
1774 3542 1907 3578 temporis
1920 3540 2063 3582 eigistente:
2223 3579 2228 3584 1
2255 3579 2260 3584 .

1339 3585 1366 3613 ui
1386 3582 1496 3620 quidem
1518 3579 1702 3623 Cancellarius
1723 3579 1815 3621 breyia
1832 3578 1868 3608 de
1885 3581 1962 3608 curlu
1986 3588 2054 3608 cum
2073 3577 2174 3608 eodem
2199 3577 2318 3622 Sigillo‚

1266 3615 1868 3695 Εἴὦῖἒίἒέἒυῗέἓὲᾚέἕῑξὶῗέἒὲῗέἓέ
1884 3615 2316 3698 ᾗὶῗὲῗιῖἶᾞύἒὲιῗξέἓῖῧέ

1267 3699 1310 3728 W
1312 3697 1418 3728 illielmi
1441 3695 1476 3725 de
1500 3694 1632 3728 Blibureh
1652 3692 1831 3730 Cancellarii,
1855 3692 1888 3722 &
1914 3692 2020 3722 walteri
2045 3690 2162 3721 Renaud
2186 3690 2318 3722 Custodis

1267 3736 1440 3766 Garderobae
1456 3733 1577 3763 Domini
1590 3730 1734 3769 Edwardi,
1752 3730 1801 3760 silii
1811 3732 1845 3760 &
1859 3729 1974 3760 haeredis
1988 3729 2066 3767 ipsius
2079 3729 2204 3759 Domini
2220 3729 2316 3772 Regis,

1267 3775 1349 3812 usque
1363 3773 1396 3804 ad
1415 3772 1489 3802 diem
1508 3769 1603 3800 Sancti
1617 3769 1719 3808 Jacobi
1737 3767 1863 3806 Apostoli
1878 3767 2034 3811 sequentem
2052 3768 2201 3805 proximo,
2213 3770 2314 3811 ‚conli-

1266 3813 1376 3879 3⁰³?ss
1393 3806 1991 3878 effiq“Odcffiffffifflssgffffgssss'bssffffle
2009 3805 2129 3844 ejusdem
2143 3805 2245 3844 Regis,
2263 3815 2314 3836 an-

1434 3860 1438 3872 '
1453 3858 1481 3877 m
1544 3858 1549 3864 ¹
1679 3863 1687 3874 ι
1914 3867 1919 3873 .

1270 3860 1394 3918 ῖεὲῑιᾝὲ
1406 3859 1535 3922 ιὸἐϋὺέῑί,
1554 3885 1686 3921 proximo
1698 3882 1841 3921 sequente,
1856 3880 1917 3911 sero
1929 3880 2007 3911 idem
2021 3879 2208 3912 Cancellarius
2222 3880 2311 3919 Regis

1265 3928 1282 3956 {i
1295 3926 1372 3956 dieto
1386 3925 1515 3955 Domino
1531 3921 1669 3952 Edwardo
1679 3920 1754 3958 filio,
1772 3929 1837 3950 tunc
1853 3919 1924 3957 apud
1940 3918 2094 3950 Kailiolurn
2107 3919 2238 3950 existente
2255 3920 2314 3957 (ubi

1267 3964 1412 3995 Dominus
1425 3962 1560 3992 Antonius
1579 3959 1615 3990 de
1629 3959 1705 3990 Beck
1719 3958 1870 3996 Episcopus
1889 3956 2026 3987 Dunolm.
2046 3957 2081 3988 &
2096 3956 2253 4003 Pauiascha
2265 3958 2314 4001 Jef

1266 4002 1489 4042 rosolymitanus,
1512 3998 1653 4028 Dominus
1676 3996 1714 4027 H.
1739 3998 1776 4027 de
1804 3996 1878 4039 Lacy
1896 3994 2001 4025 Comes
2028 3995 2200 4039 Lincolniae,
2217 3996 2250 4027 &
2268 3996 2314 4026 ahi

1266 4040 1394 4070 Comites
1408 4039 1440 4069 &
1453 4037 1569 4068 Batones
1583 4035 1680 4070 Regni
1691 4034 1783 4065 secum
1796 4033 1956 4073 eiiistentes,
1973 4033 2107 4078 homagia
2127 4035 2161 4065 &
2176 4034 2314 4075 fidelitates

1264 4078 1321 4108 suas
1338 4076 1445 4114 eidem,
1471 4084 1604 4113 tanquam
1629 4073 1704 4110 Regi
1711 4072 1876 4141 i<fecerant)
1895 4082 1943 4110 pei·
1966 4072 2064 4104 litteras
2087 4072 2167 4110 ipsius
2188 4072 2313 4138 DomEigi

1759 4120 1776 4141 2
2287 4119 2291 4123 ¹
2304 4124 2316 4131 -
