2570 4261
721 172 832 212 ET
917 170 1186 213 ACTA
1269 168 1749 216 PUBLICA.

13 264 81 296 Arm
90 262 130 294 D.
151 260 219 291 Rex
237 259 368 300 Angliae?
388 259 422 290 ὃς
436 257 597 303 recolendae
620 259 772 302 memoria:
784 257 852 288 Rex
867 256 1021 302 Ricardus,
1040 258 1074 289 δε
1092 257 1154 301 alii,
1172 265 1222 300 pa-

31 302 116 344 1238.
153 308 331 370 {giigtrigggnrtie
346 298 439 329 istud?
467 297 544 328 Non
559 306 673 336 utique,
692 307 758 335 quia
771 306 826 327 nec
841 306 951 327 minora
963 297 1015 326 hiis
1028 303 1223 334 aequammlter

2246 194 2262 220 ¹
2274 195 2292 234 3
2305 196 2326 233 5

1260 253 1330 285 dum
1352 255 1479 293 praestitit
1498 258 1656 296 juramenta
1668 283 1677 297 ,
1702 270 1770 291 cum
1789 259 1930 298 praedietis
1942 263 2076 294 omnibus
2089 262 2257 303 dejerando,
2275 265 2324 296 de-
2343 263 2416 292 Ann-
2431 262 2470 294 D.

1262 294 1367 324 molitis
1390 294 1523 326 domibus
1536 321 1545 335 ,
1567 298 1599 328 δε
1621 298 1702 328 bonis
1718 298 1840 342 ejusdem
1856 300 2038 339 Salinguerrae
2057 303 2166 340 direptis
2188 303 2276 340 ipsum
2293 305 2325 334 ii-
2363 303 2447 340 1238-

2 346 69 371 Bm„
89 351 115 379 3,
1261 332 1322 362 mul
1343 333 1519 364 deduxerunt
1533 358 1543 373 ,
1568 335 1624 365 side
1645 337 1762 367 mentita
1777 362 1787 375 ,
1804 337 1831 367 V
1834 340 1936 369 enetias
1949 341 2134 378 captivatum:
2155 350 2223 371 ecce
2239 343 2325 380 qualis
2347 344 2408 369 Heri.
2423 349 2451 376 3·

10 1098 142 1139 '1486-

194 375 418 408 Animadvertite
432 382 500 413 ergo
512 374 565 403 viri
578 373 712 411 illustres,
730 374 763 404 &
778 373 890 411 videte,
908 373 927 403 fi
941 373 1026 404 frater
1046 374 1080 405 &
1100 372 1223 402 sororius

151 415 267 454 noster,
284 416 318 446 &
339 423 391 445 vos
411 412 488 450 talia,
507 421 541 442 ex
562 413 663 449 quibus
683 420 793 442 tantum
813 412 995 443 obstaculum
1018 410 1223 450 formidamus,

151 454 211 485 fieri
233 453 382 489 sustinetis,
404 450 485 488 quale
504 450 612 481 debetis
635 449 824 488 imposterum
844 460 859 480 a
872 452 955 481 nobis
970 451 1117 489 expediare
1130 449 1223 494 praesi-

151 493 234 523 dium
253 493 286 524 &
306 489 423 528 praemia
444 497 607 527 reportare:
627 489 674 519 Set
697 497 728 519 ut
745 500 760 519 a
782 490 864 520 ertius
883 489 987 528 liqueat
1005 489 1042 520 de
1063 490 1224 520 intentionis

150 531 256 562 nostrae
274 528 439 567 proposito,
462 537 522 558 non
542 527 592 557 alia
614 537 699 566 quam
718 500 805 558 hogis
824 528 861 558 ab
880 528 979 567 hoste,
997 529 1031 559 &
1043 529 1174 559 inimicus
1189 527 1225 558 ab

154 569 274 600 inimico
287 575 420 605 reportat.

192 606 422 638 Univeriitatem
433 605 517 644 igitur
532 603 655 635 vestram
667 603 823 636 affectuose
838 606 1006 644 requirimus
1022 607 1055 638 &
1075 615 1224 645 rogamus,

154 645 235 684 quod
251 644 279 675 su
301 655 331 675 er
347 645 428 675 tantis
445 645 478 675 &
493 643 593 674 talibus
609 643 737 684 periculis
746 666 756 682 ,
774 645 836 674 tam
849 643 923 682 apud
936 644 1068 684 Regem,
1088 645 1173 684 quam
1195 655 1226 675 a-

130 681 133 684 ’
155 683 215 722 pud
230 694 270 714 no
283 683 432 721 metipsos,
451 682 489 712 sic
506 681 634 720 strenue,
653 692 685 712 ac
700 683 842 721 animose,
861 693 894 713 ac
908 684 1026 721 provide
1039 694 1091 714 vos
1110 693 1225 714 exerce-

154 733 186 753 re
201 722 330 753 studeatis
351 722 385 752 &
404 730 518 761 gerere,
537 728 584 759 ut,
602 720 622 750 si
643 730 658 750 a
678 721 762 760 Rege
783 721 880 761 Regni
901 722 1052 762 Anglicani
1066 724 1099 753 &
1113 732 1128 752 a
1142 722 1225 753 vobis

155 771 217 792 non
237 761 395 799 speremus,
414 761 443 789 in
466 760 584 799 negotio
604 758 733 798 instanti,
752 760 894 798 praesidia,
912 760 1008 791 saltem
1021 771 1081 791 non
1096 767 1227 798 oporteat

155 810 209 831 nos
222 799 345 840 pericula
359 797 531 836 formidare,
551 797 629 836 quod
643 805 697 836 pro
713 808 794 830 certo
808 800 907 830 scitote
919 798 956 830 de
969 799 1052 830 vobis
1071 799 1227 830 nullatenus

194 847 329 869 teremur.

157 848 344 908 PaCaeterum
354 899 363 914 ‚
382 876 446 914 quia
453 875 528 914 jam,
548 874 628 912 super
644 874 803 914 praediffis,
820 876 853 907 &
869 875 926 906 aliis
938 876 1053 908 servitiis
1068 875 1226 913 nostris,in

156 916 281 953 partibus
291 914 388 946 vestris
404 913 604 952 procurandis,
622 913 784 954 Hugonem
798 914 835 944 de
849 914 994 946 Cambota
1008 915 1136 945 Militem
1159 923 1227 943 nos—

157 962 234 985 trum
249 955 283 986 &
298 953 412 983 fidelem
428 952 600 991 Nuncium,
619 952 739 984 latorem
755 953 950 992 praesentium,
966 953 1001 984 ad
1022 952 1145 983 eundem
1165 951 1228 981 Re-

158 1001 227 1032 gem
247 993 280 1023 &
300 992 440 1022 sororium
461 990 610 1028 nostrum,
628 992 662 1022 &
684 992 718 1022 ad
737 1003 790 1024 vos
812 993 989 1029 providimus
1010 989 1228 1033 destinandum,

159 1041 211 1069 per
224 1040 311 1069 quem
326 1030 363 1061 de
375 1030 458 1068 ipsius
472 1028 561 1069 Regis
575 1030 609 1061 &
622 1029 714 1060 vestra
728 1031 908 1069 responsione
921 1030 980 1061 esse
991 1029 1128 1067 possimus
1141 1036 1227 1066 certi,

160 1077 192 1100 ut
204 1069 322 1100 sciamus
334 1079 351 1099 a
365 1069 466 1108 quibus
481 1067 634 1099 debeamus
648 1070 796 1107 expediare
811 1069 962 1100 consilium
975 1070 1010 1100 ὃς
1027 1068 1176 1106 auxilium,
1194 1067 1229 1098 &

160 1118 176 1138 a
189 1108 292 1146 quibus
305 1109 390 1139 etiam
406 1108 438 1138 sit
449 1106 627 1145 cavendum,
645 1107 874 1139 dominationem
897 1110 911 1125 ³*
931 1106 1055 1138 vestram
1076 1115 1229 1136 monemus

161 1148 292 1177 attentius
311 1147 438 1185 quatinus
458 1156 504 1183 ea,
522 1155 586 1184 quae
606 1156 640 1176 ex
660 1155 738 1185 parte
757 1146 847 1177 nostri
868 1145 999 1177 culminis
1013 1145 1097 1177 vobis
1110 1144 1230 1182 referet,

160 1186 231 1217 sicut
245 1186 328 1216 nobis
342 1185 435 1216 vestra
449 1183 544 1216 credat
557 1184 683 1216 affectio.

205 1263 282 1293 Data
296 1263 325 1293 in
341 1262 447 1293 Castris
461 1269 524 1292 ante
538 1261 637 1292 Castra
653 1261 752 1292 Pontis
766 1261 936 1301 Placentiae,
954 1269 1056 1300 quarto
1070 1259 1135 1292 Kal.
1157 1258 1230 1290 No-

162 1302 306 1340 ‘vembris‚
328 1312 362 1332 11
383 1301 553 1333 Indicstione.

160 1415 283 1464 Liitera
299 1426 494 1472 Imperatoris
507 1427 603 1471 Regi,
630 1435 692 1470 qna
716 1421 855 1469 Offenfizs
871 1426 1009 1471 Gregorii
1039 1428 1151 1458 acriter
1176 1422 1228 1457 ob-

300 1476 431 1521 jurgat,
456 1477 492 1513 &
507 1471 669 1520 perfidiam
687 1474 799 1519 Legati
820 1474 884 1519 ejus
902 1474 1076 1518 inftslamr,

1261 372 1403 415 invenitur
1424 373 1454 402 in
1474 373 1583 412 Legato
1603 373 1670 404 fides
1687 375 1692 404 Ι
1720 376 1806 413 qualis
1819 386 1833 406 a
1850 386 1926 414 patre
1941 378 2038 418 Legati
2056 379 2211 410 mentiendi
2224 390 2327 418 proce-

1261 409 1303 439 dit
1315 411 1479 442 audioritas!
1501 412 1633 454 utqfidem
1647 421 1792 452 reputent,
1810 413 1873 445 fidei
1887 417 2034 447 vinculum
2046 428 2107 448 non
2121 418 2241 449 servare!

1300 448 1330 478 O
1354 451 1442 488 quam
1460 450 1625 488 pestiferum
1646 452 1681 481 ab
1703 451 1837 482 Ecclesiae
1852 455 2008 486 rectoribus
2023 465 2134 488 emanat
2147 458 2325 496 exemplum!

1263 485 1294 516 Ο
1318 488 1404 526 quam
1419 489 1534 519 evidens
1547 514 1557 527 ,
1575 489 1676 520 omissa
1698 492 1829 529 veritate,
1847 492 1991 531 deceptio!
2011 504 2042 525 ut
2057 495 2201 535 RegIbus,
2219 498 2253 528 ὃς
2269 497 2330 528 Po-

1262 525 1405 557 testatibus
1419 550 1428 565 ,
1451 529 1484 558 &
1506 527 1683 565 Principibus
1704 530 1780 559 orbis
1804 531 1916 567 (quibus
1929 542 2044 571 propter
2056 535 2259 572 impatientiam
2273 546 2328 574 po-

1262 564 1365 595 testatis
1386 565 1525 604 invident)
1548 567 1579 596 sit
1600 568 1743 607 praecipue
1766 570 1984 605 praecavendum
1999 595 2008 608 ,
2027 582 2063 602 ne
2076 573 2111 603 de
2126 574 2199 604 facili
2213 574 2238 605 se
2254 576 2328 613 pra:-v

1263 604 1349 634 beant
1363 606 1491 635 manibus
1506 606 1674 636 eorumdem
1683 630 1692 644 ,
1709 607 1757 644 qui
1772 606 1880 645 semper
1894 609 2016 646 recipere
2031 620 2168 642 conantur
2182 614 2329 653 incaurm,

1264 643 1298 673 ὃς
1313 643 1395 679 pium
1406 652 1550 683 reputant,
1569 646 1765 675 innocentiam
1779 645 1998 684 condempnare.

1302 680 1372 711 Nos
1386 691 1496 720 autem,
1518 684 1566 721 qui
1580 683 1738 723 universos,
1757 685 1791 714 &
1805 684 1925 724 singulos
1940 695 2057 725 eorum,
2076 688 2139 718 tum
2155 698 2188 719 ex
2201 691 2328 721 vicinita-

1264 726 1308 757 te,
1326 720 1390 750 turn
1401 721 1437 750 ab
1452 730 1569 758 experto
1584 722 1617 752 &
1631 723 1659 751 in
1673 731 1739 753 cute
1755 723 1815 760 jam
1836 724 1988 763 novimus,
2001 726 2090 756 taliter
2103 737 2172 766 vos,
2189 738 2236 765 per
2251 728 2330 759 inda-

1264 759 1361 797 ginem
1377 768 1471 789 rerum
1484 760 1595 791 fallaciis
1608 760 1742 791 volumus
1756 770 1853 792 cautos
1867 762 1999 801 existere,
2016 773 2047 795 ut
2061 765 2143 795 nobis
2157 766 2328 797 intendimus

1264 795 1442 839 potissimum
1458 807 1630 837 praecavere,
1649 799 1786 837 sperantes
1802 801 1830 830 in
1846 810 1898 839 eo,
1918 803 1965 840 qui
1981 802 2079 840 Reges
2092 804 2125 834 &
2139 803 2240 849 Regni
2255 816 2330 836 con-

1265 834 1368 872 stituit,
1387 837 1484 874 quod,
1498 837 1573 874 juste
1584 839 1712 873 injuriam
1727 838 1933 878 propulsantes,
1948 841 2115 872 violentiam
2128 844 2211 873 nobis
2227 844 2332 875 illatam

1266 872 1425 904 nostrarum
1450 876 1553 906 virium
1575 878 1727 907 conamine
1747 878 1958 918 propellemus,
1987 881 2020 910 ὃς
2042 882 2071 910 in
2110 881 2183 912 ladio
2200 882 2332 921 justitiae,

1267 921 1372 954 quem,
1389 912 1506 943 auctore
1520 913 1672 954 Domino,
1692 916 1861 955 bajulamus,
1879 917 2057 949 sacerdotum
2072 929 2090 959 g
2101 919 2195 957 adios,
2214 922 2331 959 quibus,

1266 950 1381 988 objecta
1393 950 1482 990 stola,
1500 952 1613 984 lumbos
1626 953 1688 984 suos
1702 954 1853 985 inhoneste
1868 956 2045 996 praecingunt
2059 981 2068 995 ,
2087 957 2187 996 justius
2202 960 2335 990 retunde-

1267 997 1338 1017 mus.

1305 1025 1438 1066 Dignum
1453 1028 1564 1066 insuper
1577 1028 1706 1060 duximus
1721 1030 1756 1060 ad
1771 1031 1894 1061 vestram
1910 1033 2039 1064 notitiam
2056 1034 2236 1065 referendum
2253 1035 2334 1074 quod

1269 1063 1347 1095 idem
1361 1065 1437 1103 Papa
1451 1090 1461 1105 ,
1486 1066 1556 1098 sicut
1577 1066 1619 1096 est
1631 1068 1683 1097 suis
1698 1069 1825 1099 moribus
1840 1079 1983 1108 praeceps,
1998 1073 2031 1102 ὃς
2046 1072 2207 1104 inconstans
2223 1075 2252 1104 in
2267 1084 2334 1105 orn-

1268 1104 1351 1134 nibus
1362 1105 1414 1135 viis
1430 1105 1482 1135 suis
1517 1105 1634 1136 strenuis
1649 1107 1714 1136 viris
1726 1107 1762 1137 de
1775 1107 1890 1137 Francia
1904 1109 2116 1149 crucesignatis,
2134 1114 2184 1150 ὃς,
2201 1122 2254 1150 pro
2274 1114 2334 1143 voti

1268 1143 1437 1173 executione
1460 1153 1475 1173 a
1517 1145 1568 1175 iter
1589 1144 1724 1175 accinctis
1743 1146 1890 1184 prohibuit
1904 1170 1914 1184 ,
1931 1146 1982 1176 sub
1995 1149 2107 1179 censura
2122 1149 2334 1191 Ecclesiastica,

1269 1190 1306 1211 ne
1321 1181 1457 1212 transeant
1468 1184 1497 1212 in
1511 1183 1657 1221 praesenti,
1676 1193 1737 1213 non
1750 1183 1895 1214 attendens
1910 1184 2102 1216 necessitatem
2123 1199 2228 1226 eorum,
2246 1190 2335 1220 chris-

1269 1220 1336 1250 tiani
1355 1221 1496 1251 exercitus
1515 1223 1545 1251 in
1566 1221 1636 1252 ultra
1653 1223 1766 1252 marinis
1784 1223 1906 1260 partibus
1930 1227 2135 1255 commorantis
2150 1238 2160 1264 3
2187 1228 2288 1264 quibus
2303 1229 2334 1258 in

1270 1261 1438 1299 emergentis
1460 1259 1534 1290 casus
1553 1260 1672 1291 articulo
1694 1261 1800 1291 nedum
1821 1261 1858 1291 de
1877 1262 2074 1302 crucesignatis
2088 1286 2099 1302 ,
2121 1264 2160 1294 set
2174 1264 2210 1294 de
2223 1262 2335 1297 noviter

1269 1298 1468 1335 consignandis
1476 1298 1593 1329 deberet
1607 1300 1639 1329 in
1651 1299 1786 1330 auxilium
1800 1300 1957 1330 subvenire.

1306 1335 1399 1367 Unde
1417 1337 1453 1367 ab
1468 1337 1602 1374 operibus
1623 1337 1680 1375 ejus
1694 1360 1704 1376 ,
1723 1348 1788 1376 quae
1801 1338 1852 1369 suo
1865 1338 2032 1370 testimonio
2045 1339 2214 1378 profitentur
2228 1340 2336 1380 astori,

1269 1374 1386 1413 potestis
1399 1376 1552 1415 agnoscere
1566 1376 1645 1414 quod
1659 1376 1806 1414 duplicitas
1818 1378 1928 1408 viarum
1943 1378 2054 1408 suarum
2073 1378 2233 1410 scandalum
2249 1390 2336 1418 geue—

1267 1421 1320 1452 ret,
1339 1414 1373 1445 &
1388 1415 1474 1445 totius
1488 1415 1670 1446 universitatis
1682 1415 1872 1447 incommoda
1884 1417 2086 1447 subministret.

1306 1482 1383 1522 Data
1390 1513 1400 1529 ,
1417 1491 1479 1523 &c.

10 1548 144 1619 AlngffigD·
197 1560 346 1598 Mperator
359 1560 435 1600 Regi
448 1559 573 1628 salute&
586 1596 615 1627 P*
628 1597 633 1603 μ
676 1597 682 1603 ι
810 1596 839 1627 Η
1112 1598 1129 1629 s
1170 1599 1175 1604 .

111 1611 117 1618 .
841 1607 853 1626 s
1596 1620 1602 1625 .
1867 1621 1871 1626 .
2152 1624 2158 1628 ,

10 1598 128 1665 An-323-
163 1598 519 1677 impssffsfflffiuliffimst
540 1637 571 1666 in
589 1606 755 1673 &5135ssss
769 1604 1230 1668 &Euiortffiaeiibssssii‘ssss'fflffffi
1273 1616 1385 1649 anua
1404 1615 1486 1663 qm
1502 1616 1618 1650 Elfffw
1635 1630 1692 1650 ”⁰⁷²
1707 1616 1870 1663 debesfiffl
1889 1617 1924 1652 de
1940 1618 2065 1666 Perstm
2085 1622 2156 1667 reg,
2168 1620 2317 1667 fhspeaa.

10 1671 46 1695 Η·
71 1675 96 1703 3·
164 1687 215 1715 per
228 1687 295 1715 eos,
312 1661 449 1707 Romana
459 1675 533 1706 sedes
548 1674 692 1713 illius,qui
707 1675 844 1712 Princeps
859 1674 918 1705 esse
930 1674 1034 1706 dicitur
1040 1675 1231 1715 sacerdomm,
1455 1704 1460 1709 .
1555 1704 1559 1709 .
2018 1707 2023 1712 .
2098 1707 2102 1712 -
2207 1707 2212 1713 -
2309 1707 2314 1713 -

8 1705 146 1741 Claufi42.
164 1718 194 1746 in
208 1715 289 1746 suum
303 1715 430 1746 adversus
442 1725 494 1746 nos
509 1722 742 1753 praeconceptum
757 1713 874 1751 odium,
892 1713 927 1744 ad
943 1714 1095 1746 universale
1117 1714 1231 1745 scanda-
1275 1702 1341 1764 G
1350 1702 1494 1747 Regpsms
1506 1702 1678 1748 EplsCOPUS‘
1696 1704 1791 1749 servus
1801 1704 1952 1750 servomm
1965 1705 2190 1744 De¹202r¹ffim⁰
2204 1718 2233 1737 ¹¹¹
2243 1706 2342 1752 chus*
2363 1713 2438 1744 Ann-
2451 1713 2492 1744 D·

9 1748 46 1787 Η·
68 1752 93 1780 3·
109 1753 145 1773 m·
164 1755 226 1785 lum
261 1754 299 1784 fic
312 1754 425 1793 exarsit,
442 1754 514 1784 adeo
527 1752 643 1784 adverso
657 1751 863 1783 Ecclefiasticae
876 1752 1016 1790 religionis
1028 1753 1144 1792 ordine,
1158 1764 1232 1791 prae-
1360 1750 1393 1786 {⁰
1407 1742 1467 1786 '2¹¹0
1614 1742 1711 1773 ¹¹¹³stf¹
1732 1743 1808 1783 Reg¹
1828 1744 1941 1784 Anghae
1958 1744 2074 1776 fstluoem
2092 1745 2126 1777 ὃ(
2141 1745 2341 1784 APOstOhcam
2384 1754 2469 1792 1238-

17 1790 61 1818 ¹5·
163 1801 207 1824 ter
219 1779 348 1824 mandata
362 1794 430 1831 legis
447 1794 577 1831 (quarum
592 1791 663 1822 lator
678 1792 711 1823 &
726 1798 803 1829 pater
825 1791 883 1821 effe
893 1792 1039 1830 debuerat)
1056 1803 1110 1831 qua
1117 1802 1233 1832 perver-
1271 1781 1516 1812 benedlfflonem·
2359 1796 2412 1820 An.
2430 1803 2476 1830 23.

163 1833 216 1871 tit,
234 1831 320 1871 dum,
338 1834 365 1865 se
384 1831 532 1863 hostilibus
552 1829 635 1861 rebus
654 1830 814 1860 immiscens
827 1853 837 1869 ,
855 1829 957 1861 dubios
975 1830 1118 1862 bellorum
1145 1840 1233 1863 even-

163 1879 225 1909 tus,
245 1871 335 1901 caedes
349 1872 517 1908 hominum,
535 1868 696 1900 obsidiones
709 1869 826 1899 urbium
841 1869 874 1899 &
889 1870 1078 1900 universaliter
1099 1878 1233 1909 procurat

164 1911 293 1948 undique
307 1906 429 1948 pericula
443 1920 481 1947 po
502 1908 632 1946 ulorum,
651 1907 781 1947 sponsam
796 1907 904 1938 Christi
918 1907 1093 1947 Ecclesiam,
1112 1917 1234 1940 matrem

165 1948 313 1986 nostram,
336 1949 426 1987 (cujus
438 1957 472 1978 au
504 1948 603 1978 oritate
615 1946 728 1976 libitum
744 1956 797 1984 pro
811 1946 891 1977 licito
913 1947 1051 1986 sequitur,
1069 1949 1086 1979 e
1108 1948 1234 1979 sanctua-

165 1987 210 2017 rio
226 1986 284 2017 Dei
299 1987 410 2018 suarum
423 1985 561 2018 vindi&as
575 1986 786 2016 inimicitiarum
801 1987 944 2023 exercens)
960 1985 1067 2024 reddit,
1094 1987 1169 2024 proh
1176 1987 1231 2017 do-

164 2025 226 2056 lor!
248 2025 358 2056 mundo
376 2025 546 2064 notabilem,
565 2032 596 2056 ut
608 2024 762 2063 subjectam
773 2023 945 2055 inconstanti
958 2025 992 2056 &
1004 2025 1125 2056 volubili
1138 2035 1235 2056 rerum

164 2064 256 2094 actori
278 2065 338 2103 (qui
359 2064 500 2102 prtesidet,
518 2065 570 2102 &,
586 2065 705 2094 nomine
724 2062 875 2101 Ecclesiae,
893 2063 1000 2094 diversa
1013 2065 1099 2095 variat
1113 2066 1147 2096 &
1163 2075 1235 2095 con-

164 2102 276 2141 fingit),
295 2103 463 2140 experientia
484 2103 551 2133 fasti
572 2102 695 2140 singulos
714 2101 871 2140 edocente,
890 2112 951 2132 non
973 2104 1107 2134 inmerito
1126 2104 1162 2134 ab
1172 2103 1234 2134 Ec-

165 2141 265 2179 clesia,
284 2151 337 2179 pro
357 2142 413 2179 ejus
434 2141 564 2179 praefide,
582 2141 618 2171 ab
639 2149 755 2179 experto
783 2148 861 2179 patre
882 2140 1023 2172 mendacii
1037 2166 1047 2180 ,
1072 2142 1236 2174 meticulosa

163 2179 275 2218 suspitio
289 2179 423 2210 cordibus
437 2181 591 2210 hominum
611 2179 757 2210 inferatur.

202 2219 387 2257 Qapropter
397 2217 583 2249 affectionem
597 2217 722 2249 vestram
734 2219 928 2258 contingentia
940 2229 1000 2250 non
1015 2221 1138 2258 patimur
1150 2222 1235 2259 igno-

165 2266 241 2288 rare:
262 2257 370 2296 Nuper
391 2258 469 2287 enim
481 2281 491 2295 ,
517 2267 567 2295 per
589 2256 725 2295 quosdam
744 2256 781 2287 de
801 2258 954 2296 majoribus
970 2257 1098 2290 fratribus
1113 2259 1183 2298 suis,
1201 2261 1235 2291 &

164 2295 309 2336 religiosos
330 2296 397 2326 alios
420 2297 496 2327 viros
512 2319 522 2334 ,
545 2295 691 2334 aspirantes
712 2294 746 2326 ad
767 2297 895 2334 quietum
914 2296 1050 2328 Ecclesiae
1062 2298 1182 2337 statum,
1201 2299 1235 2329 &

164 2335 218 2372 piis
239 2335 361 2365 zelantes
383 2333 523 2365 desideriis
544 2335 655 2365 bonum
675 2336 750 2373 pacis
764 2359 773 2374 ,
799 2334 922 2366 adhibita
937 2335 977 2366 est
990 2347 1057 2367 cura
1071 2337 1238 2376 propensior

164 2373 329 2404 inveniendi
349 2373 470 2404 modum
485 2399 494 2412 ,
520 2374 554 2404 &
576 2373 699 2404 habendi
722 2374 873 2404 tra&atum
886 2397 896 2412 ‚
912 2385 961 2413 per
978 2385 1065 2413 quem
1081 2378 1152 2406 inter
1165 2386 1236 2416 nOS,

164 2413 199 2443 &
215 2412 390 2444 Pontificem
405 2412 568 2443 Phariseum
583 2412 687 2451 istum,
705 2420 806 2443 contra
820 2412 909 2443 nostri
932 2414 1076 2446 honorem
1091 2416 1234 2455 nominis,

185 2460 250 2482 rava
272 2451 388 2481 consilia
406 2451 590 2490 colligentem
605 2475 614 2489 ,
632 2450 666 2481 ad
683 2459 795 2481 certum
811 2459 922 2489 tempus
938 2460 1098 2493 treugarum
1113 2464 1237 2492 compo-

163 2460 229 2519 ¹sitio
243 2488 340 2527 fieret,
358 2489 429 2520 infra
444 2489 541 2528 quod,
560 2499 610 2529 per
624 2499 692 2527 vos,
712 2499 799 2528 quem
814 2489 951 2520 habemus
965 2492 994 2521 in
1009 2493 1093 2522 omni
1105 2492 1236 2523 dileffio-

165 2537 204 2558 ne
227 2529 404 2565 praecipuum
419 2553 428 2567 ,
456 2530 489 2560 ὃς
509 2528 578 2558 alios
597 2528 743 2566 Principes
766 2528 844 2559 orbis
866 2537 966 2567 terrae,
983 2530 1018 2561 ad
1032 2531 1149 2570 integrae
1163 2532 1239 2569 pacis

166 2566 402 2596 reformationem
416 2568 592 2604 oportunitas
604 2567 790 2597 commodior
803 2567 965 2598 haberetur:

206 2603 344 2643 Cumque
358 2615 428 2644 ηοε,
447 2604 552 2635 eisdem
565 2606 630 2635 viris
644 2606 838 2636 inventoribus
852 2606 933 2644 hujus
949 2607 1019 2645 viae,
1038 2616 1141 2644 praeter
1155 2608 1235 2645 spem

164 2643 200 2675 δί
217 2643 374 2683 creditum,
393 2653 446 2684 pro
461 2643 599 2674 Ecclesiae
612 2645 786 2682 reverentia,
805 2644 1033 2676 condescendere
1047 2645 1240 2686 dignaremur,

169 2682 345 2722 Gregorius,
363 2683 456 2713 dietus
471 2682 562 2723 Papa,
581 2683 693 2721 petebat
708 2683 905 2722 Lumbardos,
924 2684 1040 2715 rebelles
1054 2684 1184 2724 nostrOS,
1203 2687 1237 2718 &

168 2720 258 2752 nostri
273 2721 403 2751 bannitos
418 2720 553 2759 Imperii,
571 2722 674 2761 treugis
690 2722 752 2759 ipsis
768 2721 874 2752 debere
888 2724 1010 2761 muniri,

207 2760 321 2799 Qibus
336 2759 451 2790 exclusis
466 2769 574 2799 treugas
587 2760 644 2790 illas
657 2770 718 2790 non
733 2762 837 2798 poterit
853 2770 1015 2800 acceptare,
1034 2771 1066 2793 ut
1080 2762 1239 2794 evidentio-

166 2807 229 2829 rem
242 2798 320 2829 daret
334 2799 469 2829 omnibus
482 2798 660 2829 intellectum
673 2798 752 2837 quod
765 2801 913 2839 negotium
928 2801 1076 2832 rebellium
1090 2802 1235 2833 Lumbar—

167 2837 275 2868 dorum
288 2838 362 2868 fovit
379 2837 411 2868 &
425 2837 521 2874 fovet,
540 2839 569 2868 in
585 2837 717 2868 nostrum
732 2837 833 2869 odium
847 2838 1029 2870 manifestum
1054 2840 1122 2871 illud
1136 2850 1237 2881 gerens

166 2876 202 2907 &
224 2884 355 2914 reputans
376 2875 474 2907 velum
483 2875 581 2917 suum,
600 2886 773 2915 quamquam
788 2877 922 2908 hactenus
936 2878 986 2908 alia
1001 2864 1141 2918 palliaret,
1161 2881 1239 2918 quod

168 2924 230 2945 non
246 2916 276 2944 in
290 2914 420 2945 favorem
434 2914 558 2953 ipsorum
567 2940 576 2954 ,
595 2915 634 2946 set
649 2915 690 2946 ob
704 2915 929 2956 transgressiones
942 2917 1020 2956 alias,
1037 2928 1104 2956 quas
1117 2918 1240 2959 fingebat

168 2962 270 2984 contra
284 2963 337 2983 nos
345 2976 355 2991 ,
373 2953 408 2983 ad
425 2955 728 2986 excommunicationis
740 2955 904 2986 sententiam
915 2956 1100 2993 processisset.

208 2991 302 3029 Qod
316 2991 491 3022 intolerabile
506 2992 597 3023 visum
613 2992 654 3023 est
668 2993 768 3032 nobis,
782 3001 812 3025 ut
827 2994 976 3025 rebellibus
991 2995 1094 3026 nostris
1129 2995 1240 3027 diutino

167 3037 333 3069 guerrarum
352 3029 512 3060 discrimine
532 3031 646 3071 fatigatis
661 3056 671 3070 ,
695 3033 771 3063 &in
787 3033 886 3071 majori
900 3041 978 3073 parte
992 3021 1142 3074 depressis,
1164 3044 1240 3067 treu-

169 3076 216 3107 gas
230 3067 393 3099 concedere
405 3067 588 3108 deberemus,
605 3070 640 3100 ad
656 3080 782 3107 quorum
795 3071 1019 3111 persecutionem
1034 3074 1068 3104 &
1082 3073 1239 3105 vindidiam

168 3107 292 3136 accincti
307 3106 407 3137 vexilla
423 3107 567 3146 vidiricia,
585 3109 618 3139 ὃς
635 3112 818 3147 praepotentia
831 3110 931 3141 Castra
949 3111 1046 3142 nostra
1064 3113 1240 3151 triumphali-

170 3152 212 3175 ter
225 3144 356 3176 duximus
372 3145 528 3176 educenda.

213 3182 252 3213 Et
266 3183 332 3214 licet
344 3185 441 3223 nobis,
460 3185 487 3214 in
503 3184 631 3215 confinio
646 3185 811 3225 Campaniae
829 3188 1039 3221 castra-metatis
1053 3215 1062 3228 ,
1080 3190 1241 3231 suggeretur

173 3220 326 3260 instanter,
344 3222 378 3252 ad
392 3223 547 3263 ingressum
570 3223 640 3254 illius
656 3224 835 3265 Provinciae,
853 3227 916 3258 data
932 3228 1012 3266 plena
1027 3228 1129 3260 fiducia
1142 3230 1178 3260 de
1185 3240 1239 3268 op-

173 3267 273 3298 tentu,
291 3260 370 3299 super
389 3271 448 3300 quo
470 3261 576 3293 doloris
595 3262 700 3302 gladius
713 3264 748 3295 ad
763 3266 928 3304 injuriatoris
944 3269 1068 3298 animam
1103 3269 1242 3299 ertransis-

1311 1819 1395 1850 Licet
1416 1819 1511 1850 dilecti
1533 1819 1582 1850 silii
1602 1819 1736 1858 Magistri
1755 1820 1808 1851 W.
1826 1820 1934 1852 Hardel
1975 1822 2010 1853 &
2025 1821 2065 1853 R.
2086 1822 2202 1854 Auketil
2216 1823 2341 1864 Clerici,
2361 1836 2395 1859 H.
2418 1841 2444 1867 3.

1273 1860 1307 1890 &
1323 1857 1364 1888 D.
1384 1857 1420 1889 de
1434 1858 1574 1889 Barentin.
1595 1857 1700 1897 Miles,
1719 1859 1833 1890 Nuncii
1847 1862 1907 1898 tui,
1922 1846 1957 1891 ad
1972 1861 2182 1893 removendum
2195 1863 2231 1893 de
2246 1863 2342 1894 litteris
2363 1875 2401 1897 Ex
2417 1872 2476 1897 Au-

1272 1896 1391 1936 nostris,
1405 1906 1454 1937 per
1470 1908 1538 1938 quas
1552 1898 1592 1927 ad
1602 1896 1763 1937 eligendum,
1775 1897 1824 1937 ftu
1833 1898 2025 1938 postulandum
2040 1901 2072 1930 de
2086 1900 2190 1941 confilio
2206 1900 2343 1941 diled't'ifi-
2363 1917 2427 1946 mgr.

1274 1935 1305 1965 lii
1317 1935 1415 1976 nostri,
1434 1940 1468 1966 O.
1487 1938 1582 1966 Sanbli
1594 1936 1705 1966 Nicolai
1720 1940 1748 1966 in
1769 1947 1873 1966 carcere
1892 1936 2012 1969 Tullian.
2041 1942 2157 1969 Diaconi
2171 1942 2346 1980 Cardinalis,

1274 1974 1435 2016 Apostolicae
1454 1976 1530 2006 Sedis
1548 1978 1650 2012 Legati
1699 1986 1757 2004 cum
1777 1975 1820 2005 his
1833 1979 1880 2015 qui
1893 1980 1979 2006 vicem
1993 1981 2022 2006 in
2035 1976 2159 2009 eleflione
2172 1978 2272 2009 habere
2286 1991 2346 2010 nos-

1274 2021 1371 2044 cuntur
1504 2017 1625 2044 Priorem
1704 2018 1876 2044 Conventum
1898 2017 2057 2045 Wntonen.
2082 2017 2207 2057 Ecclefiae
2226 2017 2347 2059 restitui-

1274 2063 1331 2082 mus
1345 2077 1355 2093 ,
1376 2052 1572 2091 postulationis
1591 2053 1714 2085 verbum
1733 2053 1807 2092 apud
1829 2064 1881 2084 nos
1896 2057 2040 2092 oportune
2052 2055 2204 2087 institerint
2216 2066 2301 2096 atque
2316 2069 2347 2089 e-

1274 2092 1343 2123 tiam
1357 2093 1539 2131 importune,
1555 2093 1619 2131 quia
1632 2100 1745 2130 tamen,
1765 2092 1944 2124 consideratis
1959 2093 2175 2126 circumstantiis
2190 2097 2323 2127 universis
2337 2121 2349 2136 ,

1275 2130 1436 2162 sublimitati
1450 2139 1508 2162 tuae
1524 2141 1586 2162 non
1598 2130 1721 2162 vidimus
1733 2130 1881 2171 expedire,
1899 2133 2030 2170 petitioni
2045 2143 2147 2164 eorum
2160 2135 2189 2164 in
2201 2135 2254 2166 hac
2270 2144 2349 2173 parte

1275 2179 1336 2200 non
1351 2169 1484 2200 duximus
1498 2169 1691 2201 annuendum.

1313 2208 1425 2239 Verum
1441 2210 1505 2248 quia
1518 2210 1623 2240 honori
1636 2216 1688 2240 tuo
1701 2219 1738 2239 cu
1760 2210 1849 2248 imus,
1867 2219 2005 2248 quantum
2017 2220 2087 2241 cum
2101 2210 2170 2242 Deo
2180 2212 2329 2253 possumus
2338 2236 2348 2251 ,

1276 2247 1428 2285 providere
1443 2270 1453 2286 ,
1477 2248 1571 2279 eidem
1596 2247 1708 2285 Legato
1751 2249 1876 2288 irigimus
1892 2249 1992 2287 scripta
2010 2249 2106 2280 nostra
2121 2274 2131 2288 ,
2159 2259 2190 2281 ut
2202 2251 2349 2288 provideat

1275 2285 1422 2326 diligenter
1467 2287 1548 2325 quod
1563 2287 1599 2318 de
1614 2287 1660 2317 tali
1674 2287 1794 2328 persona
1807 2286 1944 2319 Ecclesiae
1959 2288 2141 2326 provideatur
2155 2288 2266 2328 eidem,
2284 2299 2350 2329 quae

1277 2326 1329 2355 tibi
1345 2310 1469 2363 suspedia
1484 2327 1587 2356 merito
1602 2336 1662 2356 non
1677 2325 1785 2357 existat.

1292 2442 1297 2448 .
1314 2402 1393 2473 Ἐκ..
1403 2402 1532 2434 Lateran.
1550 2403 1676 2435 secundo
1689 2402 1732 2435 Id.
1747 2403 2084 2443 Januarii,Pontificatfis
2098 2405 2191 2437 nostri
2204 2415 2281 2437 anno
2295 2414 2351 2439 ter-

1277 2450 1319 2473 tio
1351 2453 1458 2474 ecimo.

1635 2518 1763 2550 Plumbeo
1776 2519 1868 2559 Sigillo
1876 2521 2011 2559 pendente
2025 2533 2044 2550 a
2048 2520 2102 2563 filo
2118 2521 2243 2552 canabeo.

1280 2643 1307 2671 ᾖ
1329 2645 1421 2679 Bulla
1439 2641 1522 2691 qnod
1536 2644 1623 2677 nulla
1638 2645 1764 2691 perfhna
1787 2648 1859 2693 Regi
1869 2646 2006 2692 sitspeffa
2031 2646 2161 2694 eligatur
2178 2650 2211 2679 in
2228 2645 2350 2693 Episbo-
2371 2663 2387 2681 η
2405 2663 2504 2701 1333,

1645 2705 1721 2740 pum
1740 2694 1981 2740 Wntonienst’m.

1280 2779 1346 2841 G
1356 2779 1498 2819 Regorius
1515 2779 1672 2819 Episcopus
1687 2804 1697 2819 ,
1715 2779 1808 2811 servus
1822 2780 1970 2812 servorum
1984 2780 2060 2820 Dei,
2079 2780 2189 2812 dilectis
2203 2782 2265 2812 filiis
2278 2781 2350 2813 No-
2369 2786 2446 2817 Ann,
2460 2786 2505 2817 D,

1367 2819 1473 2849 bilibus
1489 2820 1574 2858 viris,
1594 2819 1632 2849 R.
1653 2818 1814 2850 Cornubiae
1829 2820 1862 2851 &
1878 2819 2032 2859 Pirstaviae,
2051 2821 2104 2850 W.
2118 2820 2260 2851 Warram.
2275 2821 2304 2860 J.
2315 2821 2353 2852 de
2393 2827 2478 2866 1238,

1279 2858 1367 2897 Lascy
1397 2858 1579 2889 Lincolnien.
1599 2859 1639 2888 R.
1656 2857 1755 2903 Bigod.
1775 2858 1935 2889 Norfolch.
1955 2858 1996 2889 H.
2015 2859 2052 2890 de
2072 2859 2224 2890 Albiniaco
2247 2859 2284 2890 de
2306 2859 2350 2890 A-
2371 2869 2424 2894 Aa.
2440 2875 2485 2903 ²³·

1278 2897 1394 2935 rundel,
1414 2896 1455 2926 H.
1475 2897 1511 2927 de
1526 2896 1586 2927 Ver
1600 2897 1755 2928 Oxoniens
1775 2896 1898 2936 Rogero
1919 2897 1956 2928 de
1970 2898 2097 2937 Qency
2111 2897 2294 2929 Wintonien.
2307 2898 2350 2929 H.
2372 2910 2404 2932 H.
2424 2913 2449 2941 3.

1277 2936 1315 2966 de
1337 2936 1428 2966 Boun.
1448 2935 1648 2966 Herriforden.
1665 2938 1700 2968 ὃς
1718 2935 1810 2966 Essec.
1830 2936 1882 2967 W.
1901 2935 1938 2966 de
1960 2936 2088 2967 Ferrariis
2108 2935 2145 2966 de
2165 2937 2266 2968 Darbe
2281 2961 2291 2977 ,
2317 2938 2351 2969 &
2373 2948 2413 2971 Ex
2429 2945 2490 2977 Ata-2

1278 2974 1407 3044 ’ἔίἒξπα
1422 2973 1459 3004 de
1474 2974 1645 3015 VVarewyk.
1664 2974 1846 3013 Comitibus‚
1864 2974 1981 3005 salutern
1997 2976 2031 3006 &
2046 2975 2247 3014 Apostolicam
2260 2977 2352 3008 bene-
2371 2990 2436 3019 ιαμ,

1300 3024 1307 3043 i
1340 3023 1448 3044 ionem.

1316 3052 1485 3083 Nobilitatis
1498 3050 1601 3083 vestrae
1614 3052 1716 3082 litteras
1730 3061 1798 3090 quas
1818 3052 1901 3082 nobis
1916 3075 1926 3091 ,
1945 3052 2027 3091 super
2049 3053 2215 3091 provifione
2228 3054 2352 3086 Winto-

1281 3091 1355 3121 nien.
1381 3090 1517 3121 Ecclesiae
1530 3115 1540 3128 ,
1565 3090 1707 3120 destinatis
1721 3114 1731 3128 ,
1750 3090 1873 3130 benigne
1895 3092 2047 3130 recipimus
2059 3117 2070 3131 ,
2089 3092 2124 3124 &
2138 3103 2204 3132 quae
2219 3095 2352 3125 contine-

1280 3130 1382 3160 bantur
1395 3130 1424 3159 in
1439 3130 1495 3167 eis,
1513 3129 1700 3159 intelleximus
1715 3129 1879 3168 diligenter:
2287 3162 2290 3166 ,

1318 3168 1431 3199 Verum
1444 3170 1524 3206 quia,
1544 3167 1704 3206 priusquam
1719 3167 1754 3197 ad
1767 3178 1819 3198 nos
1835 3168 1945 3199 eaedem
1959 3169 2060 3200 litterae
2075 3170 2283 3210 pervenissent,
2301 3180 2353 3201 ne-

1280 3208 1393 3246 gotium
1414 3208 1497 3245 ipiius
1517 3206 1653 3237 Ecclesiae
1662 3229 1671 3244 ,
1690 3205 1728 3236 de
1740 3206 1860 3237 consilio
1873 3208 1993 3238 fratrum
2007 3207 2173 3240 nostrorum
2187 3208 2351 3239 ordinatum

1280 3247 1371 3277 fuerat
1393 3247 1427 3276 &
1447 3247 1531 3276 etiarn
1551 3245 1714 3283 expeditum
1728 3268 1737 3282 ,
1764 3245 1838 3276 aliud
1854 3246 1933 3284 super
1949 3247 2007 3278 hoc
2022 3246 2145 3277 ordinari
2160 3257 2221 3277 non
2235 3246 2351 3285 decuit,

32 3923 163 3962 ·1.387.
182 3916 274 3947 citum
295 3919 458 3956 juramento
484 3918 610 3956 firmatis)
633 3920 751 3949 nomine
778 3919 798 3938 *²

172 3298 229 3338 set,
250 3309 321 3337 nOS,
341 3298 375 3328 ad
389 3299 523 3338 praesens,
541 3302 583 3331 ob
598 3303 741 3332 honorem
754 3303 813 3334 Dei
836 3306 870 3336 ὃς
886 3308 1072 3337 reverentiam
1109 3316 1239 3338 eatorum

174 3336 386 3375 Apostolorum
409 3337 484 3368 Petri
507 3341 540 3383 §c
561 3339 666 3378 Pauli,
689 3341 789 3378 quibus
814 3329 924 3381 (utpote
940 3347 987 3383 qui
1003 3345 1112 3376 sacrum
1125 3346 1242 3385 Imperii

174 3375 304 3407 diadema
323 3376 360 3406 de
380 3387 425 3407 ara
446 3377 519 3408 beati
542 3377 619 3409 Petri
641 3377 819 3419 suscepimus)
839 3382 896 3413 esse
911 3384 1045 3416 nolumus
1060 3386 1183 3415 omnino
1199 3387 1242 3415 in-

173 3415 261 3459 grati,
279 3415 316 3445 ab
330 3415 451 3455 ingressu
464 3416 497 3446 &
512 3418 676 3454 receptione
686 3417 755 3448 illius
770 3427 851 3449 terrae
862 3421 1021 3454 destitimus
1036 3435 1046 3460 3
1064 3424 1243 3462 expetitantes

176 3455 293 3484 interim
307 3454 327 3484 si
342 3453 473 3485 nostrum
487 3454 680 3492 injuriatorem
693 3456 756 3487 alias
767 3460 878 3489 vexatio
891 3470 1008 3492 revocet
1022 3463 1058 3492 ab
1072 3462 1196 3492 offensis.

215 3491 354 3523 Praeterea
376 3503 438 3523 non
459 3494 580 3531 patimur
595 3504 648 3524 vos
661 3493 744 3526 latere
779 3496 874 3527 ualiter
890 3498 982 3530 homo
999 3500 1066 3539 iste,
1084 3501 1175 3531 diCtus
1189 3501 1243 3532 Pa-

175 3540 230 3570 pa,
248 3533 278 3562 in
298 3531 447 3562 obsidione
468 3532 586 3562 Ferariae
608 3531 737 3563 Civitatis
772 3537 888 3576 mperii,
907 3539 941 3569 ὃς
957 3538 1140 3579 Salinguerrae
1155 3539 1242 3571 fidelis

174 3570 284 3609 nostri,
300 3569 544 3608 Bononiensibus,
562 3570 591 3601 V
592 3572 695 3609 enetiS‚
713 3572 746 3603 ὃς
757 3573 814 3604 aliis
828 3577 987 3607 convicinis
1007 3578 1110 3608 nostris
1153 3579 1244 3609 rebel-

175 3607 249 3640 libus
270 3611 437 3641 convocatis
452 3633 462 3649 ,
482 3609 624 3646 Legatum
644 3609 725 3639 suurn
772 3622 840 3642 cum
863 3603 1243 3649 Mediolanenfibus'fecerit

177 3648 353 3688 convenire,
373 3647 492 3679 Ducem
506 3647 612 3678 ibidem
627 3649 767 3679 exercitus
778 3651 812 3681 &
827 3652 980 3684 restorem.

219 3686 283 3725 Qi
295 3686 367 3718 adeo
380 3687 504 3717 eundem
517 3697 586 3717 cum
600 3687 790 3724 complicibus
805 3688 857 3719 suis
871 3714 881 3729 ,
901 3691 1107 3732 Salinguerram
1128 3695 1162 3726 ὃς
1178 3695 1245 3726 Fer-

151 3733 157 3738 ·
183 3726 304 3764 rariam,
323 3726 353 3756 in
368 3725 624 3757 exhaeredationem
636 3724 768 3769 Imperii,
788 3731 940 3768 coartavit,
983 3731 1041 3762 uod
1054 3743 1070 3762 a
1081 3732 1133 3763 suis
1148 3734 1245 3772 prodi-

184 3771 229 3794 tus
244 3765 375 3803 (receptis
396 3764 463 3795 inde
480 3763 710 3802 promissionibus
725 3764 758 3794 &
773 3765 860 3802 pastis
875 3767 912 3798 de
925 3770 966 3799 im
987 3772 1140 3808 empnitate
1153 3773 1247 3811 perso-

178 3811 225 3831 nae
236 3803 308 3842 suae,
327 3804 362 3835 δε
375 3813 471 3834 rerum
485 3802 596 3833 suarum
609 3827 619 3841 ,
645 3804 679 3834 ὃς
693 3802 729 3832 de
742 3803 842 3833 salubri
855 3814 935 3837 mora
949 3807 995 3838 sua
1007 3810 1038 3839 in
1049 3810 1149 3841 eadem
1163 3811 1247 3843 Civi-

179 3847 252 3879 tate,
270 3851 386 3873 necnon
408 3852 458 3880 per
476 3841 600 3873 eundem
622 3841 762 3881 Legatum
784 3841 872 3873 Duce
885 3844 1085 3886 Venetiarum,
1104 3850 1248 3886 potestati-

178 3876 584 3919 bus,re&oribus,capitaneis
598 3879 752 3918 exercitus,
771 3880 805 3911 &
837 3883 982 3915 eneraliter
994 3895 1043 3923 per
1057 3894 1153 3918 toturn
1168 3898 1247 3918 exer-

849 3920 956 3952 cclefiae
977 3925 1170 3961 juramentum
1192 3928 1247 3957 im-

239 3954 297 4023 ἓὶἱῑ,
315 3957 350 3988 &
370 3957 398 3988 se
417 3967 451 3989 ac
471 3957 635 3996 praedictam
658 3957 814 3988 Civitatem
835 3958 981 3997 assignavit
994 3961 1148 4000 specialiter
1160 3964 1247 4003 poffi-

204 4001 239 4023 en
259 4003 315 4024 am.

221 4030 287 4070 Set,
302 4030 368 4069 post
379 4032 556 4065 deditionem
570 4033 699 4066 Civitatis
714 4036 749 4066 &
763 4035 856 4074 suam,
874 4035 950 4068 ider‘n
963 4038 1160 4079 Legatiis5tan
1201 4051 1248 4072 arn

183 4067 223 4108 fi,
239 4077 275 4101 ex
285 4069 431 4110 legationis
443 4072 564 4112 officio,
584 4074 748 4114 fungeretur
761 4074 905 4107 celebrare
918 4078 1099 4118 penjuria‚qii
1182 4089 1249 4111 mo-

1280 3287 1318 3315 ne
1333 3284 1469 3314 Romana
1483 3283 1608 3314 Ecclesia
1623 3283 1715 3322 posset
1730 3285 1809 3322 argui
1824 3285 1949 3316 levitatis.

1315 3323 1465 3354 Caeterum
1502 3333 1572 3353 cum
1584 3321 1758 3353 carissimum
1782 3324 1812 3353 in
1827 3323 1945 3354 Chi-isto
1960 3323 2050 3355 filium
2066 3324 2198 3354 nostrum
2213 3323 2351 3355 illustrem

1281 3362 1395 3402 Regem
1405 3386 1413 3400 ,
1427 3371 1460 3392 ac
1473 3347 1619 3400 Reginam
1635 3361 1746 3401 Angliae
1762 3362 1883 3400 quadam
1898 3363 2008 3400 speciali
2022 3364 2205 3402 praerogativa
2221 3362 2352 3394 dileffio-

1282 3402 1322 3431 nis
1337 3402 1370 3432 ὃς
1383 3401 1479 3439 gratiae
1495 3399 1712 3440 prosequamur,
1730 3411 1763 3431 ac
1779 3411 1828 3438 per
1842 3401 1900 3431 hoc
1917 3402 2040 3431 omnino
2053 3401 2192 3439 velimus,
2210 3409 2241 3431 ut
2255 3401 2291 3432 de
2309 3411 2352 3433 ta-

1282 3440 1353 3470 libus
1395 3440 1498 3469 erfonis
1522 3439 1703 3477 provideatur
1722 3438 1854 3469 Ecclesiis
1877 3439 1995 3470 viduatis
2009 3461 2019 3476 ,
2037 3449 2102 3477 quae
2118 3439 2195 3479 Regi
2209 3440 2352 3478 praedicto*

1281 3448 1415 3516 Γυῖρεέξκ
1430 3479 1536 3508 merito
1551 3487 1612 3508 non
1626 3477 1760 3515 existant,
1778 3478 1925 3515 praefatum
1941 3479 2109 3516 negorium,
2129 3487 2267 3517 quantum
2282 3489 2352 3510 cum

1282 3516 1352 3547 Deo
1386 3517 1528 3554 otuimus,
1547 3516 1581 3546 ad
1595 3516 1741 3547 honorem
1755 3516 1835 3553 ipsius
1851 3516 1940 3546 Reois
1953 3518 2113 3547 curavimus
2128 3517 2277 3556 expedire,

1320 3555 1362 3585 Di
1374 3555 1440 3586 esto
1463 3554 1522 3586 silio
1542 3555 1642 3585 nostro
1658 3578 1667 3593 ‚
1693 3554 1733 3584 O.
1753 3555 1848 3584 Sanffi
1879 3541 2020 3584 fficholai
2042 3556 2070 3584 in
2092 3565 2206 3586 carcere
2226 3556 2352 3588 Tullian.

1283 3593 1420 3625 Diacono
1435 3593 1594 3632 Cardinali,
1614 3594 1641 3624 A
1662 3592 1792 3623 ostolica:
1808 3593 1876 3623 sedis
1892 3593 2020 3632 Legato,
2039 3595 2088 3632 qui
2102 3593 2217 3634 Regem
2228 3595 2352 3636 &Reg-

1284 3643 1356 3663 num
1372 3632 1475 3663 sincerfi.
1492 3632 1582 3676 diligit
1596 3633 1624 3662 in
1673 3632 1776 3662 omino
1790 3632 1919 3669 caritate,
1937 3631 2044 3662 nostras
2067 3632 2170 3663 litteras
2184 3634 2354 3674 dirigentes,

1284 3680 1314 3702 ut
1336 3671 1484 3710 provideat
1504 3670 1653 3709 diligenter
1674 3669 1753 3707 quod
1772 3669 1808 3699 de
1827 3670 1873 3700 tali
1886 3669 2003 3707 persona
2018 3669 2154 3702 Eccleiiae
2169 3673 2351 3711 provideatur

1283 3709 1395 3748 eidem,
1412 3719 1475 3748 quae
1489 3709 1626 3747 praedidffi
1641 3708 1717 3746 Regi
1731 3707 1852 3746 suspeaefta
1867 3709 1972 3739 merito
1987 3719 2048 3740 non
2061 3709 2167 3741 existat.

1322 3747 1391 3779 Dat.
1408 3748 1537 3778 Lateran.
1556 3747 1633 3777 seitto
1648 3745 1691 3776 Id.
1712 3746 1856 3777 Februarii
1870 3771 1879 3785 ,
1896 3746 2082 3779 Pontificatsis
2096 3749 2186 3781 nostri
2205 3759 2281 3781 anno
2293 3759 2349 3781 ter-

1285 3788 1328 3819 tio
1343 3786 1468 3819 decimo.

1636 3859 1764 3892 Plumbeo
1777 3861 1869 3900 sigillo
1877 3864 2010 3901 pendente
2023 3875 2042 3894 a
2047 3864 2102 3906 filo
2115 3865 2240 3896 canabeo.

2266 4118 2352 4148 Bulla
