2570 4261
598 189 728 232 ET
837 191 1155 235 ACTA

17 289 84 322 Am,
106 286 139 318 D
163 273 283 306 eundem
297 274 407 307 fratrem
423 274 580 307 Walterum
598 276 627 305 in
644 274 896 315 Archiepiscopum
911 278 1233 318 Armachanum,totius

40 339 52 359 1
76 312 114 365 67
141 311 148 318 '
164 314 310 344 Hiberniae
325 313 494 352 Primatem,
510 324 607 344 curam
623 314 657 344 &
668 315 934 347 administrationem
946 317 996 346 sibi
1009 318 1038 346 in
1053 317 1233 355 spiritualibus

20 337 75 396 Ed}
96 350 124 392 2⁶
166 354 199 383 ὅτ
217 353 418 390 temporanbus
433 352 656 390 committendo,

79 388 85 395 “
113 387 121 395 ’
204 389 353 427 Perpendit
372 390 512 420 Dominus
528 390 590 420 Rex
607 399 773 420 memoratus
786 391 852 428 ipsas
869 391 965 421 litteras
985 392 1232 431 Apostolicas,sibi

165 428 261 466 &juri
280 427 329 458 suo
351 427 447 465 Regio
467 428 527 458 fore
551 428 746 465 praejudiciales
766 452 776 467 ,
799 432 837 459 eo
861 431 984 460 maxime
1000 431 1075 469 quod
1090 431 1233 462 Dominus

165 465 242 503 Papa
266 467 442 504 committit,
467 476 517 503 per
528 466 652 504 easdem,
668 466 761 496 eidem
784 467 857 497 fratri
879 467 1007 498 Waltero
1021 479 1118 499 curam
1134 471 1167 500 &
1185 470 1233 500 ad—

163 503 396 534 ministrationem
417 504 611 543 temporalium
629 526 638 542 ,
661 515 723 542 quae
746 506 774 534 in
800 516 883 536 manu
901 506 980 543 ipsius
997 506 1118 537 Domini
1138 509 1228 545 Regis

164 551 231 573 tunc
248 541 357 585 fuerunt
363 565 374 586 .³
392 542 425 572 &
444 542 479 572 de
498 542 595 580 quibus
612 542 646 572 ad
665 542 753 580 ipsum
772 543 934 574 Dominum
949 543 1053 582 Papam
1068 546 1155 576 nichil
1168 557 1233 577 oni-

166 590 237 611 nino
252 588 390 617 pertinuit.

205 618 319 656 Qiibus
340 618 455 656 quidem
474 617 582 655 litteris,
600 617 690 655 quoad
710 618 788 649 illum
802 620 946 651 articulum
981 621 1014 651 δε
1029 631 1128 652 omnes
1148 621 1229 660 alios,

166 657 197 687 in
212 656 309 694 quibus
325 656 404 687 dieto
418 655 547 686 Domino
561 658 657 686 nostro
672 656 749 694 Regi
767 658 800 687 &
813 659 869 695 juri
882 659 932 688 suo
947 643 1043 696 Regio
1056 660 1234 698 fuei·unt,vel

171 694 228 725 esse
242 703 406 733 potuerunt,
424 695 627 732 quoquomodo
641 695 853 734 praejudiciales‚
871 697 1017 734 praediffius
1031 697 1112 729 frater
1126 699 1236 729 &Valte-

167 743 228 771 rus,
247 735 276 763 in
291 732 435 771 praesentia
449 732 571 762 Domini
586 732 693 771 Regis,
711 735 785 771 mei,
803 734 916 764 Notarii
934 735 1057 775 publici,
1075 735 1233 767 &testium

165 771 378 810 subscriptorum
387 793 396 809 ,
412 771 441 800 in
455 770 575 801 Camera
588 771 693 810 Regis,
712 773 740 801 in
754 774 872 811 prioratu
886 773 921 802 de
936 774 1060 811 Lenton,
1078 777 1159 805 tertio
1176 774 1235 805 Ka-

168 809 242 840 lend.
281 809 434 846 octobris,
453 809 539 839 Anno
554 810 590 839 ab
613 811 800 840 incarnatione
820 811 943 841 Domini
966 812 1113 843 millesimo
1127 822 1235 843 trecen-

168 848 266 879 tesimo
276 847 411 886 septimo,
429 847 587 878 Indiciione
605 848 694 886 sexti,
712 848 886 886 personaliter
905 849 1068 881 constitutus
1083 874 1092 890 ,
1108 853 1230 882 omnino

168 887 359 925 renunciavit,
376 886 426 916 sub
441 886 594 917 verborum
607 887 757 925 sententia,
777 897 840 926 quae
854 888 1022 926 sequuntur,

204 923 271 961 Ego
290 923 385 954 fratrer
403 924 556 963 Walterus,
576 935 624 962 per
640 924 852 956 Sanffiffimum
866 926 975 956 Patrem
991 927 1152 958 Dominum
1168 927 1235 958 Cle-

169 971 313 1000 mentem,
330 962 425 993 divina
440 963 628 1001 providentia,
648 962 752 1001 Papam
767 966 910 1003 quintum,
929 966 958 994 in
979 965 1233 1005 Archiepiscopum

168 1001 381 1032 Armachanum
396 1002 557 1039 praefeftus:

204 1039 248 1069 Illi
262 1040 404 1077 particulae
420 1040 569 1069 litterarum
585 1039 826 1080 Apostolicarum,
846 1041 882 1071 de
898 1041 960 1072 mei
974 1044 1233 1081 promotione,vo-

166 1077 210 1108 bis
222 1077 318 1109 illustri
329 1077 455 1116 Principi
470 1078 604 1108 Domino
617 1078 771 1116 EdwardO,
789 1079 846 1110 Dei
861 1081 966 1117 gratia,
984 1080 1061 1118 Regi
1078 1081 1231 1118 Angliae&

168 1115 301 1147 Domino
312 1116 461 1147 Hiberniae
475 1139 486 1155 ,
509 1116 694 1155 diretstarum,
721 1118 750 1146 in
769 1118 823 1155 qua
838 1119 928 1149 michi
941 1118 997 1156 ipse
1011 1128 1085 1157 pater
1108 1120 1235 1157 praefatus

168 1156 384 1195 temporalium,
402 1155 437 1186 ad
451 1165 548 1186 meum
567 1155 848 1193 Archiepiscopatum
868 1156 1068 1196 spediantium,
1086 1167 1183 1188 curam
1199 1159 1232 1189 &

168 1193 438 1225 administrationem
459 1195 630 1232 committit,
647 1194 680 1224 &
699 1195 829 1225 omnibus
847 1195 904 1225 aliis
924 1195 1041 1234 ipsarum
1066 1196 1232 1226 Litterarum

169 1242 204 1263 ac
229 1233 319 1263 tenori
333 1256 344 1272 ,
386 1241 496 1263 uatenus
511 1231 712 1270 praejudicant,
737 1233 781 1262 vel
799 1234 980 1271 praejudicare
1003 1242 1131 1272 poterunt
1153 1236 1236 1271 regio

164 1271 220 1308 juri
240 1271 333 1338 vestr?⁸
403 1281 478 1301 ronae
488 1293 498 1308 ,
519 1270 564 1301 vel
580 1269 682 1308 Regiae
699 1270 829 1307 dignitati
846 1271 943 1303 vestrae
958 1295 968 1311 ,
987 1272 1077 1310 palam
1096 1275 1232 1304 renuncio

168 1310 202 1340 &
220 1319 252 1339 ex
274 1312 313 1340 rei
326 1319 350 1339 e.

203 1320 316 1386 ipsaeque
330 1346 492 1385 temporalia
506 1346 638 1384 paradisis
653 1356 711 1376 non
726 1347 983 1379 virtutelitterarum
991 1348 1215 1387 Apostolicarum
1225 1373 1236 1388 ,

166 1385 205 1416 set
219 1396 253 1416 ex
266 1385 357 1416 vestra
372 1385 449 1422 regia
473 1384 578 1423 gratia,
598 1385 655 1423 (cui
670 1394 717 1415 me
731 1385 865 1416 submitto
885 1387 1002 1418 totaliter
1025 1389 1053 1417 in
1069 1388 1121 1418 hac
1142 1392 1229 1426 parte)

166 1433 214 1454 me
225 1424 312 1454 fateor
324 1432 510 1462 recepturum.

167 1537 186 1570 s
203 1499 278 1569 A‘Cbh
299 1499 408 1532 fuerunt
428 1501 523 1531 omnia
541 1500 623 1540 haec,
639 1500 702 1540 die,
719 1511 810 1540 anne,
827 1501 861 1533 &
879 1501 944 1533 loco
961 1501 1135 1542 supradietis,
1160 1513 1232 1542 prae-

179 1548 237 1570 enti
258 1549 306 1578 us,

170 1618 288 1646 Domino
305 1615 392 1661 nestro
412 1619 527 1646 Domino
545 1618 630 1655 Rege,

206 1654 342 1686 Dominis

170 1696 216 1723 A.
234 1693 377 1723 Patriach.
394 1692 560 1733 Iherofiilom.

168 1733 202 1770 J.
220 1731 324 1770 Ciceslr.
343 1732 486 1772 Episcopo,

169 1772 211 1800 H.
229 1773 330 1799 Comite
343 1770 470 1801 Lincoln.

169 1811 204 1839 U.
223 1811 325 1838 Comite
338 1809 421 1848 Herf.

171 1849 202 1878 T.
220 1850 323 1877 Comite
338 1846 484 1887 Lancastr.

727 1618 766 1646 H.
784 1615 807 1646 le
825 1616 928 1657 Despen
941 1628 976 1648 er.

726 1660 766 1684 W.
785 1658 857 1694 lnge.

723 1693 760 1731 J.
775 1695 807 1724 de
821 1694 951 1734 Bemstea
966 1694 1078 1733 clerico,

722 1735 822 1762 Fratre
836 1733 871 1772 J
885 1734 916 1762 de
932 1733 1057 1764 Lenloam
1065 1757 1077 1772 ,

724 1773 768 1801 W.
785 1772 817 1800 de
834 1771 959 1809 Melton,

723 1812 765 1839 A.
783 1810 815 1839 de
834 1809 979 1850 Osg'oteby,

724 1850 758 1877 R.
776 1849 807 1878 de
821 1848 960 1889 Berdelby.

206 1927 341 1959 Testibus
354 1928 389 1959 ad
405 1928 462 1960 hoc
475 1927 624 1968 specialiter
638 1930 744 1961 vocatis
757 1930 791 1961 &
802 1930 914 1968 rogatis.

170 2024 172 2028 .
209 2003 246 2036 Et
263 2014 321 2042 ego
344 2004 475 2043 Rogerus
492 2005 528 2037 de
546 2005 694 2037 Staunford
713 2005 855 2046 Clericus,
874 2006 1007 2037 Lincoln.
1024 2006 1169 2045 Diocesis,
1185 2015 1237 2044 pu-

170 2042 276 2081 blicus,
293 2044 453 2074 auctoritate
469 2044 597 2075 Romani
614 2045 743 2084 Imperii,
761 2045 913 2084 Notarius,
930 2045 1074 2083 praemiffis
1090 2046 1235 2083 omnibus,

171 2091 242 2112 cum
259 2082 341 2112 dietis
359 2082 486 2122 testibus,
504 2084 620 2121 praesens
636 2084 748 2115 interfui
764 2106 774 2122 ,
801 2084 834 2115 ὅ(
851 2094 883 2114 ea
899 2085 996 2114 omnia
1012 2083 1105 2126 scripsi
1121 2106 1131 2122 ,
1157 2084 1190 2114 &
1208 2084 1237 2113 in

170 2120 243 2150 hanc
268 2121 410 2158 publicam
435 2121 558 2153 formam
584 2122 706 2161 redegi,
732 2131 856 2161 meoque
873 2122 953 2161 signo
978 2124 1113 2153 consueto
1131 2122 1239 2160 signavi

173 2167 294 2196 rogatus.

26 2278 153 2315 *HI-¹4·
364 2283 391 2310 ’X‘
404 2287 449 2319 De
458 2284 620 2319 Rebellione
637 2289 793 2319 Scotorum
807 2285 1005 2331 refraenanda.

25 2373 102 2405 Ann.
115 2373 157 2404 D.
173 2371 293 2434 REX
310 2371 417 2402 ductito
434 2371 652 2409 Consanguirieo
672 2371 705 2402 &¹
726 2371 799 2401 fideli
817 2371 865 2402 suo
880 2395 890 2410 ,
905 2371 1026 2411 johanni
1041 2372 1076 2403 de
1099 2371 1240 2404 Britannia

45 2421 131 2452 1307.
246 2410 358 2440 Comiti
377 2410 616 2448 Richemundiae,
634 2408 753 2440 Custodi
766 2409 815 2440 suo
829 2410 951 2448 Scotiae,
970 2411 1091 2441 salutem.

26 2455 79 2479 Aa.
102 2462 125 2480 i.
213 2451 291 2488 Quia
309 2448 491 2479 intelleximus
509 2459 557 2486 per
574 2448 672 2478 litteras
690 2447 858 2478 dilectorum
875 2449 907 2479 δε
921 2448 1042 2480 fidelium
1064 2447 1238 2488 nostrorum,

25 2494 56 2518 Ε.
77 2499 103 2517 2.
169 2489 305 2529 johannis
318 2486 354 2517 de
366 2487 474 2518 Saneto
484 2486 630 2525 Johanne,
647 2486 789 2523 Donegal.
805 2487 866 2517 διες.
884 2488 917 2518 &
939 2488 1021 2517 totius
1043 2486 1132 2518 Corn.
1150 2488 1240 2525 majo-

25 2528 113 2566 Claus.
133 2537 157 2555 ι.
172 2537 236 2559 rum
259 2527 292 2558 ὃς
316 2526 469 2556 hominum
491 2524 681 2565 Galewydiae,
724 2524 783 2555 uod
802 2524 941 2555 Robertus
957 2524 993 2555 de
1010 2525 1076 2556 Brus
1094 2527 1128 2557 &
1146 2525 1240 2556 Com-

25 2571 55 2594 Ε.
76 2576 102 2593 2.
120 2577 156 2595 m.
171 2566 257 2604 plices
273 2565 330 2602 sui,
346 2563 462 2594 Inimici
478 2564 511 2594 &
524 2563 652 2593 Rebelles
666 2573 704 2593 no
731 2564 754 2593 ri
760 2586 770 2601 ,
785 2563 819 2593 ad
838 2563 947 2594 easdem
962 2571 1048 2601 partes
1065 2564 1240 2605 Gaiewydiae

30 2605 72 2633 18.
91 2606 118 2634 d.
166 2606 228 2643 jam
247 2610 382 2634 venerunt
394 2625 405 2641 ,
422 2602 528 2632 ibidem
543 2603 679 2640 roberias,
698 2601 867 2640 homicidia,
884 2602 1121 2641 depraedationeS,
1141 2604 1240 2633 incen-

170 2643 218 2674 dia
237 2643 271 2673 &
288 2641 340 2673 alia
360 2641 483 2679 dampna
497 2640 700 2678 quamplurima
717 2648 916 2679 perpetrantes,
933 2650 1046 2671 necnon
1059 2641 1093 2672 &
1109 2642 1240 2672 homines

171 2682 290 2720 partium
307 2679 415 2710 illarum
431 2680 464 2710 &
478 2681 596 2716 partium
607 2678 792 2717 adjacentium
807 2687 903 2710 contra
915 2689 965 2709 nos
980 2679 1120 2717 insurgere
1137 2690 1240 2718 procu-

170 2728 258 2751 rantes
269 2720 302 2750 &
314 2718 527 2756 compellentes:

212 2759 303 2789 Vobis
320 2757 482 2787 mandamus
503 2755 596 2795 quod,
613 2755 754 2794 assumptis
770 2754 919 2786 vobiscum
935 2755 1097 2787 hominibus
1111 2756 1164 2786 illis
1195 2758 1243 2795 qui

172 2796 295 2835 deputati
309 2795 368 2826 sunt
381 2796 410 2825 in
424 2794 513 2826 vestra
526 2794 671 2825 Comitiva
685 2795 816 2824 moraturi
830 2817 840 2832 ,
857 2804 970 2824 necnon
984 2795 1017 2825 ὃ(
1040 2795 1098 2825 aliis
1116 2779 1241 2826 fideiibus

175 2835 275 2866 nostris
288 2836 318 2865 in
332 2835 451 2872 partibus
464 2833 569 2864 Scotite
585 2833 842 2871 commorantibus,
860 2832 949 2864 versus
965 2833 1054 2864 dicitas
1072 2842 1161 2872 partes
1180 2833 1243 2864 Ga-

173 2873 318 2914 lewydiae,
337 2882 389 2910 pro
404 2872 507 2902 malitia
521 2872 667 2902 <libiorum
680 2871 871 2902 inimicorum
893 2871 1052 2902 nostrorum
1063 2871 1243 2915 'refraenanda

175 2922 263 2942 manu
279 2910 384 2942 armata
401 2921 452 2942 vos
464 2933 474 2948 ,
498 2918 600 2949 quanto
618 2911 756 2949 potentius
773 2911 894 2948 poteritis
908 2933 918 2949 ,
943 2909 1100 2950 divertatis,
1116 2911 1184 2950 nisi,
1202 2911 1243 2941 ob

173 2951 262 2980 ma'us
281 2949 435 2987 periculum
451 2949 518 2979 alibi
534 2949 662 2980 duxeritis
678 2959 728 2979 vos
743 2947 969 2980 transferendum.

252 2988 412 3019 and-avimus
431 2988 510 3018 enim
528 2987 636 3019 dilediis
653 2988 686 3019 ὃς
704 2986 828 3018 fidelibus
843 2986 963 3025 nostris,

173 3067 294 3094 Patricio
321 3066 416 3094 Comiti
434 3064 466 3094 de
483 3063 617 3102 Dunbar,

171 3103 298 3141 Johanni
310 3103 342 3132 de
356 3101 500 3142 Hastinges
508 3125 518 3140 ,

173 3141 303 3180 Johanm'
316 3141 340 3171 le
354 3140 417 3170 Filz
432 3139 613 3178 Marmeduk,

172 3180 288 3211 Roberto
303 3180 335 3210 de
349 3178 435 3211 Keth.

727 3064 885 3094 Alexandro
902 3063 1093 3104 Dabernychi,

727 3105 815 3132 Henr.
833 3103 865 3132 de
883 3103 982 3133 Sandi‘o
996 3103 1093 3141 claro,

727 3140 891 3171 Alexandro
906 3141 937 3171 de
953 3141 1085 3180 Balliolo,

726 3178 765 3214 ό·
777 3179 906 3218 Johanm'
919 3180 950 3210 de
965 3183 1052 3218 Vaus,

209 3256 301 3296 Qiod
314 3256 363 3294 ipfi
398 3266 468 3287 cum
480 3256 557 3293 equis
569 3255 602 3285 &
620 3255 721 3292 armiS‚
738 3255 771 3286 ὃς
785 3263 846 3286 toto
867 3256 944 3295 poffe
959 3255 1024 3295 suo,

208 3294 246 3325 Et
260 3296 346 3325 etiam
382 3295 471 3325 ileffis
485 3295 519 3325 &
533 3293 656 3323 fidelibus
668 3292 783 3331 nostris,
800 3294 929 3333 Johanni
943 3298 1048 3325 Baroni
1060 3295 1092 3325 de
1105 3296 1241 3334 Wygeton.

174 3330 213 3367 &-
227 3333 362 3362 Richardo
381 3332 405 3362 le
420 3336 518 3371 Brun,
536 3330 707 3362 Custodibus
725 3333 799 3369 pacis
815 3332 918 3365 nostrae
937 3335 966 3364 in
985 3333 1075 3364 Com.
1096 3333 1239 3363 Lancastr.

173 3371 297 3402 Cumbr.
315 3371 348 3402 &
365 3370 532 3402 Westmerl.

210 3409 246 3440 Et
266 3408 373 3440 diiecstis
392 3410 425 3440 &
442 3408 567 3439 fidelibus
585 3407 700 3446 nostris,
717 3409 817 3445 Rogero
831 3411 959 3448 Heroun,
977 3409 1015 3446 ώ-
1037 3413 1137 3440 Simoni
1156 3411 1240 3439 Wr-

172 3449 204 3477 de
220 3471 230 3486 ,
249 3446 420 3479 Custodibus
436 3448 511 3485 pacis
527 3447 630 3477 nostrae
646 3447 678 3476 in
696 3444 785 3476 Com.
800 3446 834 3476 N
837 3448 994 3481 orthumbr.
1012 3450 1045 3481 δε
1062 3448 1186 3478 libertate
1203 3447 1239 3478 de

171 3486 202 3517 T
222 3486 304 3516 ndale

202 3497 299 3562 yQuod
313 3509 395 3555 Zobis
410 3523 440 3553 in
454 3521 614 3561 praemiffis‚
633 3523 686 3553 una
700 3532 769 3554 cum
786 3523 950 3556 hominibus
965 3524 1000 3557 de
1014 3525 1120 3556 eisdem
1134 3524 1240 3555 Comi-

173 3564 272 3594 tatibus
286 3563 319 3594 ὃς
334 3562 474 3600 libertate,
491 3561 542 3591 sint
555 3561 744 3600 intendentes,
761 3563 889 3602 quotiens
903 3564 937 3594 &
952 3565 1066 3603 quando
1083 3563 1160 3602 super
1180 3563 1237 3595 hoc

172 3612 207 3633 ex
222 3610 296 3640 parte
308 3600 403 3631 nostra
417 3610 466 3638 per
481 3609 531 3630 vos
547 3599 649 3629 fuerint
662 3601 831 3640 praemuniti.

209 3639 356 3670 Nolumus
370 3648 465 3670 tamen
485 3637 557 3676 ipsos
578 3637 721 3676 homines,
737 3647 810 3669 extra
828 3638 930 3671 limites
950 3639 1146 3672 Comitatuum
1167 3649 1239 3678 prae—

171 3677 316 3747 gistorum
326 3701 336 3717 ,
352 3677 386 3709 ad
403 3676 488 3708 dietas
506 3683 594 3715 partes
612 3675 717 3707 Scotiae
734 3676 851 3715 adduci,
867 3678 919 3708 nisi
936 3680 1027 3718 major
1046 3677 1187 3710 necessitas
1209 3678 1239 3710 id

193 3717 315 3756 eposcat.

209 3791 298 3825 Teste
314 3793 397 3832 Rege
408 3791 479 3836 apud
496 3791 625 3830 lenton,
641 3790 784 3823 tricesimo
797 3789 844 3822 die
858 3790 934 3830 Sept.

32 3850 106 3882 Ann.
121 3849 163 3881 D.

59 3898 145 3930 1307.

60 3938 84 3956 n.
107 3938 116 3955 1

29 3971 162 4069 {atilium
175 4005 215 4060 P
226 4002 298 4040 Apae
311 4002 392 4043 Rex,
408 4006 469 4036 &c.
487 4004 588 4036 devota
599 4002 703 4044 pedum
716 4002 808 4034 oscula
821 4003 978 4034 beatorum.

36 4051 47 4069 1
55 4062 60 4068 .
103 4063 108 4068 .
119 4052 146 4069 2.

252 4041 406 4072 Sanffltatis
421 4042 522 4074 vestrae
541 4044 638 4074 litteras
688 4042 768 4072 nobis
784 4051 832 4079 per
851 4041 1001 4074 discretum
1017 4042 1122 4074 Virum
1139 4041 1240 4080 Magi-

33 4089 71 4108 m-
84 4089 126 4108 ιι..
172 4079 432 4119 strumJohannem
450 4081 486 4113 de
503 4081 624 4113 Ferraria
641 4064 881 4120 Capelianum&
895 4079 1037 4113 Nobilem
1052 4081 1152 4114 virum
1167 4081 1239 4115 Gai-

403 3918 460 3953 Ad
477 3921 591 3965 Papam
602 3917 693 3964 sitper
712 3920 831 3951 Guerra
849 3920 993 3953 Francia.

1265 193 1844 248 PUBLICA.
2278 229 2331 270 93

1272 280 1390 314 harduin
1404 285 1440 315 de
1454 285 1592 330 Agassaco
1612 287 1823 329 Domicellum,
1842 289 1975 323 Nuncios
1994 293 2100 325 vestros
2114 295 2223 336 missas,
2241 298 2333 331 hono-
2347 282 2422 314 Ann·
2439 283 2480 315 D·

1271 330 1318 363 re,
1338 333 1396 360 quo
1413 323 1524 367 dec-uit,
1544 328 1715 365 recepimus,
1734 328 1766 358 &
1789 339 1885 359 earum
1907 338 2051 372 tenorem,
2069 344 2181 365 necnon
2204 346 2251 374 ea,
2289 349 2332 369 uae
2371 331 2472 361 1307·.

1270 359 1356 390 iidem
1371 361 1481 404 Nuncii
1497 362 1578 392 vestri
1579 374 1642 432 sper
1657 366 1827 396 credentiam
1844 367 1935 407 suam,
1955 370 2016 407 ipsis
2033 382 2047 402 a
2066 374 2228 409 paternitate
2241 385 2276 405 ve
2303 376 2333 407 ra
2351 363 2417 388 Edv.
2437 370 2463 389 Ζ·

1270 399 1451 429 commissam
1465 423 1474 438 ,
1506 410 1577 438 expo
1590 412 1684 433 uerunt
1706 404 1821 434 oraculo
1840 406 1913 436 vivae
1931 409 2010 438 vocis
2024 432 2035 447 ,
2067 410 2252 443 intelleximus
2269 413 2334 444 dili-

1271 445 1378 473 genter.

1308 474 1412 505 Verum
1438 477 1500 520 quia
1525 479 1639 514 negotia
1653 501 1662 516 ,
1686 480 1716 508 in
1731 479 1812 510 dietis
1829 480 1922 512 litteris
1939 492 2070 515 contenta
2087 509 2097 523 ,
2123 487 2157 518 &
2183 489 2265 520 nobis
2284 500 2333 528 per

1270 512 1382 543 eosdem
1400 512 1533 545 Nuncios
1551 515 1655 546 vestros
1672 517 1808 556 exposita,
1826 528 1894 549 com
1914 521 2047 552 letionem
2062 524 2094 554 &
2110 525 2333 559 consummatio-

1270 560 1339 580 nem
1353 553 1427 589 pacis
1443 551 1520 590 super
1535 554 1650 592 guerra,
1668 555 1739 585 inter
1761 555 1877 593 Regem
1922 562 2039 599 ranciae,
2059 563 2091 592 ὃς
2109 562 2268 596 Dominum
2284 576 2334 604 pa-

1270 596 1342 618 trem
1364 589 1490 634 nostrum
1512 590 1619 622 dudum
1643 593 1723 623 mota
1736 616 1746 631 ,
1770 604 1802 624 ac
1826 596 1907 625 totius
1929 596 2023 634 Regni
2045 599 2128 630 nostri
2143 601 2243 633 statum
2261 606 2332 635 adeo

1272 634 1390 663 tangere
1405 627 1622 668 dignoscuntur,
1641 630 1734 669 quod,
1752 631 1808 661 sine
1823 634 1938 664 conlilio
1946 634 2124 668 Praelatorum
2134 662 2144 676 ,
2163 639 2313 673 Comitum

1274 664 1431 708 Baronum,
1451 667 1483 697 ὃς
1497 668 1613 698 aliorum
1627 668 1751 700 fidelium
1770 670 1946 711 nostrorum,
1963 682 2071 705 certum
2093 678 2251 715 responsum
2269 667 2333 712 dare

1272 704 1448 740 nequivimus
1460 705 1537 742 super
1551 706 1619 745 iiiis3

1310 741 1434 784 Nunciis
1448 743 1541 773 vestris
1561 744 1700 781 praediffis
1715 769 1724 783 ,
1744 745 1777 776 ad
1792 746 1939 778 instantem
1966 751 2136 788 quindenam
2158 753 2252 785 Sanffl
2270 755 2334 786 Mi-

1272 778 1392 823 cli-aelis,
1410 781 1481 818 apud
1490 781 1693 820 Norbampton
1705 785 1765 822 (ubi
1777 793 1845 815 tunc
1863 796 1930 817 cum
1947 788 2078 826 praelatis,
2098 793 2260 827 proceribus
2295 795 2329 825 δε

1271 816 1328 846 aliis
1345 817 1380 861 de
1397 818 1502 856 Regno
1519 821 1637 858 nostro,
1661 821 1738 859 super
1760 825 1880 860 negotiis
1896 825 2034 862 praedicitis
2051 828 2215 860 habebimus
2228 853 2238 868 ,
2265 816 2332 862 Deo

1277 864 1416 894 propitio,
1435 858 1581 900 consilium
1595 860 1627 890 &
1644 861 1799 897 tractatum)
1820 861 1896 892 diem
1912 863 2041 896 duximus
2055 866 2259 903 affignandum.

1286 932 1290 937 ·
1309 893 1415 938 Vestrae
1435 897 1523 938 igitur
1545 895 1714 928 Clementiae
1732 897 1887 930 affeetuofis
1910 903 2036 938 precibus
2053 903 2248 944 supplicamus,
2267 918 2335 945 qua-

1271 940 1344 975 tinus
1365 932 1462 964 dilatio
1477 934 1608 973 ptaedic'ta
1624 946 1674 966 vos
1687 936 1770 967 taedio
1787 948 1846 967 non
1862 939 1964 970 afficiat
1979 941 2036 971 ullo
2052 944 2158 982 modo,
2176 946 2242 983 quin
2261 948 2334 983 poti-

1273 980 1304 1000 us
1327 980 1437 1001 moram
1460 972 1644 1003 Nunciorum
1667 974 1820 1004 vestrorum
1844 977 2047 1013 praedidtorum
2072 981 2162 1011 vestra
2189 983 2334 1014 Beatitudo

1271 1008 1379 1077 habepet
1389 1008 1539 1049 dignetur,
1557 1012 1664 1042 ratione
1688 1012 1823 1050 praedicta
1837 1036 1847 1052 ,
1865 1015 1897 1044 &
1913 1015 2002 1047 nostri
2019 1019 2135 1058 intuitu,
2151 1020 2336 1053 favorabiliter

1272 1056 1342 1077 excu
1353 1058 1368 1077 a
1380 1057 1434 1077 am.

1315 1084 1468 1116 Conservet
1488 1096 1539 1118 vos
1552 1087 1709 1126 altiffimus,
1728 1089 1788 1120 &c.

1308 1160 1374 1192 Dat.
1392 1161 1465 1200 apud
1483 1162 1682 1203 Notingham,
1699 1165 1717 1194 6
1734 1164 1781 1196 die
1793 1165 1937 1198 Odiobris.

1581 1288 1640 1322 Ad
1661 1292 1769 1337 Regem
1795 1292 2009 1327 Tartarorum.
2355 1301 2374 1322 ²*
2386 1303 2484 1339 111.15.

1272 1370 1553 1440 EXcellentiffimo
1570 1371 1712 1414 Principi,
1731 1375 1862 1406 Domino
1881 1376 2037 1417 Dolgieto,
2058 1378 2134 1417 Regi
2149 1380 2336 1414 Tartarorum
2356 1376 2431 1407 Assn·
2446 1376 2487 1407 D-

1336 1409 1438 1454 illustri
1452 1434 1462 1449 ,
1487 1411 1656 1452 Edwardus,
1677 1414 1735 1444 Dei
1759 1414 1867 1453 graria,
1886 1415 1949 1446 Rex
1972 1416 2104 1456 Angliae,
2122 1418 2266 1451 Dominus
2282 1421 2337 1452 Hi-
2378 1424 2462 1455 1307·

1272 1448 1397 1487 berniae,
1414 1451 1447 1480 ὃ(
1466 1448 1534 1481 Dux
1549 1452 1722 1491 Aquitaniae,
1739 1452 1852 1483 salutern
1870 1455 1903 1484 &
1923 1454 2017 1485 felices
2034 1456 2068 1486 ad
2086 1466 2151 1488 vota
2169 1458 2313 1491 successus.
2356 1458 2409 1482 An.
2428 1464 2451 1482 ¹-

1309 1485 1486 1518 Celsitudiuis
1502 1488 1600 1520 vestrae
1618 1490 1752 1521 Nuncios
1765 1514 1775 1530 ,
1801 1491 1836 1522 ad
1854 1492 1969 1523 celebris
1986 1496 2152 1534 memoriae,
2170 1496 2335 1529 Dominum
2355 1497 2384 1519 Ε·
2399 1502 2425 1519 2·

1272 1523 1445 1556 Edwardum
1459 1550 1469 1565 ,
1492 1537 1580 1565 nuper
1599 1528 1714 1566 Regem
1732 1530 1846 1567 Angliae
1859 1554 1869 1569 ,
1895 1530 2006 1562 Patrem
2033 1533 2162 1564 nostrum
2183 1536 2241 1574 (qui
2260 1545 2338 1567 ante-
2355 1535 2399 1559 1³⁰¹
2404 1533 2490 1559 ·R⁰m4

1279 1574 1363 1608 quam
1381 1564 1415 1595 ad
1434 1565 1522 1609 ipsum
1540 1566 1691 1607 venissent,
1716 1577 1872 1600 extremum
1892 1569 2019 1601 clauserat
2033 1571 2112 1601 diem
2129 1572 2187 1610 fati)
2210 1584 2278 1605 cum
2296 1575 2340 1606 lit-
2362 1579 2384 1596 ¹·
2401 1573 2430 1596 Ε·
2445 1579 2472 1596 ²·

1272 1610 1335 1632 teris
1353 1603 1451 1634 vestris
1469 1603 1564 1634 miffos
1577 1628 1588 1644 ,
1613 1605 1675 1643 post
1691 1606 1763 1637 dieti
1781 1608 1861 1646 patris
1886 1608 1973 1639 nostri
1994 1609 2139 1641 deceffiim
2163 1611 2341 1653 admisimus,
2358 1617 2395 1635 Μ’·
2409 1617 2450 1644 ¹3-

1277 1641 1310 1671 &
1327 1641 1428 1672 litteras
1441 1642 1544 1673 vestras
1559 1644 1762 1683 praedi&as,ac
1777 1657 1824 1684 ea,
1842 1656 1905 1685 quae
1922 1647 2009 1678 iidem
2024 1648 2060 1678 N
2061 1650 2137 1679 uncii
2146 1649 2228 1681 vestri
2236 1653 2337 1691 nobis,

1273 1688 1307 1709 ex
1326 1688 1400 1717 parte
1417 1680 1508 1711 vestra
1520 1704 1531 1720 ,
1558 1692 1606 1720 per
1632 1683 1812 1714 commistam
1839 1685 1900 1722 ipsis
1917 1696 1933 1716 a
1950 1687 2032 1717 vobis
2050 1687 2221 1719 credentiam
2239 1690 2337 1722 retule-

1273 1726 1353 1757 runt,
1369 1719 1524 1750 audivimus
1540 1721 1573 1751 &
1584 1722 1766 1752 intelleximus
1779 1722 1947 1763 diligenter,

1311 1756 1359 1801 De
1378 1757 1568 1789 benivolentia
1591 1759 1624 1790 &
1640 1770 1737 1790 amore
1753 1783 1764 1799 ,
1781 1771 1848 1799 quos
1866 1773 1916 1792 vos
1932 1764 1965 1793 &
1983 1766 2178 1801 progenitores
2194 1767 2277 1797 vestri
2295 1778 2339 1798 er-

1273 1803 1311 1832 ga
1327 1794 1441 1839 ‘dietum
1459 1798 1617 1834 genitorem
1635 1799 1760 1829 nostrum
1779 1801 1812 1831 &
1830 1810 1879 1830 nos
1895 1801 2025 1832 haetenus
2042 1802 2175 1842 geffistis,
2194 1806 2227 1835 &
2245 1805 2337 1837 adhuc

1274 1835 1386 1878 geritis-3
1403 1844 1514 1865 necnon
1532 1835 1567 1879 de
1586 1837 1715 1867 miffione
1733 1836 1918 1869 Nunciorum
1936 1839 2092 1871 vestrorum
2107 1865 2117 1880 ,
2135 1842 2168 1872 &
2184 1842 2337 1875 diledtione

1273 1882 1306 1902 ac
1326 1881 1443 1911 unitate,
1463 1884 1528 1912 quas
1541 1882 1611 1905 inter
1624 1885 1674 1906 vos
1686 1875 1719 1906 &
1734 1886 1784 1906 uos
1798 1877 1866 1907 hinc
1881 1878 1946 1908 inde
1960 1879 2079 1910 crescere
2094 1881 2193 1918 cupitis
2207 1882 2239 1912 &
2253 1893 2338 1920 auge-

1275 1911 1315 1949 ri,
1333 1911 1365 1941 ὅ(
1378 1911 1414 1941 de
1430 1922 1465 1942 eo
1481 1913 1623 1952 praecipue
1637 1913 1714 1952 quod
1729 1916 1899 1954 amicitiam,
1914 1918 1986 1947 inter
2009 1917 2131 1948 Nobiles
2147 1919 2340 1952 Antecessores

1275 1948 1380 1979 vestros
1395 1950 1428 1980 ὃ(
1445 1952 1604 1987 genitorem
1620 1951 1747 1982 nostrum
1770 1953 1936 1990 praeditstum
1957 1955 2098 1994 habitam,
2117 1960 2281 1990 memoriter
2297 1970 2341 1990 re-

1273 1987 1381 2026 tinctis,
1398 1997 1481 2026 prout
1495 1988 1648 2021 litterarum
1666 1989 1818 2022 vestrarum
1834 1991 1911 2022 series
1932 1994 2078 2033 patefecit,
2096 2005 2128 2026 ac
2145 1996 2201 2026 aliis
2215 1999 2338 2028 rumori-

1274 2025 1324 2056 bus
1332 2048 1343 2064 ,
1361 2028 1500 2057 contentis
1514 2028 1543 2057 in
1555 2028 1656 2059 eisdem
1670 2029 1767 2060 vestris
1779 2030 1870 2060 litteris
1885 2032 1918 2062 &
1933 2032 2074 2070 expreffis‚
2092 2043 2181 2071 grates
2194 2035 2340 2067 referentes

1274 2063 1372 2095 vestiae
1387 2064 1611 2102 Magnificentiae
1626 2066 1730 2105 Regiae
1744 2067 1878 2106 speciales.

1313 2101 1362 2133 De
1386 2113 1457 2141 pace
1474 2104 1610 2143 siquidem
1635 2106 1672 2136 ab
1695 2114 1758 2137 ortu
1775 2105 1834 2137 solis
1853 2107 1935 2145 usque
1954 2107 1988 2138 ad
2015 2108 2138 2140 confinia
2155 2110 2223 2142 ultra
2242 2122 2318 2143 mare
2333 2136 2343 2151 ,

1276 2139 1344 2210 Daph)
1361 2143 1501 2210 qropitio,
1519 2153 1568 2181 per
1585 2153 1637 2174 vos
1654 2143 1746 2183 faeta,
1765 2145 1917 2182 gaudemus
1935 2148 1965 2176 in
1983 2146 2135 2186 Domino,
2153 2150 2185 2180 ὃς
2200 2149 2341 2181 efficimur

1276 2189 1295 2210 v
1342 2191 1357 2211 e
1384 2189 1441 2211 aeti.

1315 2218 1463 2249 Caeterum
1480 2219 1556 2257 fiiper
1573 2231 1609 2251 eo
1622 2244 1632 2259 ,
1657 2221 1736 2259 quod
1756 2221 1874 2259 intelligi
1891 2223 1972 2253 vobis
1989 2223 2066 2255 datur
2082 2247 2092 2263 ,
2112 2225 2187 2263 quod
2206 2226 2278 2257 inter
2295 2236 2346 2257 nos

1275 2257 1324 2326 {ui
1342 2257 1482 2289 discordes
1499 2259 1602 2290 fuimus
1620 2261 1688 2290 citra
1708 2259 1790 2290 Mare
1804 2283 1814 2299 ,
1846 2270 1902 2302 pax
1915 2262 1947 2292 &
1967 2263 2124 2294 concordia
2142 2264 2343 2303 reformantur,

1302 2295 1455 2327 xcellentiae
1473 2296 1572 2328 vestrae
1588 2297 1690 2333 Reeiae
1709 2298 1838 2330 volumus
1856 2299 1912 2329 esse
1929 2309 2032 2332 notum
2048 2324 2058 2340 ,
2083 2302 2159 2340 quod
2183 2304 2252 2333 inter
2277 2313 2343 2341 nos,

1275 2333 1394 2364 firmiter
1421 2335 1560 2377 credimus
1577 2337 1610 2368 &
1628 2336 1765 2374 speramus
1780 2360 1790 2376 ,
1815 2337 1892 2375 super
1920 2339 2127 2378 quibuscunque
2151 2340 2292 2371 discordiis
2309 2342 2342 2372 &

1276 2374 1485 2411 controveriiiS,
1503 2374 1573 2404 hinc
1592 2375 1658 2404 inde
1675 2374 1820 2413 suscitatis,
1838 2377 1867 2405 in
1884 2375 1963 2407 brevi
1980 2400 1990 2416 ,
2017 2378 2156 2410 mediante
2173 2378 2231 2409 Dei
2250 2379 2342 2418 praesi-

1277 2411 1345 2449 dio,
1362 2410 1477 2441 finalem
1489 2411 1549 2442 fieri
1565 2413 1749 2444 concordiam
1763 2421 1845 2452 atque
1861 2423 1969 2452 pacem.

1313 2490 1380 2522 Dat.
1395 2490 1468 2529 apud
1481 2491 1643 2532 Norhamp.
1665 2494 1708 2524 16.
1725 2493 1772 2524 die
1786 2493 1911 2525 Oitobr.

1527 2621 1577 2652 De
1600 2617 1701 2662 Castro
1724 2619 1903 2652 Malileonis
1921 2620 2094 2666 recipiendo.

1279 2701 1400 2757 REX
1417 2705 1569 2743 omnibus,
1587 2705 1648 2734 &c.
1666 2703 1787 2735 salutem.

1374 2741 1455 2772 Licet
1478 2752 1566 2780 nuper
1584 2741 1692 2773 &lecito
1704 2743 1737 2773 &
1753 2742 1826 2773 fideli
1840 2742 1937 2773 nostro
1947 2743 2070 2783 Johanni
2084 2743 2120 2774 de
2134 2743 2283 2783 Havering
2296 2744 2345 2776 Se-
2366 2745 2441 2777 Ann.
2455 2745 2495 2777 D.

1282 2777 1399 2809 nescallo
1415 2779 1514 2810 nostro
1529 2780 1691 2820 Vasconiae,
1709 2782 1767 2811 reci
1787 2781 1879 2819 iendi,
1898 2792 1951 2819 pro
1967 2783 2049 2812 nobis
2061 2783 2094 2813 ὃς
2109 2782 2207 2813 nostro
2220 2786 2346 2823 nominc,
2387 2794 2470 2825 1307.

1279 2817 1458 2852 amagnifico
1466 2817 1597 2857 Principe
1613 2819 1746 2850 Domnio
1785 2819 1832 2849 hil.
1849 2819 1933 2857 Rege
1946 2820 2068 2851 Franciae
2083 2820 2196 2859 Illustri,
2211 2820 2344 2853 Castrum
2367 2827 2419 2851 An.
2447 2834 2470 2851 ι.

1284 2854 1445 2887 Malileonis
1453 2879 1463 2895 ,
1480 2857 1571 2889 &alia
1585 2857 1684 2889 Castra
1696 2859 1725 2888 in
1737 2856 1883 2888 Dominio
1898 2858 1934 2888 de
1947 2858 2047 2897 Senle,
2065 2869 2132 2890 cum
2141 2861 2270 2890 omnibus
2280 2861 2350 2900 juri·
2368 2867 2397 2889 Ε.
2416 2872 2441 2888 2.

1283 2894 1335 2961 bliits
1348 2894 1382 2925 &
1399 2897 1570 2933 pertinentiis
1586 2895 1637 2927 suis
1654 2919 1665 2935 ,
1682 2905 1730 2935 per
1748 2896 1847 2927 litteras
1864 2896 1967 2927 nostras
1985 2906 2105 2935 patentes
2123 2897 2280 2929 dederimus
2296 2910 2351 2937 po-
2369 2905 2495 2927 Ror.Rom.

1279 2941 1306 2962 te
1331 2940 1423 2963 atem:
2373 2947 2395 2966 r.
2409 2943 2434 2965 Ε.
2454 2947 2480 2964 2.

1295 3009 1299 3014 ‚
1320 2969 1373 3001 Ob
1394 2972 1495 3011 aliquas
1518 2981 1612 3004 tamen
1624 2981 1710 3004 certas
1724 2972 1814 3004 causas
1830 2973 1995 3011 potestatem
2007 2973 2102 3014 illam,
2120 2982 2217 3006 tenore
2231 2975 2349 3014 praesen·
2371 2986 2408 3006 m.
2420 2985 2461 3004 ιι.

1280 3017 1366 3048 tium,
1382 3020 1560 3049 revocantes,
2278 3043 2285 3049 ,

1318 3046 1488 3087 Recipiendi
1503 3060 1518 3080 a
1534 3049 1617 3087 Rege
1631 3050 1784 3089 praedidio,
1801 3060 1852 3088 pro
1867 3050 1949 3080 nobis
1961 3050 1994 3082 &
2008 3050 2106 3082 nostro
2122 3053 2257 3096 nomine,
2275 3063 2349 3091 prae-

1279 3085 1390 3117 dietum
1406 3086 1539 3119 Castrum
1561 3088 1736 3128 Malileonis,
1753 3089 1786 3120 &
1807 3088 1858 3120 alia
1879 3087 1976 3120 Castra
1994 3090 2142 3129 praedicsta,
2161 3100 2229 3122 cum
2240 3091 2348 3129 juribus

1279 3126 1314 3156 δε
1364 3127 1496 3157 itinentiis
1509 3127 1693 3167 eorumdem,

1344 3174 1361 3194 c
1372 3165 1461 3195 nobili
1475 3166 1537 3196 viro
1554 3166 1682 3202 Augerio
1697 3164 1734 3196 de
1750 3164 1916 3196 Maloleone
1928 3174 2029 3196 terram
2043 3167 2080 3198 de
2097 3166 2345 3206 Marensim,cum

1278 3201 1329 3232 suis
1339 3203 1446 3240 juribus
1457 3204 1489 3234 &
1505 3205 1673 3241 pertinentiis
1686 3203 1834 3242 universis,
1851 3204 1906 3234 una
1922 3214 1992 3235 cum
2006 3205 2064 3235 aliis
2077 3207 2169 3244 terris,
2188 3216 2252 3244 quas
2266 3205 2345 3236 idem

1285 3240 1426 3278 Augerius
1438 3243 1523 3272 tenuit
1538 3243 1567 3272 in
1582 3241 1728 3280 Principio
1740 3252 1848 3279 guerrae
1863 3243 1954 3281 inter,
1971 3243 2086 3274 celebris
2101 3245 2247 3274 memoriae
2255 3266 2266 3281 ,
2283 3243 2349 3274 Do-

1277 3279 1389 3310 minum
1403 3279 1591 3319 Edwardum,
1610 3279 1752 3318 quondam
1766 3279 1882 3318 Regem
1898 3280 2191 3327 Angliae,genitorem
2198 3280 2345 3320 nostrum,

1278 3317 1311 3348 &
1323 3317 1435 3349 dietum
1452 3318 1564 3355 Regem
1587 3318 1714 3349 Franciae
1738 3327 1826 3349 motae
1845 3319 1973 3357 (optenta
1986 3322 2074 3358 prius,
2091 3321 2207 3350 nomine
2223 3319 2321 3350 nostro

1278 3355 1444 3393 possessione
1462 3355 1580 3395 pacifica
1605 3355 1769 3388 Castrorum
1796 3357 1830 3388 ὃς
1855 3356 1970 3388 suorum
1996 3360 2098 3396 jurium
2125 3343 2344 3401 praedidtorum5

1277 3394 1435 3426 restituendi
1450 3418 1460 3433 ‚
1486 3394 1616 3425 tenendas
1631 3418 1641 3432 ,
1665 3405 1700 3425 eo
1719 3394 1809 3426 modo
1828 3406 1886 3434 quo
1903 3406 1946 3426 eas
1963 3404 2030 3427 tunc
2048 3397 2150 3434 tenuit,
2168 3396 2200 3426 &
2219 3395 2341 3427 faeiend.

1277 3431 1387 3464 deveria
1422 3434 1454 3464 ὃς
1467 3432 1574 3463 servitia
1588 3433 1654 3464 inde
1668 3433 1761 3464 debita
1777 3434 1811 3465 &
1831 3433 1974 3464 consueta·

1312 3457 1432 3502 Dileeio
1456 3472 1489 3501 &
1513 3470 1587 3502 fideli
1614 3471 1712 3502 nostro
1735 3472 1888 3502 Fortunero
1905 3471 1940 3502 de
1956 3457 2028 3503 &aaz
2045 3471 2156 3510 plenam
2175 3472 2208 3503 δε
2225 3471 2343 3504 liberam

1277 3512 1471 3541 commitimus
1489 3509 1660 3547 potestatem.

1314 3548 1355 3580 Ita
1373 3548 1518 3587 videlicet,
1536 3547 1611 3586 quod
1629 3549 1648 3579 si
1667 3548 1787 3578 eundem
1806 3547 1989 3579 Fortunerum
2005 3571 2014 3587 ‚
2033 3549 2126 3588 aliquo
2143 3548 2205 3580 casu
2224 3551 2340 3580 confin-

1277 3595 1380 3626 gente,
1399 3587 1546 3625 contigerit
1561 3586 1693 3624 impediri
1712 3596 1768 3625 quo
1787 3588 1877 3616 minus
1893 3586 2003 3617 mitam
2021 3587 2187 3624 potestatem
2202 3610 2213 3626 ,
2230 3589 2262 3618 in
2281 3588 2340 3618 for-

1277 3625 1327 3656 ma
1343 3625 1460 3663 superius
1477 3624 1625 3662 annotata,
1643 3624 1729 3656 valeat
1746 3634 1908 3662 excercere,
1927 3634 1960 3654 ex
1977 3633 2044 3655 tunc
2061 3625 2188 3656 volumus
2205 3625 2282 3664 quod
2297 3627 2341 3657 di-

1275 3664 1362 3695 leetus
1378 3664 1411 3694 ὃς
1428 3662 1512 3693 fidelis
1528 3661 1638 3701 noster,
1654 3661 1765 3694 Garsias
1782 3662 1895 3693 Arnaldi
1914 3662 1949 3692 de
1966 3662 2089 3701 Sparleto
2105 3663 2189 3694 Miles
2204 3664 2324 3695 eandem
2334 3687 2343 3701 ‚

1275 3704 1306 3733 in
1323 3702 1454 3733 omnibus
1466 3723 1476 3739 ,
1511 3701 1545 3731 &
1564 3701 1593 3730 in
1610 3701 1702 3732 forma
1719 3699 1855 3739 praediCta
1867 3723 1878 3739 ,
1903 3700 2001 3732 habeat
2024 3702 2058 3732 &
2082 3710 2207 3734 exerceat
2223 3701 2344 3743 potesta·-

1274 3749 1342 3772 tem.

1317 3778 1384 3809 Nos
1398 3779 1475 3808 enirn
1488 3786 1522 3807 ex
1537 3786 1614 3807 nunc
1630 3776 1790 3814 hujusmodi
1806 3778 2240 3814 receptionem&liberationem
2249 3802 2260 3818 ,
2273 3789 2343 3811 cum

1277 3817 1360 3848 faetae
1374 3816 1473 3847 fuerint
1475 3837 1508 3885 ἐξ
1508 3824 1575 3845 ratas
1590 3815 1755 3846 habebimus
1770 3816 1803 3846 ὅτ.
1817 3823 1950 3855 acceptas.

1315 3855 1349 3886 In
1364 3855 1457 3893 cujus,
1509 3863 1536 3884 c.

1313 3931 1379 3964 Dat.
1397 3930 1469 3970 apud
1481 3929 1647 3971 Norbamp.
1668 3929 1712 3962 18.
1730 3929 1776 3962 die
1794 3929 1918 3961 oetobr.

1695 4119 1734 4152 M
1754 4130 1769 4161 3
2286 4120 2340 4150 Pro
