2570 4261
83 297 159 330 Ann-
172 295 215 328 D.

105 346 189 368 1212.

84 447 138 471 An.
157 454 165 470 i
171 453 199 479 4.

85 481 149 520 Joh.

86 520 175 553 Claus-

91 557 197 596 14.J0-

88 596 149 623 han.
165 604 201 623 m.

89 635 118 662 S.
134 635 159 663 al.

89 827 166 859 Anu.
183 826 223 858 D.

113 876 199 897 1212.

88 910 144 933 An.
161 916 201 941 ¹4-

90 944 155 982 Joh.

90 982 180 1015 Claus'.

92 1218 169 1249 Arm.
182 1217 222 1248 D.

120 1266 196 1287 1212

92 1302 145 1326 All.
164 1306 206 1332 [ψ.

93 1334 155 1373 Joh.

93 1378 151 1402 Par.
173 1382 215 1408 ¹4-

94 1412 230 1449 Johannis,

94 1460 122 1477 n.
139 1459 168 1485 4.

99 1698 174 1729 Anu.
186 1694 226 1726 D.

125 1745 208 1766 1212.

97 1779 153 1803 An.
175 1784 216 1810 ¹4·

107 2136 158 2164 ³1.
174 2135 233 2163 162.

110 2619 185 2650 Ann.
196 2617 237 2650 D.

137 2667 222 2688 1212.

108 2701 161 2725 An.
181 2707 223 2734 ¹4·

110 2778 130 2801 L
135 2794 141 2800 .
148 2756 228 2810 Bifol.

111 2820 131 2846 4
139 2820 178 2846 ¹9-
185 2818 223 2847 pe-

112 2859 153 2877 nes
165 2853 216 2876 Ca—

112 2897 206 2916 merar.

114 2931 227 2953 δοκίων.

221 180 276 231 ,52

524 351 601 384 Alia
618 352 738 384 Littera
755 352 839 385 Duci
854 350 1003 384 Lovaniae.

236 439 360 497 REX
379 437 510 468 Henrico
523 435 603 468 Duci
614 436 724 467 Lovan.
743 437 803 468 &c.
823 436 857 467 &
872 434 1008 465 sinceram
1021 429 1211 475 dilectionem,
1235 462 1240 468 .

316 478 462 516 Rogamus
481 485 551 513 vos,
568 484 702 515 quatenus
712 475 889 514 permittatis,
907 471 985 511 quod
1002 470 1109 501 Milites
1124 468 1157 497 &
1172 464 1294 506 servien-

241 522 279 544 tes
293 525 374 546 terioe
387 513 490 545 vestrae
502 515 615 545 veniant
627 513 661 544 ad
675 513 812 543 dileetum
822 514 856 543 &
871 511 984 541 fidelem
999 507 1130 549 nostrum
1142 502 1293 543 Comma-n

241 553 384 591 Boloniae,
402 554 431 583 in
446 553 588 584 servitium
601 552 749 590 nostrum3
767 552 800 582 &
814 550 848 580 ad
862 550 920 579 hoc
935 548 989 590 tale
1000 544 1150 576 consilium
1169 542 1201 572 &
1217 547 1294 583 auxi-

239 592 308 622 lium
323 591 471 630 praestetis,
489 591 509 621 si
522 591 630 629 placet,
651 590 729 629 quod
742 590 824 620 vobis
837 596 925 627 grates
943 585 1012 615 scire
1024 583 1192 624 debeamus,
1210 587 1292 615 qula,

239 629 318 668 quod
333 630 411 668 super
425 630 483 661 hoc
498 630 523 660 ei
537 630 654 661 feceritis
663 652 672 667 ,
690 629 771 658 nobis
785 627 891 657 fictum
906 623 963 654 esse
976 632 1036 652 non
1048 620 1187 650 dubitetis.

527 754 647 786 Littera
663 750 826 795 Senefiallo
845 750 996 781 Lovaniae.

243 840 366 900 REX
385 840 452 869 Ern.
470 838 507 869 de
520 836 616 867 Rotel.
633 835 788 866 Senescallo
801 833 880 864 Duc.
900 832 1010 863 Lovan.
1031 831 1091 873 &c5
1166 867 1170 872 Ι
1212 866 1217 871 1

337 878 507 909 Mandamus
526 876 609 906 vobis
631 882 758 912 rogantes
777 880 909 910 quatenus
929 869 963 900 ad
983 879 1055 913 nos,
1072 871 1129 912 siue
1143 866 1295 901 dilatione,

241 919 354 949 veniatis
367 917 395 946 in
414 915 541 955 Angliam
551 937 559 951 ,
579 914 652 942 bene
665 913 748 950 parati
762 921 831 941 cum
846 910 923 947 equis
936 909 969 940 ὃς
986 914 1131 944 ai·mis;ita
1147 904 1225 943 quod
1242 913 1297 934 vo-

241 958 283 987 bis
298 965 384 996 grates
396 955 463 985 scire
476 953 636 983 debeamus.

243 1086 289 1118 De
307 1080 351 1113 his
369 1082 420 1126 qui
437 1090 456 1110 a
470 1075 608 1125 partibus
624 1076 835 1122 transmarinis
855 1075 981 1107 veniunt
1001 1073 1033 1102 in
1050 1070 1216 1116 firvitium
1238 1071 1297 1102 Re-

623 1129 672 1172 gis
691 1129 721 1157 in
736 1124 895 1170 Angliam.

243 1214 367 1275 REX
385 1214 518 1245 omnibus
531 1212 597 1250 illis,
615 1212 664 1250 qui
676 1211 791 1242 veniunt
803 1209 838 1239 de
852 1210 974 1248 partibus
997 1205 1182 1240 transmarinis
1194 1203 1229 1234 ad
1243 1202 1297 1234 ser-

317 1255 418 1286 vitium
431 1252 511 1283 suum
526 1253 555 1282 in
570 1251 716 1290 Angliam,
731 1248 863 1279 Salutem.
1290 1279 1296 1285 ι

286 1291 455 1324 Mandamus
477 1290 559 1321 vobis
579 1288 657 1328 quod
678 1288 779 1319 faciatis
797 1297 829 1317 m
853 1295 917 1325 quae
936 1286 1031 1318 dilesti
1053 1285 1087 1316 &
1101 1281 1195 1327 fideles
1209 1278 1298 1311 nostri

248 1330 395 1362 Hubertus
414 1329 450 1359 de
466 1329 560 1359 Euroo
579 1327 746 1358 Senescallus
767 1325 862 1356 noster
880 1325 1033 1364 Pietaviae,
1050 1325 1084 1355 ὃς
1099 1321 1244 1359 Philippus
1263 1318 1299 1348 de

249 1370 401 1438 Albigiactg
409 1392 419 1406 ,
442 1368 488 1398 vel
505 1353 572 1398 affer
585 1375 684 1397 eorum
697 1366 780 1397 vobis
793 1363 909 1402 dixerit,
927 1373 961 1395 ex
977 1372 1054 1402 parte
1069 1360 1182 1399 nostra,
1199 1358 1235 1389 de
1249 1367 1299 1389 ve-

249 1419 313 1439 meu
334 1419 354 1439 o
367 1417 382 1437 a
415 1416 474 1436 nos.

285 1448 322 1478 Et
333 1449 361 1476 in
375 1446 453 1484 hujus
462 1469 471 1483 ,
488 1445 548 1475 &c.
567 1443 649 1474 vobis
665 1443 730 1473 inde
744 1442 888 1473 mittimus.
907 1440 998 1472 Teste
1012 1437 1120 1478 meipso
1139 1435 1212 1476 apud
1225 1433 1300 1466 Odi-

247 1487 320 1517 ham.
338 1494 384 1524 24.
403 1483 449 1514 die
464 1482 544 1513 Maii.
562 1482 648 1513 Anno
664 1482 759 1522 Regni
773 1479 861 1512 nostri
879 1489 923 1518 14.

565 1608 684 1641 Litteris
700 1607 808 1638 Comitt'
827 1603 984 1638 Flandriae.

310 1694 375 1726 EX
399 1693 493 1725 amico
511 1691 561 1724 suo
580 1690 723 1723 carissimo
742 1691 773 1722 F.
788 1690 902 1722 Comiti
916 1687 1027 1721 Flandr.
1041 1686 1156 1719 salutem
1170 1686 1204 1718 &
1215 1684 1303 1716 dilec-

248 1696 301 1752 R
319 1734 436 1764 tionem.

287 1771 389 1803 Grates
408 1771 491 1802 vobis
513 1769 658 1800 referimus
678 1778 712 1799 ex
725 1768 783 1800 hoc
805 1767 884 1807 quod
903 1767 1000 1797 virum
1017 1765 1192 1808 probum&
1204 1761 1306 1793 discre-

246 1819 309 1842 tum
323 1810 485 1841 Walterum
497 1808 533 1839 de
540 1807 757 1847 Haubergecurt
769 1807 804 1837 ad
817 1817 868 1837 nos
880 1805 1004 1843 misistis,
1019 1806 1052 1835 &
1065 1813 1099 1834 ex
1113 1803 1164 1833 hiis
1179 1811 1243 1840 quae
1258 1810 1308 1839 per

211 1861 225 1875 ³
250 1859 318 1880 eum
331 1850 414 1879 nobis
427 1846 613 1887 significastis,
630 1847 664 1877 ad
679 1854 742 1883 quae
754 1843 937 1883 perficienda,
952 1843 987 1873 ad
1002 1843 1145 1873 honorem
1165 1841 1199 1872 &
1219 1849 1305 1871 com-

191 1904 201 1909 -
252 1886 372 1918 modum
386 1886 475 1916 utrius
491 1894 526 1914 ue
537 1883 685 1921 nostrum,
703 1884 786 1927 parati
798 1883 891 1912 sumus
908 1883 1005 1912 venire
1020 1880 1105 1919 usque
1117 1879 1275 1910 Doveriam
1291 1878 1307 1908 ὲ

197 1949 203 1953 .
250 1926 296 1956 die
319 1925 429 1955 Sanstae

489 1923 553 1952 ariae
574 1921 735 1961 Magdalen.
753 1931 785 1951 in
807 1931 848 1953 ις.
866 1920 924 1950 dies
945 1921 974 1950 in
995 1918 1146 1949 occursum
1160 1917 1307 1955 vestrum,

250 1966 285 1996 &
299 1963 364 1994 ideo
376 1962 409 1994 ad
425 1971 477 1992 vos
492 1959 778 1991 mittimus-dilectum
793 1959 826 1990 ὃς
840 1958 951 1989 fidelem
967 1957 1095 1988 nostrum
1109 1957 1254 1996 Jacobum
1269 1955 1306 1986 de

251 2002 353 2033 Caleto
367 2026 376 2041 ‚
402 2001 546 2040 Rogantes
560 2000 686 2037 quatinus
761 1997 867 2035 ipsum,
885 1997 931 2027 vel
945 1996 1067 2035 aliquem
1080 1995 1117 2026 de
1130 1994 1308 2025 familiaribus

250 2041 348 2071 vestris
366 2040 449 2070 nobis
469 2037 624 2078 significetis
642 2037 662 2068 si
735 2037 890 2067 terminum
909 2034 990 2065 illum
1007 2034 1042 2065 ad
1062 2043 1116 2065 nos
1128 2032 1194 2064 illuc
1209 2034 1307 2064 venire

269 2079 363 2110 offitis.

249 2090 268 2118 p
289 2119 307 2137 ²*
328 2116 460 2148 Misimus
483 2116 561 2146 enim
580 2114 646 2146 illuc
665 2112 816 2145 Comitem
839 2111 939 2143 Sarum
957 2110 1071 2143 fratrem
1091 2109 1240 2149 nostrum,
1257 2110 1306 2149 qui

252 2157 333 2188 vobis
353 2157 442 2186 literas
461 2153 567 2185 nostras
585 2161 708 2191 patentes
729 2151 765 2182 de
785 2151 861 2182 salvo
881 2150 1027 2181 conductu
1042 2149 1153 2188 vestro,
1171 2149 1308 2181 &literas

253 2195 375 2226 Domini
393 2193 527 2224 Winton.
544 2191 697 2230 Episcopi,
717 2192 752 2222 &
771 2190 861 2221 Galfr.
881 2189 930 2220 filii
952 2188 1028 2220 Petri
1046 2187 1189 2227 justiciarii
1202 2187 1307 2226 nostri,

253 2236 287 2266 &
308 2233 430 2264 Comitis
454 2230 599 2262 Anmdell.
617 2232 651 2262 &
663 2229 788 2261 Comitis
800 2228 837 2259 de
850 2228 939 2259 Ferat.
957 2228 1061 2258 habere
1077 2227 1167 2258 faciet.
1186 2226 1249 2258 Vos
1260 2236 1311 2264 au-⁴

253 2281 311 2304 tem
324 2272 403 2310 super
418 2271 476 2301 hoc
489 2280 541 2300 nos
555 2278 641 2308 quam
652 2267 822 2306 tempestive
836 2267 961 2306 poteritis
975 2265 1142 2298 certificetis.

287 2341 378 2374 Teste
391 2338 498 2379 meipso
511 2337 584 2378 apud
599 2337 791 2370 Wodcstock.
810 2335 948 2369 vicesimo
961 2335 1008 2367 die
1017 2334 1094 2374 Julii.

254 2472 373 2505 lA'ttera
390 2477 451 2516 qua
465 2464 566 2500 ordine
586 2474 733 2546 narratzr
750 2475 844 2557 qia-17
858 2462 939 2496 male
949 2460 984 2508 ft
995 2460 1120 2509 gesserat
1129 2459 1309 2495 Willielmus

719 2526 733 2546 e
747 2516 818 2545 Breo
832 2523 862 2547 a,

291 2605 446 2640 ohannes,
464 2601 524 2632 Dei
542 2601 643 2641 gratia,
659 2598 726 2629 Rex
748 2598 857 2638 Angliae
893 2596 1040 2628 Dominus
1053 2593 1225 2639 Hiberniae,
1238 2594 1309 2637 Dux

301 2642 494 2675 Normanniae
513 2640 546 2671 &
568 2638 745 2676 Aquitanniae
758 2661 768 2676 ,
791 2640 825 2669 ὃς
845 2620 955 2666 domes
972 2634 1161 2673 Andegav1ae‚
1178 2636 1312 2664 umverlis

301 2682 357 2713 hoc
372 2679 487 2719 praesens
500 2678 633 2714 scripturn
647 2675 826 2714 inspecturis,
843 2674 967 2705 salutem.

297 2720 345 2751 Ut
364 2718 532 2750 universitati
551 2714 650 2746 vestiae
670 2723 771 2744 notum
794 2713 839 2744 fiat
851 2722 907 2751 qua
918 2711 955 2743 de
967 2711 1061 2748 causa,
1077 2711 1111 2742 &
1125 2719 1179 2747 pro
1193 2708 1311 2752 quo-fo-

258 2759 383 2790 risfaihis
404 2755 576 2786 Willielmus
594 2752 631 2783 de
652 2751 750 2782 Breosa
771 2751 808 2782 de
828 2760 900 2783 terra
919 2749 1013 2780 nostra
1032 2748 1195 2791 recesserit,
1224 2746 1312 2778 sciatis

280 2797 337 2828 uod
358 2796 436 2826 idern
450 2793 624 2823 Willielmus
642 2790 739 2820 debuit
758 2791 840 2820 nobis
861 2791 890 2820 in
911 2789 1014 2820 ultimo
1033 2787 1141 2818 recessu
1159 2784 1257 2816 nostro
1274 2785 1312 2816 de

257 2808 438 2867 §orm-annia
456 2833 580 2870 quinque
598 2829 682 2860 millia
702 2828 867 2859 Marcirum
888 2838 941 2866 pro
953 2836 1025 2858 terra
1038 2825 1132 2856 nostra
1146 2824 1312 2854 Momoniae

260 2875 288 2903 in
308 2873 446 2904 Hibernia
457 2895 467 2910 ,
491 2879 575 2909 quarn
595 2870 620 2899 ei
640 2867 827 2898 dimiseramus
840 2891 850 2905 ,
875 2876 928 2897 nec
942 2865 1012 2896 infra
1025 2864 1251 2908 quinquennium
1264 2862 1312 2892 ali-

262 2912 328 2950 quid
350 2912 431 2943 nobis
451 2909 516 2940 'inde
533 2907 653 2939 reddidit
665 2930 675 2946 ,
700 2908 734 2938 &
748 2915 818 2937 cum
832 2905 938 2936 multos
951 2903 1017 2934 inde
1029 2912 1164 2935 terminos
1177 2900 1311 2940 cepisset,

259 2950 370 2981 nullum
381 2950 533 2980 terminum
547 2948 643 2978 tenuit.
1241 2979 1246 2984 ι

298 2988 335 3018 Et
350 2988 482 3025 praetcrea
495 2986 591 3016 debuit
603 2984 686 3027 nobis
699 2982 811 3014 firmam
825 2982 954 3014 Civitatis
969 2980 1073 3026 nostrae
1087 2979 1123 3024 de
1140 2979 1265 3022 Limenc
1276 2977 1312 3009 de

261 3031 688 3099 sssssiiffic‘ssissssssrpc‘ffiffi?
691 3023 754 3090 133⁵.
769 3021 851 3098 ‘3132‘ss
852 3017 1316 3094 Ἑοὲἷῗῖῗέἓηῗιῗὲὲἶέἐὲἳΐὲἵᾶ

261 3103 440 3138 Rothomag.
460 3100 534 3131 unde
554 3109 606 3129 nos
627 3098 722 3136 postea
743 3100 850 3138 rogavit
872 3096 951 3137 quod
970 3097 1027 3128 illas
1042 3098 1068 3127 ei
1081 3103 1314 3133 computaremus

263 3143 293 3172 in
305 3141 386 3171 firma
399 3140 435 3170 de
451 3139 594 3175 Limeric‚
612 3137 644 3168 δε
658 3136 686 3166 id
701 3138 726 3166 ei
740 3136 935 3167 conceffimus.

300 3179 349 3210 De
368 3179 465 3210 debito
487 3185 580 3207 autern
594 3200 603 3214 ‚
628 3174 705 3213 quod
720 3176 802 3205 nobis
816 3175 913 3206 debuit
947 3185 980 3206 to
998 3173 1153 3205 Momonifi
1167 3171 1279 3203 termini
1291 3172 1318 3203 ei

262 3218 373 3250 fuerant
392 3216 518 3253 affignau'
531 3239 541 3253 ,
563 3214 601 3244 set
623 3223 724 3243 omnes
745 3215 876 3250 praeteriit
889 3237 899 3251 ,
977 3212 1014 3244 de
1035 3213 1160 3251 pluribus
1175 3211 1318 3249 terminis,

264 3267 336 3295 quos
350 3254 415 3286 inde
430 3253 632 3292 postulaverat,
648 3250 756 3281 nullum
770 3253 866 3282 tenuit.

305 3294 372 3325 Post
387 3293 612 3331 quinquennium
624 3289 686 3320 sunt
699 3289 895 3328 completum,
912 3287 1066 3320 secundum
1080 3287 1315 3320 consuetudinem

267 3332 362 3371 Regni
384 3331 494 3369 nostri,
518 3332 551 3361 &
571 3338 620 3367 per
641 3328 733 3366 legem
757 3327 893 3357 Scaccarii
913 3328 1002 3358 nostri
1030 3328 1238 3358 consideratum
1266 3327 1319 3357 fuit

268 3371 347 3408 quod
367 3369 575 3407 distringeretur
610 3376 659 3405 per
672 3365 778 3396 Catalla
791 3365 836 3395 sua
850 3365 980 3404 Angliae,
997 3365 1032 3395 ad
1043 3366 1137 3396 debita
1151 3365 1246 3396 nostra
1260 3375 1316 3395 no-

268 3408 310 3437 bis
329 3408 475 3446 solvenda,
492 3407 531 3438 set
544 3392 599 3444 ipse
611 3406 708 3436 omnia
721 3403 828 3448 Catalla
840 3403 885 3433 sua
896 3406 932 3434 ita
945 3404 1134 3448 summoverat
1177 3403 1262 3447 quod.
1274 3404 1318 3432 in-

270 3448 358 3476 veniri
371 3456 430 3477 non
443 3453 602 3483 potuerunt.
641 3443 679 3473 Et
692 3442 887 3486 mandavimus
904 3441 1011 3486 Ballivo
1027 3442 1131 3485 ¹nostro
1144 3428 1180 3472 de
1194 3442 1318 3480 partibus

272 3482 383 3514 Walliae
397 3509 406 3522 ,
429 3484 531 3514 scilicet
542 3506 551 3520 ,
569 3480 688 3513 Gerard.
707 3481 743 3512 de
754 3480 846 3511 Athus
859 3488 890 3511 ut
903 3480 993 3518 ipsum
1005 3479 1181 3518 distringeret
1194 3490 1245 3518 per
1258 3478 1316 3510 Ca-

273 3522 334 3552 talla
348 3522 392 3552 sua
407 3522 519 3552 Walliae
533 3530 647 3558 propter
659 3520 757 3550 eadem
771 3519 873 3549 debita.

310 3559 347 3590 Et
359 3568 427 3590 tunc
444 3561 522 3590 venit
534 3559 569 3588 ad
581 3569 634 3589 nos
647 3558 772 3588 Matildis
785 3557 822 3588 de
836 3556 920 3595 Heya
935 3565 1007 3587 uxor
1019 3555 1064 3586 sua
1072 3579 1082 3594 ,
1099 3557 1135 3587 &
1146 3556 1200 3586 W.
1209 3556 1320 3587 Comes

275 3596 311 3626 de
325 3598 414 3627 Ferat.
431 3608 518 3635 nepos
538 3596 600 3627 suus
611 3620 620 3635 ,
639 3598 672 3628 δε
686 3596 779 3626 Adam
792 3596 829 3626 de
842 3595 944 3625 Portet
1000 3595 1029 3624 ui
1042 3594 1168 3624 sororem
1182 3594 1258 3624 suam
1271 3595 1319 3624 ha-

276 3636 338 3665 buit
350 3636 378 3663 in
390 3646 524 3673 tutorem,
542 3635 575 3665 &
590 3635 671 3665 multi
683 3635 728 3678 alii
740 3635 823 3665 amici
836 3634 875 3664 sui
886 3617 962 3672 apucs
970 3605 1135 3677 gloucestr.
1153 3633 1188 3663 &
1202 3641 1320 3672 rogave-

275 3681 341 3704 runt
360 3682 410 3701 nos
432 3682 462 3702 ut
476 3672 624 3710 praeditstus
636 3673 808 3703 VVilhelmus
821 3672 856 3702 ad
869 3682 921 3702 nos
935 3681 1031 3703 venire
1046 3671 1137 3708 posset
1153 3670 1187 3700 ad
1200 3670 1321 3708 loquen-

276 3710 513 3753 dum-nobiscum
527 3733 537 3750 ‚
559 3712 593 3742 ὃς
611 3712 692 3742 nobis
713 3710 931 3741 satisfaciendum
942 3710 980 3741 de
992 3709 1091 3741 debitis
1101 3708 1219 3747 nostris,
1237 3711 1270 3740 ὃς
1285 3708 1322 3740 de

278 3758 404 3780 terirunis
416 3750 571 3786 praeteritis‚
589 3751 622 3780 &
636 3750 663 3780 id
677 3750 714 3779 eis
729 3749 925 3779 concessimus.

319 3786 357 3816 Et
377 3787 479 3815 interea
494 3787 655 3818 accessimus
675 3786 827 3818 Hereford.
845 3789 879 3817 δε
897 3788 936 3817 ibi
957 3788 1036 3818 venit
1054 3785 1089 3816 ad
1107 3795 1160 3815 nos
1172 3785 1322 3823 praedidtus

278 3824 450 3855 Willielmus
476 3824 509 3853 δε
534 3825 642 3855 tradidit
664 3825 746 3855 nobis
771 3826 822 3854 tria
849 3823 946 3855 Castra
969 3825 1016 3856 sua
1041 3824 1155 3855 Walliae
1170 3847 1180 3862 ,
1201 3824 1321 3863 scilicet,

277 3862 390 3901 Hayam
403 3886 412 3899 ,
438 3861 614 3904 Brehhenum
635 3864 669 3894 &
688 3862 851 3893 Radenour.
870 3864 898 3892 in
916 3865 1069 3894 tenentiam
1090 3861 1224 3892 reddendi
1238 3862 1321 3892 nobis

277 3900 410 3938 praedista
423 3899 514 3943 debita
528 3899 622 3929 nostra
632 3924 642 3937 ,
659 3903 693 3932 &
713 3900 890 3931 satisfaciendi
909 3902 990 3931 nobis
1003 3902 1040 3931 de
1051 3899 1262 3940 transgreffione
1275 3900 1320 3931 suzi

276 3940 347 3970 infra
362 3947 515 3968 terminum
529 3947 614 3974 quem
626 3938 659 3968 ad
673 3940 839 3976 petitionem
851 3938 925 3968 suam
939 3941 964 3968 ei
976 3939 1126 3976 posuimus.

314 3977 353 4008 Et
373 3976 482 4019 insuper
501 3984 591 4006 totam
613 3984 714 4006 terram
731 3977 807 4006 suam
826 3976 936 4015 Angliae
951 3977 984 4007 δε
996 3977 1111 4007 Walliae
1123 3976 1206 4007 nobis
1219 3977 1248 4006 in
1262 3976 1321 4014 ple-

276 4016 326 4052 gio
349 4015 460 4045 wosuerit
473 4013 686 4057 incurrendam,
703 4014 753 4044 nifi
766 4015 920 4046 terminum
935 4014 1013 4045 illum
1026 4016 1198 4051 servaveram
1215 4015 1248 4046 &
1262 4015 1320 4047 hoc

277 4063 330 4085 mo
350 4064 370 4085 O
383 4063 414 4084 (Τᾶ
428 4062 591 4090 receplmus.

687 155 1491 212 CONVENTIONES,
1546 152 1932 204 LITERAE,

1369 242 1407 273 Et
1431 249 1565 279 praeterea
1581 240 1637 279 ipse
1652 242 1734 272 nobis
1745 242 1874 273 liberavit
1888 243 1918 272 in
1930 239 2058 280 obfides,
2075 240 2147 271 duos
2163 239 2388 272 filiosWillielmi

1328 280 1364 311 de
1386 280 1482 311 Braosa
1500 281 1616 318 junioris
1632 303 1642 318 ,
1665 281 1698 311 &
1719 290 1810 310 unum
1829 279 1920 311 filiurn
1935 280 2066 318 Reginal.
2084 279 2122 310 de
2134 279 2250 318 Braosa,
2268 281 2301 310 &
2317 290 2385 317 qua-

1329 327 1395 349 tuor
1409 318 1479 348 filios
1492 318 1644 348 hominum
1656 318 1788 357 suorum3
1806 318 1845 348 set
1858 328 1913 349 nec
1928 327 2044 356 propter
2064 318 2123 349 hoc
2137 319 2291 349 terminum
2307 318 2388 349 illum

1330 365 1377 387 ma
1398 358 1403 363 '
1432 366 1516 395 quam
1527 357 1662 386 terminos
1679 356 1829 394 praedicios
1841 357 1989 388 observare
2002 358 2119 388 curavit.

1393 395 1439 425 0st
1462 394 1610 425 modicum
1629 405 1698 425 vero
1716 395 1854 432 temporis
1867 419 1877 434 ,
1902 404 1971 426 cum
1992 395 2136 426 Gerardus
2155 395 2191 426 de
2213 394 2322 432 Athiis,
2340 395 2387 425 cui

1331 433 1418 463 castra
1439 434 1483 464 illa
1504 432 1734 464 commiseramus
1748 457 1758 472 ,
1782 433 1938 464 mandasset
1956 433 2176 465 Constabulariis
2191 443 2293 464 eorum
2307 433 2387 471 quod

1330 473 1460 502 venirent
1481 472 1515 502 ad
1536 473 1693 509 pacationis
1710 471 1767 512 suas
1786 473 1957 509 recipiendas
1969 496 1979 511 ,
2005 482 2068 511 quae
2090 473 2127 503 eis
2140 472 2199 502 fieri
2213 472 2340 502 solebant
2351 471 2388 502 de

1332 511 1427 541 mense
1439 512 1468 540 in
1483 510 1626 548 mensem,
1644 510 1790 548 praedictus
1803 510 1993 549 willielmus,
2011 510 2123 541 audiens
2138 510 2218 548 quod
2225 509 2389 541 Constabu-

1332 548 1380 577 lar.
1400 548 1439 578 illi
1448 549 1573 579 absentes
1585 548 1716 587 fuerunt,
1734 548 1807 587 ipse,
1826 550 1859 579 &
1875 549 2050 580 VVillielmus
2065 550 2172 586 unior,
2189 549 2223 580 ὃς
2238 548 2389 589 Reginald.

1332 585 1381 616 filii
1401 587 1440 630 sui
1462 587 1637 627 collegerunt
1656 596 1790 625 magnzm
1813 587 2024 618 multitudinem
2080 588 2165 626 entis,
2183 588 2217 618 ὃς
2231 588 2390 618 invaserunt

1333 624 1468 662 praedidta
1485 627 1537 656 tria
1555 625 1655 655 Castra
1667 649 1677 664 ,
1700 626 1733 657 &
1755 626 1853 656 omnia
1865 636 1920 656 una
1932 626 1978 656 die
1989 625 2175 663 obsederunt3
2193 625 2233 656 set
2267 635 2337 656 cum
2349 627 2391 656 ibi

1334 662 1473 706 proficere
1485 674 1546 694 non
1558 663 1688 701 possent,
1706 664 1878 695 diverterunt
1895 664 1930 695 ad
1944 664 2082 702 quandam
2097 664 2202 695 Villam
2222 649 2327 695 st'2ilicet
2338 663 2390 693 Li-

1335 701 1453 731 minstre
1467 726 1476 740 ‚
1503 712 1568 740 quae
1586 702 1656 732 cella
1674 702 1715 732 est
1731 702 1860 733 Abbatiae
1877 702 1914 733 de
1926 702 2002 734 Radi
2052 728 2062 742 ,
2080 702 2117 734 de
2130 702 2214 733 libera
2228 701 2391 733 Elemosina

1336 739 1445 778 nostra,
1464 741 1497 770 δ(
1512 739 1698 782 'medietatem
1718 740 1801 770 Villae
1819 740 1889 771 illius
1901 742 2010 772 combu
2036 743 2133 779 erunt,
2151 742 2184 772 &
2200 740 2237 771 de
2250 740 2395 771 Balistariis

1337 779 1370 809 &
1392 778 1570 808 servientibus
1589 778 1690 809 nostris
1708 779 1748 808 ibi
1767 780 1887 809 inventis
1929 782 1966 811 ὃ(
1978 780 2014 810 de
2026 781 2076 811 alia
2090 780 2189 811 Gente
2200 779 2294 809 nostra
2307 789 2393 818 quos·

1337 816 1404 847 dam
1419 816 1636 855 interfecerunt,
1654 817 1687 848 &
1703 817 1838 854 quosdam
1852 803 2076 850 vusneraverunt.

1378 854 1520 885 Gerardus
1542 857 1613 885 vero
1629 854 1665 885 de
1678 853 1784 893 Arinis,
1802 856 1859 886 hoc
1874 856 2003 896 audiens,
2021 858 2152 888 adunavit
2165 856 2202 887 de
2212 855 2313 887 Gente
2327 866 2393 887 nos-

1339 902 1380 925 tra
1395 903 1466 931 quot
1480 895 1587 931 potuit,
1606 902 1637 923 ut
1651 893 1812 924 subveniret
1825 895 1946 932 partibus
1959 896 2010 926 illis
2024 907 2090 935 quas
2105 896 2144 926 illi
2160 896 2321 926 invaserant.

1376 932 1549 962 Willielmus
1573 942 1644 963 vero
1658 955 1669 968 ,
1691 930 1728 961 de
1746 931 1814 963 loco
1828 931 1863 962 ad
1875 932 1974 964 locum
1988 934 2015 965 se
2028 934 2187 973 retrahens,
2205 934 2277 974 fugit
2291 935 2320 964 in
2336 932 2393 963 Hi-

1338 971 1467 1001 berniam
1486 980 1555 1001 cum
1575 969 1715 1008 praedietis
1735 969 1796 999 filiis
1814 970 1866 1001 suis
1909 973 1943 1003 &
1956 983 2026 1003 cum
2040 982 2127 1004 uxore
2140 972 2200 1011 sua,
2218 974 2252 1004 ὃς
2267 982 2337 1002 cum
2353 972 2393 1002 fa-

1339 1010 1420 1039 miliis
1435 1019 1535 1040 eorum
1550 1033 1559 1047 ,
1577 1011 1610 1040 &
1624 1009 1662 1038 ibi
1675 1018 1691 1038 a
1704 1006 1825 1038 Comite
1840 995 2001 1042 W’inielmo
2018 1011 2194 1042 Mareschan.
2213 1011 2247 1043 δε
2262 1010 2394 1042 Waltero

1337 1047 1374 1078 de
1388 1048 1447 1078 Lac
1479 1072 1489 1086 ,
1507 1049 1540 1079 &
1559 1047 1687 1092 Hugone
1699 1045 1828 1090 deLacy
1840 1047 1893 1078 fuit
1908 1058 2054 1089 receptus,
2071 1051 2105 1082 &
2119 1058 2218 1081 contra
2230 1059 2283 1080 nos
2296 1059 2394 1086 recep-

1339 1096 1417 1131 tatus.
1462 1095 1474 1118 t
1494 1096 1546 1117 nos
1565 1096 1602 1117 eis
1616 1085 1810 1132 mandawmus
1827 1085 1850 1129 *ᾗ
1867 1087 1963 1125 quod,
1979 1087 2085 1120 deficut
2099 1089 2148 1126 ipsi
2161 1088 2291 1119 homines
2306 1087 2395 1118 nosti-i

1339 1125 1398 1164 ligii
1419 1126 1531 1156 fuerunt
1544 1150 1554 1164 ,
1578 1126 1609 1155 in
1625 1124 1696 1163 fide,
1713 1134 1769 1162 qua
1781 1123 1865 1154 nobis
1880 1126 2062 1165 tenebantur,
2080 1138 2140 1157 non
2154 1135 2327 1165 receptarent
2340 1127 2395 1156 ini-

1340 1166 1432 1195 micos
1452 1163 1565 1194 nostros
1578 1187 1588 1202 ‚
1613 1164 1663 1201 qui
1683 1163 1767 1193 nobis
1789 1162 1980 1194 forisfecerant
1992 1188 2002 1204 ,
2027 1165 2061 1196 &
2081 1174 2197 1203 propter
2221 1165 2398 1195 forisfactum

1341 1203 1421 1233 suum
1441 1210 1543 1233 terram
1565 1201 1691 1232 nostram
1705 1200 1819 1238 Angliae
1833 1201 2018 1241 reliquerant3
2036 1202 2075 1235 set
2089 1203 2195 1243 nichil,
2212 1212 2328 1242 propter
2340 1203 2399 1234 hoc

1342 1240 1507 1272 mandatum
1526 1240 1675 1279 nostrum,
1693 1239 1760 1270 inde
1771 1239 1908 1270 fecerunt.

1381 1279 1593 1310 Mandaverunt
1607 1287 1703 1310 tamen
1714 1278 1798 1308 nobis
1811 1277 1890 1316 quod
1901 1289 2123 1317 manuceperunt
2137 1290 2192 1318 pro
2207 1278 2311 1311 eodem
2319 1279 2398 1310 Wil-

1342 1318 1456 1358 lielmo,
1476 1318 1555 1356 quod
1568 1319 1678 1349 veniret
1689 1316 1725 1348 ad
1737 1325 1789 1347 nos
1802 1316 1872 1347 infra
1887 1327 1999 1349 certum
2010 1320 2183 1357 terminum,
2202 1328 2289 1357 quem
2303 1318 2400 1348 litteris

1343 1357 1396 1388 suis
1413 1359 1632 1388 nominaverunt
1644 1381 1654 1395 ,
1676 1356 1712 1386 ad
1730 1354 1908 1387 fiitisfaciend.
1928 1356 2010 1387 nobis
2033 1356 2069 1388 de
2088 1357 2226 1396 praeditstis
2246 1355 2400 1387 exceffibus

1343 1395 1411 1435 suis;
1429 1397 1463 1428 ὃς
1487 1395 1565 1434 quod
1583 1395 1634 1425 nisi
1654 1394 1726 1424 infra
1743 1395 1901 1425 terminum
1913 1395 1992 1426 illum
2008 1396 2066 1427 hoc
2076 1397 2199 1435 faceret,
2215 1395 2265 1434 ipsi
2280 1405 2348 1426 eum
2360 1395 2398 1425 de

1343 1443 1450 1465 caetero
1473 1444 1532 1464 non
1552 1440 1728 1471 receptarent
1740 1454 1750 1471 ,
1767 1441 1822 1463 nec
1831 1433 1860 1462 in
1875 1433 2004 1464 societate
2015 1435 2060 1465 sua
2074 1435 2225 1471 haberent,
2241 1434 2279 1465 set
2294 1433 2330 1464 de
2343 1433 2402 1464 Hi-

1344 1473 1440 1503 bernia
1460 1474 1583 1504 eicerent
1596 1484 1607 1510 3
1632 1472 1666 1503 &
1686 1471 1745 1501 hoc
1758 1471 1964 1510 conceffimus,
1981 1472 2020 1503 set
2034 1483 2089 1506 nec
2103 1474 2159 1513 illi,
2176 1483 2231 1504 nec
2244 1473 2290 1503 ille
2302 1474 2401 1504 termi-

1343 1521 1414 1542 num
1430 1511 1510 1542 illum
1522 1511 1567 1542 vel
1581 1509 1753 1549 promissum
1764 1509 1845 1539 suum
1860 1509 2044 1542 servaverunt.

1382 1550 1451 1582 Nos
1471 1551 1553 1590 igitur
1567 1557 1611 1580 tot
1626 1549 1659 1580 &
1678 1556 1771 1579 tantos
1781 1549 1914 1579 omniurn
1928 1549 2043 1580 illorum
2055 1549 2179 1581 excessus
2191 1549 2309 1588 amplius
2323 1548 2402 1580 susti-

1345 1599 1412 1620 nere
1430 1599 1489 1620 non
1509 1589 1653 1627 potuimus
1664 1610 1675 1624 ,
1700 1587 1734 1619 ὅ(
1749 1587 1905 1618 exercitum
1917 1586 2102 1620 adunavirnus
2114 1589 2148 1619 ad
2162 1588 2288 1619 eundum
2303 1588 2332 1617 in
2346 1586 2403 1617 Ηί-

1344 1629 1462 1666 bernia,
1489 1626 1527 1657 Et
1539 1651 1549 1666 ‚
1570 1627 1641 1658 dum
1681 1625 1876 1664 raeparavimus
1896 1627 1948 1657 iter
1970 1627 2119 1665 nostrum,
2137 1627 2216 1657 idern
2228 1625 2404 1656 Willielmus

1345 1668 1424 1698 venit
1433 1666 1468 1697 ad
1483 1666 1601 1696 Ballivos
1615 1674 1634 1695 n
1695 1674 1727 1694 os
1740 1663 1888 1694 Hibemiae
1902 1690 1912 1704 ,
1937 1665 1971 1696 δε
1985 1667 2063 1703 petiit
2074 1666 2110 1697 ab
2125 1667 2165 1696 eis
2178 1664 2358 1697 conductum
2372 1673 2404 1695 ut

1344 1705 1380 1736 ad
1402 1715 1454 1736 nos
1474 1705 1571 1735 venire
1589 1703 1681 1742 posset
1698 1702 1734 1733 ad
1759 1703 1944 1741 quaerendum
1964 1714 2064 1742 pacem
2077 1703 2221 1742 nostram;
2239 1704 2273 1735 δε
2286 1702 2405 1733 astense-

1347 1753 1412 1775 runt
1432 1743 1528 1774 Ballivi
1549 1742 1636 1772 nostri
1648 1766 1659 1781 ,
1683 1742 1718 1773 δε
1740 1741 1944 1773 sacramentum
1956 1743 1992 1773 ab
2006 1753 2043 1774 eo
2056 1751 2224 1781 receperunt
2237 1741 2316 1780 quod
2330 1741 2406 1772 nulla

1347 1792 1426 1821 parte
1448 1781 1614 1820 diverteret,
1632 1781 1670 1811 set
1690 1780 1771 1810 tedio
1793 1781 1904 1811 tramite
1922 1780 1956 1810 ad
1978 1792 2031 1812 nos
2045 1781 2114 1820 iret,
2130 1782 2186 1820 set,
2202 1790 2273 1812 cum
2285 1780 2404 1810 veniflet

1349 1823 1379 1851 in
1394 1820 1498 1852 Balliva
1508 1818 1677 1859 Herefordiae
1689 1817 1799 1849 dimissi
1812 1819 1841 1849 in
1856 1817 1995 1850 Hibernia
2006 1819 2110 1850 familia
2128 1820 2191 1858 sud,
2208 1828 2262 1850 nos
2273 1827 2335 1849 non
2346 1828 2405 1849 res—

1349 1861 1425 1898 pexit
1438 1884 1448 1898 ‚
1473 1859 1512 1890 set
1529 1859 1636 1889 amavit
1655 1857 1691 1901 ad
1709 1857 1737 1888 se
1755 1865 1829 1895 quos
1849 1858 1941 1895 potuit
1960 1857 1997 1889 de
2008 1859 2129 1889 inimicis
2142 1857 2259 1897 nostris,
2277 1857 2312 1889 ὃς
2323 1857 2407 1888 nobis

1350 1899 1459 1929 malum
1471 1907 1597 1937 quaerere
1610 1904 1685 1934 cepit
1699 1896 1778 1934 quod
1793 1897 1892 1934 potuit.

1385 1937 1441 1975 Et,
1458 1946 1527 1968 cum
1541 1937 1654 1967 interim
1666 1934 1837 1966 venissemus
1852 1935 1888 1966 us
1902 1946 1938 1967 ue
1950 1935 2096 1968 Penbrok.
2114 1945 2184 1967 cum
2202 1936 2325 1966 exercitu
2339 1944 2407 1966 nos-

1349 1984 1396 2007 tro
1414 1976 1493 2014 super
1514 1985 1591 2005 mare
1609 1974 1759 2004 Hibemiae
1770 1997 1781 2012 ,
1805 1984 1874 2005 acce
1897 1984 1919 2006 it
1936 1975 1972 2005 ad
1992 1985 2045 2006 nos
2059 1974 2234 2006 Willielmus
2247 1973 2358 2004 Comes
2371 1973 2409 2003 de

1352 2014 1481 2045 Ferrariis
1495 2022 1532 2044 ne
1597 2013 1670 2052 ejus,
1689 2013 1723 2043 δε
1739 2013 1847 2051 rogavit
1860 2022 1914 2044 nos
1927 2022 1958 2045 ut
1969 2014 2067 2046 liceret
2079 2014 2105 2044 ei
2119 2015 2159 2045 ire
2173 2012 2206 2043 ad
2226 2012 2316 2050 ipsum
2328 2011 2408 2043 Wil-

1351 2052 1499 2091 lielmum,
1515 2023 1901 2095 adqiiiquirendumhanimum
1915 2052 1990 2091 ejus;
2005 2053 2040 2085 &
2059 2052 2119 2084 hoc
2132 2053 2158 2083 ei
2171 2049 2360 2082 concessimus
2374 2051 2410 2083 &

1351 2091 1478 2122 misimus
1495 2099 1565 2121 cum
1578 2099 1615 2121 eo
1628 2099 1718 2121 unum
1732 2089 1852 2121 militem
1865 2090 1902 2121 de
1913 2091 2005 2122 domo
2018 2091 2113 2123 nostra
2122 2113 2133 2130 ,
2154 2090 2273 2128 scilicet,
2292 2088 2410 2120 Rober-

1351 2138 1416 2161 tum
1435 2128 1472 2161 de
1490 2128 1632 2169 Burgate3
1654 2128 1689 2160 &
1710 2127 1759 2166 ipsi
1774 2150 1784 2167 ,
1805 2137 1975 2161 revertentes
1990 2153 2000 2168 ‚
2017 2137 2189 2169 rogaverunt
2201 2137 2271 2165 nOS,
2289 2136 2320 2158 ut
2332 2126 2417 2157 idem¹

1351 2167 1527 2200 willielmus
1549 2167 1664 2206 propius
1683 2165 1777 2205 posset
1795 2167 1932 2199 accedere
1951 2167 1987 2199 ad
2001 2167 2179 2207 loquendum
2193 2165 2344 2198 nobiscum
2357 2175 2409 2205 per

1351 2206 1568 2245 Internuncios3
1583 2206 1618 2237 &
1631 2205 1689 2236 hoc
1704 2206 1743 2235 eis
1756 2204 1955 2237 concessimus.

1388 2245 1443 2285 Et,
1460 2255 1532 2278 cum
1543 2243 1662 2277 venisset
1675 2244 1761 2282 usque
1773 2243 1808 2274 ad
1820 2254 1923 2283 aquam
1934 2244 1972 2275 de
1984 2244 2127 2276 Penbroc.
2145 2243 2249 2275 obtulit
2264 2243 2347 2274 nobis
2361 2252 2412 2281 per

1352 2283 1548 2327 Internuncios
1569 2282 1749 2322 quadraginta
1769 2282 1853 2313 millia
1874 2282 2056 2322 Marcarum,
2075 2294 2128 2321 pro
2144 2282 2270 2313 habenda
2288 2291 2358 2320 pace
2375 2282 2411 2313 &

1351 2322 1547 2354 benevolentia
1560 2320 1671 2359 nostra,
1688 2331 1741 2358 pro
1752 2322 1886 2352 omnibus
1898 2322 1998 2353 debitis
2010 2322 2061 2352 suis
2074 2321 2213 2359 praedic'tis
2222 2343 2231 2359 ‚
2248 2322 2282 2352 &
2301 2319 2412 2358 castris,

1352 2362 1386 2393 &
1398 2362 1474 2392 terris
1488 2361 1538 2392 suis
1552 2359 1665 2397 Angliae
1679 2361 1714 2391 &
1726 2359 1854 2389 Walliae:
1873 2358 1912 2391 Et
1927 2370 1980 2391 nos
1993 2361 2019 2391 ei
2035 2359 2228 2398 respondimus
2242 2358 2322 2398 quod
2337 2359 2412 2388 bene

1351 2401 1486 2431 novimus
1505 2398 1586 2438 quod
1605 2407 1667 2429 non
1686 2406 1744 2428 erat
1755 2399 1876 2428 omnino
1890 2399 1918 2428 in
1931 2398 2068 2442 potestate
2079 2398 2140 2437 sua,
2155 2398 2195 2429 set
2209 2398 2298 2437 magis
2314 2398 2344 2428 in
2357 2406 2414 2435 po-

1352 2438 1451 2471 testate
1466 2438 1559 2468 uxoris
1571 2437 1626 2468 suae
1639 2446 1704 2475 quae
1717 2436 1769 2467 fuit
1779 2436 1808 2466 in
1822 2436 1972 2468 Hibernia.

1390 2476 1429 2509 Et
1441 2475 1635 2507 mandavimus
1649 2476 1675 2506 ei
1688 2474 1768 2513 quod
1778 2475 1841 2505 ituri
1854 2475 1960 2506 fuimus
1972 2475 2004 2506 in
2017 2474 2188 2507 Hiberniam
2196 2474 2259 2543 Ἡδὲ
2269 2472 2347 2517 quod
2362 2482 2414 2542 ved

2231 2523 2239 2543 i
2260 2521 2366 2543 erniam
2378 2522 2393 2541 a

1352 2553 1528 2593 loquendum
1538 2562 1608 2584 cum
1620 2561 1709 2583 uxore
1719 2551 1764 2582 sua
1779 2553 1813 2583 δε
1827 2553 1924 2584 amicis
1936 2553 1988 2584 suis
2003 2552 2040 2583 de
2053 2552 2110 2583 fine
2133 2561 2221 2591 quem
2239 2550 2357 2589 optulit,
2378 2551 2413 2582 &

1352 2593 1387 2623 ad
1400 2591 1573 2623 firmandum
1593 2591 1633 2621 ibi
1646 2590 1862 2622 Conventiones
1897 2601 1941 2622 uae
1953 2590 2020 2622 inde
2032 2592 2103 2622 inter
2116 2601 2169 2621 nos
2184 2589 2301 2628 fierent,
2318 2588 2356 2619 Et
2364 2611 2374 2627 ,
2391 2589 2412 2619 si

1353 2632 1394 2662 ibi
1413 2633 1486 2662 inter
1506 2640 1560 2661 nos
1580 2630 1735 2674 convenire
1756 2639 1817 2673 non
1839 2601 1932 2667 pocilset
1943 2655 1953 2669 ‚
1976 2630 2065 2667 ipsum
2081 2629 2116 2660 ad
2130 2629 2257 2660 eundem
2269 2627 2368 2658 locum
2383 2628 2414 2657 in

1352 2669 1459 2700 Wallifi
1472 2669 1550 2699 salvo
1563 2676 1770 2699 remitteremus
1784 2677 1813 2697 in
1831 2667 1937 2698 eodem
1956 2668 2028 2699 iham
2070 2679 2109 2700 uo
2127 2675 2196 2698 tunc
2210 2667 2272 2698 fuit.
2289 2664 2350 2703 Ipse
2362 2674 2412 2695 au-

1352 2716 1413 2739 tern
1427 2708 1486 2738 hoc
1497 2706 1591 2738 facere
1603 2705 1740 2736 recusavit
1752 2706 1786 2736 &
1800 2706 1929 2737 remansit
1942 2706 1972 2736 in
1984 2706 2028 2737 W
2066 2707 2072 2712 ”
2096 2706 2148 2744 3&
2161 2705 2311 2744 postquam
2325 2712 2415 2735 trans-

1354 2746 1517 2776 fretavimus
1536 2746 1566 2775 in
1586 2743 1754 2774 Hiberniam
1763 2767 1772 2782 ‚
1789 2743 1845 2781 ipse
1859 2745 1943 2775 nobis
1956 2744 2064 2776 malurn
2078 2744 2146 2775 fecit
2158 2743 2238 2782 quod
2252 2743 2362 2782 potuit,
2377 2743 2413 2775 &

1354 2793 1443 2815 unum
1459 2781 1664 2814 Molendinum
1699 2782 1733 2812 &
1746 2790 1802 2812 tres
1816 2781 2120 2813 Bordeii.·c0mbuffit.

1391 2821 1501 2854 Inoerea
1514 2820 1641 2852 Matildis
1655 2805 1692 2851 d’e
1699 2819 1801 2864 Haya,
1818 2820 1933 2851 audiens
1949 2819 2105 2852 adventum
2116 2818 2248 2850 nostrum
2260 2820 2290 2850 in
2303 2818 2413 2850 Hiber-

1354 2862 1419 2900 nia,
1435 2861 1507 2900 fugit
1519 2859 1612 2891 versus
1624 2859 1770 2898 Scouam,
1787 2868 1858 2889 cum
1871 2858 2031 2890 Willielmo
2043 2859 2076 2890 &
2091 2858 2122 2889 R
2141 2860 2197 2888 oin.
2215 2857 2278 2888 filiis
2291 2855 2361 2896 suis,
2379 2858 2414 2889 &

1355 2901 1550 2969 ciinfifflss?
1566 2897 2248 2974 Ἢῗέὲῗιῡεῗὲ,ῗὲἓῆὼηῖωοάεὲῗίηῧὲοώ
2266 2896 2303 2928 de
2318 2896 2416 2936 [Μ’

1356 2948 1377 2976 q
1393 2975 1449 3015 Et,
1468 2986 1537 3007 cum
1549 2947 1671 3007 essemus
1682 2973 1756 3013 apud
1767 2973 1953 3013 Cracfergus,
1970 2960 2050 3014 rap²to
2059 2945 2119 3013 ἐπι
2132 2972 2238 3004 Castro
2250 2972 2300 3004 illo
2334 2982 2417 3004 man-

1357 3014 1433 3060 davit
1452 3016 1535 3045 nobis
1554 3013 1671 3053 quidam
1689 3014 1798 3044 amicus
1820 3013 1854 3044 &
1867 3013 2088 3053 consanguineus
2099 3012 2196 3057 noster
2209 3011 2246 3042 de
2258 2997 2416 3056 Galweya‚

1359 3054 1479 3092 scilicet,
1496 3053 1673 3085 Duneoenus
1683 3052 1721 3083 de
1735 3051 1936 3091 Karyc,quod
1948 3060 2058 3090 ceperat
2068 3051 2237 3091 praedict-am
2251 3049 2417 3089 Matildem,

1358 3093 1392 3124 &
1410 3091 1496 3123 filiam
1515 3091 1591 3123 suam
1608 3100 1728 3123 uxorem
1749 3089 1799 3121 filii
1821 3089 1933 3130 Rogeri
1950 3089 1987 3121 de
2008 3090 2180 3128 Mortimer,
2197 3090 2232 3120 &
2245 3088 2416 3127 praedictum

1358 3130 1551 3161 Willielmum
1565 3130 1718 3169 Juniorem
1731 3151 1742 3168 ,
1765 3129 1802 3160 &
1815 3138 1935 3159 uxorem
1942 3129 2042 3168 suam,
2058 3128 2093 3160 &
2105 3127 2177 3159 duos
2193 3126 2267 3158 filios
2279 3127 2360 3166 suos,
2378 3126 2418 3158 set

1359 3168 1411 3201 Hu
1430 3179 1450 3199 0
1463 3168 1499 3200 de
1513 3168 1592 3208 Lacy
1605 3169 1640 3200 &
1650 3167 1796 3208 Regeinal.
1813 3167 1850 3198 de
1864 3167 1962 3198 Braoss
1977 3167 2126 3198 evaserant.

1424 3217 1435 3238 t
1454 3207 1580 3238 misimus
1598 3215 1712 3246 propter
1728 3215 1778 3236 eos
1793 3205 1958 3244 Johannem
1976 3205 2015 3237 de
2035 3204 2116 3236 Cure
2152 3204 2188 3236 &
2206 3201 2358 3235 Godefrid.
2377 3201 2416 3246 de

1359 3244 1523 3277 Cracumbe
1542 3255 1613 3276 cum
1631 3244 1749 3276 Balistar.
1767 3245 1802 3276 ὃς
1823 3244 2004 3276 servientibus
2017 3268 2027 3283 ‚
2051 3245 2085 3277 &
2128 3243 2214 3274 uabus
2224 3242 2329 3283 gabiis3
2348 3249 2416 3284 qui,

1359 3294 1429 3315 cum
1447 3284 1563 3315 adducti
1576 3292 1654 3314 erant
1664 3283 1699 3313 ad
1712 3293 1780 3322 nos,
1795 3282 1850 3320 ipsa
1864 3282 1989 3314 Matildis
2009 3283 2085 3321 cepit
2098 3281 2179 3320 loqui
2190 3281 2228 3311 de
2238 3279 2295 3310 fine
2306 3279 2412 3321 facien-

1360 3322 1399 3352 do
1418 3322 1568 3353 nobiscum
1579 3346 1589 3360 ,
1611 3323 1645 3354 &
1659 3322 1759 3360 optulit
1772 3322 1854 3352 nobis
1865 3321 2047 3362 quadraginta
2060 3320 2146 3352 millia
2160 3319 2273 3350 Marcas
2289 3326 2343 3355 pro
2357 3325 2415 3348 Vita

1359 3363 1393 3392 &
1409 3361 1544 3392 membris
1556 3361 1611 3391 viri
1622 3360 1677 3399 sui,
1696 3361 1729 3392 &
1743 3360 1812 3399 suis,
1829 3360 1992 3392 &suorum
2006 3371 2017 3399 ;
2038 3361 2077 3391 ita
2091 3358 2171 3398 quod
2183 3358 2227 3387 vir
2238 3356 2299 3386 suus
2312 3357 2411 3398 omnia

1360 3399 1460 3430 Castra
1478 3398 1524 3430 sua
1537 3423 1548 3438 ,
1571 3399 1605 3429 &
1619 3407 1709 3430 totam
1723 3406 1825 3429 terram
1838 3398 1914 3429 suam
1928 3399 2010 3429 nobis
2023 3399 2149 3438 quietam
2160 3395 2310 3438 clamart-Q
2327 3395 2362 3425 &
2376 3396 2415 3437 sie

1361 3438 1498 3469 convenit
1513 3445 1581 3468 tunc
1600 3438 1673 3468 inter
1686 3447 1756 3476 noe,
1769 3436 1836 3482 post
1849 3437 1973 3469 triduum
1986 3447 2058 3469 vero
2073 3435 2206 3479 ptenituit
2218 3431 2296 3463 illam
2307 3432 2368 3463 finis
2382 3432 2417 3462 il·

1361 3477 1412 3507 lius
1420 3500 1429 3515 ,
1448 3477 1482 3508 δε
1495 3475 1563 3506 dixit
1575 3476 1655 3514 quod
1667 3476 1756 3507 finem
1767 3475 1845 3507 illum
1858 3484 1954 3507 tenere
1966 3485 2028 3506 non
2041 3481 2141 3514 potuit.
2278 3510 2283 3514 ,
2307 3510 2312 3516 .

1398 3514 1468 3545 Post
1489 3514 1552 3546 haec
1565 3537 1576 3552 ,
1597 3523 1666 3546 cum
1685 3513 1880 3546 recederemus
1900 3515 1937 3546 de
1960 3514 2133 3551 Cracfegus
2151 3508 2285 3552 reversuri
2299 3518 2334 3553 *in
2355 3507 2418 3552 An-

1361 3553 1447 3593 guam
1461 3576 1471 3591 ,
1486 3552 1616 3583 duximus
1634 3552 1711 3583 illam
1729 3553 1764 3584 &
1782 3552 1844 3583 suos
1863 3553 2013 3584 nobiscum
2026 3551 2077 3581 sub
2089 3546 2231 3586 custodia3
2249 3548 2283 3578 ὃς
2297 3546 2351 3584 ipsa
2363 3554 2417 3577 ite-

1362 3601 1428 3622 rum
1439 3601 1460 3622 o
1480 3591 1541 3622 tulit
1554 3591 1636 3621 nobis
1649 3590 1827 3632 quadraginin
1840 3592 1926 3623 millia
1940 3590 2125 3625 Mmcarum,
2141 3586 2180 3630 δει
2189 3585 2298 3623 insuper
2311 3584 2419 3630 decetn-

1363 3630 1450 3660 millia
1504 3639 1647 3668 arcarum,
1665 3630 1744 3668 quod
1758 3640 1774 3662 a
1787 3630 1878 3669 prima
1894 3628 2098 3661 Conventione
2111 3623 2253 3656 refilierat:
2272 3621 2310 3654 Et
2327 3622 2417 3653 afferi-

1363 3668 1447 3699 simus
1462 3668 1521 3698 hoc
1542 3668 1626 3706 pacto
1638 3691 1648 3706 ,
1664 3668 1757 3708 quod,

1362 3705 1465 3736 decem
1484 3705 1569 3737 millia
1590 3705 1754 3740 Marcarum

1363 3746 1442 3775 tione
1455 3743 1509 3775 sua.

1352 2516 1425 2547 niret
1447 2514 1597 2546 nobiscum
1617 2515 1647 2544 in
1665 2513 1741 2544 salvo
1761 2513 1909 2545 conductu
1928 2513 2029 2545 nostro
2048 2514 2134 2553 usque
2155 2515 2184 2544 in

1772 3670 1902 3739 229⁶&ss
1915 3667 1971 3705 ipsa
1982 3676 1999 3697 a
2010 3663 2217 3706 Conventione
2228 3660 2272 3704 illa
2286 3661 2399 3691 resiliret
2406 3685 2417 3700 ,

1815 3717 1824 3739 i
1841 3707 1892 3740 suo
1905 3703 2035 3742 adderet,
2051 3699 2175 3741 paoenda
2186 3709 2217 3730 m
2228 3707 2320 3738 prima
2333 3709 2416 3738 pm-

1402 3781 1441 3813 Et
1459 3783 1523 3813 haec
1545 3782 1712 3816 Conventio
1730 3784 1830 3824 scripta
1849 3782 1903 3815 fuit
1914 3781 1987 3812 inter
2000 3789 2054 3810 nos
2089 3775 2224 3815 &ipsam
2236 3775 2269 3806 ὃς
2281 3774 2360 3814 suos,
2379 3776 2427 3808 &¹

1362 3821 1537 3854 sacramento
1565 3822 1598 3853 δε
1627 3822 1716 3861 sigillis
1736 3831 1838 3854 eorum
1851 3845 1862 3860 ,
1885 3821 1919 3851 &
1940 3818 2030 3858 sigillis
2047 3802 2201 3859 Comitum
2219 3815 2252 3845 ὃ(
2273 3813 2419 3858 Baronum

1365 3859 1529 3890 nostrorum
1541 3882 1552 3898 ,
1575 3862 1623 3898 qui
1642 3862 1779 3900 aderant,
1802 3859 1968 3893 confirmata
1981 3869 1992 3895 ς,
2012 3857 2047 3887 ὃς
2062 3864 2175 3898 termini
2190 3861 2371 3896 pacationum
2386 3862 2417 3882 in

1365 3898 1468 3936 scripto
1481 3898 1530 3928 illo
1545 3898 1656 3930 fuerunt
1668 3900 1806 3940 assignati,
1825 3899 1859 3930 &
1872 3896 1945 3936 ipsa,
1961 3903 2031 3926 cum
2044 3893 2096 3923 suis
2112 3899 2322 3935 praenominatis
2336 3913 2346 3929 ‚
2367 3890 2418 3934 sub

1364 3935 1492 3968 custodia
1512 3938 1599 3967 teneri
1617 3938 1715 3971 debuit
1727 3938 1821 3971 donec
1835 3933 1997 3968 universum
2009 3931 2139 3964 debitum
2153 3929 2320 3970 piaediettum
2332 3929 2418 3960 nobis

1365 3975 1886 4084 efflgtrgtegoiilgquuandffiraedic'tus
1899 4008 2090 4055 willielmus,
2104 4007 2197 4037 statim
2212 4005 2276 4045 post
2289 4003 2421 4037 transsie-

1366 4061 1502 4084 tatiouem
1520 4052 1645 4086 nostram
1663 4056 1693 4084 in
2337 4080 2422 4113 stram

2296 4092 2336 4113 no

2408 237 2484 269 Ann.
2495 238 2537 271 D.

2433 287 2517 308 1212.

2415 1083 2461 1116 ¹'I
2483 1086 2544 1124 163.

1755 4052 1850 4083 bemia
1863 4072 1873 4089 2
1897 4048 2001 4087 incepit
2022 4047 2097 4078 male
2115 4046 2208 4079 faeere
2229 4046 2248 4065 '¹‘
2270 4045 2304 4076 &
2318 4052 2420 4075 terram
2436 4043 2486 4073 Ἰ,
2506 4044 2567 4078 164.
