2570 4261
30 266 106 300 Anti.
124 265 162 295 D.

60 305 140 343 1284.

28 346 95 373 Ἐάν.
112 353 121 370 i
128 365 136 371 .

30 902 107 934 Ann.
120 901 160 934 D.

52 942 135 980 1284.

28 985 81 1008 An.
104 989 147 1008 n..

29 1023 62 1046 Σ.
84 1028 108 1047 1.

25 1061 58 1085 L.
72 1060 109 1084 A.
114 1055 143 1094 f

31 1104 41 1123 ι
50 1104 62 1132 3
68 1104 94 1131 3.
105 1095 131 1122 b.

28 1137 101 1161 Penes
109 1136 162 1161 Ca-

28 1180 123 1199 merar-

21 1209 88 1244 ?u.
98 1209 162 1240 268.

27 4042 169 4079 411469.

734 190 845 231 ET
929 192 1197 233 ACTA

176 271 326 314 plenariam
340 273 375 304 de
388 274 546 313 hujusmodi
559 275 642 306 censu
654 275 774 306 duorum
789 285 947 315 annorum,
985 277 1117 317 ostquam
1131 278 1183 307 tibi
1200 278 1235 308 de

177 311 242 348 illo,
256 312 373 351 praefato
388 316 520 352 nomine,
540 314 620 344 fuerit
636 315 741 352 integre
755 287 1058 355 satisfactum,pl}nam
1070 316 1122 347 tibi
1135 317 1239 346 aueto-

174 350 252 379 ritate
262 350 440 389 praesentium
454 353 636 383 concedimus
651 352 821 383 facultatem.

211 428 278 459 Dat.
302 429 373 474 apud
392 430 508 462 Urbem
532 430 665 462 Veterem
685 430 751 462 Idtis
771 431 929 471 Februarii,
946 431 1132 464 Pontificati'is
1146 432 1234 464 nostri

174 476 252 498 anno
266 476 358 499 tertio.

829 548 883 578 Sub
895 548 949 590 filo
966 549 1073 580 canabi.

172 688 222 721 De
242 686 322 729 hiis,
355 700 415 734 quae
439 687 508 720 asia
521 688 595 733 simt
625 691 701 720 inter
722 685 889 735 Philippum
915 693 1021 736 Regem
1048 692 1178 722 Franciae
1195 693 1232 728 &-

221 736 364 769 Carolum
381 734 658 783 ficundo-genitum
678 738 741 781 ejus
757 764 768 780 ,
791 749 829 770 ex
848 749 910 770 una
928 747 1032 783 parte,
1058 741 1094 776 ὠ*
1111 737 1235 782 Johan-

219 796 287 816 nem
307 784 418 816 Sanffae
441 784 546 816 Siciliae
569 782 774 833 Presbyterum
793 784 985 818 Cardinalem
1003 799 1044 818 ex
1060 786 1176 827 altera,
1205 790 1235 818 in

219 835 333 878 negotio
354 834 449 878 Regni
462 832 579 866 Sicilia.

177 919 252 981 M
262 918 375 951 Artinus
390 920 560 960 Episcopus,
579 921 670 952 servus
684 921 826 953 servorum
841 922 916 961 Dei,
936 922 1076 954 carissimo
1096 922 1125 952 in
1140 922 1238 953 Chris-

271 966 302 988 to
324 959 382 989 filio
396 983 404 997 ,
432 959 540 990 Karolo
561 960 636 990 Reor
655 960 819 997 Aragonum
839 961 935 992 illustri
951 985 961 1000 ,
979 969 1045 992 nato
1058 960 1189 991 carissimi
1207 963 1237 991 in

175 995 295 1027 Christo
309 997 357 1027 filii
371 997 461 1027 nostri
475 997 595 1036 Philippi
609 984 697 1038 Regis
712 997 735 1029 F
736 1001 838 1030 ranciae
852 1000 961 1030 illustris
969 1000 1098 1038 ,salutem
1105 1000 1138 1030 ὃς
1146 1000 1239 1037 Apos-

175 1034 291 1065 tolicam
307 1036 545 1067 benedictionem.

213 1072 352 1113 Dudum,
368 1084 480 1114 propter
498 1075 637 1113 injustitias
651 1099 660 1114 ,
688 1076 816 1115 injurias,
835 1076 1034 1115 contumelias,
1053 1074 1189 1113 dolosque
1197 1075 1241 1105 di-

176 1111 268 1142 versos
282 1114 297 1143 a
313 1113 415 1152 Petro,
430 1114 573 1152 quondam
589 1113 671 1153 Rege
686 1114 849 1152 Aragonum
863 1137 873 1152 ,
892 1115 968 1145 circa
981 1115 1000 1134 '¹²
1017 1116 1239 1152 occupationem

175 1148 275 1181 Insulae
295 1152 398 1182 Siciliae
411 1175 420 1189 ,
439 1152 577 1191 vanosque
598 1160 714 1183 conatus
734 1153 766 1184 ec
781 1152 904 1191 insidias,
919 1154 954 1184 ad
967 1153 1029 1184 alias
1042 1161 1129 1192 partes
1141 1152 1237 1191 Regni

175 1188 278 1219 Siciliae
298 1190 477 1228 occupandas
493 1201 498 1220 :
518 1191 680 1221 seditionem
697 1192 726 1219 in
740 1191 836 1220 eadem
854 1191 942 1222 Insula
961 1199 1086 1221 motam:
1106 1200 1240 1221 commo-

173 1228 284 1258 tionem
301 1230 334 1260 &
349 1230 571 1259 concitationem
585 1229 682 1267 populi
694 1229 798 1258 fastam
812 1230 878 1259 inibi
893 1230 1018 1260 adversus
1031 1238 1083 1259 nos
1098 1252 1108 1268 ,
1124 1238 1184 1259 rem
1207 1239 1238 1258 u-

173 1266 280 1297 blicam
303 1268 336 1298 &
358 1267 512 1298 Ecclefiam
529 1278 535 1297 z
561 1275 660 1297 contra
681 1277 733 1296 nos
754 1268 787 1297 &
806 1267 924 1297 eandem
939 1268 1112 1305 Ecclesiam,
1138 1268 1185 1305 qui
1208 1278 1238 1297 us

173 1304 265 1335 distus
278 1305 390 1343 Petrus,
408 1306 514 1335 ratione
527 1305 623 1344 Regni
636 1305 803 1344 Aragoniae,
820 1305 869 1342 ipsi
883 1305 1016 1336 Ecclesiae
1031 1306 1063 1344 a,
1082 1306 1162 1336 clarae
1177 1315 1238 1335 me-

174 1344 293 1382 moriae,
316 1343 349 1373 P.
369 1354 424 1374 avo
444 1343 524 1383 ipfius
545 1342 622 1372 Petri
634 1343 720 1373 oblati
734 1343 767 1374 &
783 1343 927 1382 censualis,
945 1352 1001 1374 tam
1017 1344 1053 1374 ab
1068 1344 1117 1374 illo
1124 1367 1135 1382 ,
1149 1346 1236 1383 quam

174 1382 210 1419 ab
230 1382 286 1412 aliis
304 1382 361 1419 ejus
381 1381 626 1421 praedecefforibus
642 1381 805 1419 constituti,
821 1381 854 1411 ad
869 1382 1002 1413 fidelitatis
1016 1382 1144 1412 debitum
1159 1391 1237 1413 tene-

165 1420 267 1452 batur:
286 1430 340 1450 nec
357 1430 416 1450 non
430 1421 463 1451 &
478 1418 649 1450 carisiimum
663 1421 692 1450 in
708 1418 828 1449 Christo
847 1419 935 1451 filium
956 1420 1084 1450 nostrum
1099 1419 1238 1451 Carolum

172 1458 307 1488 illustrem
322 1458 435 1497 Regem
451 1458 572 1497 Siciliae,
590 1467 649 1488 non
664 1458 719 1489 sine
733 1459 819 1488 multa
835 1460 989 1489 temeritate
1003 1459 1183 1489 commiffos:

215 1495 286 1527 Post
305 1498 392 1527 varias
406 1498 577 1527 monitiones
592 1520 601 1535 ,
626 1497 845 1535 prohibitiones,
862 1508 894 1528 ac
914 1498 1108 1528 sententiarum
1122 1507 1239 1528 excom-

170 1536 374 1566 municationis
396 1535 430 1566 δε
453 1535 596 1566 interdicti
621 1536 790 1575 prolationes
805 1558 814 1573 ,
842 1545 990 1572 poenarum
1009 1536 1180 1566 indiffiones
1203 1537 1236 1567 &

171 1574 408 1604 comminationes
425 1573 559 1612 expressas
572 1597 581 1612 ,
606 1573 643 1604 de
667 1573 737 1604 diCti
758 1573 859 1610 Regni
879 1574 1003 1612 Aragon.
1023 1585 1056 1605 ac
1082 1583 1236 1612 terrarum,

169 1618 241 1642 tunc
257 1612 337 1652 ipfius
351 1611 428 1643 Petri
442 1613 616 1652 expositione
637 1622 670 1642 ac
689 1613 846 1651 privatione
864 1612 948 1644 fastais
961 1636 970 1651 ‚
996 1613 1029 1643 &
1042 1622 1181 1651 praecepta
1197 1612 1239 1643 di-

170 1651 247 1682 versa
257 1674 266 1688 ,
283 1661 405 1691 quorum
419 1653 552 1682 omnium
566 1650 642 1680 idem
658 1649 756 1681 Petrus
770 1650 796 1680 se
809 1660 1013 1683 contumacem
1028 1652 1153 1682 exhibuit
1168 1662 1238 1683 con-

168 1696 230 1720 tem
252 1698 359 1719 torem·

211 1699 404 1767 Rpegnum’Ar
459 1727 513 1758 niae
527 1727 665 1765 terrasque
681 1726 833 1765 praedicta,
850 1735 929 1758 certo
946 1728 1052 1767 modo,
1070 1729 1106 1759 de
1119 1728 1238 1759 fratrum

169 1765 339 1796 'nostrorum
355 1775 411 1796 con
423 1767 484 1804 ilio,
505 1774 692 1806 exponentes,
709 1766 797 1804 ipsum
806 1765 939 1804 Petrum,
957 1776 1026 1798 tunc
1041 1767 1154 1805 Regem
1170 1768 1239 1798 Ara-

191 1814 299 1843 onum,
318 1804 444 1843 Regno,
459 1805 492 1836 &
510 1806 586 1836 terris
600 1803 721 1842 eisdem,
744 1806 877 1844 regioque
896 1805 1007 1836 honore
1025 1806 1238 1844 sententialiter,

169 1812 285 1882 iusticia
299 1844 445 1883 exigente,
463 1844 649 1882 privavimus,
668 1843 702 1873 &
716 1844 856 1880 privantes
869 1843 1044 1881 exposuimus
1058 1845 1104 1875 Re
1125 1855 1194 1875 num
1204 1846 1238 1875 ὃς

172 1889 258 1912 terras
271 1881 368 1912 eadem
384 1882 550 1922 occupanda
565 1881 728 1919 catholicis,
744 1882 779 1912 de
792 1882 909 1920 quibus,
926 1883 960 1913 ὅ(
975 1891 1059 1923 prout
1072 1883 1098 1913 se
1119 1893 1146 1913 es
1156 1884 1238 1922 Apo-

174 1919 274 1950 stolica
288 1920 403 1951 duceret
416 1920 623 1957 providendum
636 1943 646 1958 ,
673 1920 764 1957 quoad
778 1920 833 1959 ipsa
848 1920 987 1958 Regnum
1002 1922 1035 1952 &
1052 1931 1151 1960 terraS,
1171 1922 1237 1953 Ro-

173 1968 269 1989 manae
283 1959 391 1997 semper
405 1958 538 1990 Ecclesiae
550 1959 612 1997 jure
631 1958 707 1988 salvo
720 1981 729 1996 ,
754 1959 824 1989 sicut
844 1959 907 1990 haec
927 1962 1023 1990 omnia
1038 1960 1090 1991 lata
1105 1971 1156 2001 per
1169 1971 1240 1998 nos,

173 1997 212 2029 de
223 1997 347 2036 ipsorum
358 1998 477 2028 fratrum
491 1998 622 2034 consilio,
640 1997 720 2035 supet
730 1998 892 2036 hujusmodi
902 1999 1074 2038 privatione,
1092 2000 1241 2037 expositio-

172 2046 213 2067 ne
224 2043 258 2066 ac
273 2037 479 2075 occupatione,
497 2036 630 2067 sententia
643 2033 739 2066 seriose
751 2036 885 2066 declarat:

211 2073 248 2105 Et
261 2076 343 2114 quia,
360 2075 410 2104 ubi
426 2086 485 2105 non
499 2074 540 2105 est
555 2075 723 2115 gubernator
739 2098 748 2113 ,
773 2075 894 2114 populus
910 2076 1016 2106 corruit
1031 2099 1041 2114 ,
1064 2084 1100 2106 ne
1117 2076 1239 2115 ipsorum

175 2111 330 2150 Aragoniae
345 2112 441 2152 Regni
456 2113 489 2144 &
503 2122 636 2144 terrarum
652 2113 770 2151 populus
784 2136 793 2151 ,
811 2114 899 2144 faetus
918 2114 1019 2154 absque
1037 2116 1241 2154 gubernatore,

168 2151 277 2182 diutius
291 2160 416 2191 vergeret
430 2153 458 2182 in
472 2153 597 2190 ruinam,
616 2150 723 2182 dietam
736 2152 940 2192 provisionem,
955 2153 1010 2184 sedi
1023 2153 1184 2184 reservatam
1200 2155 1240 2184 ei-

169 2189 241 2221 ·dem
248 2213 257 2228 ,
275 2190 488 2221 deliberavimus
503 2190 711 2228 exequendam:

211 2227 248 2259 Et
265 2229 331 2260 ideo
343 2229 376 2260 ad
394 2229 574 2260 clariffimum
587 2236 674 2268 genus
688 2236 769 2259 tuum
802 2229 934 2260 illibatam
950 2229 1072 2268 ejusdem
1106 2232 1193 2261 eneris
1208 2231 1241 2261 fi-

169 2265 258 2305 dem,
275 2267 310 2298 ad
325 2267 449 2298 Domini
469 2267 670 2305 devotionem,
687 2266 722 2296 ad
735 2269 764 2305 ip
777 2277 825 2298 um
844 2268 878 2299 &
896 2268 1013 2298 eandem
1029 2267 1089 2299 Ecc
1100 2269 1184 2300 esiam
1199 2271 1244 2300 in-

174 2305 308 2337 defeffam
318 2329 328 2343 ,
343 2306 483 2337 fervidum
494 2307 590 2337 zelum
604 2306 638 2336 ad
654 2305 851 2337 exaltationem
864 2306 928 2337 fidei
947 2307 1117 2337 orthodoxae
1133 2331 1142 2346 ,
1165 2310 1244 2347 cujus

173 2343 251 2375 idem
262 2354 350 2384 >genus
363 2353 462 2376 contra
474 2345 569 2376 hostes
591 2344 673 2382 ipsius
686 2343 751 2375 fidei
773 2346 880 2382 semper
901 2346 991 2375 extitit
1006 2346 1043 2376 lin
1065 2345 1144 2377 ularis
1157 2347 1244 2377 athle-

172 2391 222 2422 ta,
240 2385 435 2421 &ingentem
450 2383 521 2414 illius
539 2384 696 2422 potentiam
708 2407 718 2421 ,
744 2384 774 2413 in
786 2384 924 2422 obsequiis
943 2393 1037 2414 earum
1058 2394 1105 2413 em
1126 2384 1191 2415 fidei
1208 2387 1241 2417 &

178 2420 331 2460 Ecclesiae,
348 2422 467 2452 feliciter
480 2422 654 2462 temporibus
674 2422 817 2452 retroactis
838 2430 996 2460 expertam,
1016 2422 1246 2454 considerationis

174 2458 294 2490 solicitae
305 2459 406 2490 oculos
419 2467 634 2497 convertentes,
652 2458 687 2489 ad
701 2461 900 2490 executionem
920 2460 1084 2498 provisionis
1104 2462 1184 2500 ipsius
1197 2462 1246 2492 ali-

176 2507 266 2542 quem
279 2498 315 2528 de
329 2499 386 2538 ipso
399 2507 519 2537 genere,
533 2498 583 2528 sub
597 2498 653 2528 Dei
672 2497 773 2529 fiducia
782 2521 792 2537 ,
805 2508 891 2537 quem
905 2498 1011 2536 semper
1025 2499 1145 2536 ejusdem
1160 2509 1245 2539 gene-

178 2545 216 2567 ris
229 2537 301 2567 clara
316 2538 483 2577 progenies,
501 2538 534 2568 ὃ(
549 2536 688 2574 Regnum
707 2537 833 2567 Franciae
851 2537 998 2574 inclitum,
1013 2536 1168 2568 firmissime
1183 2550 1245 2569 cre-

176 2573 267 2613 didit,
284 2574 462 2605 devotissime
474 2576 626 2606 honoravit
642 2575 675 2605 &
690 2576 796 2613 coluit,
812 2575 848 2605 de
863 2575 978 2606 fratrum
993 2576 1160 2607 eorumdem
1174 2587 1245 2608 con*-

178 2613 255 2650 silio,
275 2612 490 2644 deliberavimus
504 2613 677 2651 eligendum.

218 2651 251 2681 In
266 2652 403 2683 eletStione
417 2655 489 2683 veri>
503 2651 675 2690 hujusmodi,
693 2651 727 2682 ali
749 2661 830 2690 uem,
848 2651 884 2682 de
896 2652 1028 2682 carissimi
1041 2653 1069 2683 in
1080 2652 1198 2684 Christo
1213 2654 1245 2684 fi-

177 2687 210 2720 lii
222 2689 329 2729 nostri,
346 2690 469 2730 Philippi
487 2691 578 2728 Regis
591 2691 717 2721 Franciae
732 2689 860 2730 ilustris,
879 2689 965 2722 Patris
980 2692 1022 2722 tui
1037 2715 1047 2731 ,
1071 2691 1132 2722 filiis
1145 2695 1246 2733 praese-⁷

176 2726 299 2759 rendum
313 2729 459 2767 multiplex
474 2730 546 2760 ratio
561 2729 702 2768 persuasit:

178 2802 181 2803 ⁷
217 2766 342 2806 Ideoque
357 2767 494 2798 dileetum
511 2768 600 2798 filiurn
614 2767 742 2798 nostrum
750 2767 930 2806 johannem,
948 2767 1019 2804 tituli
1032 2768 1145 2800 Sandtae
1159 2769 1247 2801 Ceci-

179 2804 227 2836 liae
240 2804 434 2846 Presbyterum
450 2805 643 2844 Cardinalem,
661 2806 696 2836 ad
711 2806 769 2836 hoc
783 2806 943 2836 ministrum
956 2806 1091 2838 idoneum
1141 2808 1177 2839 de
1191 2809 1245 2839 fra-

176 2849 259 2875 trum
273 2845 439 2876 eorumdem
460 2845 579 2875 consilio
599 2845 765 2875 assumentes
779 2863 789 2883 ,
813 2844 849 2888 'ad
860 2844 1065 2885 occupandum
1081 2830 1156 2877 id'em
1176 2848 1246 2879 Ara·

179 2891 250 2920 gon.
266 2882 406 2921 Regnum
430 2884 463 2914 &
482 2883 664 2914 Comitatum
680 2883 876 2914 Barchinoniae
892 2884 976 2923 (quae
991 2883 1032 2913 est
1053 2885 1089 2915 de
1105 2887 1183 2916 tetris
1199 2896 1248 2916 ex-

178 2921 284 2988 Δἓοῇῑίε)
300 2929 365 2959 quae
380 2922 451 2952 olim
469 2921 578 2955 fuerant
592 2922 660 2953 dieti
682 2922 783 2961 Petri,
807 2922 843 2952 de
862 2922 913 2952 illo
925 2945 935 2961 ,
962 2931 996 2952 ex
1015 2924 1138 2961 ejusdem
1158 2924 1246 2964 Regis

208 2960 311 2989 tanciae
327 2960 385 2990 filiis
419 2970 506 2999 quem
519 2961 553 2991 ad
567 2961 624 2996 hoc
638 2960 693 2999 ipse
707 2960 773 2991 Rex
786 2960 919 2999 elegerit,
935 2960 992 2992 alio
1007 2969 1068 2992 turn
1082 2963 1118 2993 ab
1131 2972 1180 3001 e0,
1200 2965 1248 3002 qui

182 2997 234 3027 fibi
248 2997 332 3028 estin
346 2982 429 3028 dicio
442 2998 552 3036 Regno
567 2999 693 3030 Franciae
710 2999 897 3038 successurus,
916 2999 968 3030 sub
979 3002 1061 3031 certis
1076 3001 1155 3040 lege,
1175 3011 1247 3032 cona

183 3036 381 3074 ventionibus,
400 3037 432 3068 ὃς
447 3037 553 3076 pactis,
571 3037 699 3080 expreffis
715 3039 744 3068 in
764 3038 857 3068 litteris
874 3037 992 3076 nostris,
1012 3039 1091 3079 super
1104 3040 1160 3070 hoc
1176 3039 1248 3070 Car-

181 3072 270 3104 dinali
281 3073 394 3105 direffls
407 3075 516 3113 eidem,
532 3076 568 3111 ab
582 3076 641 3114 ipso
656 3076 741 3115 Rege
754 3076 898 3116 Franciae,
914 3086 947 3107 ac
961 3077 1063 3108 eodem
1079 3078 1151 3116 filio,
1169 3078 1203 3109 ad
1219 3079 1246 3110 id

182 3112 293 3150 eleeto,
307 3121 356 3151 per
368 3123 435 3143 eurn
448 3114 628 3151 solempniter
640 3115 891 3153 promittendis,ut
903 3124 1004 3146 eorum
1035 3126 1156 3155 uemque
1171 3127 1246 3148 con-

182 3151 337 3190 tingerent,
355 3152 388 3182 &
402 3152 598 3183 inviolabiliter
610 3153 803 3193 observandis,
822 3161 870 3193 per
885 3153 996 3185 dietum

182 3187 317 3220 &oritate
330 3189 496 3230 Apostolica
510 3213 520 3228 ,
546 3201 631 3231 quam
653 3192 683 3221 in
700 3192 753 3223 hac
776 3202 850 3233 parte
869 3193 952 3231 plene
970 3190 1019 3224 fibi
1036 3195 1246 3234 commisimus,

182 3227 221 3258 de
234 3227 357 3266 ipsorum
368 3229 485 3259 fratrum
497 3230 631 3268 consilio,
648 3230 777 3262 volumus
790 3232 948 3271 provideri,
966 3233 999 3264 δε
1013 3234 1103 3271 ipsum
1115 3232 1147 3263 ad
1162 3233 1191 3264 id
1205 3233 1247 3264 fa-

183 3266 318 3297 ciendum
334 3268 501 3306 singulariter
517 3267 662 3306 deputari·⁷

222 3304 366 3336 Satuentes
380 3307 414 3337 δε
428 3306 608 3336 decernentes
621 3304 716 3345 quod,
736 3307 885 3349 postquam
899 3309 946 3350 ipsi
967 3310 1032 3340 Rex
1051 3310 1192 3349 Francbe,
1210 3312 1244 3342 &

184 3341 258 3373 filius
273 3342 350 3382 suus,
369 3345 402 3375 ad
417 3344 475 3375 hoc
490 3345 593 3375 eiectus
606 3346 640 3375 ab
656 3345 720 3384 isso,
734 3346 768 3378 &
788 3348 804 3378 a
818 3348 936 3386 praefato
949 3347 1108 3387 Car-dinali,
1128 3358 1158 3379 ut
1174 3360 1246 3388 prae-

184 3381 305 3420 dicitur,
324 3382 484 3421 deputatus,
499 3383 617 3413 eandem
631 3383 740 3422 legem,
758 3389 965 3417 conventiones
979 3388 1011 3418 ὃς
1028 3389 1109 3427 pieta
1123 3388 1244 3425 expresse

184 3429 381 3461 acceptarent,
401 3421 433 3452 ὅτ.
449 3423 644 3460 promitterent
656 3431 788 3453 contenta
802 3425 831 3454 in
851 3427 890 3457 eis
911 3425 935 3455 se
950 3427 1144 3456 inviolabiliter
1158 3427 1246 3457 serva⁴

182 3466 276 3497 turos,
294 3458 438 3498 dfftusque
453 3459 607 3490 Cardinalis
621 3461 728 3499 ipsum,
748 3461 871 3499 ejusdem
881 3463 992 3504 Regem
1002 3464 1022 3494 F
1025 3475 1126 3495 rancise
1140 3465 1245 3502 filium,

183 3497 220 3528 ad
235 3496 263 3527 id
277 3497 439 3536 deputaret,
455 3498 532 3537 idem
547 3497 616 3528 filius
630 3500 660 3528 in
680 3499 795 3536 praefato
809 3500 920 3539 Regno
937 3503 1004 3533 Arra
1025 3510 1072 3533 on,
1087 3514 1195 3534 nomen
1210 3504 1243 3534 &

182 3536 296 3566 titulum
316 3536 442 3576 Regium
456 3559 466 3575 ‚
489 3538 518 3567 in
540 3535 689 3568 Comitatu
707 3547 819 3607 quoqpe
840 3541 980 3581 praedicto
1020 3543 1162 3581 ignitateni
1179 3553 1245 3572 om-

183 3584 267 3612 nem,
286 3584 370 3613 quam
384 3575 474 3606 dictus
494 3575 591 3605 Petrus
611 3575 754 3614 quondam
806 3586 840 3608 ex
853 3579 894 3610 Ar
929 3590 979 3610 ori.
995 3582 1025 3611 in
1045 3581 1095 3611 illo
1107 3582 1247 3620 optinuit,

181 3613 323 3644 sortiretur
356 3614 390 3645 &
403 3621 462 3645 tam
476 3624 525 3652 per
539 3614 566 3644 se
578 3637 588 3652 ,
613 3615 698 3650 quam
718 3623 767 3653 per
781 3616 849 3647 alios
869 3625 901 3648 ea
921 3628 967 3649 em
982 3619 1116 3658 Regnum
1133 3621 1166 3651 ὃ(
1182 3619 1245 3650 Co-

182 3653 314 3683 mitatum
340 3653 414 3683 ‘bere
428 3660 599 3690 occuparet,
617 3652 651 3683 &
665 3651 768 3683 faceret
780 3653 829 3684 suo
844 3657 964 3687 nornine
977 3659 1112 3696 occupari
1126 3669 1136 3695 ·,
1159 3668 1245 3696 eaque

178 3697 240 3724 tam
251 3691 321 3731 ipse,
339 3692 424 3731 quam
438 3689 477 3721 sui
490 3692 627 3731 perpetuo
640 3690 808 3722 successores
822 3693 850 3723 in
869 3694 934 3733 illis,
953 3704 1035 3727 certo
1052 3696 1086 3726 ad
1106 3697 1151 3727 illa
1166 3695 1244 3726 ordi-

179 3734 221 3759 ‘ne
234 3738 372 3761 contento
385 3731 412 3760 in
427 3729 530 3760 eisdem
545 3730 657 3768 litteris,
673 3729 839 3761 admittendi
852 3731 888 3762 ab
917 3742 953 3763 ue
964 3735 1187 3766 contradictione
1200 3735 1248 3766 ali-

204 3777 256 3806 ua,
274 3768 444 3809 possiderent
480 3768 514 3798 &
529 3768 558 3797 in
573 3768 634 3807 iplis
649 3790 658 3806 ‚
683 3776 816 3805 tanquam
835 3770 895 3800 veri
943 3781 1022 3811 eges,
1041 3772 1189 3813 Comites,
1210 3775 1244 3804 &

181 3776 324 3846 Domini,
342 3791 563 3838 administrarent
578 3807 585 3836 l
622 3806 701 3836 itime
717 3807 751 3837 δε
764 3807 846 3845 plene
859 3808 888 3837 in
903 3810 941 3838 eis
955 3812 1000 3849 jus
1021 3811 1127 3851 Regis,
1143 3812 1246 3843 Comi-

183 3842 217 3872 tis
229 3843 263 3874 &
277 3842 421 3884 Domini,
437 3845 556 3875 habituri
567 3846 596 3875 in
641 3854 803 3881 erraconen.
823 3842 949 3877 Civitate
960 3871 971 3886 ,
990 3849 1070 3886 ipsius
1084 3853 1228 3882 territorio
1237 3873 1246 3889 ,

182 3879 354 3914 districtibus
376 3885 409 3915 ὃς
430 3884 653 3922 pertinentibus,
677 3882 813 3922 saepefatae
834 3883 979 3917 Romanae
997 3897 1030 3918 ac
1051 3888 1245 3922 Terraconen.

183 3915 372 3952 Ecclesiarum
387 3930 436 3961 per
448 3922 546 3953 omnia
560 3922 617 3959 jure
632 3921 715 3951 salvo.
970 3959 973 3961 v

221 3956 323 3989 Distus
335 3968 429 3991 autern
442 3960 597 3991 Cardinalis
612 3957 769 3998 huiusmodi
785 3961 950 4000 negotium,
965 3963 1043 4002 juxta
1056 3963 1180 3996 formam
1196 3967 1246 3997 sibi

180 3994 196 4038 ξι
209 3996 292 4028 nobis
304 3999 432 4029 traditam
441 4022 451 4038 ,
463 4009 600 4039 exequens
613 3998 760 4038 diligenter
771 3998 939 4030 auctoritate
947 3999 974 4031 A
1015 4001 1117 4033 stolica
1125 4027 1135 4042 ,
1154 4005 1248 4035 eidem

183 4043 212 4062 in
224 4033 280 4064 hac
292 4043 386 4074 parte,
404 4038 424 4057 *²
439 4038 586 4068 commissa
599 4037 635 4067 de
649 4046 678 4067 te
692 4059 701 4074 ,
725 4046 813 4077 quem
827 4038 957 4074 praefatus
1004 4049 1038 4070 ex
1053 4041 1179 4072 Franciae
1193 4043 1248 4073 Pa⁴

181 4079 224 4104 ter
235 4080 298 4105 tuus
312 4076 472 4108 nominavit
485 4076 521 4109 ad
537 4076 567 4109 id
580 4086 614 4109 ac
625 4075 724 4117 elegit,
737 4075 786 4108 sub
800 4075 879 4117 lege,
892 4079 1148 4120 conventionibus,
1166 4088 1249 4122 atque

1055 3156 1187 3186 rdinalem
1198 3167 1247 3187 au-
1272 3161 1274 3163 '

1282 185 1750 244 PUBLICA.
2267 205 2349 252 229

1278 278 1363 323 paffls
1375 281 1529 322 praediffis,
1546 285 1618 320 iuxta
1629 285 1759 324 quasdem
1773 284 1994 326 moderationes,
2008 286 2220 327 declarationes,
2233 288 2266 319 &
2281 288 2330 319 de·
2345 283 2422 315 Αῐῑῒῐ·
2437 273 2479 314 D.

1276 317 1424 349 traustiones
1440 320 1518 359 super
1531 321 1587 352 hoc
1604 332 1654 360 per
1668 324 1731 353 alias
1744 324 1841 355 litteras
1856 325 1977 364 nostras,
1994 336 2110 364 quarum
2125 335 2205 357 tenor
2219 328 2330 357 inferius
2345 352 2357 355 a
2371 323 2457 365 12-ἳῷ-

1276 365 1424 387 annotatur
1459 360 1606 398 adhibitas,
1627 369 1683 404 tam
1698 362 1713 391 ᾗ
1726 370 1768 399 te,
1787 364 1870 401 quim
1886 364 1900 392 {t
1918 365 2033 401 praefato
2048 364 2130 401 Repe
2139 365 2263 396 Franciae
2279 365 2332 395 Pa·
2345 359 2414 390 Edv·
2432 363 2459 388 '¹2

1277 401 1319 437 tre
1334 403 1383 424 tuo
1403 380 1583 441 soiempniter
1597 421 1606 436 ,
1626 408 1702 436 Juxta
1716 400 1791 438 quod
1813 401 1904 431 eidem
1926 401 2067 433 Cardinali
2080 403 2151 433 faita
2168 404 2332 434 commissio

1275 433 1416 471 exigebat,
1434 437 1588 474 proniissis,
1604 445 1688 475 prout
1703 448 1842 477 quemque
1863 440 1988 470 vestrsirn
2005 442 2181 478 contingunt
2193 442 2226 472 ad
2243 453 2332 473 occu-

1275 470 1400 514 pandum
1419 471 1557 509 Regnum
1575 475 1726 511 &agoniae
1741 486 1772 506 ac
1783 476 1960 508 Comitatum
1977 479 2171 510 Barchinoniae
2184 480 2333 520 prceditsta,

1276 509 1399 546 providit
1416 532 1426 554 ,
1451 519 1531 550 teque
1545 512 1578 542 ad
1594 512 1621 542 id
1637 513 1794 544 faciendum
1811 515 1848 544 liri
1889 516 1978 546 laritcr
1994 516 2135 554 deputavit
2151 520 2178 548 in
2194 516 2335 549 Terraco-

1276 556 1340 590 nen.
1355 546 1496 591 Cryaaoe,
1515 551 1594 587 ipiius
1608 551 1766 581 Territorio
1780 575 1790 590 ,
1814 553 1853 582 dii
1869 555 1979 584 rictibus
1993 556 2024 585 ὃς
2039 557 2206 592 pertinentiis
2222 562 2334 588 memo‘-

1275 585 1508 652 samis‘lh‘stafflm
1520 589 1682 628 Romanae,
1700 600 1733 619 ac
1741 591 1934 622 Terraconen.
1948 592 2153 633 Ecclesia-um,
2173 605 2220 634 per
2236 597 2334 626 omnia

1270 632 1333 660 Jure
1357 633 1370 652 a
1382 633 1433 654 vo:

1315 663 1365 692 Tu
1376 664 1445 692 vero
1459 663 1614 701 hujusmodi
1627 666 1815 704 provisionem
1830 668 1864 698 &
1877 668 2089 706 deputationem
2104 693 2113 708 ,
2135 671 2221 701 taliter
2233 672 2268 702 ab
2284 672 2335 702 eo·-

1277 699 1343 730 dem
1359 699 1506 745 Cardinalc
1521 702 1621 741 factas,
1640 703 1775 740 prasdicto
1788 704 1869 744 Rege
1885 706 1908 735 F
1911 708 2011 738 ranciae
2022 709 2151 753 genitore
2171 718 2222 740 tuo
2235 715 2337 749 appro‘-

1276 737 1376 782 bante,
1394 748 1426 768 ac
1443 739 1537 783 inlliiis
1556 741 1679 778 expresse
1693 743 1903 782 ‘consentiente‚
1919 744 2068 783 acceptasti
2082 769 2091 785 ,
2112 748 2145 777 &
2159 749 2243 778 etiam
2258 754 2336 779 rece·-

1278 776 1355 820 pis'ti,
1376 787 1458 821 prout
1472 788 1500 807 in
1516 778 1624 822 litteriS,
1640 780 1705 810 inde
1719 782 1874 822 confectis,
1889 784 1969 821 ipsius
1988 783 2140 815 Cardinalis
2159 785 2256 825 Sigillo
2270 796 2337 817 mu-

1277 824 1357 850 nitis,
1373 815 1478 852 plenius
1493 826 1664 847 continetur:
2314 852 2316 856 ,

1316 852 1383 882 Nos
1395 854 1503 892 itaque,
1518 857 1570 885 tuis
1583 855 1824 897 supplicationibus
1838 859 1978 897 inclinati,
1999 869 2062 897 quae
2077 861 2104 889 in
2126 860 2285 900 przemiffis,
2301 862 2338 892 ab

1280 890 1387 934 eodem
1398 890 1540 922 Cardinali
1560 894 1648 924 taliter
1663 894 1735 925 facta
1750 895 1810 925 sunt
1824 920 1833 934 ,
1855 906 1910 927 rata
1930 898 2052 936 &grata
2067 899 2200 930 habentes
2213 923 2222 938 ,
2243 900 2288 931 illa
2302 910 2338 930 ex

1281 938 1357 959 certa
1372 931 1500 973 scientia,
1518 930 1553 960 de
1565 932 1687 970 ipsorum
1703 933 1830 964 Fratrum
1848 935 2010 965 nostrorum
2024 937 2156 975 consilio,
2175 939 2340 970 auctoritate

1282 967 1447 1005 Apostolica
1484 969 1685 1000 confirmamus
1699 972 1732 1002 &
1748 973 1888 1009 praesenris
1902 974 1993 1013 scripti
2008 977 2163 1012 patrocinio
2175 978 2341 1006 communi-

1282 1014 1362 1043 mus3
1380 991 1541 1049 defeeium,
1560 1008 1578 1037 si
1602 1010 1662 1045 quis
1680 1009 1709 1038 in
1722 1011 1778 1048 eis,
1796 1011 1838 1040 vel
1852 1021 1953 1041 eorum
1972 1012 2066 1050 aliquo
2079 1036 2088 1051 ,
2113 1023 2147 1043 ex
2163 1016 2340 1053 quacumque

1283 1043 1378 1082 causa,
1397 1046 1501 1079 extitit,
1520 1045 1675 1083 supplentes
1688 1046 1724 1076 de
1738 1048 1908 1086 plenitudine
1924 1050 2081 1088 potestatis,
2099 1052 2131 1082 ἃ
2145 1061 2253 1082 tenores
2265 1053 2340 1083 litte²¹

1280 1092 1373 1112 rarum
1388 1083 1467 1120 ipsius
1474 1082 1646 1122 Cardinalis,
1661 1094 1774 1115 necnon
1791 1087 2034 1125 moderationum,
2051 1089 2287 1129 declarationum,
2305 1089 2339 1122 &

1280 1119 1488 1151 detractionum
1502 1121 1697 1161 praedietarum
1711 1146 1720 1160 ,
1743 1123 1778 1154 de
1794 1125 1884 1154 verbo
1896 1125 1930 1155 ad
1949 1126 2084 1164 verbum,
2102 1129 2278 1166 praeieiitibus
2294 1130 2340 1159 in-

1279 1158 1342 1189 ferri
1358 1159 1506 1198 facientes,
1524 1161 1572 1198 qui
1587 1160 1651 1191 tales
1664 1160 1734 1192 sunt.

1316 1232 1497 1266 Sanfflffimo
1517 1235 1614 1274 Patri,
1638 1247 1671 1267 ac
1690 1235 1826 1268 Domino
1851 1237 1900 1269 suo
1921 1238 2160 1270 Reverentiffimo
2173 1263 2182 1277 ,
2208 1241 2342 1274 Domino

1283 1272 1429 1312 Martino,
1450 1274 1556 1305 Divina
1574 1274 1773 1315 Providentia,
1790 1277 1977 1307 Sacrosanetae
1994 1277 2016 1306 32
2024 1288 2139 1308 omanae
2159 1289 2191 1309 ac
2205 1281 2344 1312 universa*-

1280 1311 1312 1341 lis
1326 1310 1455 1347 Eccleliae
1471 1313 1582 1343 summo
1602 1312 1734 1344 Pontifici
1747 1337 1758 1352 ,
1780 1314 1923 1352 johannes
1938 1338 1948 1353 ,
1972 1315 2030 1345 Dei
2044 1317 2224 1355 permissione
2236 1341 2245 1354 ,
2269 1320 2343 1349 tituli

1281 1349 1391 1380 San&ae
1407 1349 1524 1380 Ceciliae
1539 1351 1684 1390 Presbyter
1699 1351 1871 1392 Cardinalis,
1888 1354 2007 1392 devotus
2021 1354 2112 1385 servus
2124 1357 2179 1393 ejus
2193 1356 2225 1386 ὃς
2239 1356 2341 1396 Filius,

1280 1398 1347 1419 cum
1367 1388 1465 1419 humili
1483 1389 1765 1422 recommendatione
1779 1392 1836 1431 sui,
1854 1391 2029 1423 devotiffima
2044 1394 2149 1431 pedum
2170 1393 2263 1425 oscula
2278 1395 2344 1426 bea·-

1280 1435 1384 1457 [ΟῙῊΠῘ.

1319 1465 1563 1497 Reverentisfimae
1575 1465 1731 1498 Sanfflmtis
1744 1466 1845 1498 vestrae
1858 1467 1974 1507 litteras,
1993 1468 2026 1499 ad
2039 1479 2086 1500 me
2098 1468 2230 1509 disertas,
2249 1471 2343 1510 recepi

1279 1509 1428 1542 tenorem,
1448 1506 1495 1544 qui
1510 1504 1649 1545 sequitur,
1668 1506 1862 1544 continentes·,

1318 1579 1458 1617 Martinus
1472 1581 1496 1612 E
1520 1581 1625 1621 iscopus
1662 1582 1753 1612 servus
1767 1581 1907 1613 servorum
1920 1583 1995 1621 Dei,
2012 1583 2116 1614 dile&o
2133 1583 2191 1615 filio
2201 1583 2344 1625 johanni,

1279 1619 1349 1649 tituli
1363 1620 1475 1650 Sanctae
1519 1620 1608 1651 eciliae
1646 1621 1787 1661 resbytero
1796 1619 1954 1661 Cardinali,
1972 1622 2084 1653 salutem
2098 1624 2132 1654 &
2146 1623 2345 1662 Apostolicarn

1279 1658 1519 1690 benedictionem.

1318 1696 1379 1735 Qii
1393 1697 1494 1737 Regna
1510 1697 1635 1729 transfert
1649 1706 1732 1736 atque
1747 1697 1908 1737 constituit,
1924 1697 1980 1739 ipse
1987 1698 2138 1737 Scripturae
2154 1696 2246 1731 Sacrae
2260 1700 2345 1733 doce't

1279 1734 1395 1774 eloquio
1411 1735 1547 1776 Regnum
1564 1739 1578 1766 a
1591 1745 1675 1775 gente
1689 1737 1908 1767 transferendum
1922 1738 1952 1780 in
1965 1743 2094 1777 gentem,
2113 1747 2224 1778 propter
2237 1740 2346 1778 injusti-

1280 1774 1344 1811 tias,
1360 1775 1485 1813 injurias,
1503 1775 1685 1805 contumelias
1696 1775 1829 1811 dolosque
1844 1775 1979 1806 diversos:

1320 1812 1392 1843 Sane
1414 1813 1575 1849 injustitiam
1590 1813 1765 1844 manifestam
1785 1813 1882 1852 Petri,
1903 1812 1963 1848 &c.
1978 1821 2061 1852 prout
2081 1818 2110 1844 in
2122 1826 2198 1845 anno
2208 1814 2244 1855 fic
2261 1818 2344 1847 eriorb

1281 1851 1314 1880 de
1329 1860 1377 1889 27.
1393 1855 1467 1888 Aug,
1506 1851 1584 1890 Quae
1597 1861 1708 1890 autem,
1725 1853 1795 1882 inter
1810 1852 1970 1892 Philippum
1984 1875 1994 1891 ,
2020 1851 2079 1882 Dei
2097 1853 2182 1893 gratia
2195 1874 2206 1892 ,
2263 1864 2345 1894 egem

1284 1890 1459 1920 Francorum
1474 1889 1607 1920 illustrem
1622 1913 1632 1928 ,
1656 1891 1688 1921 &
1705 1889 1842 1921 Carolum
1858 1892 1913 1929 ejus
1925 1891 2049 1921 secundo
2067 1893 2195 1930 genitum
2242 1901 2275 1923 ex
2292 1895 2347 1924 ursa

1283 1936 1358 1966 parte
1367 1951 1377 1966 ,
1392 1929 1425 1958 ὃ(
1443 1927 1497 1958 Me
1508 1928 1537 1967 J.
1552 1928 1624 1959 tituli
1638 1928 1751 1959 Sanctae
1760 1927 1876 1959 Ceciliae
1889 1929 2075 1959 presbiterum
2084 1915 2263 1961 Cardinafem
2272 1955 2280 1968 ,
2298 1943 2347 1962 ve-

1283 1966 1342 1996 stro
1358 1968 1389 1998 &
1403 1966 1538 1997 Ecclesiae
1554 1967 1696 1998 Romanae
1713 1968 1849 2005 nomine,
1867 1977 1900 1997 ex
1914 1967 2012 2005 altera,
2032 1968 2092 1998 aeta
2106 1969 2184 2007 sunt,
2204 1971 2347 2010 praescrip-

1282 2013 1374 2035 tarum
1389 2005 1553 2035 au&oritate
1564 2005 1714 2035 litterarum
1724 2028 1734 2044 ,
1748 2007 1821 2044 juxta
1835 2005 1996 2036 mandatum
2011 2005 2149 2045 vestrum,
2167 2018 2266 2039 tenore
2275 2016 2348 2049 prae·-

1283 2043 1402 2074 sentium
1418 2043 1452 2074 ad
1465 2043 1565 2074 vestrae
1580 2043 1693 2073 deduco
1707 2045 1835 2075 notitiam
1851 2044 2015 2075 Sanffltatis.

1322 2081 1394 2112 Sunt
1409 2090 1503 2112 autem
1517 2081 1579 2112 aeta
1591 2081 1749 2120 hujusmodi
1765 2092 1828 2120 quae
1845 2083 2004 2121 sequuntur.

1324 2120 1413 2151 Anno
1427 2119 1550 2150 Domini
1568 2121 1652 2160 1284.
1667 2120 1774 2150 Mensis
1796 2121 1935 2152 Februarii
1950 2121 1996 2152 die
2011 2121 2142 2152 vicesima
2155 2145 2164 2159 ,
2188 2121 2349 2154 lndidtione

1289 2168 1333 2189 12.
1350 2158 1536 2189 Pontificatsis
1549 2159 1632 2189 vestri
1646 2168 1722 2189 anno
1733 2160 1833 2198 tertio,
1851 2168 2021 2190 memoratus
2036 2159 2118 2197 Rex,
2136 2170 2233 2192 coram
2248 2161 2350 2192 Praeta-

1286 2198 1319 2227 tis
1335 2198 1368 2228 ὃς
1382 2197 1535 2228 Baronibus
1548 2197 1643 2236 Regni
1658 2197 1798 2236 Franci-ae,
1814 2207 1926 2238 propter
1942 2199 1999 2229 hoc
2020 2197 2124 2229 Pariiiis
2138 2201 2277 2238 evocatis,
2300 2201 2351 2238 (le-

1289 2236 1340 2266 &is
1375 2236 1429 2266 rius
1445 2235 1627 2274 suprascriptis
1640 2235 1734 2266 litteris
1748 2259 1758 2274 ,
1779 2247 1811 2266 ac
1831 2237 2011 2274 petitionibus
2033 2237 2115 2274 ipsius
2133 2236 2221 2277 Regis
2235 2261 2245 2277 ,
2269 2240 2353 2269 nobis

1286 2284 1336 2312 per
1383 2276 1489 2312 ajocen.
1511 2274 1543 2305 &
1570 2275 1735 2313 Sibytonen.
1752 2276 1782 2305 in
1805 2274 1946 2305 Aurialen.
1963 2274 2088 2306 Ecclesia
2110 2273 2352 2316 Archidiaconos,

1289 2313 1412 2351 ejusdem
1438 2313 1525 2352 Regis
1543 2312 1678 2344 Nuncios
1694 2337 1703 2352 ,
1730 2313 1849 2352 oblatis,
1876 2315 1909 2344 ὃς
1933 2314 2154 2351 responsionibus
2176 2315 2211 2346 ad
2227 2317 2352 2355 eastiem3

1287 2356 1370 2389 prout
1387 2352 1467 2389 haec,
1484 2354 1513 2381 in
1528 2352 1623 2382 litteris
1638 2352 1732 2382 vestris
1746 2351 1925 2389 Patentibus,
1942 2352 2052 2383 inclusis
2067 2360 2161 2384 tamen
2180 2354 2209 2394 in
2223 2354 2349 2395 quodam

1286 2399 1457 2429 pargameno
1472 2388 1597 2428 Bullato,
1615 2389 1649 2420 ad
1664 2390 1784 2420 eundem
1792 2390 1923 2428 Regem,
1941 2400 2055 2420 necnon
2067 2391 2101 2421 &
2116 2391 2280 2428 quibusdam
2293 2394 2351 2425 aliis

1286 2428 1321 2458 ad
1336 2439 1383 2458 me
1397 2429 1523 2467 directis,
1542 2429 1574 2459 δε
1590 2439 1648 2459 tam
1665 2429 1757 2459 eidem
1771 2428 1845 2468 Regi
1859 2453 1868 2466 ,
1893 2438 1977 2468 quam
1992 2429 2080 2459 michi
2097 2439 2145 2467 per
2157 2432 2349 2463 venerabilem

1285 2468 1379 2497 virum
1393 2467 1426 2498 &
1443 2467 1590 2497 discretum
1607 2465 1777 2507 Magistrum
1791 2466 1924 2506 Egidium
1944 2467 1980 2497 de
1994 2466 2147 2498 Castelleto
2160 2489 2170 2507 ,
2189 2468 2348 2501 Notarium

1287 2504 1415 2535 nostrum
1431 2506 1533 2535 traditis
1546 2528 1555 2543 ,
1581 2506 1613 2536 &
1627 2506 1753 2542 expositis
1771 2506 1800 2534 in
1820 2506 1923 2544 vulgari
1937 2529 1947 2544 ,
1973 2506 2081 2542 plenius
2098 2508 2296 2546 continentur)
2311 2509 2349 2540 ab

1286 2544 1390 2573 eisdem
1405 2543 1527 2573 Praelatis
1541 2544 1575 2574 ’ὃς
1593 2543 1745 2574 Baronibus
1760 2544 1899 2581 requisivit
1916 2567 1924 2581 ,
1948 2545 1979 2573 ὃς
1995 2545 2072 2583 petiit
2094 2544 2174 2575 fidele
2190 2544 2351 2577 Consilium

1286 2581 1337 2612 sibi
1352 2582 1427 2621 dari,
1447 2591 1541 2612 utrum
1555 2580 1604 2612 libi
1617 2592 1650 2612 ex
1688 2582 1756 2612 diret
1767 2592 1800 2612 ac
1816 2582 1928 2612 deceret
1944 2582 2019 2612 idem
2036 2584 2179 2622 negotium
2198 2584 2293 2623 Regni
2310 2585 2351 2615 Aa

1286 2622 1408 2658 ragoniae
1421 2621 1453 2651 δε
1470 2619 1635 2650 Comitatus
1651 2592 1844 2652 ffirchinoniae
1861 2620 2013 2658 assumere,
2035 2622 2067 2651 &
2083 2622 2165 2651 etiam
2186 2632 2350 2663 acceptare,

1286 2659 1336 2688 sub
1350 2659 1428 2698 lege,
1445 2659 1700 2698 conventionibus,
1719 2658 1855 2698 patrisve,
1874 2660 1904 2689 in
1918 2659 2013 2690 vestris
2027 2661 2166 2691 contentis
2179 2661 2288 2700 litteris,
2307 2663 2351 2693 su·-

1287 2707 1336 2737 per
1350 2697 1407 2728 hoc
1421 2697 1574 2736 confectis,
1586 2698 1664 2735 juxta
1678 2698 1897 2736 moderationes,
1913 2698 2126 2737 declarationes,
2144 2700 2178 2730 δε
2193 2700 2352 2731 concerno·-

1285 2741 1334 2766 nes
1343 2759 1353 2773 ,
1369 2736 1406 2766 de
1418 2746 1497 2766 novo
1512 2745 1561 2776 per
1574 2745 1765 2766 memoratum
1779 2735 1936 2766 Notarium
1953 2737 2044 2767 allatas
2057 2738 2089 2767 δε
2106 2738 2218 2768 oblatas.

1325 2775 1387 2812 Qii
1420 2775 1514 2805 uidem
1532 2775 1640 2805 Praelati
1653 2776 1686 2806 ὅ(
1702 2774 1823 2805 Batones
1835 2775 1995 2805 vicesimam
2009 2777 2129 2814 primam
2144 2775 2302 2815 Februarii,
2317 2768 2352 2808 ad

1287 2814 1393 2844 tractari
1416 2823 1465 2844 um
1483 2814 1517 2844 &
1536 2813 1739 2844 conferendum
1763 2813 1839 2851 super
1859 2813 1915 2843 hoc
1930 2814 1963 2844 δε
1982 2813 2191 2845 deliberandum
2209 2817 2241 2846 &
2256 2817 2354 2847 viceli—

1287 2861 1364 2882 mam
1380 2853 1489 2882 tertiam
1503 2852 1579 2882 diem
1595 2852 1716 2890 ejusdem
1730 2851 1837 2882 Mensis
1849 2875 1860 2891 ,
1886 2851 1921 2882 ad
1937 2851 2164 2892 respondendum
2181 2854 2214 2885 ὃ(
2227 2854 2354 2893 dandum

1285 2890 1365 2931 super
1378 2891 1434 2921 hoc
1449 2890 1494 2921 sua
1508 2891 1639 2930 consilia,
1658 2890 1818 2922 statuerunt.
2129 2920 2133 2924 ,
2303 2921 2318 2924 .,

1326 2929 1384 2966 Ipsa
1398 2939 1468 2959 vero
1483 2929 1616 2960 vicesima
1629 2931 1720 2969 prima
1733 2928 1795 2967 die,
1808 2929 1921 2960 summo
1936 2938 2018 2960 mane
2031 2950 2041 2967 ,
2064 2929 2112 2967 ipsi
2128 2929 2238 2961 Praelati
2252 2931 2285 2962 δε
2301 2930 2355 2962 Ba·-

1288 2977 1388 3006 rones,
1407 2969 1608 2998 convenientes
1620 2967 1655 2998 ad
1669 2967 1806 2998 Palatium
1821 2967 1923 3006 Regis,
1939 2967 2018 2998 lectis
2032 2970 2132 2998 iterum
2148 2969 2266 3006 praefatis
2279 2969 2354 3001 litte-

1288 3007 1340 3044 ris,
1358 3006 1391 3037 &
1404 3007 1531 3045 expositis
1551 3007 1580 3036 in
1602 3006 1725 3045 vulvari,
1744 3007 1774 3035 in
1795 3014 1882 3045 partes
1901 3006 2058 3037 altrinsecus
2072 3007 2264 3047 secesserunt,
2289 3010 2355 3048 qui,

1287 3055 1356 3075 cum
1378 3046 1408 3075 in
1424 3046 1563 3083 principio
1579 3045 1634 3074 suae
1648 3030 1863 3083 deliberationis,
1879 3044 1951 3075 sicut
1972 3054 2051 3075 antea
2064 3067 2074 3083 ,
2100 3045 2206 3087 semper
2222 3047 2252 3076 in
2266 3048 2354 3078 varias

1288 3083 1458 3113 traherentur
1473 3083 1634 3122 sententiaS,
1652 3083 1764 3113 tandem
1781 3083 1845 3121 illo,
1864 3091 1894 3113 ut
1909 3084 1955 3121 pie
1975 3083 2150 3114 credendum
2165 3085 2184 3104 ²*
2199 3084 2257 3123 est,
2276 3087 2354 3124 cujus

1288 3122 1418 3161 agebatur
1435 3123 1598 3160 negotium,
1618 3122 1780 3159 inspirante,
1798 3123 1874 3161 cujus
1889 3123 1990 3161 etiam,
2008 3132 2076 3152 cum
2097 3123 2235 3162 voluerit,
2254 3133 2353 3162 opera-

1286 3161 1329 3190 tio
1345 3170 1402 3190 non
1419 3162 1500 3190 novit
1514 3160 1660 3190 molimina
1675 3160 1823 3198 tarditatis,
1841 3161 1971 3200 repente,
1987 3162 2020 3191 &
2037 3161 2111 3199 quasi
2125 3161 2175 3192 sub
2188 3162 2287 3192 eadem
2301 3163 2354 3193 ho-

1286 3197 1334 3236 rsa,
1351 3198 1554 3235 inIdemtitate
1569 3199 1678 3228 consilii
1691 3209 1723 3229 ac
1738 3198 1891 3231 Sententiae
1910 3199 2065 3229 resederunt
2076 3224 2085 3238 ,
2113 3200 2177 3230 licet
2193 3200 2253 3237 ipsis
2266 3200 2354 3240 segra-

1287 3244 1364 3276 garet
1386 3237 1518 3267 locorum
1533 3236 1676 3274 distantia,
1693 3237 1743 3275 &‚
1758 3238 1788 3266 in
1803 3247 1861 3276 quo
1880 3238 2066 3268 concordaret
2086 3248 2140 3268 una
2154 3239 2292 3278 partium,
2315 3241 2353 3270 al-

1287 3283 1345 3305 tera
1356 3277 1464 3316 penitus
1479 3277 1635 3315 ignoraret,
1654 3275 1804 3314 videlicet,
1821 3276 1915 3316 quod,
1933 3276 2109 3307 conlideratis
2127 3277 2275 3314 omnibus,
2292 3277 2353 3309 Re-

1287 3314 1314 3352 gi
1333 3313 1459 3344 Franciae
1474 3313 1637 3353 expediebat
1651 3313 1684 3345 &
1700 3313 1821 3353 Regno,
1839 3315 1985 3353 ipsumque
2001 3313 2112 3354 Regem
2132 3314 2266 3354 decebat,
2282 3325 2355 3357 praez

1287 3352 1397 3382 dietum
1413 3353 1558 3393 negotium
1571 3352 1724 3391 assumere,
1739 3354 1772 3383 ὃς
1787 3355 1869 3384 etiam
1884 3361 2038 3391 acceptare.
2223 3384 2225 3386 ,

1325 3390 1415 3430 Qiod
1426 3414 1436 3430 ,
1454 3401 1521 3421 cum
1540 3390 1661 3421 Batones
1684 3390 1806 3422 Praelatis
1818 3416 1826 3430 ,
1855 3401 1902 3432 per
1921 3390 2064 3421 Nobilem
2080 3390 2182 3421 Virum
2201 3390 2352 3423 Simonem

1288 3427 1452 3459 Dominum
1468 3429 1503 3459 de
1518 3428 1549 3458 N
1555 3429 1633 3468 igella
1648 3428 1792 3469 Militem,
1811 3429 1986 3460 nunciassent
1999 3452 2010 3468 ,
2034 3438 2088 3467 ego
2103 3429 2136 3459 &
2152 3428 2244 3459 distus
2258 3429 2356 3465 Notaz

1288 3467 1360 3506 rius,
1377 3478 1438 3498 non
1451 3467 1597 3507 expectata
1611 3466 1655 3497 die
1670 3467 1803 3505 crastina,
1818 3469 1852 3498 ad
1866 3467 1958 3498 danda
1977 3468 2090 3497 consilia
2104 3466 2250 3506 affignatA,
2269 3469 2354 3508 figni=

1287 3505 1439 3542 ficabatnus
1453 3504 1544 3543 Regi,
1560 3515 1590 3536 ut
1608 3505 1642 3536 ad
1656 3504 1791 3536 Palatium
1806 3506 1885 3536 suum
1905 3506 2050 3537 accederet
2063 3527 2072 3543 ,
2097 3504 2303 3543 responsionem
2316 3501 2352 3540 δὲ

1287 3545 1437 3574 consilium
1451 3546 1464 3573 ’ὲ
1482 3543 1602 3575 Praelatis
1614 3545 1648 3575 ὃς
1663 3544 1817 3575 Batonibus
1830 3545 1979 3576 auditurus.
2121 3574 2124 3577 .
2253 3575 2270 3581 .,
2309 3577 2312 3580 ,

1327 3582 1441 3620 Qiibus
1455 3582 1528 3612 idem
1545 3581 1611 3613 Rex
1624 3593 1658 3613 ac
1679 3583 1816 3622 uiescens,
1835 3582 1942 3620 statim,
1960 3582 2070 3617 duobus
2082 3581 2142 3612 filiis
2155 3581 2224 3622 suis,
2244 3583 2352 3625 Philip-

1287 3631 1327 3658 po
1342 3622 1375 3651 &
1391 3620 1515 3658 Carolo,
1533 3621 1629 3651 secum
1648 3632 1663 3651 a
1684 3619 1775 3652 dusiis
1790 3641 1800 3660 ,
1826 3622 1904 3651 venit
1919 3621 1953 3651 ad
1968 3620 2104 3650 Palatium
2119 3633 2129 3658 3
2154 3621 2211 3660 ὃς,
2229 3622 2353 3654 adunatis

1288 3661 1414 3689 invicem
1430 3659 1554 3689 Praelatis
1568 3659 1601 3691 &
1618 3659 1770 3690 Batonibus
1782 3683 1792 3698 ‚
1818 3659 1951 3698 praesente
1964 3658 2072 3689 ibidem
2085 3667 2148 3690 toto
2165 3661 2174 3690 i
2196 3661 2246 3691 lius
2264 3661 2354 3702 Regis

1287 3698 1405 3728 consilio
1419 3698 1537 3736 generali
1552 3721 1562 3736 ,
1587 3698 1765 3736 aliorumque
1786 3697 1965 3727 multitudine
1983 3697 2132 3732 ,numerosa
2143 3720 2154 3736 ,
2203 3700 2354 3731 ituriceniis

1288 3736 1541 3775 Archiepiscopus,
1560 3735 1595 3766 de
1613 3736 1757 3766 voluntate
1771 3736 1804 3766 &
1825 3734 1960 3766 mandato
1979 3734 2162 3766 Praelatorum
2178 3760 2188 3776 ,
2208 3739 2352 3778 proposuit

1289 3784 1341 3812 pro
1357 3775 1433 3813 ipsis,
1450 3775 1483 3804 ὃ(
1497 3774 1639 3812 respondit
1650 3774 1700 3814 ipsi
1715 3774 1813 3813 Regi,
1837 3773 1915 3812 quod
1928 3795 1937 3814 ,
1963 3771 2138 3805 considerato
2153 3774 2266 3806 honore
2279 3776 2354 3815 Dei,

1288 3813 1322 3843 ὃς
1338 3812 1452 3842 Santstae
1466 3810 1610 3842 Romanae
1625 3812 1761 3843 Ecclesiae
1775 3836 1785 3850 ,
1809 3821 1842 3842 ac
1854 3812 1935 3850 ipsius
1947 3810 2035 3851 Regis
2049 3813 2083 3844 δε
2098 3807 2196 3853 Regni
2210 3814 2354 3853 F'ranciae3

1288 3860 1402 3881 necnon
1416 3852 1449 3881 &
1466 3851 1582 3881 utilitate
1598 3850 1662 3881 fidei
1677 3848 1852 3886 Catholicae,
1870 3849 2018 3887 expediens
2031 3851 2190 3891 eratRegi,
2208 3852 2295 3891 ipsum
2318 3857 2353 3884 ue'

1288 3887 1422 3924 decebat,
1437 3889 1513 3926 juxta
1527 3888 1750 3927 moderationes,
1768 3888 1966 3920 declarationes
1980 3911 1990 3928 ,
2013 3890 2046 3920 &
2061 3891 2272 3928 concessiones,
2289 3901 2304 3920 a
2324 3901 2353 3925 az

1289 3936 1329 3960 tas
1343 3928 1376 3958 &
1391 3927 1494 3957 oblatas
1508 3936 1557 3965 per
1571 3936 1760 3960 memoratum
1772 3925 1947 3965 Notarium,
1965 3926 2128 3966 hujusmodi
2142 3929 2289 3967 negotium
2304 3938 2353 3960 az:g

1290 3974 1401 4033 ceptftrle
1407 3989 1426 4033 ἐ
1446 3965 1479 3995 &
1493 3966 1522 3996 in
1536 3966 1593 3997 hoc
1605 3976 1706 3996 omnes
1727 3966 1760 3996 δε
1775 3966 1872 4005 singuli
1885 3966 2097 4005 consentiebant
2110 3989 2121 4006 ,
2144 3968 2178 3998 &
2192 3967 2250 3998 hoc
2267 3968 2353 3999 etiam

1390 4014 1404 4033 e
1428 4012 1483 4033 ant.

1291 4015 1404 4073 coffigx
1420 4044 1505 4079 vero,
1523 4041 1673 4080 praedietus
1686 4036 1833 4072 Dominus
1845 4041 1882 4073 de
1895 4036 2014 4083 Nigeila
2027 4060 2037 4082 -,
2061 4053 2115 4081 pro
2130 4039 2296 4086 Batonibus·
2317 4035 2354 4086 'de

1294 4081 1426 4114 mandato
1439 4090 1540 4112 eorum
1553 4080 1586 4113 ὃς
1607 4080 1736 4120 expresso
1750 4080 1886 4151 σοιὲίὲηζυ
1899 4103 1910 4121 ,
1934 4082 2076 4124 proposuit
2094 4081 2173 4122 qued
2190 4088 2221 4112 in
2234 4065 2360 4149 aad&

2373 3090 2392 3110 i*
2401 3083 2506 3128 1‘12·2”7a=
