2570 4261
740 96 771 135 E
809 96 849 137 T
934 99 970 137 A
1007 98 1045 138 C
1084 97 1122 137 T
1162 97 1200 136 A

21 192 157 226 Ann.D.

44 241 129 273 1310.

25 276 92 300 ,ΕΛ-υ.
111 280 137 297 2.

222 269 271 301 De
290 263 473 301 Hominibus
499 266 545 299 ad
560 269 664 300 Arma
676 294 685 308 ,
713 271 873 300 variorum
897 267 999 300 vadiis
1012 294 1021 310 ,
1045 270 1082 305 ᾤ’
1094 271 1189 314 pretio

612 318 794 348 Armorum.

28 408 80 432 Aa.
99 410 126 439 3-
177 401 305 456 REX
325 401 481 432 Batonibus
495 402 546 432 suis
558 400 594 430 de
607 400 774 439 Scaccario,
792 401 913 431 salutem.
1075 438 1080 444 ¹

29 447 58 472 Ε.
74 451 98 470 2.
285 440 413 470 Allocate
434 440 565 470 Waltero
585 439 620 468 de
638 439 812 476 Scudemor,
830 448 918 477 nuper
929 437 1104 468 Vicecom1ti
1120 439 1236 469 Somer-

4 481 139 508 -Liberat.
178 480 216 510 set
238 479 271 509 ὃς
293 477 420 516 Dorset,
454 477 668 517 quatuordecim
690 477 769 507 libras
784 500 793 514 ,
818 477 1031 515 quatuordecim
1052 476 1151 507 solidos
1165 501 1175 514 ,
1202 478 1235 507 &

29 528 57 555 3.
84 521 112 544 E.
135 525 160 543 2.
178 519 249 549 msto
261 516 405 554 denarios,
419 517 448 546 in
459 524 601 553 compoto
615 515 681 552 suo,
700 515 734 544 ad
750 515 927 545 Scaccarium
946 514 1131 553 praedic‘tum,
1147 525 1236 554 quos,

30 566 67 584 m.
92 565 114 582 ι.
179 567 229 593 per
246 562 422 595 praeceptum
444 553 572 584 nostrum
585 576 595 591 ,
617 553 653 582 de
671 553 787 582 exitibus
808 553 920 584 Bauivae
941 555 996 583 sure
1010 576 1020 591 ,
1045 553 1147 582 habere
1167 553 1236 583 fecit

178 592 337 625 Willielmo
358 592 394 622 de
414 591 554 622 Morrene
572 592 606 621 de
619 591 757 621 Saunford
774 590 880 630 Militi,
898 592 931 621 &
946 591 1053 627 Pergus
1066 590 1102 620 de
1116 591 1237 620 Andres-

176 630 243 672 sun,
261 631 417 671 prilonibus
433 631 469 660 de
487 630 601 666 Scotia,
616 631 644 659 in
665 628 768 659 Castro
789 629 886 659 nostro
907 630 942 659 de
959 628 1036 658 Crof
1044 628 1237 666 existentibus,

177 681 230 710 pro
244 670 329 700 vadiis
340 669 409 707 suis,
425 670 458 699 &
471 668 611 704 arreragiis
626 666 811 706 eorumdem,
825 668 859 698 &
872 677 926 706 pro
939 668 1014 697 robis
1026 666 1091 703 suis,
1109 667 1145 696 ab
1157 667 1236 696 octa-

178 720 220 739 vo
238 708 284 738 die
302 707 386 747 Julii,
406 707 493 737 Anno
514 706 612 742 Regni
632 704 720 735 nostri
742 706 850 745 primo,
868 705 952 744 usque
971 704 1048 735 diem
1064 704 1160 734 Sancti
1175 703 1238 733 Mi-

177 746 280 778 chaelis
293 768 302 784 ,
326 746 414 775 Anno
436 744 532 780 Regni
552 743 641 773 nostri
660 742 782 773 secundo
795 766 804 782 ,
831 743 962 773 videlicet
976 766 986 781 ,
1007 743 1238 782 quadringentos,

177 784 373 826 quadraginta,
391 783 424 813 &
442 782 512 812 octo
532 782 605 819 dies,
624 789 743 819 utroque
757 782 802 811 die
813 790 1000 819 computato,
1017 781 1165 819 videlicet,

218 822 322 860 Militi,
339 831 392 859 pro
406 820 490 850 vadiis
504 820 571 858 suis,
589 829 639 858 per
652 820 747 857 diem,
765 827 882 859 quatuor
896 820 1041 858 denarios,
1059 820 1109 857 ὅς,
1124 829 1176 857 pro
1191 828 1239 848 ro-

176 861 215 893 ba
228 860 290 898 sua,
307 869 356 899 per
371 858 487 888 Annum
497 881 506 896 ‚
524 859 624 897 viginti
637 857 752 895 solidos,

214 899 251 930 Et
266 898 406 946 prffiedifisto
422 897 474 927 Fer
496 906 540 935 us,
558 906 612 935 pro
628 896 713 926 vadiis
726 896 791 934 suiS,
812 906 860 934 per
875 896 952 928 diem
966 904 1019 927 tres
1030 896 1176 934 denarios,
1194 895 1238 933 &,

176 933 904 1017 Ρῐέἷοὲιῗοῗέεἷῐξεῦδτὲᾱῃέἑῖτῖ(1ιί1ξὲἱὲἑῖῐὲῐὲᾄο
910 973 1043 1016 'denarios
1052 995 1062 1010 ,
1074 982 1149 1016 *quos
1163 972 1239 1002 simi-

177 1014 256 1054 liter,
275 1024 323 1052 per
344 1021 516 1051 praeceptum
532 1010 678 1049 nostrum,
698 1011 798 1040 habere
812 1011 879 1041 feeit
891 1012 1011 1049 e1sdem,
1027 1011 1188 1042 Willielmo
1202 1012 1236 1041 ὃς

178 1054 303 1091 Fergus,
321 1062 375 1090 pro
390 1050 581 1082 consimilibus
596 1049 681 1079 vadiis
694 1049 727 1079 &
744 1050 819 1079 robis
831 1049 899 1087 suis,
917 1061 932 1080 a
946 1049 1026 1079 disto
1042 1048 1127 1078 Festo
1141 1049 1235 1079 Sancti

178 1089 343 1128 Michaelis,
362 1090 451 1120 Anno
471 1088 567 1126 Regni
582 1087 671 1118 nostri
682 1087 821 1127 secunde,
839 1088 925 1127 usque
937 1088 1013 1118 idem
1027 1087 1159 1126 Festum,
1175 1087 1239 1117 An-

178 1140 220 1161 no
235 1129 332 1169 Regni
346 1128 433 1159 nostri
444 1127 535 1158 tertio.

216 1168 255 1199 Et
276 1175 396 1206 quatuor
414 1166 495 1196 libras
507 1188 517 1204 ,
534 1164 636 1195 decem
657 1165 690 1194 δε
712 1164 782 1195 osto
804 1164 903 1196 solidos
917 1189 926 1202 ,
943 1175 1014 1202 quos
1032 1164 1173 1202 similiter,
1189 1174 1239 1202 per

199 1216 353 1244 raeceptum
367 1204 513 1242 nostrum,
531 1203 633 1233 habere
648 1203 715 1233 fecit
728 1203 887 1234 Willielmo
902 1203 1031 1240 Giffard‚
1049 1202 1189 1233 Guilcrist
1203 1204 1238 1233 de

176 1217 204 1276 fa
226 1245 347 1284 Qisme
362 1268 372 1281 ,
389 1243 423 1273 &
444 1242 517 1273 Adue
539 1241 668 1281 Pychard
683 1264 693 1280 ,
712 1241 870 1272 Prisonibus
888 1241 923 1271 de
947 1241 1044 1272 Scotia
1060 1266 1068 1278 ,
1085 1242 1113 1271 in
1137 1240 1238 1272 Castro

179 1284 316 1324 praedieto
338 1281 531 1318 existentibus,
546 1290 598 1318 pro
618 1279 704 1309 vadiis
726 1279 795 1317 suis,
812 1291 828 1310 a
842 1280 974 1310 Crastino
988 1280 1033 1310 die
1048 1279 1178 1317 Paschae,
1196 1280 1240 1310 vi-

180 1322 301 1360 delicet,
315 1319 532 1360 quintodecimo
554 1318 599 1348 die
621 1317 739 1355 Aprilis,
766 1318 854 1348 Anno
876 1318 972 1358 Regni
991 1317 1078 1347 nostri
1099 1317 1238 1356 secundo,

179 1370 229 1399 pet
251 1359 399 1397 Centum,
414 1355 566 1397 sexaginta,
585 1357 618 1387 ὃ(
634 1357 703 1387 osto
718 1354 793 1395 dies,
810 1365 932 1395 utroque
945 1364 1126 1395 computato,
1143 1356 1242 1387 videli-

180 1406 226 1430 cet
409 1413 413 1415 ·

219 1421 343 1467 P'raefato
355 1434 531 1473 willielmo,
548 1443 598 1474 per
611 1433 705 1474 diem,
724 1443 777 1466 tres
791 1434 924 1466 denarios.

196 1475 254 1521 *Et
274 1476 384 1515 utrique
402 1473 564 1512 dictorum,
583 1472 721 1505 Guilcrist
740 1474 774 1505 ὃς
795 1474 883 1513 Adae,
901 1484 949 1515 per
961 1473 1053 1512 diem,
1072 1473 1142 1504 duos
1156 1473 1241 1504 dena-

179 1524 237 1545 nos
257 1523 263 1544 :

216 1553 254 1584 Et
274 1554 375 1585 decem
393 1553 490 1593 libras,
507 1552 662 1585 duodecim
684 1552 802 1590 solidos,
819 1553 853 1584 &
871 1560 988 1597 quatuor
1008 1550 1153 1593 denarios,
1169 1557 1241 1587 quos

176 1592 301 1623 similiter
314 1616 324 1632 ,
338 1603 386 1631 per
407 1602 582 1633 praeceptum
602 1591 732 1622 nostrum
748 1615 757 1629 ‚
775 1592 900 1621 liberav1t
922 1590 1042 1628 eisdem,
1061 1586 1237 1633 Willielmo,

176 1631 314 1662 Guilcrist
329 1654 340 1669 ,
362 1632 396 1662 ὃς
417 1631 490 1662 Adae
506 1654 516 1669 ,
534 1641 586 1669 pro
608 1630 801 1660 consimilibus
821 1629 906 1660 vadiis
924 1629 991 1666 suis,
1015 1637 1030 1656 a
1052 1626 1131 1670 dicio
1153 1624 1239 1654 Festo

175 1669 275 1700 Sanffi
297 1669 466 1708 Michaelis,
486 1669 574 1699 Anno
595 1669 691 1708 Regni
711 1668 801 1699 nostri
824 1666 966 1706 secundo,
985 1665 1070 1706 usque
1089 1664 1163 1695 idem
1182 1662 1237 1694 Fe-

176 1708 271 1747 stum,
286 1708 375 1739 Anno
390 1707 486 1746 Regni
501 1707 589 1737 nostri
600 1709 691 1737 tertio.

212 1746 250 1777 Et
271 1746 450 1787 quadraginta
465 1745 582 1784 solidos,
600 1755 671 1785 quos
688 1743 827 1784 similiter,
842 1755 891 1784 per
904 1753 1077 1783 praeceptum
1091 1743 1236 1783 nostrum,

172 1781 276 1815 habere
295 1784 364 1815 fecit
384 1782 547 1814 VVillielmo
568 1784 711 1822 quondam
734 1783 944 1815 Archidiacono
964 1784 1118 1821 Thevidal,
1135 1783 1238 1822 prisoni

173 1822 210 1853 de
231 1822 344 1861 Scotifi,
360 1822 391 1852 in
412 1821 516 1852 Castro
537 1822 636 1854 nostro
658 1821 693 1852 de
712 1821 852 1853 Shirburn
866 1823 1070 1861 commoranti,
1088 1831 1141 1861 pro
1154 1820 1239 1851 vadiis

170 1861 240 1901 suis,
258 1862 291 1892 &
311 1861 448 1900 arreragiis
467 1861 653 1898 eorumdem,
671 1870 685 1890 a
707 1861 844 1897 praedicto
865 1860 1079 1898 quintodecimo
1092 1861 1136 1891 die
1150 1860 1177 1890 A
1198 1860 1236 1889 ri-

173 1900 207 1931 lis
221 1923 231 1939 ,
250 1900 337 1931 Anno
359 1899 456 1939 Regni
477 1898 565 1929 nostri
584 1900 677 1936 primo
689 1920 700 1936 ,
720 1898 805 1936 usque
825 1899 936 1929 dic'tum
956 1899 1035 1930 diem
1056 1899 1152 1929 Sanffi
1213 1899 1237 1928 i-·

173 1939 276 1970 chaelis
290 1962 300 1978 ,
326 1939 414 1969 Anno
439 1937 534 1974 Regni
556 1936 643 1967 nostri
665 1937 812 1975 secund03
844 1936 972 1968 videlicet
987 1961 998 1977 ,
1021 1947 1070 1975 per
1090 1936 1236 1974 Centum,

174 1978 196 1998 ²*
214 1977 352 2016 sexaginta
366 2000 376 2016 ‚
397 1977 432 2007 &
451 1974 522 2007 osto
542 1974 600 2007 dies
615 1999 624 2015 ‚
648 1984 768 2016 utroque
786 1983 979 2017 computato,
1011 1975 1140 2007 videlicet
1156 1997 1166 2014 ‚
1184 1984 1234 2015 per

177 2017 253 2048 diem
267 2024 320 2047 tres
333 2016 469 2047 denarios.

214 2053 253 2086 Et
267 2055 367 2095 viginti
381 2055 414 2085 &
426 2053 530 2092 septem
545 2054 661 2093 solidos,
679 2055 712 2086 ὅτ
726 2055 769 2086 sex
781 2054 925 2094 denarios,
941 2064 1011 2096 quos
1026 2048 1166 2091 similiter,
1185 2062 1236 2091 per

175 2102 352 2135 praeceptum
371 2089 520 2132 nostrum,
539 2091 665 2124 liberavit
684 2088 777 2125 eidem
791 2091 967 2131 Willielmo,
983 2103 1035 2132 pro
1047 2092 1238 2123 confimilibus

176 2132 263 2165 vadiis
281 2133 347 2170 suis,
363 2142 378 2162 a
398 2131 522 2162 crastino
541 2132 610 2162 diCti
631 2131 704 2163 Festi
728 2132 823 2163 Saneti
844 2132 1013 2171 Michaelis,
1031 2132 1121 2163 Anno
1140 2130 1238 2170 Regni

175 2170 266 2203 nostri
286 2170 425 2209 secundo,
440 2170 526 2208 usque
546 2170 692 2201 decimum
711 2171 847 2201 octavum
866 2171 945 2201 diem
958 2170 1080 2209 Januarii
1099 2170 1235 2207 proximo

174 2210 338 2280 {equentem
353 2209 422 2249 (quo
435 2208 479 2239 die
491 2208 618 2240 liberavit
631 2209 753 2239 eundem
761 2208 1124 2247 WillielmumJohannide
1130 2206 1239 2238 Crum-

198 2248 295 2286 ewell,
312 2246 529 2277 Constabulario
541 2247 641 2277 Turris
657 2247 789 2277 London.
805 2247 1022 2278 custodiendum
1041 2248 1071 2276 in
1083 2245 1194 2286 prisona
1208 2246 1238 2276 in

174 2286 276 2318 eadem
293 2286 383 2316 Turri
414 2285 448 2316 &
467 2294 518 2322 per
537 2284 717 2315 indenturam
736 2285 859 2323 ejusdem
876 2285 1027 2324 johannis,
1046 2285 1238 2323 consignatam

173 2327 210 2358 de
224 2307 399 2362 receptione}
417 2332 467 2360 per
480 2321 609 2366 Centum
624 2323 658 2354 &
670 2323 770 2354 decem
784 2325 858 2362 dies,
875 2325 971 2363 primo
984 2325 1030 2355 die
1041 2331 1217 2366 computato.

213 2364 253 2395 Et
271 2363 374 2401 viginti
395 2361 429 2392 &
447 2370 571 2399 qumque
593 2360 690 2399 libras,
708 2362 741 2390 ὃς
754 2363 881 2399 quinque
893 2362 1008 2400 solidos,
1027 2372 1099 2402 quos
1115 2360 1238 2392 similiter

176 2411 228 2441 ¹³⁴³
250 2398 888 2470 p‘aecssl’fi‘si‘lkffstsrssmsasslsssssasii‘rtssaiiisu‘iss
907 2399 977 2469 '235¹‘
980 2400 1070 2470 ³31³?ss
1090 2399 1240 2469 ῗῗᾶἷῖῃὲἑ

177 2448 317 2511 §liittffirrn
329 2447 589 2514 commorintibss,
601 2486 654 2514 pro
665 2447 740 2507 falvi
755 2477 789 2507 &
800 2476 895 2508 secura
909 2449 1189 2516 Cuffodianeejuszlem
1198 2499 1208 2515 ,
1225 2487 1241 2508 a

27 1984 108 2012 ³111.

30 2032 94 2051 ιιι.

179 2518 317 2549 vicesimo
332 2518 427 2555 primo
436 2515 482 2545 die
496 2514 613 2554 Aprilis,
632 2515 719 2546 Anno
740 2515 837 2553 Regni
857 2514 946 2546 nostri
978 2517 1053 2546 rimo
1067 2540 1077 2555 ‚
1095 2517 1180 2556 usque
1194 2518 1242 2546 tri-

177 2557 315 2587 cefimum
331 2555 406 2586 diem
425 2553 510 2592 julii,
528 2554 663 2591 proximo
676 2553 854 2593 sequentem,
873 2564 923 2595 per
975 2564 1073 2585 entum
1095 2557 1128 2586 ὃς
1149 2565 1240 2585 unum

178 2595 252 2632 dies,
271 2603 390 2638 utroque
409 2593 456 2623 die
471 2600 637 2630 computato
651 2602 704 2630 pro
718 2592 804 2623 vadiis
817 2593 883 2632 suis,
903 2603 951 2633 per
966 2593 1041 2624 idem
1054 2602 1179 2632 tempus3
1199 2594 1242 2623 vi-

180 2633 300 2671 delicet,
312 2632 426 2663 cuilibet
440 2630 585 2661 diuorum
598 2630 749 2662 hominum
765 2632 798 2662 ad
813 2642 905 2669 arma,
939 2642 968 2662 er
981 2632 1178 2670 diem2decern
1193 2635 1242 2665 de-

182 2673 289 2702 narios:
308 2671 422 2701 cuilibet
436 2668 657 2707 Balistariorum,
675 2679 724 2707 per
737 2670 831 2710 diem,
850 2679 902 2702 tres
933 2672 1060 2702 enarios:
1085 2673 1118 2704 &
1131 2673 1244 2704 cuilibet

178 2709 378 2750 sagittariorum
418 2718 447 2738 er
469 2707 562 2746 diem,
576 2707 647 2738 duos
658 2707 794 2739 denarios.

217 2748 255 2779 Et
270 2757 389 2787 quatuor
415 2747 502 2784 ibras,
520 2747 554 2777 &
569 2745 613 2790 sex
626 2745 744 2785 solidos,
759 2757 828 2786 quos
842 2748 981 2787 similiter,
998 2759 1048 2788 per
1066 2758 1241 2790 praeceptum

180 2787 327 2824 nostrum,
345 2784 435 2824 posuit
450 2786 480 2815 in
491 2793 636 2823 empuone
651 2784 804 2816 duodecim
823 2786 944 2827 Balistar.
956 2788 1110 2819 duodecim
1126 2789 1241 2820 Bauder.

179 2827 214 2857 &
233 2825 309 2856 mille
328 2825 362 2856 &
381 2824 499 2855 sexcent.
520 2823 631 2861 quarell.
646 2834 706 2866 pro<
715 2826 874 2856 munitione
889 2825 1137 2867 Castripraedieti,
1154 2828 1242 2858 Anno

179 2863 334 2903 praediel:0‚·
372 2863 472 2892 retium
492 2862 599 2893 Balistae
621 2870 674 2892 tres
691 2863 790 2894 lolidos
812 2865 845 2894 &
860 2865 931 2894 οᾶὶο
946 2865 1092 2895 denarios:
1119 2867 1241 2903 pretium

179 2901 324 2940 cujussibet
367 2900 459 2931 auder.
479 2900 582 2931 decem
604 2901 637 2931 &
656 2901 725 2931 otto
739 2901 930 2933 denariorum:
947 2903 981 2934 &
992 2905 1114 2942 pretium
1128 2903 1243 2943 cujussi-

178 2939 378 3009 bekCsentenae
392 2939 505 3008 ᾳὲἓῐεῌ.
518 2939 620 2969 decem
634 2939 668 2970 &
681 2939 752 2970 offilo
765 2940 961 2980 denariorum3

254 2989 284 3009 11
320 2987 393 3014 rius,
443 2987 469 3007 c.
541 2998 546 3003 .

181 3055 198 3086 f
216 3015 257 3061 Et
270 2987 408 3056 regipiatis
419 3016 455 3049 ab
467 3025 503 3046 eo
516 3015 611 3048 brevia
623 3016 716 3049 nostra
732 3016 768 3049 de
782 3027 942 3060 praecepto,
960 3030 1010 3059 per
1022 3030 1088 3060 quae
1100 3018 1243 3059 praemissa

194 3063 260 3086 ecit.

213 3131 306 3165 Teste
321 3130 404 3173 Rege
417 3130 492 3175 apud
505 3131 633 3166 Westm.
649 3141 681 3175 15
699 3133 744 3166 die
752 3133 839 3174 Junii.

412 3258 461 3292 De
488 3261 646 3305 Capitaneo
671 3259 757 3293 Flotae
777 3271 880 3295 contra
909 3265 1017 3298 Scotos.

28 3344 106 3376 Ann.
121 3341 164 3374 D.
180 3341 267 3398 RE
278 3342 309 3374 X
326 3344 477 3382 omnibus,
492 3343 525 3374 ad
539 3353 626 3383 quos,
642 3344 704 3375 &c.
718 3345 841 3376 salutem.

53 3391 138 3421 1310.
291 3382 390 3413 Sciatis
403 3382 481 3422 quod
493 3381 540 3412 affl
562 3384 689 3413 navimus
700 3382 836 3414 dilectum
849 3385 882 3416 &
899 3385 1011 3418 fidelem
1028 3387 1174 3428 nostrum,
1187 3388 1242 3426 Jo-

27 3426 80 3450 An.
100 3431 125 3458 3.
179 3421 305 3453 hannem
324 3422 360 3452 de
374 3419 525 3458 Caunton‚
571 3422 730 3458 apitaneum
743 3422 775 3451 &
789 3422 1019 3457 Gubernatorem
1034 3427 1122 3457 Flotae
1135 3428 1240 3459 nostrae

28 3464 59 3487 Ε.
76 3469 102 3486 2.
179 3459 330 3498 Navium,
345 3469 429 3498 quas,
446 3470 462 3490 a
474 3458 583 3489 diversis
598 3460 718 3496 partibus
733 3459 832 3497 Regni
847 3463 950 3501 nostri,
968 3466 1108 3496 remittere
1121 3467 1175 3503 jam
1191 3477 1240 3497 or-

28 3503 96 3526 Scot.
118 3507 144 3535 3.
179 3497 338 3529 dinavimus
359 3498 444 3537 usque
462 3496 501 3526 ad
524 3497 628 3527 Villam
648 3497 743 3531 Samsti
764 3499 902 3538 Johannis
916 3502 951 3532 de
966 3503 1066 3542 Perth,
1083 3504 1109 3533 in
1124 3504 1238 3544 scotia,

30 3541 61 3563 F..
81 3546 96 3563 2
177 3546 230 3577 pro
249 3537 407 3566 munitione
426 3534 563 3572 ejusdem,
580 3536 619 3580 &.
633 3535 667 3566 ad
688 3546 736 3574 ea,
754 3547 817 3575 quae
838 3538 873 3569 ad
892 3549 1041 3579 gravamen
1056 3543 1238 3574 inimicorum

31 3584 68 3603 m.
87 3584 116 3603 2.

178 3576 212 3620 ὃς
231 3574 395 3643 ΙὲὼεΠὶιιῐη
416 3572 594 3612 nostrorum,
611 3584 641 3605 m
658 3576 779 3617 partibus
797 3576 866 3618 illis,
884 3580 1022 3619 pertinere
1034 3590 1184 3621 poterunt,
1198 3583 1242 3615 fa-

180 3622 244 3644 cien
266 3623 288 3643 a.

213 3651 248 3688 In
262 3652 354 3691 cuim,
372 3652 433 3684 &c-

217 3727 305 3762 Teste
321 3727 406 3768 Rege
418 3728 490 3769 apud
502 3729 628 3761 Westm.
646 3738 679 3769 15
694 3730 740 3761 die
752 3731 841 3770 Junii.

868 3810 923 3839 Per
933 3809 1016 3849 ipficm
1029 3813 1133 3849 Regem.

181 3880 276 3940 ET
294 3883 457 3927 mandatum
478 3883 520 3928 est
535 3883 692 3930 Magistris,
713 3885 870 3930 Marinariis
886 3885 1137 3931 Florae-Navium,
1154 3897 1221 3926 quas
1227 3912 1239 3929 ,

262 3930 277 3950 a
299 3919 408 3953 diversis
427 3923 549 3963 pambus
573 3924 669 3964 Regm
688 3924 775 3962 Reg1s
793 3925 878 3969 usque
898 3924 932 3954 ad
953 3925 1055 3956 Villam
1077 3927 1170 3957 Sancti
1182 3927 1239 3966 Jo-

178 3959 335 4028 hatgiyshdfi
352 3959 488 4030 {eltillfm
511 3962 625 4002 Scotia,
648 3973 700 4004 pro
724 3964 882 3996 munitione
902 3963 1024 4002 ejusdem
1045 3965 1143 4005 Villae,
1162 3967 1236 3998 mitti

1281 95 1758 150 PUBLJCA.
2255 105 2336 150 169

1273 180 1334 219 jam
1353 180 1418 211 Rex
1436 183 1590 222 ordinavit,
1605 185 1681 223 quod
1700 185 1792 230 eidem
1807 186 1949 225 johanni,
1965 194 2096 223 tanquam
2121 185 2276 223 Capitaneo
2297 187 2330 216 &
2351 180 2425 211 Arm·
2441 182 2481 212 D·

1279 219 1471 250 Gubernatori
1492 221 1582 251 Flotae
1604 225 1763 262 praedictae,
1786 235 1813 254 in
1834 226 1983 261 omnibus,
2000 234 2063 263 quae
2083 222 2116 254 ad
2138 222 2280 252 Officium
2302 225 2334 253 il-
2381 228 2466 258 1310-

1277 257 1488 325 leqdmpqutinent
1503 282 1513 297 ,
1544 261 1716 292 intendentes
1743 263 1795 293 fint
1821 263 1854 293 ὃς
1881 262 2075 301 respondentes
2090 285 2100 300 ,
2139 261 2208 292 sicut
2234 262 2336 300 praedi-
2350 259 2417 287 Edv.
2438 268 2467 285 2·

1312 305 1327 324 u
1375 306 1389 324 e
1418 320 1424 325 .
2104 318 2108 319 a

1317 333 1350 363 ln
1365 335 1458 373 cujus,
1478 335 1538 366 &c.

1314 409 1401 440 Teste
1416 419 1446 441 ut
1463 410 1549 451 supra.

1385 535 1434 566 De
1454 536 1630 569 Alexandro
1655 535 1840 586 Abernithy,
1867 537 1987 582 Custode
2003 544 2040 577 ὠ
2063 542 2233 586 Capitaneo.

1281 615 1376 676 RE
1386 617 1416 648 X
1433 622 1581 660 omnibus,
1600 621 1634 652 ad
1648 632 1733 662 quOS,
1748 624 1809 653 &c
1823 622 1943 654 salutem.

1293 696 1297 700 .
1400 656 1448 701 De
1468 659 1611 698 fidelitate,
1630 660 1898 700 circumspeffione,
1914 662 1947 692 ὃς
1964 660 2096 692 industria
2111 661 2205 692 dilefti
2217 663 2251 694 &
2265 662 2336 694 fide·
2350 661 2402 688 An·
2423 669 2450 697 3·

1281 695 1312 724 l1s
1334 693 1423 725 nostri
1438 719 1447 734 ,
1477 698 1626 728 Alexandri
1647 699 1682 728 de
1705 699 1861 738 Abernithy
1874 721 1884 738 ‚
1907 699 2013 739 plenius
2033 700 2203 730 confidentes
2216 724 2225 740 ,
2246 702 2335 738 ipsum
2353 703 2382 726 E.
2405 707 2432 727 2-

1283 732 1472 764 Alexandrum
1486 735 1643 767 Custodem
1657 739 1774 774 partium
1787 738 1885 767 Terrae
1899 738 2000 767 nostroe
2014 737 2136 776 Scotiae,
2152 739 2223 769 inter
2236 749 2336 778 aquam
2353 741 2421 764 8⁶⁰²-
2442 745 2469 772 3·

1281 770 1318 800 de
1342 770 1430 802 Forth
1451 773 1484 804 &
1502 773 1620 804 Montes
1633 774 1754 814 Scotiae,
1771 774 1955 814 Capitaneum
1971 777 2102 806 omnium
2116 776 2268 807 hominum
2282 787 2338 807 no·
2355 778 2386 802 Ε·
2403 783 2429 801 ²·

1283 808 1406 840 strorum
1417 811 1464 852 *ad
1487 811 1593 850 Arma,
1609 814 1638 842 in
1653 815 1773 852 partibus
1788 815 1838 844 illis
1845 837 1854 852 ,
1875 815 1903 843 in
1918 815 1984 851 hiis,
2003 823 2065 852 quae
2081 814 2152 844 facta
2167 813 2341 854 Armorum,
2356 820 2392 839 m·
2411 820 2438 839 ²·

1282 847 1316 890 ὃς
1329 848 1514 884 repulsionem
1529 851 1712 881 inimicorum
1727 853 1759 883 &
1779 851 1940 882 Rebellium
1955 852 2133 890 nostrorum,
2148 853 2181 883 ὃς
2194 854 2228 883 ad
2243 852 2341 883 custo-

1283 885 1359 915 diam
1380 888 1454 924 pacis
1472 888 1575 919 nostrae
1595 890 1624 919 in
1644 890 1724 920 dietis
1745 891 1865 934 partibus
1884 891 2020 929 pertinere
2041 899 2190 929 poterunt,
2206 891 2342 931 quamdiu

1283 924 1365 992 noIbis
1382 924 1527 995 placuergict,
1543 935 1640 958 tenore
1654 928 1832 966 praesentlum
1845 929 1973 960 duximus
1988 928 2193 968 affignandum.

1334 972 1351 992 n
1367 972 1460 1002 CUJUS,
1511 975 1537 995 c.

1318 1038 1406 1070 Teste
1419 1039 1500 1080 Rege
1513 1042 1585 1081 apud
1598 1041 1692 1073 West.
1713 1050 1756 1082 15.
1769 1043 1815 1074 die
1824 1041 1910 1082 Junii.

1961 1122 2016 1150 Per
2033 1118 2115 1160 ipsicm
2131 1122 2236 1159 Regem.

1348 1193 1379 1224 T
1398 1194 1559 1226 mandatum
1578 1195 1618 1226 est
1639 1195 1819 1235 Comitibus,
1835 1196 2002 1235 Batonibus,
2020 1196 2177 1234 Militibus,
2192 1198 2226 1228 &
2241 1198 2337 1227 omni-

1361 1233 1411 1263 bus
1423 1234 1536 1272 aliis‚de
1587 1236 1672 1266 rtibus
1684 1235 1881 1273 Scotiae,inter
1895 1245 1996 1273 aquam
2010 1235 2046 1265 de
2060 1236 2080 1255 '¹¹‘
2096 1235 2184 1265 Forth
2201 1236 2234 1265 &
2248 1234 2338 1266 Mon·
2353 1239 2373 1258 θ
2390 1237 2445 1266 111.

1282 1278 1323 1300 tes
1341 1270 1463 1309 scoriae,
1483 1244 1585 1311 quod>a
1579 1273 1670 1303 eidem
1690 1274 1848 1304 Alexandro
1865 1276 1894 1304 in
1914 1273 2060 1312 praemiffis
2078 1274 2130 1304 sint
2145 1274 2338 1312 intendentes,
2358 1286 2422 1304 ιη,

1282 1309 1493 1348 respondentes,
1511 1310 1700 1350 consulentes,
1715 1313 1747 1344 &
1767 1313 1944 1351 auxiliantes,
1960 1320 2028 1342 cum
2042 1312 2117 1350 equis
2133 1310 2167 1341 &
2183 1312 2283 1350 armis,
2304 1313 2337 1343 δε

1284 1354 1346 1376 toto
1365 1348 1442 1385 polle
1464 1348 1528 1387 suo,
1548 1349 1731 1393 facientesque
1751 1350 1865 1380 viriliter
1885 1351 1918 1380 δε
1935 1349 2079 1388 diligenter
2091 1359 2139 1388 ea,
2159 1359 2223 1387 quae
2239 1350 2342 1387 praedi-

1283 1385 1344 1415 ctus
1368 1386 1525 1417 Alexander
1547 1388 1584 1417 eis
1600 1387 1668 1419 scire
1683 1390 1764 1418 raciet
1779 1397 1813 1418 ex
1825 1396 1899 1426 parte
1912 1387 2016 1426 Revis,
2033 1389 2163 1427 quotiens
2178 1388 2211 1418 &
2225 1388 2340 1427 quando

1283 1433 1333 1491 Fiet
1348 1423 1439 1463 ipsum
1453 1426 1531 1464 super
1545 1425 1604 1456 hoc
1620 1427 1723 1457 fuerint
1739 1426 1898 1464 praemuniti
1915 1437 1921 1455 :
1957 1412 1994 1456 fit
2007 1427 2080 1464 hoc,
2099 1426 2166 1456 ficut
2182 1426 2292 1466 Regem
2307 1426 2342 1458 ὃς

1318 1471 1441 1493 onorem
1456 1463 1561 1502 Regis,
1577 1465 1609 1494 &
1624 1464 1703 1495 suum
1718 1465 1854 1503 diligunt,
1872 1465 1951 1494 nullo
1965 1465 2054 1494 modo
2067 1466 2210 1494 omittant.

1321 1499 1355 1530 In
1376 1501 1427 1531 hac
1448 1511 1526 1541 parte
1548 1503 1633 1532 taliter
1657 1503 1725 1540 ipsos
1749 1503 1884 1541 habeant,
1903 1502 1980 1542 quod
2001 1502 2161 1534 fidelitatem
2179 1502 2293 1535 illorum
2307 1503 2342 1534 &

1284 1538 1471 1606 ceilrstanriam
1480 1540 1549 1609 tigride
1562 1539 1627 1572 Rex
1640 1541 1740 1572 debeat
1757 1542 1858 1573 merito
1872 1541 2082 1572 commendare.

1340 1587 1357 1607 n
1372 1587 1463 1617 cujus,
1502 1587 1538 1609 ἐ,

1320 1652 1408 1684 Teste
1425 1662 1456 1685 ut
1474 1654 1560 1695 supra.

1930 1738 1984 1766 Per
1996 1735 2078 1775 ipsum
2091 1737 2194 1773 Regem.

1281 1808 1338 1871 E
1348 1811 1378 1843 T
1394 1810 1559 1848 ,mandarum
1577 1812 1618 1845 est
1631 1813 1753 1852 johanni
1768 1812 1826 1843 filio
1841 1811 2022 1843 Marmaduci
2036 1811 2159 1843 Custodi
2173 1811 2261 1851 Regis
2276 1812 2338 1843 Vil-

1392 1851 1427 1881 1ae
1447 1851 1543 1882 Sanffi
1563 1851 1693 1886 Iohannis
1713 1852 1749 1882 de
1770 1850 1874 1890 Perth,
1891 1850 1968 1889 quod
1991 1849 2137 1889 praefatum
2153 1850 2340 1881 Alexandrum

1281 1889 1315 1920 &
1335 1888 1465 1919 homines
1484 1890 1519 1920 de
1539 1884 1686 1921 Comitiva
1707 1890 1769 1929 sua,
1786 1899 1838 1929 pro
1853 1890 1952 1927 quibus
1965 1889 2129 1926 respondere
2142 1889 2258 1920 voluerit
2270 1899 2339 1920 cum

1280 1928 1352 1966 ipsos
1372 1927 1406 1958 ad
1429 1928 1533 1959 Villam
1547 1928 1709 1966 praedicstam
1721 1927 1855 1959 accedere
1869 1928 2033 1966 contigerit,
2048 1926 2165 1958 eandem
2180 1927 2282 1959 Villam
2294 1928 2341 1959 in*-

1279 1965 1374 2005 gredi,
1389 1966 1423 1997 &
1439 1967 1468 1996 in
1480 1966 1577 1998 eadem
1591 1967 1711 2006 morari,
1728 1977 1762 1999 ac
1776 1966 1876 1998 exinde
1887 1966 1973 1998 libere
1987 1967 2061 1998 exire
2074 1966 2225 2005 permittat.

1317 2041 1407 2074 Teste
1424 2050 1455 2075 ut
1472 2043 1557 2082 supra.

1326 2178 1375 2211 De
1395 2178 1520 2226 Ueugis
1532 2189 1588 2226 per
1606 2176 1770 2213 Robertum
1791 2177 1827 2212 de
1841 2181 1919 2212 Brus
1937 2178 2060 2212 violatis
2078 2191 2089 2210 .·
2112 2180 2156 2211 Et
2174 2177 2210 2211 de
2226 2179 2299 2212 Na-

1686 2225 1777 2261 vibus
1796 2226 1952 2274 parandis.

1281 2311 1362 2375 LE
1385 2311 1446 2343 Roi
1467 2323 1482 2344 a
1496 2312 1534 2344 ses
1548 2314 1627 2346 feaux
1641 2314 1674 2346 &
1689 2313 1784 2352 leaux‚
1801 2312 1904 2345 Baillifs
1918 2324 1934 2345 e
1948 2312 2049 2352 prodes
2063 2312 2164 2344 homes
2174 2312 2211 2344 de
2226 2312 2252 2344 la
2266 2311 2343 2345 Ville
2359 2322 2437 2355 Anu,
2450 2321 2494 2354 D,

1354 2350 1390 2382 de
1403 2351 1559 2392 Shorham,
1577 2363 1594 2383 e
1608 2353 1655 2383 des
1671 2352 1810 2382 membres
1823 2352 1859 2382 de
1874 2353 1980 2383 mesine
1991 2352 2016 2382 la
2028 2351 2110 2391 ville,
2128 2351 2221 2383 salutz.
2389 2372 2475 2403 1310.

1320 2392 1409 2423 Nous
1428 2390 1596 2422 entendoms
1617 2401 1672 2430 que
1684 2400 1769 2429 vom,
1788 2390 1873 2422 &les
1887 2399 1977 2421 autres
1991 2390 2079 2421 bones
2095 2399 2181 2429 gentz
2195 2390 2230 2421 de
2244 2390 2339 2422 nostre
2360 2404 2413 2430 An.
2434 2412 2461 2439 3,

1283 2429 1433 2467 Roialme,
1454 2429 1545 2460 sauetz
1566 2430 1622 2460 ben
1635 2437 1753 2460 coment
1769 2428 1881 2459 Robert
1893 2430 1928 2460 de
1942 2429 2127 2468 Brus,nostre
2141 2430 2234 2460 treitre
2248 2439 2264 2459 e
2278 2438 2345 2460 ene·
2361 2444 2391 2467 Ε,
2414 2450 2441 2468 2,

1284 2470 1344 2508 mi,
1363 2477 1379 2497 e
1400 2467 1438 2497 ses
1449 2468 1548 2508 alietz,
1567 2477 1584 2498 e
1596 2470 1735 2506 fautours,
1754 2477 1787 2498 ca
1800 2477 1836 2497 en
1849 2477 1942 2507 arere,
1960 2477 1976 2498 e
1989 2475 2155 2497 nomement
2168 2468 2289 2498 durantz
2305 2468 2344 2498 les
2361 2483 2428 2507 scot.
2447 2481 2476 2515 34

1284 2515 1383 2539 trewes
1401 2515 1436 2545 qe
1456 2515 1528 2537 nous
1545 2508 1603 2537 leur
1620 2508 1786 2547 grantasmes
1800 2515 1868 2544 ore,
1886 2516 1901 2536 e
1916 2515 1993 2536 autre
2008 2505 2081 2536 foitz
2092 2506 2274 2536 treitresment
2289 2516 2342 2537 ont
2363 2521 2394 2545 E.
2415 2526 2443 2546 2,

1284 2546 1323 2577 fet
1344 2556 1359 2575 a
1380 2554 1471 2584 nous,
1489 2555 1506 2575 e
1526 2556 1541 2576 a
1563 2554 1622 2576 noz
1639 2544 1738 2582 feaux,
1755 2552 1826 2574 totes
1847 2554 1970 2575 maneres
1983 2543 2018 2574 de
2033 2554 2110 2574 maus
2124 2554 2141 2574 e
2153 2545 2284 2575 desceites
2297 2545 2344 2583 q'il
2362 2565 2399 2584 m„
2417 2563 2443 2581 ι,

1284 2585 1398 2622 poaint,
1415 2594 1431 2614 e
1449 2593 1555 2614 uncore
1576 2593 1612 2613 ne
1626 2581 1732 2614 cessent
1746 2581 1781 2612 de
1796 2582 1853 2612 fere
1864 2583 1899 2613 de
1914 2584 1974 2619 jour
1986 2592 2021 2612 en
2038 2591 2131 2622 autre,
2148 2593 2164 2613 a
2178 2583 2239 2613 lour
2253 2593 2342 2623 poer,

1285 2633 1321 2653 en
1333 2621 1540 2653 deffieritaunce
1552 2621 1587 2652 de
1601 2631 1672 2652 nous
1682 2645 1692 2660 ,
1712 2622 1744 2652 &
1758 2620 1794 2650 de
1808 2629 1885 2651 nouz
1898 2622 1959 2652 ditz
1976 2619 2056 2650 feaux
2065 2644 2075 2659 ,

1323 2660 1376 2692 Par
1399 2661 1463 2698 quei
1477 2671 1494 2691 a
1507 2660 1677 2698 refreindre,
1694 2659 1718 2690 al
1733 2658 1795 2689 eide
1808 2659 1842 2690 de
1857 2658 1933 2690 Dieu
1971 2660 1996 2689 la
2010 2657 2143 2690 maveiste
2158 2659 2195 2690 de
2209 2669 2268 2690 ηοω
2283 2661 2346 2692 ditz

1284 2701 1407 2736 cnemis,
1422 2708 1520 2729 avoms
1537 2698 1642 2729 ordene
1664 2699 1697 2728 ὃς
1710 2698 1789 2728 biens
1802 2697 1892 2728 destre
1907 2698 1926 2728 fi
1943 2683 2023 2728 bien
2039 2697 2124 2736 plest,
2143 2708 2178 2728 en
2194 2697 2219 2728 la
2231 2697 2296 2729 Fest
2310 2698 2346 2730 de

1285 2738 1310 2768 la
1332 2738 1461 2769 Nativite
1474 2737 1510 2768 de
1523 2737 1618 2768 nostre
1632 2736 1726 2767 Darne
1738 2736 1872 2774 prochein
1891 2737 2002 2774 avenir,
2017 2745 2033 2765 a
2049 2735 2183 2775 Berewyk
2197 2736 2239 2766 fiir
2256 2736 2347 2768 Twe-

1286 2776 1337 2815 de,
1355 2787 1382 2807 as
1399 2775 1524 2806 Chivaus
1545 2786 1562 2806 e
1580 2785 1668 2806 armes
1689 2784 1704 2805 e
1722 2782 1785 2805 tout
1803 2775 1829 2804 le
1843 2774 1973 2813 Service,
1988 2783 2043 2813 que
2059 2783 2130 2804 nous
2143 2774 2184 2804 est
2200 2774 2253 2805 deu
2267 2775 2341 2806 dalet

1285 2815 1362 2845 diloe
1383 2825 1411 2845 es
1427 2823 1526 2845 contre
1549 2823 1608 2845 noz
1625 2813 1685 2844 ditz
1699 2814 1820 2852 cnemis,
1838 2823 1854 2844 a
1865 2822 1939 2853 queu
1953 2811 2038 2843 chose
2052 2813 2117 2843 faire
2128 2822 2226 2843 avoms
2241 2813 2345 2844 mester

1287 2852 1324 2883 de
1342 2855 1366 2884 ei
1387 2863 1403 2883 e
1415 2852 1450 2883 de
1463 2852 1558 2883 vostre
1573 2852 1677 2882 Navie.

1324 2891 1349 2923 E
1372 2901 1424 2931 pur
1441 2901 1494 2921 ceo
1507 2901 1576 2922 vous
1589 2892 1694 2929 prioms
1709 2890 1742 2921 δε
1756 2899 1916 2929 requeroms
1930 2898 1985 2928 que
1998 2899 2032 2919 en
2047 2888 2143 2919 vostre
2158 2888 2216 2920 dire
2229 2889 2314 2930 ville,
2332 2899 2350 2922 a

1286 2939 1346 2961 voz
1366 2929 1509 2969 costages,
1527 2939 1598 2959 nous
1612 2929 1728 2960 vuilletz
1739 2928 1813 2958 eider
1827 2928 1862 2959 de
1877 2938 1933 2958 une
1948 2928 2010 2958 nief
2018 2926 2054 2957 de
2067 2936 2164 2966 guerre
2175 2928 2242 2959 bien
2258 2929 2351 2968 eskip-

1287 2978 1343 3008 pez
1356 2969 1404 2999 des
1417 2977 1502 3008 gentz
1515 2967 1653 2998 suffisauns
1667 2968 1700 2998 ὃς
1714 2966 1897 3005 defensables,
1917 2976 1932 2996 e
1945 2966 1993 2996 des
2007 2974 2095 2996 autres
2108 2966 2205 2996 choses
2217 2967 2350 2998 necessai-

1288 3017 1329 3037 res
1342 3007 1396 3038 ben
1411 3008 1505 3047 garnie
1516 3016 1553 3036 en
1566 3006 1627 3037 eide
1642 3005 1678 3036 de
1693 3005 1795 3045 lespleit
1808 3005 1844 3035 de
1857 3004 1953 3035 nostre
1967 3012 2065 3042 guerre
2082 3004 2223 3044 avantdit,
2241 3015 2258 3035 e
2272 3006 2296 3036 la
2309 3006 2351 3036 fa-

1289 3054 1354 3077 cetz
1373 3056 1474 3076 enveer
1494 3045 1581 3083 jesqes
1593 3054 1608 3074 a
1622 3043 1753 3084 Dyvelyn
1770 3053 1806 3073 en
1824 3043 1914 3074 Irland
1923 3065 1933 3082 ,
1950 3042 2027 3073 iffint
2038 3051 2074 3081 qe
2086 3042 2113 3072 le
2125 3051 2142 3083 y
2155 3042 2206 3074 soit
2220 3054 2247 3074 as
2261 3044 2350 3075 Oeta-

1287 3095 1336 3116 ves
1363 3084 1399 3115 de
1426 3083 1609 3121 i'affumption
1630 3082 1726 3113 nostre
1746 3082 1843 3113 Darne
1864 3081 2002 3120 prochein
2023 3081 2119 3111 avenir
2139 3091 2173 3111 au
2194 3081 2256 3119 plus
2277 3090 2348 3122 tart,

1288 3123 1363 3161 ptest
1385 3133 1401 3153 e
1419 3122 1562 3160 apparaille
1577 3133 1593 3152 a
1606 3120 1682 3151 cond
1840 3119 1970 3159 dilloeqes
1978 3119 2064 3160 jesqae
2078 3129 2113 3149 en
2128 3118 2235 3151 Est-oce
2250 3120 2347 3152 nostre

1288 3161 1341 3192 feal
1362 3171 1378 3191 e
1391 3162 1453 3192 loial
1471 3159 1596 3191 Monfire
1609 3159 1735 3190 Rich-ard
1748 3159 1784 3189 de
1797 3158 1890 3198 Burgh
1905 3158 2022 3189 Counte
2035 3157 2071 3188 de
2084 3156 2234 3198 Ulnestre,
2250 3159 2284 3189 &
2298 3168 2348 3189 au-

1288 3208 1342 3231 tres
1361 3210 1412 3231 nos
1431 3200 1511 3230 feauz
1531 3197 1667 3237 d’Irland,
1685 3199 1713 3236 qi
1732 3197 1793 3228 sunt
1812 3198 1906 3228 avenir
1931 3207 1967 3226 en
1985 3195 2082 3226 nostre
2104 3196 2218 3227 Service
2235 3207 2262 3227 es
2276 3196 2347 3228 dites

1308 3240 1384 3270 artiec
1405 3237 1558 3274 d'Escoce,
1576 3247 1591 3266 a
1613 3237 1742 3267 demorer
1764 3236 1895 3274 illoeques
1917 3235 1960 3265 sur
1982 3243 2042 3265 noz
2063 3236 2190 3271 eneruis,
2204 3234 2300 3274 jesque
2320 3235 2346 3266 la

1287 3248 1356 3308 gest
1372 3277 1408 3307 de
1423 3276 1499 3307 Seint
1515 3275 1642 3314 Michel,
1662 3275 1798 3312 prochein
1813 3275 1908 3305 avenir
1923 3273 2144 3304 ensemblement
2157 3272 2278 3312 ovesque
2290 3284 2346 3304 no-

1287 3316 1342 3347 stre
1363 3325 1438 3347 autre
1458 3314 1492 3344 N
1495 3315 1555 3344 avie
1568 3313 1774 3352 d'Engleterre,
1789 3322 1824 3353 qe
1839 3322 1909 3343 nous
1925 3322 1941 3351 y
1955 3320 2107 3347 enveom5‚
2128 3310 2226 3340 solone
2241 3321 2295 3342 ceo
2309 3322 2345 3350 qe

1287 3365 1359 3386 nous
1381 3354 1446 3385 cher
1472 3352 1560 3383 Clerk
1583 3351 1648 3392 Elys
1671 3351 1795 3391 Pugeys,
1813 3360 1829 3380 e
1851 3350 1946 3381 nostre
1968 3348 2102 3380 Visconte
2124 3348 2159 3378 dc
2175 3348 2292 3389 Suffex,
2309 3351 2348 3382 les

1286 3403 1372 3432 queus
1390 3400 1460 3423 nous
1480 3400 1617 3422 enveoms
1631 3400 1646 3421 a
1660 3399 1730 3420 vous
1742 3400 1790 3430 par
1806 3389 1865 3419 cest
1877 3387 2014 3424 acheson,
2031 3396 2070 3415 ou
2084 3386 2132 3415 lun
2145 3386 2180 3415 d:
2195 3396 2262 3417 eaux
2275 3397 2347 3420 vous

1286 3434 1456 3471 requirront,
1475 3440 1513 3460 ou
1534 3430 1655 3469 requirra
1675 3428 1712 3460 de
1732 3438 1781 3469 par
1801 3437 1871 3459 nous
1890 3435 1924 3458 ac
2082 3424 2203 3455 vuelletz
2222 3435 2344 3459 crerees

1288 3470 1385 3502 choses
1396 3469 1554 3499 avantdites.

1323 3510 1351 3540 A
1373 3507 1460 3539 cestes
1479 3506 1574 3538 choses
1594 3505 1687 3537 nostre
1709 3506 1815 3543 priere,
1831 3504 1865 3535 ὃ(
1883 3502 1990 3534 ficome
2011 3511 2081 3532 vous
2101 3509 2195 3532 ametz
2209 3502 2292 3533 lonur
2306 3503 2344 3535 de

1285 3557 1356 3579 nous
1372 3558 1387 3577 e
1401 3547 1425 3576 le
1438 3545 1535 3585 profist
1547 3545 1583 3574 de
1597 3544 1691 3574 nostre
1706 3544 1847 3574 Roiaume
1857 3566 1865 3581 ‚
1883 3552 1918 3571 en
1935 3541 1999 3571 nule
2012 3549 2125 3570 manere
2139 3550 2175 3569 ne
2195 3540 2290 3580 lesset,
2309 3543 2343 3574 &

1285 3596 1340 3626 que
1359 3595 1429 3616 vous
1441 3594 1476 3613 en
1491 3583 1610 3614 vodretz
1624 3582 1711 3620 feste,
1728 3581 1763 3611 de
1781 3581 1856 3612 ceste
1870 3579 1964 3610 nostre
1979 3578 2123 3616 requeste,
2140 3588 2175 3608 en
2190 3578 2249 3609 cest
2261 3588 2342 3619 grant

1286 3625 1380 3663 haste,
1398 3632 1467 3653 nous
1484 3622 1578 3653 facetz
1597 3621 1656 3651 suer
1676 3630 1723 3658 par
1743 3629 1802 3649 voz
1815 3620 1904 3650 lettres
1917 3626 2039 3656 patentes
2054 3617 2136 3646 saunz
2150 3617 2236 3655 delai3
2257 3629 2273 3648 e
2289 3629 2341 3649 vo-

1285 3664 1357 3694 loms
1373 3673 1388 3692 e
1402 3669 1545 3698 grantoms
1559 3669 1614 3698 que
1630 3669 1680 3697 ce,
1697 3668 1751 3696 que
1764 3668 1834 3688 vous
1848 3666 1918 3687 nous
1931 3656 2000 3685 feste
2013 3665 2027 3685 a
2042 3654 2137 3698 nostre
2150 3656 2272 3693 requeste
2278 3665 2341 3698 ,qne

1285 3711 1371 3742 curge
1384 3712 1398 3731 a
1414 3699 1553 3739 preiudice
1571 3697 1607 3728 de
1620 3707 1692 3728 vous
1706 3706 1742 3727 ne
1757 3696 1793 3727 de
1807 3705 1858 3728 vos
1873 3695 1978 3733 heires,
1992 3704 2028 3725 ne
2043 3696 2069 3724 le
2082 3693 2131 3724 seit
2146 3701 2198 3725 tret
2209 3704 2246 3725 en
2262 3697 2343 3734 usage

1287 3750 1323 3770 en
1339 3749 1426 3776 temps
1442 3738 1544 3768 avenir.

1320 3778 1366 3809 En
1379 3777 1602 3815 tesmoignance‚
1620 3773 1680 3804 &c.

1320 3854 1428 3887 Donez
1441 3864 1456 3886 a
1467 3850 1593 3885 Westm.
1607 3849 1634 3882 le
1650 3849 1694 3881 16.
1706 3850 1768 3889 jour
1775 3848 1859 3889 June.

1845 3997 1875 4028 Υ
2219 3996 2342 4028 Autieles
