2570 4261
260 140 278 167 1
287 127 340 167 -88

121 208 196 241 Anii.
208 206 249 238 D.

147 254 230 285 1254.

119 290 183 314 ΗΜ·
202 295 227 322 3·
263 299 363 330 Carta
383 322 392 336 ‚
420 305 473 340 per
494 302 586 338 quam
606 292 758 323 chricus
785 290 849 321 Rex
868 287 1058 333 confirmavit
1082 283 1238 319 Edwardo
1255 282 1322 328 filio

305 346 361 390 βω
388 342 573 374 donationem
594 342 679 385 prius
705 342 732 370 ei
750 337 892 382 fallam,
917 336 953 369 de
979 333 1111 368 omnibus
1135 337 1223 366 terris
1242 359 1252 374 ,
1286 341 1322 369 (y

313 392 500 430 tenementis,
526 391 562 425 <⁷3²⁶
581 384 716 420 omnibus
740 387 810 418 aliis
833 383 939 427 rebus,
966 388 997 417 in
1016 384 1228 429 transmarinis
1250 390 1325 426 par-

314 438 403 472 tibus.

119 535 171 561 An,
194 530 237 568 38,
270 522 485 584 HEnricus,
503 520 562 552 Dei
577 522 678 559 gratia,
693 520 757 558 Rex
772 519 898 558 Angliae,
917 518 1063 548 Dominus
1075 514 1240 559 Hiberniae,
1254 512 1326 556 Dux

119 575 154 598 H.
175 577 201 606 3,
351 561 544 591 Normanniae
564 558 598 590 &
611 560 769 598 Aquitaniae
781 581 790 597 ,
815 559 847 589 ὃς
863 558 971 588 Comes
987 555 1174 599 Andegavrae,
1192 551 1326 582 omnibus

120 617 184 634 200.
199 616 225 634 a.
268 599 377 630 Christi
391 598 532 638 fidelibus,
549 599 694 636 praesentes
706 598 806 627 litteras
819 597 912 627 visuris
925 595 969 625 vel
984 594 1128 637 audituris,
1146 591 1266 634 salutem..

118 650 148 673 L.
163 649 192 672 Β,
202 643 251 681 sol.
305 637 400 668 Sciatis
414 647 465 667 nos
485 646 578 667 toturn
593 638 632 673 jus
652 637 684 666 δε
701 636 834 665 clamium
849 658 858 673 ,
883 633 959 672 quod
974 632 1122 662 habuimus
1136 654 1146 668 ,
1171 629 1324 697 vel-²¹¹2&

117 684 247 712 fem-sca-
266 675 358 706 modo
372 676 475 706 habere
490 676 631 712 potuimus
646 675 674 703 in
690 674 824 704 omnibus
836 674 927 713 terris,
942 670 1127 713 Civitatibus,
1142 666 1252 712 Burgu,
1297 677 1325 696 a-

117 730 208 748 mrrar.
266 714 344 753 stris,
363 715 396 745 δε
410 716 542 744 omnibus
558 713 614 743 aliis
630 713 697 742 locis
712 712 860 751 'occupatis
872 734 881 750 ,
905 715 949 740 ieu
963 732 972 746 ,
998 708 1125 747 quolibet
1143 707 1198 737 alio
1216 706 1323 743 modo,

117 762 231 787 Scaccar.
265 752 358 784 ablatis
371 760 422 791 pro
441 752 593 782 emtoribus
606 750 706 781 nostris
740 751 774 781 &
787 751 868 780 nobis
884 759 931 789 per
944 748 1036 787 Reges
1051 746 1193 785 Franciae,
1211 742 1271 780 ἀι.
1290 750 1322 773 ut

261 794 291 821 in
308 795 394 820 Carta
460 792 494 821 18
510 790 586 819 Febr.
601 789 694 819 deinde
707 773 752 818 boc
767 789 847 818 modo.
1185 823 1190 827 .

300 829 386 860 Istam
405 838 497 859 autem
517 829 701 859 donationem
716 828 748 857 &
769 825 982 856 concessionem
998 847 1008 862 ,
1031 832 1115 862 quam
1137 823 1255 864 fecimus
1274 829 1322 858 per

262 876 379 913 parvum
393 868 510 906 sigillum
523 865 653 897 nostrum
662 890 672 905 ,
691 876 748 904 quo
760 866 864 896 utimur
879 866 906 893 in
920 863 1057 893 XVascon.
1074 863 1172 892 iterato
1188 860 1320 897 facimus,

261 916 445 944 innovamus,
462 905 662 943 concedimus,
677 905 711 935 δε
732 903 963 940 irrevocabiliter,
981 908 1241 939 quantumcumque
1257 907 1321 937 pos—

261 945 370 983 sumus,
388 944 553 975 ratificamus
567 954 617 982 per
631 951 764 982 magnum
778 942 898 979 sigillum
913 940 1051 971 nostrum.

298 983 424 1021 In-cujus
436 984 474 1013 rei
488 982 683 1013 testimonium
698 981 808 1012 dietum
825 989 960 1020 magnum
974 978 1090 1019 sigillum
1102 975 1233 1008 nostrum
1247 984 1320 1015 prae-

263 1022 332 1053 senti
345 1020 439 1052 Cartae
453 1022 558 1060 apponi
570 1021 695 1052 fecimus.

616 1096 800 1128 Praesentibus
811 1096 960 1134 Testibus,

295 1175 447 1207 Venerabili
461 1178 545 1205 Patre
559 1177 640 1206 Petro
654 1173 823 1215 Herefordiae
838 1173 977 1213 Episcopo,

297 1216 380 1244 Petro
393 1215 424 1244 de
437 1215 575 1244 sabaudia
584 1237 593 1251 ,

295 1251 428 1291 Johanne
435 1252 494 1293 filio
513 1252 648 1290 Galfria'i,
665 1251 825 1292 Justiciario
839 1249 996 1286 HIberm'ae,

295 1290 437 1329 Radulpho
471 1291 506 1320 lio
520 1290 665 1330 Nicholai,

295 1331 413 1359 Henrico
443 1341 457 1358 e
472 1329 653 1368 Wingeham,
672 1330 704 1360 δε
719 1328 783 1359 aliis.

298 1404 407 1436 Datum
428 1417 476 1444 per
496 1416 613 1437 manum
633 1406 757 1437 nostram
777 1405 850 1445 apud
873 1403 1056 1442 Burdegalem
1069 1425 1079 1441 ,
1101 1400 1255 1432 undecimo
1272 1398 1319 1429 die

256 1442 410 1483 octobris,
429 1455 504 1475 anno
521 1444 616 1484 Regni
632 1444 717 1476 nostri
731 1444 871 1475 tricesimo
885 1444 998 1474 octavo.

112 1574 160 1603 Ἰ·
177 1581 244 1610 5²9.
260 1569 288 1597 ²³?
308 1571 498 1617 Confirmatio
518 1573 612 1605 Cartae
626 1571 662 1604 de
671 1572 850 1617 fhppletione
868 1579 976 1613 15000
989 1569 1178 1600 Marcarum
1192 1575 1246 1610 per
1262 1575 1319 1596 an-

599 1633 671 1653 num
682 1618 850 1666 subsigillo
867 1629 985 1664 magno.

111 1710 188 1743 Ann.
205 1709 245 1741 D.
264 1703 476 1767 HEpricus,
496 1705 553 1750 Dei
568 1705 753 1750 gratifi,·Re-x
767 1703 896 1749 Angli-ae,
916 1702 1060 1732 Dominus
1068 1699 1234 1744 Hiberniae,
1248 1697 1319 1741 Dux

347 1744 537 1775 tsoimanmae
557 1745 589 1775 &
607 1745 783 1783 Aqmtamae,
798 1744 830 1772 ὅ(
850 1742 958 1771 Comes
972 1740 1142 1778 Andegavrae
1155 1761 1164 1776 ,
1188 1737 1320 1767 omnibus

109 1758 224 1825 Λὶλξζξ
265 1781 371 1812 Christi
385 1783 527 1822 fidelibus,
545 1784 691 1822 praesentes
704 1782 804 1812 litteras
817 1780 910 1811 visuris
927 1779 971 1809 vel
987 1778 1130 1821 audituris,
1147 1776 1269 1820 salutern.

109 1830 144 1854 H.
161 1837 184 1863 3.
303 1821 399 1851 Sciatis
413 1821 489 1861 quod
500 1821 690 1852 concessimus
703 1818 861 1857 Edwardo,
879 1818 936 1848 filio
951 1816 1049 1847 nostro
1059 1824 1268 1854 primogenito,
1286 1813 1319 1844 &

111 1869 142 1893 L.
157 1864 220 1902 ⁸·f·
263 1859 364 1889 haeredi
375 1883 384 1897 ,
401 1860 478 1899 quod
497 1861 516 1890 si
532 1869 603 1891 terra
618 1860 781 1897 Vaseoniae,
800 1859 832 1889 &
850 1856 910 1887 aliae
923 1865 1020 1899 terrae,
1040 1864 1120 1898 quas,
1138 1863 1186 1891 per
1201 1852 1318 1898 Cartarn

261 1897 402 1936 nostram,
420 1900 443 1928 ei
463 1898 589 1929 dedimus
603 1900 632 1929 in
647 1898 802 1932 Hiberna,
820 1897 852 1927 &
871 1894 988 1934 Anglia,
1006 1896 1038 1924 &
1057 1893 1120 1923 alibi
1135 1915 1144 1931 ‚
1167 1890 1226 1926 &a
1242 1899 1273 1920 ut
1288 1902 1318 1921 in

111 1912 125 1929 2
135 1912 141 1928 Ι
151 1912 174 1929 2.
188 1913 204 1929 u

107 1944 179 1968 pem,
190 1945 239 1969 Ca,
259 1939 346 1965 Carta
360 1936 463 1975 conceff
482 1937 513 1966 de
531 1938 564 1967 18
581 1938 656 1966 Febr,
676 1936 768 1966 deinde
774 1935 829 1976 fic,
1180 1970 1185 1974 ³

109 1989 200 2006 nnrar.
297 1974 380 2004 Istam
398 1985 490 2005 autem
510 1976 694 2006 donationem
714 1975 746 2005 &
767 1971 980 2005 concessionem
995 1994 1004 2008 ,
1026 1979 1111 2008 quam
1131 1968 1250 2000 fecimus
1268 1978 1318 2006 per

108 2021 223 2045 Scactar.
258 2021 374 2050 parvum
389 2014 506 2053 sigillum
524 2013 652 2044 nostrum
669 2037 677 2052 ,
704 2023 762 2051 quo
777 2013 881 2043 utimur
904 2011 934 2040 in
952 2009 1088 2039 Vasconia
1102 2031 1111 2046 ,
1135 2009 1235 2038 iterato
1250 2007 1318 2037 faci-

257 2060 320 2081 mus
352 2054 538 2091 innovamus,
555 2052 739 2083 concedimus
754 2053 787 2083 ὅ(
804 2048 1023 2080 irrevocabiliter
1059 2055 1317 2086 quantumcumque

257 2075 419 2128 posssimus,
437 2091 619 2129 ratificamus,
639 2101 687 2128 per
704 2098 839 2129 magnum
853 2087 967 2126 sigillum
979 2096 1019 2129 iio
1046 2095 1117 2115 rum.

296 2128 328 2158 ln
345 2130 423 2166 cujus
437 2131 475 2159 rei
491 2129 682 2160 testimonium
697 2128 808 2160 dicium
825 2135 959 2167 magnum
971 2124 1090 2164 iigillum
1106 2122 1233 2154 nostrum
1245 2132 1316 2163 prz-

256 2166 323 2198 senti
341 2167 434 2198 Cartae
448 2169 550 2206 apponi
568 2168 693 2198 fecimus.

609 2244 795 2275 Praesentibus
809 2242 959 2280 Testibus‚

291 2321 443 2353 Venerabili
457 2323 542 2351 Patre
557 2324 637 2352 Petro
656 2319 841 2361 Herefhra'enfi
858 2317 997 2358 Episcopi»,

293 2363 375 2391 Petro
394 2361 425 2391 de
439 2360 593 2399 Sabaudia,

291 2399 425 2439 Johanne
429 2398 491 2440 filio
506 2398 631 2439 Galfridi
645 2398 805 2438 Justiciario
819 2395 961 2426 Hiberniae
970 2417 980 2432 ,

292 2436 503 2506 Radulphelfilio
517 2436 644 2466 Nicholai
652 2460 662 2476 ,

291 2480 408 2507 Henri'co
439 2487 452 2505 e
467 2475 649 2516 l‘Vyngeham,
669 2476 702 2506 &
715 2474 780 2506 aliis.

293 2553 403 2584 Datum
416 2563 464 2592 per
479 2563 596 2583 manum
612 2551 737 2583 nostram
753 2551 825 2591 apud
836 2548 980 2587 Burdegal.
993 2546 1146 2579 undecimo
1162 2545 1210 2577 die
1221 2545 1317 2577 Osto-

254 2593 327 2631 bris,
345 2602 421 2622 anno
432 2591 528 2631 Regni
543 2591 632 2622 nostri
645 2591 787 2621 tricesimo
800 2589 913 2620 octavo.

288 2725 337 2757 De
355 2722 579 2768 Confirmatione
595 2725 686 2756 Cartae
703 2720 737 2754 de
754 2721 855 2754 Terris
875 2717 988 2752 Sabinae
1007 2716 1042 2750 de
1064 2718 1189 2751 Orciato
1208 2716 1273 2751 Ed-

615 2769 721 2805 wardo
744 2772 950 2815 primogenito.

106 2860 183 2892 Ann.
200 2859 240 2889 D.
259 2855 468 2916 HEnricus,
487 2857 546 2888 Dei
561 2857 661 2896 gratia,
678 2856 744 2886 Rex
760 2854 885 2893 Angliae„
901 2852 1047 2883 Dominus
1061 2850 1230 2889 Hiberniae,
1248 2850 1318 2881 Dux

126 2907 209 2937 1254.
353 2895 542 2926 Normanniae
557 2897 590 2926 δε
604 2895 761 2933 Aquitaniae
771 2917 779 2931 ,
797 2894 830 2924 &
843 2892 951 2922 Comes
968 2890 1156 2930 Andegaviae,
1172 2891 1317 2929 omnibus,

106 2941 159 2965 Aa.
182 2937 226 2973 38.
260 2934 295 2964 ad
310 2944 378 2973 quos
391 2935 534 2972 praesentes
547 2935 642 2964 litterae
656 2933 850 2973 pervenerint,
865 2931 986 2961 salutern.
1109 2967 1114 2972 ·
1297 2967 1302 2972 .

106 2980 142 3004 H.
162 2985 189 3011 3.
297 2972 392 3002 Sciatis
412 2973 489 3012 quod
511 2973 637 3002 dedimus
656 2973 689 3003 &
703 2969 890 3002 concessimus
902 2967 1059 3005 Edwardo,
1077 2966 1135 2996 filio
1149 2966 1247 2996 nostro
1260 2975 1318 3006 pri-

107 3018 138 3042 L.
153 3017 184 3040 Β.
192 3010 240 3049 Γ
261 3011 410 3050 mogenito
433 3011 465 3040 ὃ(
486 3011 605 3049 haeredi,
624 3020 724 3040 omnes
744 3008 901 3049 professus,
919 3008 952 3038 δε
964 3016 1058 3037 totum
1072 3004 1317 3044 emolumentum,

110 3060 174 3078 ²12.
189 3060 215 3077 a.
262 3047 321 3084 ὠς.
339 3056 369 3077 ut
382 3052 410 3077 in
423 3052 510 3078 Carta
524 3050 555 3079 de
572 3049 597 3078 8.
615 3047 706 3086 April.
721 3047 813 3077 deinde
829 3046 876 3076 hoc
891 3046 973 3075 modo.

108 3092 241 3117 PenesCa-
300 3087 383 3117 Istam
404 3096 498 3117 autern
522 3088 705 3117 donationem
723 3087 755 3117 &
776 3084 1004 3122 conceffionem,
1022 3092 1107 3122 quam
1127 3081 1248 3112 fecimus
1268 3090 1317 3122 per

109 3137 204 3154 merar-
263 3135 380 3163 parvum
393 3126 509 3165 sigillum
528 3125 672 3162 nostrum,
686 3134 743 3162 quo
756 3125 860 3154 utimur
875 3124 903 3153 in
915 3122 959 3151 W
960 3122 1052 3152 ascon.
1068 3122 1168 3151 iterato
1182 3120 1315 3159 fecimus,

109 3170 221 3194 baccar.
261 3166 449 3202 innovamus,
469 3163 670 3200 concedimus,
690 3164 722 3193 &
742 3162 960 3192 irrevocabiliter
994 3168 1243 3199 quantumcunque
1255 3168 1320 3199 pos-

262 3205 369 3240 iumus,
389 3202 555 3232 ratificamus
569 3211 617 3241 per
632 3210 766 3239 magnum
782 3201 898 3240 sigillum
915 3210 953 3229 no
981 3208 1053 3229 rum.

299 3240 331 3270 In
347 3242 425 3279 cujus
438 3242 476 3271 rei
489 3240 684 3270 restimonium
699 3238 808 3269 dic'tum
825 3247 959 3278 magnum
971 3237 1091 3277 sigillum
1103 3234 1234 3266 nostrum
1248 3246 1321 3277 prae-

261 3278 329 3310 senti
342 3278 438 3310 Cartae
451 3280 553 3319 apponi
565 3278 692 3309 fecimus.

616 3353 802 3386 Praesentibus
818 3352 951 3383 Testibus
960 3376 970 3391 ,

302 3431 451 3462 Venerabili
466 3434 550 3462 Patre
564 3433 645 3462 Petro
658 3428 847 3471 Herefhrdenfi
864 3427 1002 3468 Episcopo,

304 3473 386 3500 Petro
401 3472 432 3500 de
445 3471 601 3509 Sabaudia,

304 3506 433 3545 Johanne
439 3508 500 3549 filio
515 3508 638 3547 Galfridi
652 3506 812 3548 Justiciario
827 3505 983 3544 Hiberniae,

304 3547 442 3584 Ran'm'phv
450 3547 510 3585 fil⁴⁵⁰
525 3545 668 3584 Nicloolai,

307 3584 420 3613 Henrico
435 3587 465 3613 de
480 3585 644 3624 Iff‘Z’ngham,
658 3585 692 3616 &
706 3584 772 3615 aliis.

126 3670 259 3704 Anu-D.
311 3656 419 3702 Datum
444 3670 491 3696 per
512 3671 628 3691 manum
649 3660 773 3691 nostram
792 3658 865 3697 apud
886 3656 1097 3697 Burdegaliam,
1115 3655 1271 3687 undecimo
1284 3652 1330 3683 die

151 3719 235 3749 1254.
278 3693 431 3734 OesObssS,
449 3708 522 3728 anno
544 3700 638 3738 Regni
653 3698 738 3729 nostri
755 3698 895 3729 [riceiimo
908 3697 1021 3727 odlavo.

128 3754 183 3780 Ari.
200 3749 245 3786 38.

130 3793 165 3816 Η.
187 3797 212 3824 3.

128 3826 262 3901 ngeli'z.
335 3825 362 3852 ’k
380 3825 561 3868 Conceffiones
585 3831 712 3861 Henrici
731 3832 817 3875 Regis
834 3826 980 3860 Edvardo
992 3826 1058 3871 filio
1071 3827 1277 3872 primogenito.

136 3911 162 3930 a.
177 3904 249 3928 Penes

136 3943 270 3966 Camerar.
288 3922 492 3983 HEnricus‚
512 3920 569 3965 Dei
583 3922 684 3960 gratis,
703 3922 768 3953 Rex
781 3923 907 3963 Angiiae,
927 3921 1072 3953 Dominus
1085 3921 1250 3958 Hiberniae,
1265 3919 1336 3951 Dux

379 3962 570 3992 Normanniae
591 3960 623 3989 ὃς
643 3961 772 3997 Aquitan.
797 3962 829 3991 &
851 3961 958 3990 Comes
978 3961 1168 4001 Andegaviae,{
1186 3959 1337 3997 omnibus,

138 3982 251 4004 scaccar.
588 3998 592 4003 ,
820 4000 825 4005 ,

285 4001 320 4033 ad
337 4011 406 4040 quos
420 3999 564 4039 praesentes
576 3998 672 4029 litterae
684 4008 876 4036 pervenerint,
894 3999 1015 4029 salutem.

140 4016 189 4042 ·i.
203 4023 277 4051 530..

702 106 1507 170 'CONVENT·IONES‚
1563 108 1949 160 LITERAE,

1399 193 1498 225 Sciatis
1519 194 1596 233 quod
1616 195 1820 233 concessimus,
1836 195 1869 226 &
1886 195 1961 224 bona
1975 192 2030 224 fide
2037 193 2220 238 ‚promifimus
2233 193 2376 229 Edwardo
2389 197 2424 228 fi·
2436 192 2511 224 Ann.
2526 195 2570 233 m

1247 237 1310 241 ῤ’
1364 231 1405 262 lio
1427 232 1525 263 nostro
1548 235 1621 270 prim
1660 236 1754 273 enito,
1771 233 1848 272 quod
1861 233 1928 263 nulli
1940 233 2044 263 viventi
2058 234 2088 263 in
2101 233 2211 263 mundo
2224 233 2324 302 ὠίἓὲιαε
2333 236 2422 267 War-
2454 239 2570 273 1254&

1365 271 1412 300 das
1433 271 1563 302 conferre
1581 282 1618 311 po
1642 284 1730 311 imus,
1757 272 1817 307 &c.
1837 278 1868 301 ut
1890 274 1918 301 in
1944 274 2031 300 Carta
2054 273 2086 302 de
2106 272 2143 302 28
2165 273 2241 309 Aug.
2293 273 2356 303 inde
2374 273 2422 305 hoc
2438 275 2500 301 Hm.
2516 282 2542 309 3.
2552 291 2567 314 ,Ἴ

1306 335 1310 339 .
1366 309 1438 338 modo
1446 333 1455 347 ‚

1404 346 1489 377 Istam
1508 357 1601 378 autem
1625 349 1811 380 donationem
1833 348 1867 378 &
1889 347 2116 387 conceffionem,
2135 358 2220 387 quam
2241 347 2362 380 fecimus
2373 359 2424 387 per

1369 395 1489 424 parvum
1511 386 1628 426 sigillum
1649 387 1796 424 nostrum,
1809 396 1868 426 quo
1891 387 1995 416 utimur
2014 387 2043 417 in
2061 386 2216 425 Vasconia,
2234 388 2335 418 iterato
2354 388 2427 418 feci-

1370 433 1433 453 mus
1446 446 1456 462 ,
1474 425 1662 465 innovamus,
1680 425 1864 456 concedimus
1876 447 1886 463 ,
1904 425 1938 456 &
1959 425 2198 464 irrevocabiliter,
2216 435 2425 465 quantumcun-

1369 471 1424 500 que
1446 462 1603 502 possumus,
1621 463 1786 495 ratificamus
1804 473 1852 502 per
1867 472 2000 502 magnum
2013 464 2131 500 sigillum
2145 464 2280 495 nostrum.

1408 499 1440 543 In
1458 502 1534 538 cujus
1547 503 1584 531 rei
1598 502 1791 532 testimonium
1806 501 1916 531 dictum
1929 511 2064 541 magnum
2076 501 2193 542 sigillum
2207 501 2336 535 nostrum
2349 513 2424 542 prae-

1367 537 1434 569 senti
1446 538 1541 570 Cartae
1554 539 1673 571 fecimus
1685 541 1798 580 apponi.

1728 615 1913 648 Praesentibus
1928 614 2078 656 Testibus,

1407 691 1559 723 Venerabili
1580 694 1666 724 Patre
1679 695 1760 724 Petro
1776 690 1964 733 Herefhrdenfi
1977 695 2005 722 Ε
2021 693 2117 733 iscopo,

1405 730 1540 768 Johanne
1552 729 1615 771 filio
1634 731 1771 771 Galfridi,
1789 732 1948 772 Justiciario
1961 733 2002 761 Hi
2020 736 2117 771 erniae,

1405 768 1546 808 Radulpho
1582 768 1616 799 lio
1630 769 1774 811 Nicholai,

1404 809 1520 838 Henrico
1580 809 1743 846 Wingeham
1752 832 1763 848 ,
1777 810 1811 841 &
1825 809 1890 839 aliis.

1403 881 1471 914 Dat.
1488 894 1672 928 pernminum
1685 884 1809 916 nostram
1823 885 1898 925 apud
1910 884 2057 924 Burdegal.
2073 884 2226 917 undecimo
2237 885 2284 916 die
2297 885 2420 918 Odiobr.

1363 931 1440 952 anno
1455 922 1549 962 Regni
1561 923 1650 954 nostri
1665 924 1807 954 tricesimo
1820 924 1934 955 ostavo.

1363 1045 1414 1078 De
1422 1046 1529 1092 seisina
1546 1051 1639 1095 Regni
1651 1048 1755 1081 Sicilia
1770 1052 1886 1081 nomine
1906 1051 1992 1095 Regis
2009 1052 2046 1087 ό·
2063 1048 2220 1083 Edmundi
2239 1050 2416 1096 recipienda.

1361 1130 1450 1186 RE
1460 1132 1506 1171 X,
1523 1133 1617 1164 Tutor
1630 1133 1774 1164 Edmundi
1789 1132 1880 1172 Regis
1893 1133 2012 1171 Siciliae,
2029 1133 2076 1164 filii
2088 1133 2160 1172 ejus,
2174 1134 2397 1174 Archiepiscopis
2409 1158 2420 1174 ,
2434 1131 2510 1162 Ann-
2526 1132 2570 1165 D..

1434 1172 1595 1212 Episcopis‚
1614 1173 1786 1212 Abbatibus‚
1805 1172 1962 1211 Prioribus,
1980 1171 2158 1211 ComitibuS,
2176 1172 2344 1212 Beronibus,
2362 1174 2418 1204 mi·
2454 1179 2536 1210 1254.

1360 1212 1470 1280 litibus,
1486 1212 1578 1242 liberis
1601 1212 1778 1250 hominibus,
1793 1212 1826 1243 &
1849 1212 1983 1242 omnibus
1996 1211 2051 1242 aliis
2065 1211 2101 1242 de
2115 1209 2225 1249 Regno
2239 1211 2360 1251 Siciliae,
2377 1211 2417 1242 sa-
2431 1211 2484 1237 Aa.
2506 1210 2552 1247 38·
2566 1213 2570 1217 '

1373 1258 1457 1281 utem.
2434 1252 2468 1275 H·
2492 1257 2518 1284 3-
2566 1259 2567 1262 ¹

1402 1288 1480 1320 Cum
1502 1288 1646 1320 Dominus
1664 1288 1738 1327 Papa
1759 1288 1841 1318 nobis
1861 1289 1895 1320 &
1917 1288 2056 1328 praedieto
2073 1287 2231 1319 Edmundo
2251 1289 2418 1327 praediGtum
2436 1290 2497 1314 Pat-

1362 1326 1500 1372 Regnum
1519 1327 1639 1372 Siciliae,
1657 1337 1726 1358 curn
1748 1328 1881 1370 omnibus
1901 1339 1915 1359 a
1938 1328 2064 1364 penditiis
2081 1328 2114 1358 &
2154 1329 2304 1358 ertinentiis
2321 1327 2373 1358 suis
2385 1328 2417 1357 li-
2435 1325 2532 1359 tuscan.
2557 1342 2570 1367 η

1360 1367 1487 1397 beraliter
1501 1366 1539 1396 sui
1553 1375 1638 1405 gratia
1651 1366 1816 1404 contulerit,
1830 1366 1910 1397 dicito
1917 1339 2079 1398 ffidmundo
2091 1367 2125 1397 &
2159 1366 2292 1397 aeredibus
2309 1366 2360 1397 suis
2373 1367 2418 1396 in·
2438 1362 2568 1401 37·&·38-

1360 1405 1805 1489 pessgb‘igniriggcffigissikiiwmiter
1825 1443 2010 1487 injungentes·
2032 1451 2146 1474 uatenus
2164 1441 2206 1473 H.
2229 1441 2414 1474 Ebridunensi
2433 1405 2468 1466 ἴ
2481 1410 2524 1467 ¹30--

1362 1481 1584 1520 Archiepiscopo
1599 1505 1608 1520 ,
1628 1482 1661 1513 &
1682 1480 1714 1511 P.
1738 1481 1937 1512 Heref0rdensi
1956 1482 2011 1522 Epi
2025 1491 2101 1520 copo
2113 1504 2123 1519 ,
2141 1481 2184 1511 vel
2205 1491 2306 1512 eorum
2325 1483 2419 1520 alteri,
2432 1484 2458 1514 P·
2478 1485 2506 1505 2·

1361 1522 1410 1560 qui
1431 1522 1465 1552 ad
1485 1530 1536 1550 vos
1549 1521 1693 1558 venerint,
1708 1529 1774 1550 cum
1790 1519 1985 1559 praesentibus,
2003 1522 2078 1551 circa
2109 1519 2289 1550 osseffionem
2304 1521 2337 1551 &
2350 1521 2419 1551 seisi-
2435 1525 2471 1544 m·
2491 1524 2518 1542 ²·

1364 1569 1431 1589 nam
1446 1559 1568 1598 ejusdem
1581 1558 1687 1596 Regis,
1706 1559 1824 1588 nomine
1839 1557 1937 1589 nostro
1952 1560 1985 1590 &
1998 1559 2068 1589 dieii
2113 1559 2171 1595 egis
2184 1557 2287 1589 Siciliae
2302 1558 2349 1588 filii
2364 1569 2419 1589 no-

1362 1598 1410 1628 stri
1430 1597 1633 1628 nasciscendam
1653 1597 1686 1627 &
1701 1596 1907 1635 recipiendam,
1926 1597 2098 1628 intendentes
2121 1596 2190 1634 sitis,
2208 1595 2370 1628 obedientes
2385 1598 2419 1628 &

1363 1636 1558 1676 respondentes
1579 1637 1608 1666 in
1629 1636 1778 1674 omnibus,
1791 1645 1854 1675 quae
1877 1636 1911 1666 ad
1931 1645 1982 1666 nos
2003 1636 2036 1667 &
2055 1634 2165 1666 dietum
2189 1634 2302 1674 Regem
2315 1636 2420 1666 Siciliae

1364 1676 1503 1713 pertinent
1515 1675 1543 1704 in
1560 1674 1664 1714 Regno
1677 1674 1828 1713 praediCm,
1844 1673 1939 1706 donec
1953 1674 2028 1706 aliud
2045 1684 2061 1706 a
2074 1674 2155 1705 nobis
2167 1675 2326 1714 receperitis
2339 1675 2419 1714 super

1361 1715 1418 1744 hoc
1435 1715 1461 1743 in
1476 1712 1618 1743 mandatis.

1400 1751 1434 1782 In
1449 1753 1544 1791 cujus,
1560 1752 1619 1783 &c.

1398 1828 1488 1860 Teste
1503 1828 1586 1870 Rege
1601 1829 1674 1868 apud
1689 1828 1808 1870 Burdeg.
1821 1829 1937 1861 decimo
1949 1836 2048 1870 quarto
2068 1828 2114 1859 die
2126 1827 2273 1859 Ostobris.

1363 1954 1390 1981 *ε
1400 1959 1448 1990 De
1463 1957 1588 2003 Alfonsb
1610 1959 1686 2004 Rege
1706 1955 1848 1999 Cessent,
1868 1956 2036 1989 dimittente
2052 1954 2208 1989 Edwardo
2223 1959 2419 2003 primogenito
2441 1958 2455 1975 ⁸
2466 1958 2489 1986 1.
2504 1966 2570 1995 53¹.

1536 2009 1642 2053 Regis,
1667 2005 1815 2053 quicquid
1823 2007 1906 2050 juris
1924 2003 2030 2038 habuit
2047 2007 2078 2036 in
2095 2006 2142 2038 Va
2156 2009 2250 2039 conia.

1363 2089 1461 2153 CU
1473 2089 1510 2120 M
1530 2089 1645 2130 Regalis
1666 2089 1810 2122 Celsitudo
1830 2092 1905 2121 viros
1924 2090 2006 2121 clarae
2021 2090 2179 2129 propaginis
2190 2090 2301 2129 diligere
2313 2099 2347 2120 ac
2361 2089 2416 2120 ho·
2435 2091 2513 2122 Ann.
2527 2092 2570 2123 D.

1434 2139 1533 2160 norare
1552 2138 1690 2167 teneatur,
1710 2130 1770 2159 illos
1790 2137 1884 2160 tamen
1895 2130 2036 2170 praecipue
2050 2130 2097 2167 qui
2111 2129 2161 2159 sibi
2175 2137 2208 2158 ex
2221 2128 2324 2160 consan
2345 2130 2416 2158 uini·
2456 2139 2540 2168 1254.

1358 2176 1414 2198 tate
1433 2168 1478 2198 vel
1497 2166 1631 2198 affinitate
1653 2167 1714 2198 sunt
1735 2167 1881 2206 conjunffl
1894 2190 1904 2206 ‚
1929 2167 1963 2198 δε
1985 2168 2165 2198 inveniuntur
2185 2168 2213 2198 in
2234 2168 2326 2207 benep
2337 2167 2415 2198 acitis
2431 2173 2483 2199 An.
2500 2170 2545 2207 38.

1357 2206 1408 2237 suis
1421 2207 1606 2244 promptiores
1621 2216 1628 2235 2
2436 2213 2470 2235 Η.
2494 2219 2518 2244 3.

1395 2245 1508 2276 Idcirco
1527 2255 1578 2275 nos
1597 2244 1726 2275 Alsonsus
1739 2267 1748 2283 ,
1767 2244 1823 2275 Dei
1846 2244 1933 2284 gratia
1946 2267 1956 2284 ,
1974 2244 2038 2275 Rex
2058 2244 2206 2283 Castellae,
2224 2244 2338 2283 Toleti‚
2358 2243 2414 2274 Le·
2434 2251 2473 2273 Ei·
2481 2249 2540 2274 Au·

1357 2283 1773 2353 ΞζίοηίεἪῼῐεῐιὶΙΙετίεῐῂὶὃῃίὺίΙΙπὸἒ
1784 2282 1948 2352 (slordubae,
1965 2282 2155 2352 Mp‘tfflaeffl‘
2170 2283 2268 2351 Jaihen.
2284 2283 2413 2352 inflcllitspm
2430 2292 2494 2321 togr.

1359 2332 1589 2405 Regcgnstkgssg·
1600 2330 2281 2429 primgfgrbniturgrcglliittrdrgfferriffnssiemvzingiiio
2294 2331 2419 2390 acgimr‘iis·

1361 2410 1423 2430 mus
1436 2400 1563 2437 militari,
1582 2408 1652 2429 inter
1668 2407 1785 2429 caeteros
1798 2399 1872 2428 orbis
1886 2397 2028 2436 Principes
2042 2409 2058 2429 a
2099 2398 2194 2429 &ione
2209 2399 2291 2429 multi
2311 2399 2358 2429 lici
2373 2398 2418 2428 di-

1360 2440 1474 2482 ligentes
1488 2438 1521 2469 &
1536 2436 1712 2476 affe&ante8‚
1730 2437 1852 2468 eundem
1866 2437 1956 2476 dignis
1971 2437 2074 2468 meritis
2085 2436 2241 2476 honorare,
2256 2438 2286 2475 ip
2298 2447 2346 2467 um
2360 2437 2419 2476 spe—

1360 2477 1425 2508 ciali
1438 2485 1524 2517 gratia
1536 2475 1728 2516 prosequimur
1741 2477 1775 2507 &
1787 2476 1890 2506 favore.

1397 2515 1464 2585 (Pa
1485 2523 1599 2554 propter
1621 2525 1684 2553 nos,
1703 2524 1870 2545 memoratus
1883 2514 1946 2545 Rex
1960 2513 2107 2552 Castellae,
2125 2513 2275 2553 Legionis,
2290 2513 2349 2545 &c.
2366 2522 2417 2552 per

1359 2565 1418 2596 prae
1429 2565 1477 2586 ens
1498 2554 1548 2584 scri
1569 2561 1631 2584 tum
1651 2562 1751 2584 notum
1773 2553 1831 2583 fieri
1853 2553 1985 2584 volumus
1998 2553 2128 2583 universis
2138 2552 2216 2592 quod
2231 2562 2300 2590 nOS,
2320 2551 2420 2590 praefa-

1361 2603 1423 2625 tum
1451 2592 1476 2623 E
1497 2603 1544 2623 var
1565 2601 1613 2622 um
1636 2591 1767 2632 amplcffl
1791 2591 1910 2630 quadam
1933 2590 2114 2630 praerogativi
2158 2591 2233 2622 ratiae
2254 2591 2416 2629 cupientes,
2427 2602 2453 2630 x»
2535 2614 2539 2620 .

1360 2633 1471 2670 damus,
1489 2641 1542 2671 pro
1564 2631 1645 2660 nobis
1668 2631 1701 2661 &
1720 2630 1877 2674 haeredibus
1891 2630 2006 2667 nostris,
2024 2629 2116 2659 eidem
2133 2600 2265 2660 {dvardo
2280 2630 2314 2661 &
2327 2629 2418 2660 haere·
2444 2624 2473 2647 A
2484 2604 2570 2661 ΛΨ

1360 2671 1442 2701 dibus
1465 2670 1497 2701 &
1516 2668 1715 2699 successoribus
1734 2669 1786 2698 suis
1800 2691 1809 2706 ,
1825 2668 1912 2698 libere
1933 2669 1967 2698 &
1987 2667 2128 2710 absolute,
2147 2669 2229 2698 omni
2250 2677 2319 2698 exce
2339 2669 2418 2698 tione
2461 2659 2570 2691 CUM

1361 2707 1470 2740 remota
1485 2731 1494 2746 ,
1510 2707 1643 2746 quicquid
1663 2708 1728 2743 juris
1745 2706 1878 2736 habemus
1891 2729 1901 2744 ,
1916 2706 1960 2736 vel
1981 2708 2054 2743 quali
2075 2705 2208 2735 habemus
2221 2728 2231 2743 ,
2249 2706 2294 2736 vel
2336 2707 2421 2736 abere
2453 2700 2570 2758 qul&

1361 2748 1496 2778 debemus
1514 2747 1542 2776 in
1566 2753 1625 2776 tom
1646 2744 1799 2781 Vasconia,
1814 2745 1857 2774 vel
1873 2745 1902 2774 in
1917 2752 2010 2781 parte,
2028 2742 2080 2786 vel·
2089 2744 2117 2772 in
2133 2744 2225 2781 terris,
2244 2743 2420 2782 poffeffioni-

1361 2790 1412 2819 bus
1427 2810 1436 2824 ,
1455 2784 1632 2821 hominibus,
1647 2783 1768 2821 juribus,
1789 2782 1834 2813 vel
1854 2782 1944 2821 quasi,
1963 2780 2111 2819 domimis,
2131 2782 2176 2811 vel
2193 2782 2283 2820 quasi,
2300 2781 2420 2812 adiioni-

1361 2828 1413 2857 bus
1430 2826 1462 2856 &
1477 2823 1558 2853 rebus
1573 2822 1631 2853 aliis
1644 2823 1749 2852 ratione
1762 2820 1919 2851 donationis
1932 2829 2016 2857 quam
2030 2820 2112 2855 fecit,
2130 2819 2175 2849 vel
2189 2819 2285 2850 feciffe
2298 2819 2416 2858 dicitur,

1362 2864 1507 2896 Dominus
1528 2860 1685 2899 Henricus,
1705 2859 1849 2897 quondam
1863 2858 1929 2888 Rex
1946 2858 2072 2897 Angliae‚
2090 2857 2123 2888 &
2142 2858 2272 2888 Alienora
2289 2868 2357 2888 uxor
2372 2858 2417 2889 sua

1361 2904 1503 2969 Alienplrae
1524 2899 1588 2930 filiae
1608 2899 1681 2936 suae,
1704 2899 1737 2930 &
1756 2898 1842 2928 bonae
1862 2897 2026 2935 memoriae,
2045 2895 2178 2926 Domino
2200 2895 2320 2927 Alfonso
2341 2895 2419 2936 Regi

1362 2941 1447 2973 Caste
1467 2949 1500 2969 ae.

1397 2980 1436 3011 Et
1459 2976 1593 3016 quicquid
1615 2976 1693 3014 iuris,
1712 2975 1757 3006 vel
1779 2974 1851 3013 quasi
1866 2973 1971 3004 ibidem
1985 2973 2139 3011 habemus,
2154 2972 2200 3003 vel
2212 2971 2316 3003 habere
2333 2972 2421 3004 debe-

1362 3029 1424 3050 mus
1443 3027 1492 3054 per
1509 3014 1711 3046 successionem
1734 3013 1974 3051 supradietorum
1993 3012 2037 3042 vel
2059 3021 2108 3051 per
2127 3011 2312 3042 collationem
2332 3011 2421 3056 Regis

1362 3055 1494 3092 Ricardi,
1510 3054 1554 3084 seu
1579 3053 1669 3091 Regis
1682 3051 1835 3091 johannis,
1850 3051 1894 3081 vel
1915 3061 1963 3088 per
1985 3050 2168 3080 collationem
2191 3050 2272 3080 nobis
2292 3050 2336 3080 vel
2355 3051 2416 3089 alii,

1362 3097 1439 3132 cujus
1457 3096 1497 3128 ius
1515 3093 1549 3123 ad
1571 3102 1623 3122 nos
1643 3092 1793 3129 pertineat,
1813 3090 1913 3121 fasiani
1933 3099 1948 3120 a
1969 3088 2080 3129 Regina
2100 3088 2280 3126 Berengaria‚
2297 3088 2351 3119 filia
2367 3089 2418 3119 Al-

1361 3135 1431 3166 fonsl
1445 3132 1531 3171 Regis
1545 3131 1578 3162 &
1593 3129 1713 3169 Reginae
1728 3129 1879 3159 Alienorae.

1399 3173 1437 3204 Et
1456 3179 1556 3201 omnes
1575 3168 1689 3205 Cartas,
1709 3177 1774 3205 quas
1795 3167 1929 3197 habemus
1950 3166 1978 3197 su
1999 3177 2027 3196 er
2041 3165 2100 3195 hoc
2113 3175 2128 3195 a
2140 3165 2295 3204 praedietis,
2314 3165 2357 3196 vel
2371 3165 2420 3196 ali·

1362 3213 1463 3248 quibus
1478 3218 1578 3238 eorum
1587 3229 1597 3244 ‚
1614 3207 1804 3246 promittimus
1819 3207 1894 3236 bona
1905 3205 1960 3235 fide
1974 3177 2054 3235 dieto
2068 3203 2202 3234 Edvardo
2218 3203 2359 3234 restituere
2372 3204 2418 3234 vel

1363 3251 1468 3285 delere,
1486 3247 1519 3278 &
1541 3246 1670 3276 volumus
1692 3244 1788 3281 quod,
1805 3244 1824 3274 fi
1845 3245 1967 3276 inventae
1987 3243 2107 3281 fuerint,
2125 3251 2159 3272 ex
2179 3242 2231 3272 hac
2249 3241 2318 3273 hora
2330 3243 2361 3272 in
2372 3252 2422 3273 an-

1363 3298 1424 3327 toe,
1442 3287 1494 3317 sint
1507 3294 1604 3316 vacuae
1618 3284 1651 3314 &
1668 3282 1769 3313 casfae..

1404 3363 1488 3395 Faeia
1509 3360 1593 3392 Carta
1611 3359 1682 3397 apud
1704 3358 1810 3389 Burdos
1824 3383 1833 3397 ,
1853 3358 1939 3397 Rege
1961 3360 2151 3398 exprimante‚
2175 3358 2263 3395 prima
2283 3356 2329 3387 die
2351 3357 2422 3388 No-

1364 3402 1486 3434 vembris
1506 3423 1516 3439 ,
1556 3408 1632 3430 anno
1658 3398 1778 3429 Domini
1803 3398 1950 3430 millesimo
1973 3396 2167 3428 ducentesimo
2191 3396 2420 3436 quinquagefimo

1367 3450 1475 3483 quarto.

1405 3517 1443 3547 Et
1462 3525 1515 3546 nos
1527 3538 1536 3552 ‚
1559 3514 1776 3554 praenominatus
1797 3512 1861 3544 Rex
1882 3511 2012 3543 Alfonsus
2025 3535 2034 3549 ,
2059 3521 2114 3541 una
2134 3519 2202 3541 cum
2220 3519 2307 3541 uxore
2326 3507 2420 3541 nostra

1369 3556 1479 3591 Regina
1500 3553 1625 3590 Yolana,
1645 3552 1678 3582 δε
1690 3561 1756 3581 curn
1771 3552 1824 3582 filia
1839 3551 1932 3582 nostri
1944 3551 2048 3581 infante
2064 3549 2241 3587 Berengaria,
2259 3558 2273 3578 r
2291 3557 2374 3577 “nans
2390 3549 2420 3579 in

1371 3593 1492 3625 Castella
1503 3615 1513 3630 ,
1530 3592 1638 3621 Toleto
1653 3613 1662 3628 ,
1681 3589 1807 3627 Legione
1818 3613 1828 3628 ,
1844 3589 1954 3620 Galeria
1965 3612 1975 3627 ,
1995 3586 2105 3625 sibilla,
2122 3586 2273 3624 Corduba,
2319 3587 2422 3629 'urcia‚

1368 3633 1512 3672 jahenna,
1530 3629 1704 3666 Vadallacio,
1723 3629 1820 3659 Baccia
1834 3629 1909 3659 &in
1925 3626 2068 3667 Algarbia‚
2086 3624 2225 3661 universa,
2243 3633 2305 3662 quae
2318 3633 2347 3652 in
2363 3624 2421 3655 hoc

1372 3670 1517 3709 privilegio
1537 3668 1597 3698 sunt
1619 3666 1754 3706 expressa,
1773 3667 1960 3698 concedimus
1980 3674 2033 3703 pro
2052 3664 2136 3695 nobis
2154 3663 2188 3694 &
2210 3661 2363 3692 haeredibus
2374 3673 2426 3693 no-

1374 3709 1435 3741 stris
1448 3710 1475 3738 in
1491 3715 1654 3745 perpetuum
1667 3705 1786 3736 valitura.

1414 3747 1467 3783 Et,
1486 3745 1520 3775 ad
1542 3746 1648 3782 majoris
1669 3745 1776 3774 roboris
1792 3742 1968 3780 firmitatem,
1984 3741 2042 3771 hoc
2056 3738 2228 3778 privilegium
2266 3740 2430 3770 communi.

1376 3796 1439 3819 turn
1451 3783 1548 3816 nostro
1561 3783 1646 3823 sigillo
1658 3792 1761 3821 aureo,
1781 3782 1963 3818 roboramus,
1981 3779 2042 3815 &c.
2055 3785 2087 3809 ut
2098 3780 2128 3807 in
2145 3773 2231 3806 Tabel
2259 3798 2265 3804 .
