2570 4261
205 146 281 188 152
642 107 1897 163 eoNvEN‘rioNEsiLi‘rERAE,

204 228 268 250 rum
282 213 516 249 christianorum,
534 217 602 239 curn
617 205 776 244 hujusmodi
788 206 929 243 exercitu,
946 202 1149 244 ingrediantur:
1186 200 1268 233 Tan·

206 268 268 289 tum
287 256 351 286 inde
371 253 518 285 facientes,
535 245 611 285 quod
632 246 647 275 a
667 245 735 275 Deo
754 245 925 284 promereri,
942 244 976 274 ὃς
998 243 1014 273 a
1028 242 1110 273 nobis
1121 249 1210 281 grates
1223 251 1268 271 re-·-

202 304 311 336 portare
330 289 435 329 possitis
445 285 581 327 speciales.

236 334 268 363 In
280 332 374 368 cujus,
392 328 451 358 &c

235 399 323 432 Teste
340 397 423 435 Rege
436 393 510 434 apud
524 391 687 431 Caneford,
702 391 822 431 septimo
835 389 881 421 die
892 389 1023 429 Januarii.

2278 231 2279 234 η
2387 184 2528 241 Ann.D:³*

2409 247 2494 286 1276.
2526 266 2532 279 2

2386 286 2454 314 Edv.
2474 296 2498 316 i.
2531 283 2536 288 '

51 217 130 248 Arm.
145 216 187 247 D.

73 256 157 294 1276.

52 300 119 324 ξαν.
143 304 165 321 ι.
1365 290 1420 322 De
1437 288 1646 334 conspiratione
1668 300 1771 322 contra
1788 289 1977 324 Lewelinum
1997 293 2166 339 Principmt
2184 292 2305 328 Walliae.

1303 375 1510 437 VEnerabili
1531 378 1560 407 in
1571 376 1693 422 'Chr-isto
1705 379 1825 410 Patriae
1841 378 1974 410 Domino
1988 379 2028 410 R.
2045 379 2104 415 Dei
2116 381 2221 422 gratia,
2238 381 2363 414 Cantua-
2476 412 2481 416 ,
2519 396 2521 400 ’

1311 449 1325 454 η
1389 420 1469 444 rienli
1489 415 1726 460 Archiepiicopo,
1743 428 1775 448 ac
1797 419 2002 460 totius-Angliae
2017 419 2151 459 Primati,
2165 421 2205 452 sui
2219 422 2315 453 devoti
2328 422 2360 452 fi·
2380 409 2433 435 An·
2447 416 2480 444 4·
2511 421 2515 425 ”

1299 448 1328 478 lii
1344 449 1494 492 Decanus,
1509 455 1542 484 &
1555 455 1718 499 Capitulum
1733 456 1859 496 Bangor,
1874 458 1988 487 ialutern
2001 458 2035 488 &
2049 466 2109 488 tam
2120 459 2260 500 debitam,
2273 471 2360 501 quam
2378 447 2412 490 Εἴ
2434 456 2457 495 ¹.'

1299 487 1449 533 devotam,
1468 501 1536 522 cum
1550 503 1633 523 omni
1645 495 1770 533 honore,
1788 497 1982 526 reverentiam.
2381 485 2438 513 bb·
2457 490 2494 515 A·
2530 492 2535 498 ¹

1339 527 1417 570 Qia
1438 530 1567 561 nostram
1587 532 1650 563 laedi
1672 533 1812 563 credimus
1831 533 2047 573 conscientiam,
2065 535 2084 565 fi
2099 537 2314 569 conniventibus
2329 549 2362 569 o-
2375 521 2426 559 fol.
2443 526 2508 561 385·

1301 565 1370 609 culis
1388 566 1533 607 suvgerere
1553 570 1693 601 faintatern
1707 594 1717 609 ,
1740 572 1787 602 vel
1805 573 1951 603 veritatem
1971 576 2147 614 exprimere,
2171 585 2307 616 quantum
2327 579 2356 608 iri
2378 568 2446 599 penes
2460 568 2515 592 ca·

1302 604 1384 634 nobis
1405 592 1447 636 εῗὶ
1469 608 1633 647 sineremus,
1650 619 1698 647 ea,
1713 620 1777 648 quae
1791 610 1909 650 scimus,
1925 612 1970 643 vel
1990 613 2127 652 vidimuS,
2142 614 2188 645 seu
2207 624 2224 646 a
2244 615 2300 646 fide
2320 615 2364 646 di-
2382 607 2475 628 merar.

250 534 299 566 De
325 533 456 576 treugis,
490 539 566 573 quas
591 526 777 565 Florentius,
804 524 906 554 Comes
929 519 1115 562 Hellandiae,
1140 518 1264 550 contulit

575 569 746 607 hominibus
768 570 894 616 Angliae.

51 688 129 720 Ann.
145 686 187 718 D.

76 728 159 765 1276.

50 771 104 795 Aa.
121 778 148 801 4.

51 810 82 833 Ε.
108 814 130 832 i.

50 847 83 871 L.
100 847 130 869 Β.
140 841 167 879 f.

54 881 188 915 25.b.1’e-

51 929 92 947 nes
112 922 165 946 Ca·

52 966 145 986 merar.

54 995 177 1032 *11.63.

57 1488 136 1519 Ann.
149 1487 189 1518 D.

85 1530 168 1565 1276.

57 1571 111 1595 Ati.
129 1577 157 1602 4.

59 1610 88 1632 E.
108 1615 129 1632 i.

57 1642 169 1671 -Bundela

59 1683 158 1710 Litera-

59 1729 117 1746 rum
138 1718 171 1752 (⁷3-

59 1760 191 1789 Brevinm,

58 1797 86 1824 in
100 1799 186 1824 Turri.

71 3827 189 3861 *11.64.

276 665 441 700 Ileffiffimo
460 665 586 704 Principi
601 685 611 701 ,
631 661 765 691 Domino
785 657 928 692 Edwardo
944 679 954 695 ,
979 656 1037 687 Dei
1056 655 1141 696 gratia
1154 679 1164 693 ,
1189 655 1266 694 Regi

290 708 337 739 An
357 706 401 735 liae
414 703 528 742 illustri,
543 712 577 732 ac
590 699 721 731 universis
735 698 876 736 praesentia
889 695 999 732 visuris,
1016 695 1188 733 Florentius,
1203 693 1267 724 Co-

209 757 268 778 mes
283 716 445 776 Hoffandiae
454 765 463 780 ,
477 742 608 778 salutem,
625 739 659 768 &
671 737 785 767 sincerae
797 735 953 766 dileetionis
965 733 1108 764 affectum.

239 785 356 815 Tenore
378 781 554 820 praesentium
568 778 659 808 firmas
671 784 792 813 treugaS‚
813 775 845 805 &
862 776 989 804 securum
1003 772 1181 803 conduCtum
1197 781 1268 801 con-

204 823 318 854 ferimus
337 820 468 852 universis
488 817 652 848 hominibus
673 815 706 845 &
725 813 833 852 singulis
855 821 935 842 tetrae
957 810 1055 841 vestrae
1075 811 1204 850 Angliae,
1221 819 1270 839 ve—

204 862 299 893 niendi
312 862 341 891 in
354 868 454 891 terram
468 856 591 887 nostram
600 877 610 894 ,
623 863 691 884 cum
705 853 788 882 bonis
800 850 867 885 suis‚-
889 849 1017 881 morandi
1031 850 1060 879 in
1073 859 1122 887 ea,
1141 859 1268 879 mercan-

204 901 281 931 diiias
300 899 356 930 suas
378 899 411 929 &
431 897 481 926 alia
500 894 611 934 negotia
631 892 706 921 licita
723 889 830 920 ibidem
851 891 870 909 ¹*
893 888 1052 926 exercendi,
1072 898 1104 918 ac
1117 888 1212 918 secure
1225 898 1268 917 re-

205 939 326 975 deundi,
343 949 360 968 a
373 936 418 966 die
429 934 560 971 Paschae,
579 932 711 970 proximo
724 928 841 959 instante
855 927 920 968 post
932 927 1026 957 datam
1042 927 1180 957 literarum
1196 936 1269 966 prae-

206 979 340 1014 sentium,
358 974 391 1005 ad
413 974 560 1004 biennium
577 971 689 1009 sequens
705 969 872 998 continuum
885 967 917 997 ὅ(
936 965 1129 1004 completum,
1148 975 1201 1003 pro
1216 974 1269 994 no-

205 1017 247 1046 bis
265 1017 298 1046 &
318 1013 434 1052 nostris,
449 1009 610 1042 dummodo
632 1006 730 1038 similes
743 1007 832 1037 literas
846 1003 1006 1036 condutiffis
1020 1004 1102 1035 nobis
1117 1006 1150 1036 ὃς
1168 1002 1270 1034 nostris

203 1054 362 1086 conferatis.

240 1135 352 1166 Datum
371 1131 531 1164 Dominica
545 1130 573 1160 in
587 1128 708 1166 Palmis,
723 1136 800 1157 anno
815 1124 938 1156 Domini
954 1123 1103 1154 millesimo
1115 1122 1271 1154 ducentesi-

207 1185 259 1206 mo
274 1171 473 1212 septuagesimo
488 1170 573 1200 sexto.

254 1309 362 1341 Litera
384 1307 463 1349 Papa
481 1303 646 1335 Innocentio
663 1301 764 1346 quinto
774 1295 983 1344 gratulatoria
997 1294 1088 1341 sitper
1100 1305 1221 1341 promo-

651 1352 728 1381 tione
745 1346 817 1391 fita.

210 1441 421 1507 SAncftissimo
440 1440 531 1478 Patri,
549 1450 581 1471 ac
596 1438 728 1470 Domino
740 1433 918 1474 charissimo,
937 1433 1070 1465 Domino
1083 1432 1272 1471 Innocentio,

268 1483 445 1513 iacrosanetae
466 1481 608 1511 Romame
630 1476 761 1508 Eccleiiae
775 1499 785 1514 ,
808 1474 904 1505 divina
924 1472 1099 1511 providentia
1114 1495 1124 1510 ,
1148 1472 1272 1503 Summo

210 1521 364 1560 Pontifici,
390 1519 558 1556 Edwardus,
584 1518 646 1559 Rex
668 1516 796 1554 Angliae,
821 1514 873 1544 &c
895 1512 1008 1543 humilis
1031 1513 1088 1550 ejus
1105 1513 1212 1549 servus,
1238 1509 1272 1540 ad

208 1561 356 1590 beatorum
372 1559 476 1598 pedum
490 1557 582 1588 oscula
602 1559 628 1585 ie
643 1556 790 1586 devotum.

243 1598 376 1636 Receptis
396 1607 484 1635 nuper
505 1595 660 1626 Sanetitatis
680 1592 781 1623 vestrae
795 1591 906 1626 litteris,
925 1599 959 1619 ex
973 1598 1069 1620 earum
1085 1597 1183 1620 tenore
1199 1598 1274 1626 prae-

208 1638 273 1668 sensi
288 1648 321 1667 ex
335 1647 385 1667 ore
400 1635 575 1675 Apostolicoe
589 1632 761 1669 sanctitatis,
778 1639 812 1660 ex
824 1628 897 1668 copia*
914 1629 947 1659 &
960 1628 1148 1659 habundantia
1159 1627 1272 1658 eximiae

210 1677 363 1707 dulcedinis
377 1673 515 1706 distillalse
524 1696 533 1710 ,
547 1673 617 1703 dum
636 1671 672 1702 de
684 1670 744 1700 sede
759 1667 962 1707 Magnitudiiiis
973 1666 1072 1697 vestrae
1086 1666 1121 1697 ad
1135 1676 1200 1705 me,
1221 1665 1274 1696 hu-

211 1715 310 1745 milem
332 1714 438 1752 filium,
454 1721 547 1743 atoma
570 1719 654 1741 tantae
673 1709 850 1744 devotionis,
866 1705 998 1744 perflante
1014 1716 1042 1735 os
1061 1714 1160 1735 meum
1180 1703 1275 1735 austro

211 1753 310 1783 vestrae
329 1753 520 1792 benignitatis,
536 1749 647 1779 effluxit
668 1758 704 1778 eo
724 1746 801 1787 quod
823 1747 852 1775 in
872 1745 981 1788 autibus
1004 1744 1104 1774 nostris
1116 1743 1169 1773 fuit
1184 1744 1217 1774 &
1234 1742 1275 1773 est

211 1802 268 1822 vox
284 1791 447 1823 salutationis
461 1788 655 1828 Apostolicae,
674 1796 733 1816 non
749 1785 838 1815 solum
853 1784 942 1821 mihi,
953 1782 997 1813 sed
1013 1783 1046 1813 &
1062 1782 1205 1813 universali
1220 1781 1277 1812 Ec-

212 1831 319 1870 clesiae,
338 1831 463 1870 Regibus
479 1830 513 1860 &
535 1827 643 1866 Regnis
662 1824 812 1863 omnibus,
830 1822 921 1862 gaudii
933 1823 1028 1861 magni
1042 1822 1186 1852 materiam
1201 1831 1276 1852 nun—

213 1879 319 1900 clamis.

248 1908 307 1949 lpie
327 1912 396 1937 enim
418 1907 482 1937 Rex
502 1903 634 1944 Regum,
652 1903 684 1933 &
700 1901 845 1932 Dominus
858 1895 1097 1937 Dominantium,
1115 1898 1161 1929 sua
1175 1898 1275 1936 provi-

211 1946 320 1985 dentia,
336 1956 400 1987 quae
419 1947 448 1975 in
470 1945 509 1975 sui
527 1942 702 1983 dispolitione
722 1950 781 1970 non
800 1939 919 1974 fallitur,
937 1938 988 1968 suo
1005 1937 1125 1977 pretioso
1147 1937 1276 1977 sanguine

209 1985 331 2016 {initam
351 1984 530 2015 Catholicam
550 1980 668 2013 fundans
689 1979 862 2016 Ecclesiam,
877 1987 913 2006 ne
934 1978 962 2006 in
982 1986 1014 2006 ea
1034 1976 1102 2006 fides
1120 1976 1153 2007 &
1167 1977 1274 2007 clarum

210 2025 304 2054 lumen
326 2024 490 2063 tepesceret,
516 2031 563 2052 aut
582 2018 802 2056 tenebresceret,
822 2018 970 2057 perionam
986 2013 1124 2053 vestram,
1143 2023 1275 2055 tanquam

209 2063 382 2102 lampadem,
397 2062 463 2092 oleo
475 2061 557 2091 sacrae
570 2059 708 2089 doetrinae
720 2058 753 2088 &
768 2054 987 2087 conversationis
1000 2052 1192 2092 sanffiffimae,
1210 2063 1276 2084 om-

212 2103 299 2139 nique
319 2100 462 2130 venustate
484 2098 632 2135 refertam,
651 2098 680 2126 in
701 2097 759 2134 ejus
777 2095 875 2125 lacuna
891 2092 1045 2123 sublimiori
1060 2091 1226 2130 constituit,
1245 2099 1275 2122 ut

210 2141 218 2169 i
242 2149 276 2170 ne
295 2140 399 2169 divinae
421 2138 558 2168 charitatis
577 2134 710 2173 accensa,
728 2143 788 2164 non
809 2133 911 2162 diutius
922 2131 1046 2161 lucernae
1059 2131 1138 2170 ipsius
1153 2131 1275 2169 claritas,

211 2149 261 2209 ἐὺ
283 2179 397 2208 minoris
410 2176 495 2207 statiis
508 2175 623 2213 modio,
642 2173 776 2203 celaretur
790 2171 898 2209 abdita,
914 2170 976 2208 sed,
994 2178 1025 2199 ut
1038 2169 1128 2200 luceat
1142 2170 1276 2200 omnibus

212 2217 259 2258 qui
277 2217 304 2246 in
320 2216 422 2246 Domo
437 2216 514 2252 sunt,
528 2221 681 2254 poneretur
694 2212 772 2248 super
786 2209 984 2240 candelabrum
994 2207 1135 2238 luminata.

254 2255 302 2285 De
320 2255 396 2292 cujus
419 2254 629 2289 sublimatione,
646 2259 730 2290 quam
752 2248 849 2280 feciffe
871 2247 989 2278 firmiter
1008 2246 1130 2276 creditur
1151 2245 1213 2284 ille,
1227 2246 1275 2284 qui

208 2293 278 2323 facit
298 2293 434 2323 mirabilia
457 2302 557 2332 magna
575 2291 662 2327 solus,
677 2289 697 2317 si
718 2298 776 2318 non
797 2287 899 2324 absque
918 2294 1024 2316 terrore
1038 2284 1198 2322 miremini,
1217 2294 1276 2314 non

211 2331 253 2362 est
269 2331 387 2362 mirum:
427 2331 539 2360 Tamen
555 2330 619 2367 quia
631 2338 681 2368 per
696 2327 776 2364 iplius
789 2326 932 2356 electionis
945 2323 1046 2354 vestrae
1058 2324 1172 2361 seriem,
1190 2332 1276 2362 quam

212 2371 282 2400 mihi
303 2379 359 2400 tam
379 2370 473 2400 lucide
494 2367 583 2399 vestra
603 2366 737 2397 Sanffitas
754 2365 864 2404 dignata
883 2363 924 2394 est
940 2363 1085 2400 intimare,
1103 2362 1195 2403 ipsum
1210 2360 1276 2391 Do-

211 2410 323 2439 minum
344 2410 372 2438 in
394 2409 476 2439 vobis
496 2416 603 2446 operare
620 2412 732 2444 apparet
747 2403 880 2441 lucidius,
895 2411 955 2432 non
976 2401 1135 2431 timendum
1150 2399 1274 2431 creditur

211 2448 278 2486 quin
298 2446 440 2487 perficiat,
466 2447 513 2487 qui
533 2445 570 2476 fic
591 2445 682 2481 cepit,
700 2451 753 2472 nec
775 2441 834 2479 est,
858 2441 903 2472 vel
926 2441 1041 2478 leviter,
1065 2438 1277 2478 suspicandum,

211 2487 280 2523 quin
294 2486 373 2523 operi
389 2495 526 2516 manuum
541 2483 651 2514 suarum
665 2481 809 2512 dexteram
827 2481 950 2519 porriget
965 2478 1011 2508 ille
1026 2479 1074 2519 qui
1088 2477 1230 2507 laboravit
1246 2480 1275 2506 in

210 2525 295 2555 dietae
313 2524 458 2555 elerstionis
481 2521 625 2563 processu,
643 2522 673 2551 in
696 2530 754 2557 quo
776 2519 894 2549 fratrum
913 2517 1047 2555 absentia,
1065 2516 1177 2557 satisque
1192 2516 1275 2555 longa

210 2562 339 2593 distantia
358 2562 554 2592 difficultatem
576 2571 634 2590 nori
648 2560 807 2596 modicam,
826 2557 976 2587 communi
991 2556 1141 2585 hominum
1151 2554 1277 2594 judicio,

213 2602 388 2639 minabatur3
413 2601 473 2639 ipso
493 2609 594 2631 eorum
611 2598 698 2628 corda
716 2596 868 2627 efficaciter
887 2602 1031 2634 tangente,
1059 2595 1092 2625 &
1115 2594 1211 2625 lumen
1229 2603 1277 2624 ac-

213 2639 351 2670 cendente
373 2640 510 2678 sensibus,
535 2639 583 2676 qui
603 2637 692 2674 olim,
709 2636 787 2674 super
807 2634 954 2672 discipulos
972 2634 1056 2673 igneis
1075 2632 1176 2672 linguis
1192 2641 1276 2670 appa-

213 2688 277 2708 rens
300 2679 432 2716 exterius,
453 2678 520 2708 fecit
540 2677 652 2706 interius
672 2675 759 2705 corda
777 2673 965 2709 flammantia,
981 2673 1047 2711 qui,
1066 2682 1123 2700 cum
1141 2670 1226 2710 effitis
1247 2671 1275 2699 in

214 2717 315 2747 eodem
339 2717 405 2746 loco
426 2718 526 2755 pariter
546 2714 726 2754 congregati,
744 2722 796 2742 vos
818 2721 885 2741 curn
906 2711 1035 2740 fratribus
1051 2709 1149 2739 vestris
1164 2708 1278 2746 (quibus

213 2756 241 2785 id
266 2755 349 2786 status
367 2755 476 2785 suarum
489 2755 669 2794 personarum
685 2751 807 2787 indulsit)
821 2750 950 2779 adunavit
964 2748 1147 2786 corporibus,
1162 2748 1195 2778 &
1210 2756 1279 2777 cor-

213 2794 296 2824 dibus
317 2795 461 2832 counivit,
480 2793 528 2831 ipsi
552 2791 704 2829 siquidem,
722 2798 836 2830 propter
857 2788 918 2818 haec
941 2789 974 2818 &
996 2787 1046 2817 alia
1062 2786 1198 2826 mirabilia
1216 2786 1277 2823 sua,

217 2833 396 2870 benedictio,
412 2833 445 2863 &
464 2833 586 2867 clai-itas,
611 2831 643 2860 &
658 2829 801 2868 sapientia,
819 2828 852 2857 &
873 2827 1024 2865 gratiarum
1043 2825 1119 2855 atilio
1142 2824 1277 2862 ipeci'alis,

216 2870 326 2909 honor,
341 2872 444 2909 virtus,
467 2872 499 2901 ὃς
521 2869 657 2900 fortitudo
678 2869 706 2898 in
722 2867 819 2897 saecula
831 2865 1014 2903 saeculorum,
1028 2864 1077 2900 qui
1092 2873 1143 2894 vos
1158 2862 1276 2893 Pontifi-

218 2919 282 2939 cem
293 2932 301 2946 ,
320 2919 352 2939 ex
365 2909 527 2939 hominibus
540 2907 728 2944 assumptum,
747 2904 817 2945 apud
835 2903 950 2942 Deum,
969 2913 1020 2941 pro
1033 2902 1216 2940 horninibus,
1234 2902 1277 2932 st·—

215 2948 414 3015 prgshomines
426 2947 586 2985 constituit,
606 2947 639 2977 ὅ(
655 2946 734 2984 super
746 2945 843 2984 Syon,
861 2944 963 2972 montis
976 2942 1062 2973 saneti
1074 2941 1148 2979 ejus,
1165 2941 1276 2978 apicem

212 2991 241 3017 lu
273 2988 377 3016 imavit.

252 3023 340 3061 Super
360 3034 412 3060 eo,
430 3024 582 3061 nimirum,
600 3021 678 3062 quod
700 3019 800 3051 vestrae
820 3019 975 3050 Sanctitatis
988 3019 1079 3056 lingua
1091 3016 1142 3048 suis
1156 3027 1215 3048 non
1227 3016 1275 3048 ad-

214 3062 292 3093 haesit
313 3062 437 3092 faucibus
452 3085 462 3100 ,
485 3064 550 3101 quin
574 3063 664 3099 potius
691 3061 720 3089 in
740 3060 794 3089 suae
817 3059 922 3089 laetitiae
945 3058 1084 3097 principio
1100 3056 1275 3096 Jerusolyma

213 3110 405 3168 przffponeret,
431 3110 525 3138 graves
543 3100 624 3137 iplius
643 3099 801 3129 calamitatis
819 3107 972 3135 aerumnas,
990 3106 1051 3126 non
1071 3095 1173 3135 absque
1190 3104 1275 3125 com-

213 3149 248 3178 pa
272 3140 344 3168 ionis
365 3138 481 3176 aculeis,
505 3138 617 3167 interius
639 3137 726 3167 corde
748 3136 900 3174 meditans,
918 3136 951 3166 ὅ(
972 3135 1066 3164 verbis
1082 3133 1275 3165 affectuosissi-

211 3178 264 3207 mis
280 3187 438 3245 proponens
458 3177 573 3207 exterius
585 3198 596 3214 ,
617 3175 708 3206 cordis
728 3174 921 3213 compallione
938 3173 1048 3204 afficior
1062 3195 1072 3212 ,
1097 3173 1131 3203 &
1152 3171 1273 3203 affectus

218 3225 287 3246 excu
300 3224 339 3245 to.

251 3253 330 3284 Hinc
347 3277 357 3293 ,
388 3253 509 3292 ejusdem
533 3253 634 3284 Terrae
654 3252 756 3282 saneiae
770 3275 779 3289 ,
808 3262 893 3291 quarn
916 3251 1063 3282 Dominus
1084 3248 1179 3280 noster
1197 3249 1273 3288 Jesus

215 3292 345 3322 Christus
370 3292 501 3331 sanguine
520 3292 708 3327 consecravit,
728 3291 845 3320 miserias
865 3292 898 3322 &
911 3299 1051 3320 aerumnas
1064 3288 1120 3317 una
1135 3299 1193 3317 cum
1210 3288 1277 3329 defi-

213 3331 284 3372 derio
305 3342 371 3360 vero
395 3330 496 3361 vestra:
510 3330 596 3360 bonae
609 3329 759 3359 voluntatis
772 3330 804 3360 &
819 3328 978 3359 affectionis
990 3329 1066 3359 circa
1079 3328 1273 3357 liberationem

214 3367 294 3407 ipsius
313 3377 410 3406 terrae,
430 3368 589 3407 attendens,
603 3369 741 3408 speramus
760 3367 872 3397 firmiter
885 3368 980 3405 quod,
999 3376 1068 3396 cum
1087 3375 1144 3396 tam
1162 3366 1274 3396 bonurn

213 3415 283 3449 Opus
303 3408 384 3438 vobis
405 3409 435 3438 in
459 3407 603 3438 voluntate
618 3406 666 3445 sit,
684 3416 717 3436 ex
731 3405 828 3436 divino
840 3406 979 3442 adjutorio
992 3406 1043 3435 erit
1055 3406 1087 3435 in
1099 3402 1273 3442 perfectione

208 3453 310 3475 votiva.

251 3482 296 3512 Ad
318 3483 539 3515 subveniendum
555 3492 648 3514 autem
663 3483 718 3520 illi,
736 3492 788 3522 pro
801 3491 874 3512 meae
889 3483 1026 3520 parvitatis
1040 3482 1162 3519 viribus,
1180 3480 1272 3511 vestra

214 3518 343 3561 prostc‘to
363 3523 450 3553 dulcis
469 3523 614 3560 excitatio,
641 3532 688 3552 me
711 3531 917 3559 commovens,
936 3521 1016 3551 solito
1034 3520 1152 3558 amplius
1168 3521 1274 3550 anima—

218 3565 276 3592 Vit5
296 3559 327 3589 &
348 3561 512 3591 desiderium
530 3571 644 3599 meum,
663 3562 737 3590 circa
760 3560 840 3597 ipsius
858 3559 1006 3590 subsidium
1020 3557 1166 3598 aliquando
1182 3558 1272 3588 versa-

219 3602 280 3637 tum
292 3617 300 3632 ‚
325 3606 357 3625 ex
376 3599 510 3629 mellifluis
532 3599 633 3630 vestrae
653 3599 810 3629 sanctitatis
830 3598 962 3638 eloquiis,
981 3608 1045 3636 quae
1065 3598 1135 3627 meis
1155 3597 1189 3627 δε
1208 3605 1274 3626 orn-

219 3642 299 3661 nium
318 3633 439 3665 fidelium
458 3637 582 3667 faucibus
595 3638 681 3675 quarn
695 3637 785 3667 dulcia
798 3636 874 3674 sunt,
893 3637 1088 3674 quoditianum
1103 3635 1215 3673 suscepit
1231 3635 1274 3664 in-

219 3679 411 3713 crementum,
426 3676 563 3714 maxime,
580 3686 648 3706 cum
668 3675 769 3706 vestrae
794 3674 1007 3714 superexcellens
1026 3674 1151 3714 dignatio
1166 3674 1274 3704 saneti-

220 3716 282 3738 tatis
303 3717 380 3739 tanto
403 3710 544 3743 studioiius
564 3715 703 3744 continuis
718 3714 751 3744 &
767 3712 931 3743 efficacibus
943 3714 974 3743 fit
987 3714 1136 3752 gratiarum
1151 3712 1272 3742 astioni-

219 3747 493 3790 busbprofiequenda,
512 3761 615 3788 quanto
632 3751 796 3789 Apostolica
816 3750 926 3781 Cedrus
947 3751 998 3781 alta
1019 3751 1122 3781 Libani
1132 3751 1159 3779 in
1175 3750 1270 3781 saluta-

218 3793 319 3828 tione,
343 3785 375 3814 ὃ(
395 3786 447 3816 suae
467 3788 601 3819 charitatis
620 3791 691 3820 sinus
710 3790 859 3829 apertionis
878 3800 950 3819 meae
967 3791 1107 3828 parvitatis
1126 3788 1224 3826 Ysopo
1245 3787 1272 3817 se

219 3822 354 3866 inclinans
368 3845 378 3859 ,
401 3833 432 3865 ac
454 3824 559 3867 deferre
578 3837 737 3865 proponens
755 3828 864 3865 eidem,
888 3829 907 3847 ²¹²
930 3828 963 3858 ad
987 3828 1041 3857 suae
1063 3828 1191 3863 largitatis
1209 3835 1272 3865 gre-

222 3869 317 3905 mium,
335 3870 383 3903 me
406 3870 500 3892 invitat
515 3874 671 3904 recurrere,
689 3876 748 3896 non
763 3865 863 3905 absque
876 3865 922 3903 spe
936 3858 1199 3905 promovendorum
1214 3864 1271 3893 mei

221 3907 361 3937 regiminis
375 3900 604 3931 commodorum.
1113 3916 1115 3918 -

259 3936 416 3980 ,Cui2quia
437 3936 469 3965 ad
483 3939 634 3982 ‚modicum
654 3942 789 3979 regratiari
803 3951 863 3971 non
875 3941 999 3980 sufficio,
1018 3942 1051 3971 ad
1067 3940 1150 3979 pedes
1163 3939 1273 3970 saneti-

220 3982 281 4004 tatis
297 3979 393 4013 ipiius,
410 3974 501 4004 cordis
520 3984 575 4005 mei
595 3977 727 4008 affectum
741 3980 928 4018 provolvens,
945 3979 1102 4017 hujusmodi
1117 3979 1213 4018 gratias
1229 3986 1273 4008 re-

217 4013 297 4050 fero,
315 4021 426 4052 quantas
443 4012 563 4051 possum.

1301 643 1362 680 gnis
1373 643 1546 684 didiscimus,
1568 647 1750 687 subticendo,

1317 719 1322 723 ,
1343 681 1545 727 Qamobiem
1557 685 1635 717 ducti
1650 687 1683 717 &
1699 688 1788 726 moti,
1804 687 1983 725 praesentibus
1997 689 2080 721 literis
2093 690 2195 722 vestrae
2210 691 2364 724 Paternita-

1303 726 1322 749 ti
1346 720 1548 766 significamus,
1563 725 1644 769 quod.
1655 726 1763 756 nobiles
1775 727 1828 756 viri
1842 725 1995 765 Griffinus,
2014 729 2084 759 filius
2100 730 2290 772 Wenwewyn
2327 733 2362 764 &

1307 757 1436 804 Owenus
1449 760 1518 806 sibus
1530 763 1590 806 suus
1603 765 1822 807 primogenitus,
1833 772 1900 795 tunc
1916 765 2027 797 Vassalli
2042 767 2166 799 Domini
2179 755 2316 801 Lewelin'i
2331 771 2364 800 il-

1304 795 1395 842 lustris
1415 799 1553 842 Principis
1574 801 1704 845 Walliae,
1722 802 1960 841 conspirationem
1979 807 2118 844 quandam
2133 808 2258 839 fecerunt
2292 819 2362 841 curn

1303 836 1392 887 nobili¹
1411 846 1474 867 viro
1493 839 1625 869 Domino
1648 840 1760 879 David,
1777 842 1884 881 praefati
1897 843 2034 882 Principis
2048 846 2128 876 fratre
2160 847 2228 878 sicut
2241 833 2275 878 a}
2292 856 2362 878 tunc

1303 872 1494 920 Vassailo,.ad
1511 879 1718 922 procurandam
1739 881 2013 912 exhaereditationem
2033 884 2066 914 &
2087 869 2209 916 mo'rtem
2225 885 2365 926 Principis

1306 921 1473 955 memorati,
1519 925 1583 960 rout
1605 917 1732 956 pollent,
1750 919 1899 958 praefatum
1920 920 2016 951 David
2035 922 2084 952 fibi
2102 923 2232 955 facientes
2251 924 2367 965 Capita-

1307 960 1411 994 neum,
1429 963 1461 984 ac
1474 964 1494 998 ⁰.
1516 956 1630 994 ligantes
1640 956 1666 986 se
1679 965 1781 987 mutuo
1790 958 1902 996 juvare,
1916 959 1999 998 usque
2011 960 2046 990 ad
2058 961 2143 992 dietae
2156 963 2368 1004 conspirationis

1307 993 1591 1024 coniummationem.

1347 1028 1505 1075 Praedictus
1524 1034 1607 1063 etiam
1623 1032 1735 1077 David,
1752 1034 1787 1065 ad
1801 1034 1940 1072 majorem
1956 1035 2042 1067 dieiae
2053 1038 2265 1078 conspirationis
2280 1040 2369 1072 firmi·-

1308 1075 1395 1109 tatem
1409 1092 1418 1107 ,
1450 1069 1536 1101 filiam
1556 1071 1637 1115 'suam
1667 1074 1886 1116 primogenitam
1908 1074 2027 1113 praefato
2047 1075 2163 1108 Oweno
2181 1079 2318 1110 conceffit
2336 1081 2368 1111 in

1308 1106 1451 1147 sponsam,
1461 1118 1635 1152 *promittens
1648 1110 1757 1150 eidem,
1772 1112 1840 1142 ultra
1855 1119 1999 1151 paternam
2011 1113 2200 1146 haereditatem
2236 1123 2321 1148 terras
2333 1119 2371 1149 de

1309 1144 1505 1190 Redewenig,
1529 1149 1619 1193 &de
1637 1149 1733 1189 Kery,
1751 1152 1919 1190 pertinentes
1938 1151 1973 1182 ad
1995 1160 2188 1185 tenementum
2195 1139 2269 1193 ,'seu
2287 1157 2372 1194 patri-

1306 1194 1439 1215 monium
1453 1186 1592 1226 Principis
1606 1191 1765 1219 memorati.

1345 1222 1414 1253 Post
1434 1225 1541 1270 dictam
1564 1236 1659 1257 autern
1679 1227 1933 1266 conspirationem,
1950 1229 2060 1268 praefati
2077 1229 2170 1261 David
2181 1231 2215 1262 &
2228 1231 2356 1264 Owenus

1306 1270 1353 1307 ant
1391 1273 1454 1307 uam
1466 1265 1547 1309 *dicta
1569 1275 1668 1296 eorum
1690 1267 1858 1306 conspiratio
1877 1266 1965 1298 fuerat
1999 1268 2135 1308 ublicata‚
2153 1279 2278 1302 mortem
2296 1256 2372 1310 praeff

1306 1301 1354 1346 sati
1401 1312 1521 1348 rincipis·
1541 1305 1701 1335 machinare
1719 1305 1924 1344 disposuerunt,
1942 1278 2085 1346 videlicet,
2104 1308 2184 1352 quod
2203 1309 2294 1341 dietus
2308 1310 2371 1342 Da—

1309 1340 1374 1378 vid,
1396 1350 1465 1371 curn
1484 1346 1550 1386 iuis,
1569 1352 1723 1387 moraretur
1744 1346 1773 1374 in
1791 1345 1928 1375 comitiva
1948 1346 2054 1382 praefati
2075 1346 2212 1388 Principis
2233 1348 2317 1389 usque
2335 1349 2371 1381 ad

1310 1379 1416 1425 festum
1438 1379 1643 1426 Purihcationis
1662 1383 1751 1413 boeiae
1764 1382 1904 1421 Virginis,
1921 1386 2053 1421 proximo
2067 1394 2136 1416 tunc
2151 1396 2302 1418 venturum
2335 1390 2372 1420 δε

1310 1418 1402 1449 dietus
1419 1418 1547 1450 Owenus
1560 1423 1674 1450 interim
1688 1429 1847 1460 procuraret
1863 1420 1965 1452 ducere
1978 1424 2067 1461 plures
2081 1425 2187 1462 equites
2201 1411 2321 1457 armato}
2335 1427 2372 1458 de

1311 1459 1417 1503 nocte,
1435 1458 1520 1498 usque
1542 1460 1575 1489 ad
1591 1462 1701 1499 curiam
1717 1460 1914 1497 praenominati
1926 1460 2065 1500 Principis
2098 1464 2127 1492 in
2141 1463 2221 1494 dieto
2238 1464 2373 1497 Purifica-

1311 1506 1395 1528 tionis
1413 1495 1504 1535 festo,
1523 1500 1571 1536 qui
1591 1498 1700 1528 dictum
1712 1498 1903 1542 Principem,
1925 1500 2043 1539 praefato
2062 1485 2158 1532 David
2179 1502 2313 1534 ducatum
2333 1506 2372 1536 eis

1309 1537 1471 1606 graebente,
1488 1542 1508 1566 ii
1526 1537 1606 1567 Deus
1628 1538 1805 1577 pernubilet,
1820 1539 1850 1569 in
1870 1537 1985 1569 camera
2007 1538 2054 1569 sua
2067 1540 2230 1572 invaderent
2243 1543 2278 1574 &
2290 1545 2377 1575 occi--

1331 1585 1418 1606 erent.

1346 1614 1394 1644 Set
1413 1622 1526 1655 propter
1540 1614 1675 1655 procellas
1692 1615 1726 1647 &
1740 1615 1933 1655 tempestates,
1951 1626 1984 1647 ac
1997 1617 2120 1648 nimium
2133 1617 2327 1651 inundationes
2337 1621 2372 1652 &

1311 1654 1445 1698 nebu-las,
1463 1655 1542 1695 dicto
1561 1664 1689 1693 tempore
1710 1654 1907 1695 perdurantes,
1923 1655 2014 1686 distus
2035 1655 2162 1687 Owenus
2182 1657 2216 1688 &
2237 1658 2304 1690 socii
2316 1659 2374 1698 sui,

1311 1694 1345 1738 ad
1363 1692 1474 1724 dietum
1488 1693 1572 1724 iccius
1586 1695 1802 1731 perpetrandum
1814 1695 1916 1734 parati,
1934 1695 1968 1725 &
1981 1694 2139 1727 adinvicem
2152 1695 2279 1736 adunati,
2295 1697 2374 1729 suam

1310 1734 1499 1764 intentionem
1513 1741 1571 1763 uon
1584 1741 1734 1773 potuerunt
1751 1732 1865 1763 effectui
1878 1734 2043 1770 mancipare.

1350 1772 1402 1809 Et,
1419 1780 1487 1815 cum¹
1509 1773 1566 1803 hoc
1585 1772 1619 1803 ad
1638 1771 1745 1810 praefati
1764 1771 1902 1808 Principis
1924 1773 2067 1811 notitiam,
2086 1782 2137 1811 per
2158 1773 2293 1813 quosdam
2311 1775 2375 1806 suos

1313 1810 1423 1850 fideles,
1440 1821 1487 1851 qui
1508 1812 1613 1842 dietam
1633 1810 1870 1850 conspirationem
1888 1809 1938 1840 sibi
1953 1809 2175 1851 denudaverant,
2228 1813 2359 1845 rveniss'et

1312 1852 1389 1882 idem
1406 1852 1539 1891 Princeps
1551 1861 1670 1881 evocire
1683 1850 1750 1880 fecit
1762 1849 1874 1880 dititum
1890 1848 2002 1887 David,
2020 1850 2067 1889 qui
2077 1858 2146 1881 tunc
2159 1853 2205 1882 iiia
2220 1837 2377 1884 intentione}

1313 1891 1455 1922 frustratus
1476 1891 1512 1921 ab
1531 1899 1568 1920 eo
1587 1888 1753 1927 decellerat,
1770 1896 1800 1918 ut
1821 1887 1893 1928 apud
1915 1886 2098 1919 Rodelanum
2117 1889 2151 1920 ad
2168 1890 2244 1920 diem
2265 1899 2377 1922 certum

1313 1939 1412 1961 coram
1440 1939 1476 1960 eo
1497 1937 1674 1971 compareret
1687 1950 1696 1966 ‚
1726 1928 1753 1957 se
1774 1927 1853 1967 super
1872 1926 1947 1956 dieta
1967 1926 2172 1965 conspiratione
2192 1938 2353 1968 purgaturus
2365 1953 2378 1968 ,

1311 1970 1376 2008 qui,
1395 1968 1445 2000 nisi
1463 1969 1493 1998 in
1514 1970 1611 1999 securo
1631 1966 1797 2005 conductu,
1815 1965 1906 1996 noluit
1923 1964 1957 1996 ad
1978 1965 2075 1996 locum
2090 1967 2225 1998 accedere
2235 1977 2379 2000 memora-

1312 2015 1382 2038 tum.

1352 2046 1408 2084 Et,
1425 2044 1573 2088 postquam
1592 2046 1622 2075 in
1643 2043 1789 2075 conduci-u
1809 2043 1907 2074 securo
1920 2052 2034 2074 venerat
2050 2043 2173 2082 ibidem,
2191 2045 2225 2075 &
2239 2045 2254 2075 a
2269 2044 2378 2076 Princi-

1312 2086 1354 2130 pis
1373 2085 1491 2115 consilio
1502 2084 1589 2114 fuerat
1605 2084 1779 2121 increpatus,
1798 2083 1883 2113 alium
1896 2083 1970 2112 diem
1984 2084 2141 2120 acceptavit
2153 2083 2225 2122 apud
2241 2082 2380 2115 Danvaur

1314 2135 1344 2154 in
1366 2123 1514 2161 Pendinn,
1532 2121 1566 2152 ad
1582 2121 1808 2160 respondendum
1820 2121 1924 2161 precise
1939 2121 2019 2161 super
2032 2122 2084 2153 sibi
2097 2122 2234 2159 impositis
2251 2132 2285 2152 ex
2298 2120 2380 2163 parte'

1314 2161 1454 2202 Principis
1468 2161 1627 2191 memorati.

1349 2201 1394 2232 Ad
1417 2210 1502 2239 quem
1523 2199 1616 2237 diem,
1634 2207 1688 2229 nec
1707 2197 1800 2236 venit,
1817 2207 1870 2228 nec
1891 2207 1943 2238 pro
1962 2197 1990 2228 se
2012 2196 2100 2236 misit,
2118 2198 2173 2238 set,
2193 2199 2269 2230 diem
2290 2199 2378 2231 istum

1312 2241 1480 2280 anticipans,
1499 2248 1568 2269 cum
1590 2246 1693 2268 armata
1714 2236 1829 2267 suorum
1851 2237 2045 2274 multitudine,
2063 2245 2147 2267 terras
2168 2238 2201 2268 &
2215 2247 2376 2270 tenementa

1314 2278 1358 2309 sua
1379 2279 1544 2316 delinquens
1565 2278 1594 2306 in
1613 2275 1743 2313 Walliae,
1761 2284 1893 2315 tanquam
1915 2275 2065 2317 profugus,
2080 2274 2107 2304 se
2127 2275 2264 2307 transtulit
2281 2277 2314 2307 ad
2327 2274 2379 2308 ad-'

1314 2318 1444 2348 versarios
1461 2316 1529 2346 dieti
1551 2315 1704 2352 Principis,
1722 2315 1779 2344 sine
1799 2323 1894 2352 mora,
1912 2313 2133 2352 transgressiones
2147 2316 2181 2346 &
2193 2315 2378 2355 depraedatio-

1314 2366 1362 2386 nes
1382 2366 1442 2386 non
1460 2355 1586 2385 modicas
1606 2354 1634 2382 in
1660 2353 1736 2383 terris
1757 2352 1825 2382 dicti
1840 2352 1977 2389 Principis
1992 2361 2042 2391 per
2055 2351 2114 2382 suos
2129 2353 2234 2383 faciens
2248 2354 2377 2392 postmo⁴

1313 2395 1383 2425 dum
1405 2395 1439 2425 &
1460 2402 1607 2430 exercens,
1625 2400 1725 2421 contra
1745 2390 1921 2430 fidelitatem,
1938 2391 2122 2430 homagium,
2135 2391 2168 2422 &
2185 2393 2376 2430 juramentum

1313 2434 1410 2464 venire
1425 2443 1484 2463 non
1499 2431 1659 2462 abhorrens.

1351 2471 1421 2502 Post
1444 2472 1507 2501 haec
1522 2493 1532 2509 ‚
1559 2470 1687 2508 praefatus
1705 2467 1833 2499 Owenus
1853 2469 1882 2498 in
1902 2467 2051 2499 Comitiva
2068 2467 2138 2498 dieti
2162 2467 2300 2510 Principis
2320 2471 2379 2500 exi·-

1314 2510 1402 2549 stens,
1430 2510 1554 2540 haesitans
1573 2518 1609 2538 ne
1650 2507 1813 2537 robarentur
1834 2515 1932 2537 contra
1952 2516 2037 2545 eum,
2055 2509 2241 2547 recognovit,
2256 2511 2285 2539 in
2305 2518 2377 2547 prae-

1312 2549 1396 2580 sentia
1419 2548 1542 2579 Domini
1563 2546 1617 2586 Epi
1630 2547 1696 2584 copi
1717 2545 1833 2584 Bangor.
1854 2547 1886 2577 &
1900 2545 2091 2584 quorumdam
2103 2545 2253 2586 nostrum,
2267 2548 2301 2579 &
2315 2548 2377 2579 reli-

1311 2589 1454 2627 giosorum
1473 2589 1619 2623 virorum,
1636 2594 1669 2615 ac
1690 2584 1812 2622 plurium
1831 2584 1950 2615 aliorum
1964 2583 2188 2623 fidedignorum,
2206 2595 2265 2616 non
2280 2587 2309 2617 vi
2322 2596 2378 2618 nec

1313 2636 1392 2657 metu
1412 2626 1529 2663 duetus,
1546 2624 1585 2656 set
1603 2625 1680 2655 sanus
1699 2624 1732 2654 ὅ(
1754 2623 1854 2652 mentis
1874 2623 1929 2653 suae
1949 2632 2085 2662 corripOS,
2104 2623 2243 2661 praemissa
2257 2625 2379 2656 totaliter

1313 2666 1369 2695 esse
1385 2675 1468 2702 vera,
1485 2664 1606 2694 adiciens
1620 2662 1726 2703 dietam
1741 2660 1974 2703 conspirationem
2005 2663 2073 2691 coni
2092 2663 2239 2701 irationes,
2254 2664 2288 2694 &
2299 2664 2375 2694 obli-

1313 2705 1437 2742 gationes
1454 2712 1572 2741 omnes,
1590 2703 1662 2731 inter
1676 2701 1747 2737 ipios
1760 2701 1854 2737 initas,
1872 2700 1905 2729 &
1920 2701 1948 2729 in
1992 2700 2053 2728 artis
2098 2709 2127 2729 re
2142 2700 2282 2738 redaCtas,
2301 2701 2373 2740 rigil-

1313 2743 1345 2772 lis
1364 2741 1587 2779 conspiratorum
1606 2739 1728 2778 signatis,
1748 2746 1814 2775 quas
1834 2746 1923 2767 mater
1943 2739 1986 2767 sua
2006 2736 2099 2766 secum
2121 2738 2150 2767 in
2169 2739 2289 2775 quadam
2305 2739 2375 2770 cista

1313 2780 1358 2811 sua
1374 2779 1555 2811 conservabat
1568 2782 1642 2815 apud
1657 2775 1790 2817 Castrum
1804 2775 1839 2805 de
1852 2774 1920 2805 Pola
1937 2784 1943 2804 :
1960 2775 2025 2815 qui,
2042 2773 2106 2814 post
2117 2776 2235 2815 plurima
2248 2777 2377 2815 principi

1314 2829 1364 2857 per
1390 2819 1521 2849 ordinem
1539 2815 1651 2846 fuiffent
1669 2815 1788 2852 expolita
1800 2835 1810 2851 ,
1836 2814 1991 2854 proborum
2011 2813 2126 2844 consilio
2148 2813 2246 2845 duetus
2263 2838 2273 2854 ,
2299 2817 2374 2847 milit

1316 2860 1440 2898 quinque
1458 2857 1534 2886 viros
1546 2854 1669 2892 nobiles,
1688 2853 1721 2883 &
1735 2850 1830 2881 fideles
1843 2854 1904 2882 iuos
1918 2851 2052 2882 Nuncios
2067 2851 2101 2881 ad
2114 2852 2261 2892 praefatum
2272 2853 2375 2884 Griffi-

1314 2907 1401 2935 num,
1416 2895 1463 2936 qui
1481 2894 1592 2924 dictum
1613 2893 1709 2929 suum,
1727 2891 1856 2934 suorum,
1880 2891 1913 2921 &
1934 2890 2109 2928 complicum
2130 2893 2323 2932 propositum,
2339 2893 2375 2924 ὃς

1311 2935 1560 2975 conspirationem,
1577 2942 1609 2963 ac
1624 2931 1805 2972 obligationes
1820 2929 1870 2958 sibi
1884 2928 2069 2967 declarerant,
2082 2929 2116 2959 ὃ(
2131 2939 2164 2960 ex
2205 2940 2320 2970 nerent,
2337 2941 2372 2963 ac

1315 2974 1480 3006 inducerent
1499 2971 1621 3002 eundern
1635 2968 1814 3000 amicabiliter
1826 2975 1856 2997 ut
1866 2966 1893 2998 se
1908 2967 2040 2998 Domino
2053 2968 2073 2987 ²¹*
2089 2967 2140 2998 suo
2179 2970 2279 3009 rincipi
2290 2970 2372 3009 super

1314 3012 1458 3055 praemissis
1477 3009 1689 3047 reconciliaret,
1713 3005 1873 3044 purgandO,
1897 3007 1942 3037 vel
1963 3006 2040 3037 aliter
2059 3006 2278 3040 misericordiam
2298 3010 2375 3041 obti-

1313 3052 1425 3090 nendo,
1441 3050 1461 3081 si
1471 3050 1582 3080 dietum
1595 3048 1700 3078 facinus
1711 3052 1922 3083 perpetraverat.

1354 3090 1414 3130 Qii
1422 3111 1433 3128 ,
1447 3098 1515 3119 cum
1536 3088 1646 3118 dietum
1661 3083 1820 3115 Griffinurn
1836 3084 1865 3113 in
1879 3082 1981 3114 Castro
1993 3084 2043 3114 suo
2057 3083 2094 3114 de
2109 3084 2178 3115 Pola
2192 3086 2372 3127 reperiflent,

1314 3130 1362 3161 sibi
1386 3139 1406 3159 n
1439 3128 1531 3158 otium
1555 3126 1634 3156 suum
1653 3123 1874 3160 declaraverunt,
1892 3132 1943 3161 ac,
1958 3133 1994 3153 eo
2015 3122 2167 3162 declarato,
2183 3124 2217 3155 ad
2239 3134 2371 3165 magnam

1311 3170 1368 3208 ejus
1387 3169 1428 3198 ini
1457 3166 1543 3195 ntiam
1565 3165 1599 3195 &
1621 3170 1767 3202 rogatum,
1783 3170 1853 3204 ¹curn
1866 3161 1925 3201 ipso
1937 3161 2136 3200 pernoctarunt
2149 3163 2177 3192 in
2194 3162 2298 3194 Castro
2310 3164 2376 3194 τηε-4

1312 3214 1438 3245 morato,
1455 3203 1535 3234 dieto
1554 3202 1690 3243 Griffino·
1697 3207 1877 3243 promittente
1892 3202 1946 3238 eis,
1966 3210 2018 3238 pro
2030 3208 2125 3240 certo,
2143 3201 2219 3241 quod
2231 3203 2261 3232 in
2274 3202 2372 3233 crasti-

1311 3256 1351 3276 no
1370 3245 1470 3281 vellet,
1485 3253 1539 3272 una
1559 3251 1626 3272 curn
1644 3241 1651 3269 i
1676 3243 1718 3277 lis,
1738 3247 1974 3275 praenominatum
1994 3238 2067 3269 adire
2087 3238 2266 3280 Principem,
2284 3242 2313 3271 in
2329 3251 2372 3271 re-

1311 3283 1469 3350 motissisilriis
1486 3281 1607 3318 partibus
1665 3279 1734 3308 alliae
1745 3285 1812 3306 tunc
1827 3286 1974 3317 agentem,
1992 3285 2024 3308 ut
2035 3277 2061 3308 se
2075 3286 2202 3318 purgaret
2213 3280 2321 3319 penitus
2334 3279 2376 3311 de'

1331 3331 1410 3352 raemi
1434 3331 1463 3351 is.
2358 3329 2360 3331 ’

1311 3333 1330 3362 P
1347 3360 1385 3391 Et
1398 3369 1485 3397 cum,
1503 3358 1560 3396 ejus
1573 3355 1747 3394 promissioni
1762 3356 1923 3393 credentes,
1941 3354 2046 3385 ibidem
2057 3355 2279 3396 pernoffltassent,
2292 3355 2371 3388 idem

1312 3398 1468 3436 Griffinus,
1485 3395 1572 3426 salutis
1592 3395 1646 3438 suae
1659 3395 1830 3433 immernor,
1847 3394 2006 3433 propriique
2016 3394 2162 3431 juramenti
2176 3394 2370 3435 transgressbr,

1310 3440 1346 3470 ab
1360 3437 1510 3476 homagio,
1521 3435 1555 3466 &
1571 3433 1700 3463 fidelitate
1716 3434 1854 3471 saepedicti
1871 3433 1993 3463 Domini
2009 3432 2206 3471 discedens,ac
2218 3433 2253 3464 de
2267 3432 2369 3464 occul-

1309 3486 1341 3508 to
1361 3476 1491 3507 traditore
1511 3474 1539 3503 se
1556 3472 1659 3502 faciens
1677 3471 1874 3510 manifestum,
1893 3471 2025 3502 feloniam
2038 3471 2140 3502 addens
2152 3472 2263 3505 feloniae
2292 3471 2366 3502 frau-

1308 3516 1375 3546 dem
1396 3525 1430 3546 ue
1442 3512 1531 3544 fraudi
1544 3510 1731 3554 conneciens,
1746 3511 1896 3550 praedidtos
1908 3510 2033 3549 quinque
2045 3510 2122 3541 viros
2134 3510 2242 3540 nobiles
2250 3494 2370 3549 ‚’Nun-f

1309 3555 1368 3585 cios
1417 3552 1546 3589 rincipis,
1561 3559 1590 3592 in
1609 3549 1732 3579 obicuro
1744 3549 1922 3592 distringens,
1937 3548 2076 3587 ergastulo
2087 3548 2150 3578 diro
2162 3546 2363 3578 castrivmanci-

1309 3593 1385 3630 pavit
1399 3615 1409 3630 ,
1439 3601 1473 3621 ac
1493 3587 1663 3627 praedietum
1684 3588 1816 3618 Castrum
1837 3592 1916 3618 iuum
1936 3588 1999 3617 viris
2015 3587 2151 3616 bellicosis
2169 3586 2231 3626 plus
2247 3592 2362 3616 centum

1310 3631 1445 3667 munivit,
1463 3638 1496 3658 ac
1509 3627 1606 3663 armis,
1625 3627 1658 3657 &
1674 3627 1852 3664 vistualibus,
1865 3627 1919 3656 una
1931 3634 2001 3655 curn
2015 3626 2135 3663 caeteris,
2151 3634 2214 3662 quae
2227 3625 2260 3655 ad
2274 3621 2365 3653 Castri

1309 3669 1498 3699 munitionem
1517 3666 1550 3695 &
1571 3664 1761 3695 defensionem
1782 3666 1939 3705 pertinent,
1964 3663 2118 3701 ordinavit,
2137 3672 2241 3703 guerrae
2262 3661 2367 3691 vexillis

1308 3709 1338 3738 in
1358 3706 1457 3742 maiori
1477 3713 1550 3734 turre
1569 3703 1680 3742 levatis,
1698 3704 1885 3744 domibusque
1898 3703 1933 3733 de
1944 3702 2009 3732 fotis
2023 3702 2172 3733 astantibus
2187 3701 2364 3737 circumqua-

1306 3755 1362 3786 que
1381 3742 1552 3780 combustis,
1569 3741 1636 3772 sicut
1659 3745 1744 3773 moris
1761 3743 1802 3773 est
1815 3742 2017 3781 guerrantium,
2033 3741 2087 3772 &i
2110 3740 2194 3769 semet
2206 3736 2363 3776 Griffinus,

1307 3793 1377 3815 cum
1398 3791 1502 3819 uxore,
1522 3781 1555 3811 &
1579 3781 1686 3820 liberis,
1704 3793 1736 3813 ac
1756 3782 1860 3820 reliqua
1871 3788 1948 3819 parte
1961 3779 2015 3809 suae
2028 3779 2094 3810 fami
2108 3779 2154 3813 'ae,
2172 3777 2205 3806 &
2219 3776 2300 3818 bonis
2314 3776 2365 3806 suis

1308 3823 1344 3853 de
1358 3821 1443 3851 noste
1458 3820 1484 3850 se
1498 3819 1649 3858 transtulit,
1666 3829 1699 3851 ut
1711 3821 1860 3861 profugus,
1877 3818 1912 3849 ad
1927 3817 2090 3848 adversarios
2103 3814 2238 3852 Principis
2252 3823 2365 3844 memo-

1308 3861 1375 3896 rati,
1394 3859 1515 3898 rapinas,
1531 3858 1618 3896 furta,
1636 3859 1870 3897 depraedationes,
1885 3857 2036 3886 hominum
2048 3863 2083 3892 vca
2103 3853 2208 3890 tiones,
2226 3853 2365 3892 incendia,

1310 3899 1344 3929 &
1358 3897 1528 3934 homicidia,
1542 3906 1590 3935 per
1603 3897 1664 3928 suos
1676 3900 1706 3928 in
1718 3898 1793 3928 terris
1806 3896 1876 3926 dieti
1892 3893 2026 3931 Principis
2041 3893 2090 3929 poi
2105 3890 2223 3920 modum
2231 3913 2241 3929 ,
2259 3892 2288 3922 in
2303 3893 2364 3923 aiii-v

1312 3946 1369 3966 mae
1384 3935 1439 3966 suae
1450 3935 1666 3975 detrimentum,
1684 3937 1782 3976 saepius
1794 3933 1914 3970 faciens,
1932 3932 1966 3961 &
1980 3938 2109 3960 exercens
2122 3938 2129 3957 ἰ

1349 3973 1387 4004 Et
1395 3997 1405 4012 ,
1422 3973 1489 4004 licet
1523 3973 1651 4004 raedictus
1663 3974 1797 4010 Princeps
1807 3982 1857 4009 per
1869 3968 2005 4011 religiosos
2017 3968 2107 4003 viros,
2124 3965 2287 3997 Dominum
2301 3967 2362 3998 Ab·

1310 4013 1405 4044 batem
1424 4012 1460 4044 de
1515 4022 1608 4052 emer,
1625 4014 1659 4044 &
1679 4011 1800 4050 ejusdem
1818 4009 1875 4040 loci
1897 4006 2025 4038 Priorem
2045 4004 2227 4037 Cistertiensis
2240 4005 2364 4075 prdinis,

2268 4052 2371 4084 angor„

2377 642 2497 668 scaccar.
2529 637 2534 649 ³

2393 2972 2498 3009 ·11.65
2516 2952 2522 2959 ἣ
