2570 4261
256 158 338 207 146

133 281 220 311 ¹275·
261 278 384 310 fectuose
399 276 563 313 requirimus
573 275 607 304 &
623 282 777 312 rogamus„
788 283 915 315 quatinus
929 283 961 309 ea
972 274 1069 304 omnia
1080 275 1142 312 jura
1153 272 1236 307 nobis
1249 280 1321 301 con-

109 313 176 340 xlv.
189 321 212 339 ¹·
259 317 364 347 servare
385 314 473 356 velitis
492 311 590 349 illaesa,
608 320 640 341 ac
661 318 840 343 manutenere
860 312 894 343 &
918 321 1063 356 protegere
1082 310 1249 356 eo'modo,
1265 318 1324 348 quo

108 351 228 387 ‘'fl-47·
260 355 350 385 vesti-a
371 355 532 384 conservare
555 351 590 381 &
609 349 759 381 defendere
779 359 878 382 mutua
897 360 963 381 vice
983 349 1176 381 Vlciffitudims
1193 358 1245 379 nos
1264 347 1324 378 vel-

258 393 393 460 let'XSJ‘aIeat
405 429 435 458 in
447 427 583 468 prosperis
594 424 772 458 Excellentia
784 426 874 458 vestra
887 436 936 465 per
951 435 1079 465 tempora
1093 425 1229 466 longiora.

294 508 382 540 Teste
401 508 508 549 meipso
523 507 598 548 apud
614 506 741 539 Westm.
765 517 792 548 5.
811 506 856 538 die
873 506 965 546 Maii,
984 517 1060 538 anno
1079 504 1175 545 Regni
1190 502 1279 537 nostri
1299 509 1326 541 3.

259 645 369 677 Litera
393 641 543 689 Alphonffi
569 645 777 676 Romanorum
805 644 879 688 Regi
897 641 932 674 de
951 640 1129 685 adjuvando
1146 640 1241 687 ipficm
1259 652 1330 674 con.

320 702 373 724 tra
393 690 583 738 Radolphum
601 689 638 723 de
654 690 821 723 Alemania
834 716 844 732 ‚
872 693 1015 724 Comitem
1031 689 1068 722 de
1088 687 1264 737 Hapsburg,

108 788 188 819 Ὰῃῃ,
205 786 246 818 1),
265 779 476 841 SEreniffimo
497 776 777 825 Principi‘hSororio
797 779 831 809 &
844 778 939 808 amico
952 777 1001 822 suo
1017 777 1177 818 kariffimo,
1194 778 1329 811 Domino

325 820 360 850 Al
383 819 487 857 honio,
506 818 564 849 Dei
576 827 677 858 gratia,
695 816 901 848 Romanorum
919 816 993 856 Regi
1007 817 1116 854 semper
1133 817 1276 861 Augusto,
1295 819 1328 850 &

108 835 216 902 ‘'1125735·
262 857 357 889 Castel
367 867 410 896 ae,
427 857 550 895 Tolleti,
633 856 719 893 onis,
737 854 910 891 Cordubiae,
927 855 1050 893 Sibillae,
1066 855 1206 895 Murciae,
1218 856 1330 888 Guien-

108 907 140 931 Σ.
161 913 185 930 ι.
263 907 329 928 nuae
347 897 381 928 &
402 895 544 935 Algarbiae
560 896 635 934 Regi
655 893 853 931 illustrissimo,
872 892 1022 924 Edwardus
1037 893 1136 924 eadem
1147 895 1248 935 gratia,
1266 897 1328 928 &c.

109 945 151 969 Ex
159 945 228 968 Bun-
262 936 394 973 salutem,
411 944 480 965 cum
495 934 639 965 faelicitans
653 934 686 964 &
697 933 796 973 glori-ze
809 933 994 962 incremento.

110 979 173 1006 dello
185 981 212 1007 in
299 974 456 1005 Serenitatis
472 972 573 1003 vestrae
594 973 694 1003 litteras
714 972 871 1008 recepimus
883 993 892 1008 ,
911 980 995 1010 prout
1009 970 1122 1010 decuit,
1139 971 1326 1012 honoranter,

109 1017 195 1046 Turri.
264 1013 320 1044 &i
342 1012 430 1043 sarum
448 1020 578 1042 tenorem
591 1034 601 1050 ,
618 1021 653 1041 ac
672 1020 720 1046 ea,
759 1019 804 1040 uae
824 1010 907 1039 nobis
922 1009 1035 1040 Nuncii
1053 1009 1160 1049 vestri,
1176 1010 1273 1041 Petrus
1290 1011 1327 1042 de

263 1051 308 1082 Ca
335 1051 389 1090 ello
411 1049 495 1080 Miles
512 1073 522 1089 ,
539 1051 573 1082 &
592 1049 684 1089 Jtidex
706 1047 750 1078 Ve
761 1048 835 1082 ascus
847 1047 970 1086 Velasci,
987 1057 1022 1078 ex
1034 1057 1110 1089 parte
1124 1047 1215 1079 vestra
1228 1050 1328 1081 retule-

258 1099 340 1129 runt,
357 1089 515 1120 audivimus
527 1089 561 1119 &
576 1088 759 1119 intelleximus
769 1087 922 1125 diligenter.

294 1128 342 1159 Ad
364 1137 487 1167 quorum
507 1128 626 1159 alterum
647 1125 870 1165 Magnificentiae
888 1125 989 1155 vestrae
1002 1125 1091 1156 taliter
1110 1124 1326 1167 respondemus3

276 1166 334 1197 uod
355 1166 440 1206 parati
459 1165 551 1199 sumus
569 1176 637 1201 vos,
654 1173 787 1203 tanquam
807 1163 945 1194 sororium
968 1163 1097 1194 nostrum
1112 1187 1122 1203 ‚
1141 1165 1175 1195 &
1190 1172 1323 1206 tanquam

255 1175 371 1236 {fatrem
392 1203 521 1235 nostrum
542 1204 683 1236 carnalem
703 1202 877 1233 kariffimum
892 1225 901 1240 ,
917 1204 946 1232 in
961 1201 1038 1233 facto
1053 1201 1180 1233 Romani
1192 1203 1323 1244 Imperii,

256 1253 359 1275 contra
380 1242 530 1273 Comitem
550 1242 736 1283 Radolphum
754 1241 789 1271 de
813 1241 966 1276 ⁴Alemania
981 1263 991 1279 ‚
1021 1241 1090 1271 sicut
1111 1249 1220 1272 tantum
1242 1242 1325 1275 decet

260 1282 427 1320 Principem
439 1281 585 1320 adjuvare,
603 1291 636 1311 ac
651 1280 741 1316 adesse
755 1280 837 1310 vobis
853 1280 881 1309 in
895 1280 1027 1309 omnibus
1040 1280 1158 1310 consilio
1174 1281 1206 1310 &
1220 1282 1324 1313 auxilio

255 1322 404 1360 oportunis
419 1343 429 1358 ,
445 1328 542 1357 utpote
562 1321 609 1359 qui
630 1319 774 1357 personam
795 1317 915 1347 vestram
928 1327 999 1355 puro
1013 1318 1100 1348 corde
1112 1318 1271 1358 diligimus,
1288 1321 1322 1352 &

255 1360 372 1390 honoris
392 1357 477 1398 vestri
496 1357 604 1399 semper
623 1358 779 1398 appetimus
798 1357 972 1387 incrementa
992 1379 1002 1395 ‚
1026 1366 1059 1387 ac
1080 1355 1170 1388 vestra
1190 1359 1320 1398 negotia,

256 1398 368 1440 propria
381 1405 551 1436 reputamus:

292 1436 379 1466 Salvis
406 1442 500 1465 tamen
519 1435 671 1465 reverentia
689 1435 723 1466 &
744 1434 856 1464 honore
896 1433 997 1472 quibus
1021 1432 1113 1463 sumus
1133 1433 1323 1467 SacrosanCtae

257 1473 402 1505 Roman-„e
425 1472 558 1504 Eccleiiae
582 1475 591 1511 (
600 1484 664 1513 quae
677 1495 686 1510 ,
706 1482 845 1503 annuente
860 1456 991 1505 homino
1006 1495 1016 1510 ,
1036 1480 1124 1502 mater
1137 1471 1179 1502 est
1191 1475 1323 1506 omnium

255 1513 289 1544 &
306 1511 434 1551 magistra
453 1511 578 1542 fidelium
594 1535 603 1551 ,
622 1513 656 1543 &
671 1522 757 1550 quam
773 1510 918 1541 offendere
941 1511 986 1540 vel
999 1510 1155 1550 exasperare
1169 1522 1222 1542 nec
1239 1514 1322 1544 volu-

255 1561 334 1590 mus,
353 1560 406 1581 nec
419 1550 570 1587 debemus)
590 1561 638 1590 per
652 1550 832 1590 Religionem
850 1548 1065 1580 Christianitatis
1078 1548 1189 1580 astriffi.

293 1590 339 1620 Ad
356 1590 493 1629 reliquum
514 1598 585 1620 vero
598 1590 654 1619 hoc
674 1589 766 1619 modo
778 1588 907 1618 duximus
922 1588 1163 1627 respondendum,
1177 1588 1253 1629 quod
1262 1613 1271 1628 ,
1285 1591 1324 1621 se-

256 1628 385 1658 cundum
397 1628 563 1658 eorumdem
578 1627 765 1658 Nunciorum
786 1626 945 1657 vestrorum
961 1626 1194 1667 explicationem,
1209 1628 1322 1660 summo

257 1666 391 1698 Pontifici
405 1690 414 1706 ,
432 1677 465 1698 ac
487 1667 623 1697 Dominis
635 1665 827 1696 Cardinalibus
842 1663 1007 1702 affe&u0se,
1026 1675 1075 1703 per
1089 1665 1193 1696 nostras
1207 1667 1324 1707 litteras,

258 1706 463 1745 supplicamus,
481 1714 511 1736 ut
529 1705 573 1744 jus
593 1704 717 1735 vestrum
735 1727 744 1742 ,
769 1704 848 1742 quod
868 1705 897 1733 in
918 1703 1056 1734 Romano
1078 1703 1203 1742 Imperio
1224 1705 1326 1738 habere

256 1746 422 1784 noscimini,
441 1745 525 1775 vobis
539 1744 705 1780 conservent
719 1743 850 1780 illaesum,
869 1742 901 1773 δε
914 1742 993 1782 super
1010 1753 1047 1772 eo
1063 1744 1144 1773 vobis
1158 1753 1227 1774 cum
1240 1747 1325 1785 gratia

256 1784 290 1852 81(
303 1782 398 1814 favore
412 1783 544 1822 reddant,
561 1781 724 1813 nostrornm
739 1783 897 1813 interventu
909 1782 1085 1821 rogaminum
1094 1804 1104 1820 ,
1118 1781 1226 1820 justitiae
1240 1793 1325 1815 com-

287 1830 442 1853 emeritum.

257 1831 276 1863 p
296 1861 357 1891 Vos
379 1862 458 1900 igitur
474 1884 485 1899 ,
498 1860 634 1899 Princeps
653 1860 763 1899 egregie
777 1882 788 1898 ,
803 1867 862 1889 tam
881 1858 960 1896 super
974 1858 1039 1896 hiis,
1057 1859 1142 1897 quam
1155 1858 1233 1899 super
1251 1861 1326 1900 aliis,

259 1909 325 1938 quae
346 1900 487 1930 honorem
507 1899 630 1930 vestrum
647 1899 809 1939 respiciant,
827 1907 879 1927 nos
894 1907 961 1927 cum
983 1897 1153 1928 confidentia
1166 1899 1324 1938 requiraris,

258 1939 343 1976 parati
356 1940 432 1968 enim
445 1938 553 1976 sumus,
574 1940 602 1968 in
613 1947 750 1978 quantum
764 1946 832 1967 cum
847 1936 956 1966 honore
967 1935 1101 1967 Ecclesiae
1113 1938 1207 1967 matris
1220 1937 1325 1968 nostrae

255 1978 410 2016 poterimus
450 1977 494 2007 illa
515 1976 624 2014 semper
642 1985 773 2015 peragere
788 1998 799 2014 ,
814 1984 879 2013 quae
901 1973 1000 2005 vestris
1015 1985 1065 2016 per
1081 1974 1218 2006 effectum
1236 1977 1327 2017 operis

258 2016 378 2046 debeant
391 1999 537 2046 affeetibus
550 2016 737 2053 complacere.
1038 2027 1041 2031 >

296 2054 391 2085 Valeat
405 2054 572 2084 Excellentia
585 2054 676 2085 vestra
689 2055 718 2084 in
732 2051 865 2092 prosperis
878 2061 927 2092 per
940 2060 1067 2090 tempora
1077 2052 1212 2092 longiora.

292 2133 380 2164 Teste
395 2134 501 2174 meipso
514 2134 587 2174 apud
601 2133 726 2165 Westm.
740 2141 767 2173 5.
781 2132 826 2164 die
842 2130 1017 2172 Maii,ann0
1030 2132 1126 2173 Regni
1139 2132 1227 2164 nostri
1234 2134 1325 2165 tertio.

315 2265 426 2310 Bulla,
451 2266 487 2300 de
505 2250 769 2300 Archidiaconatu
788 2277 834 2357 c?
850 2262 1027 2308 Pmbenda,
1053 2266 1186 2298 Antonio
1209 2264 1280 2308 Bek,

719 2325 853 2361 provin.

113 2407 189 2439 Arm.
203 2401 245 2438 D.
265 2403 329 2466 G
338 2403 480 2449 Regorius
493 2402 664 2449 Episcopus,
683 2404 773 2434 servus
786 2403 928 2449 servorum
941 2404 1017 2442 Dei,
1030 2403 1134 2436 dile&o
1149 2404 1220 2435 Filio
1233 2403 1327 2448 Anto-

135 2455 219 2483 ¹²⁷5·
262 2442 943 2513 ciesi30025¹ffiznffih¹edi2²fifiss⁰pffl?¹ffgffii¹¹¹
962 2443 1326 2522 EffkfifiQiEfflffiZfin’

264 2520 371 2558 lustris,
388 2520 501 2552 salutem
514 2521 548 2551 &
562 2520 757 2561 Apostolicam
771 2520 1012 2551 benedifflonem.

300 2558 444 2590 Placentes
455 2559 617 2590 Honestatis
633 2560 665 2590 δε
677 2559 808 2590 Scientiae
822 2559 906 2590 titulis
921 2560 1007 2599 digne
1019 2558 1213 2599 prosequimur
1226 2557 1324 2590 favore

298 2599 361 2628 atiae
375 2597 512 2637 specialis,
532 2607 579 2636 ut,
595 2598 664 2629 dum
680 2600 775 2629 votiva
790 2599 970 2642 perceptione
984 2599 1129 2628 bonorum
1140 2597 1327 2637 perspexerint

259 2607 296 2705 ξεττ
305 2636 452 2679 ffecundos
467 2660 477 2675 ,
500 2637 607 2668 virtutis
626 2636 782 2675 adjectione
800 2636 937 2667 continua
957 2636 983 2666 se
1001 2635 1115 2666 reddere
1127 2635 1264 2675 gauth
1281 2637 1326 2666 in-

273 2687 279 2705 ]
301 2683 381 2705 nltos.

267 2683 378 2748 „gCum
399 2714 481 2753 igitur
499 2712 719 2746 dilectuertilius
739 2712 883 2744 Gerardus
907 2712 943 2753 de
964 2711 1127 2742 Grandison
1156 2711 1200 2742 Ca
1237 2712 1325 2750 llanus

256 2751 375 2791 noster,
392 2752 536 2790 quondam
557 2751 781 2782 Archidiaconus
801 2751 978 2782 Dorsetiaein
991 2750 1117 2781 Ecclesia
1126 2750 1198 2781 Saris
1220 2751 1322 2781 utiensi

258 2791 530 2821 Archidiaconatum
543 2790 698 2829 Dorsetiae,
716 2800 801 2829 quem
817 2799 884 2821 tunc
900 2790 1064 2827 obtinebat,
1079 2789 1166 2819 libere
1179 2791 1208 2820 in
1227 2789 1324 2820 nostra

258 2828 347 2859 Curia
356 2829 464 2860 duxerit
477 2829 690 2871 resignandum,
709 2839 757 2867 per
771 2829 829 2859 hoc
845 2828 1098 2860 Archidiaconatus
1113 2827 1169 2867 ipse
1191 2827 1276 2868 plene
1295 2829 1327 2859 in

258 2867 356 2898 nostra
369 2868 546 2908 dispositione
560 2867 706 2898 consistat:

298 2906 365 2936 Nos
378 2931 386 2944 ,
411 2906 582 2937 attendentes
603 2906 777 2936 honestatem
799 2915 934 2944 morum,
953 2906 1106 2937 litterarum
1125 2905 1267 2936 scientiam
1292 2905 1327 2936 &

260 2943 311 2973 alia
322 2945 472 2983 virtutum,
492 2946 590 2975 merita
601 2969 610 2984 ,
627 2946 727 2984 quibus
738 2946 829 2982 juvari
844 2945 942 2975 diceris
958 2967 968 2983 ,
983 2955 1017 2975 ac
1030 2945 1155 2975 volentes
1168 2953 1196 2974 te
1210 2952 1326 2983 propter

261 2981 319 3012 hoc
339 2982 446 3022 speciali
468 2984 605 3028 prosequi·
619 2984 707 3023 gratia
723 2984 756 3014 &
777 2983 875 3027 favore
889 3008 898 3022 ‚
917 2983 1190 3028 Archi-diaconatum
1225 2982 1326 3013 raedic-

258 3027 328 3088 {iffi
339 3043 353 3098 ³,
366 3031 440 3090 ciffi
450 3021 1327 3100 Zffinifflffijdssenffi'ssssffaffi‚piftffi‘i‘il¹⁵pfss{i’ic{¹{{¹{'3efifflffi}

261 3096 299 3141 ad
310 3097 444 3136 praesens,
463 3098 625 3137 Apostolica
635 3099 687 3130 tibi
703 3099 867 3130 auctoritate
880 3100 1054 3130 conferimus
1066 3122 1076 3139 ,
1093 3099 1200 3137 tibique
1213 3098 1249 3129 de
1264 3098 1327 3137 ipsis

262 3143 348 3166 etiam
361 3135 548 3176 providemus.

116 3202 119 3204 .
300 3174 330 3205 Si
346 3184 415 3205 vero
427 3175 516 3212 aliqua
530 3175 687 3206 Praebenda
701 3186 760 3207 non
774 3185 854 3207 vacat
866 3176 901 3207 ad
916 3176 1034 3216 praesens
1047 3177 1076 3206 in
1090 3175 1206 3216 praefata
1221 3175 1324 3207 Eccle-

116 3223 184 3257 (Π.
221 3228 247 3257 8,
262 3212 299 3256 sia
313 3236 322 3251 ,
340 3212 525 3257 praebendam
541 3237 551 3251 ,
570 3214 588 3232 ²*
608 3215 704 3251 primo
720 3216 748 3245 in
768 3215 848 3259 dic-”ta-
862 3215 985 3259 Ecclefia
1002 3224 1162 3246 vacaturam
1186 3255 1190 3259 ¹
1207 3225 1272 3261 quae
1290 3215 1326 3245 de

201 3237 219 3265 4
258 3262 323 3291 Jure
335 3252 405 3283 nulli
417 3252 550 3283 debeatur
566 3275 576 3290 ,
588 3252 790 3284 conferendam
803 3276 813 3292 ,
830 3254 880 3285 tibi
894 3255 1046 3286 donatione
1060 3238 1228 3292 Apostol'ica
1242 3252 1327 3284 reser-

261 3300 376 3320 vamus:

298 3328 492 3360 Decernentes
505 3328 615 3359 irritum
624 3330 658 3360 &
672 3330 754 3360 inane
763 3352 772 3367 ‚
789 3330 807 3360 fi
820 3330 896 3360 secus
908 3331 943 3361 de
952 3330 1191 3363 Archidiaconatu
1206 3331 1240 3361 ὃς
1248 3329 1327 3360 Prae-

261 3366 355 3412 henda
367 3367 524 3412 praedictis,
543 3367 709 3412 Apostolicsi
720 3369 765 3399 vel
782 3368 834 3399 alia
845 3369 938 3409 quavis
951 3370 1114 3401 aurstoritate
1128 3392 1137 3407 ,
1155 3371 1170 3400 a
1184 3379 1327 3410 quoquam

263 3415 414 3445 contigerit
427 3414 511 3437 attem
533 3414 592 3437 tari.

300 3444 376 3475 Non
391 3445 513 3475 obstanti
535 3456 564 3475 us
576 3445 709 3483 aliquibus
724 3445 845 3483 ejusdem
861 3446 994 3478 Ecclesiae
1013 3447 1159 3478 contrariis
1179 3445 1328 3477 consuetu-

263 3481 335 3512 dinis
354 3506 364 3521 ,
388 3483 432 3513 vel
452 3483 558 3516 statutis
572 3506 582 3521 ,
604 3484 760 3521 juramento
775 3507 784 3522 ,
805 3484 1021 3517 confirmatione
1043 3485 1120 3516 Sedis
1135 3484 1328 3523 Apostolicae,

264 3519 498 3565 sive-quicunque
509 3521 636 3552 firmitate
650 3521 700 3552 alia
715 3523 860 3552 roboratis.
888 3524 946 3555 Aut
961 3525 980 3555 si
992 3524 1076 3563 aliqui
1092 3523 1121 3554 su
1143 3534 1172 3553 er
1207 3523 1326 3553 rovifio-

265 3566 302 3600 rie
314 3560 362 3601 {ibi
376 3560 503 3592 facienda
516 3583 525 3599 ,
542 3559 578 3590 de
591 3560 737 3599 personatu
753 3561 797 3591 vel
812 3561 944 3600 dignitate
960 3564 987 3593 in
1009 3562 1108 3593 eadem
1152 3572 1186 3592 cc
1198 3561 1252 3592 esia
1265 3561 1283 3590 s
1296 3570 1325 3591 e-

199 3626 209 3633 ,
267 3595 394 3640 cialiter,
411 3608 457 3629 aut
471 3600 499 3629 in
513 3598 565 3629 illis
574 3599 697 3637 partibus
710 3599 873 3639 generaliter
886 3623 896 3639 ,
915 3601 931 3631 a
946 3601 1018 3632 Sede
1032 3600 1198 3639 Apostolica
1211 3599 1256 3631 vel
1299 3609 1328 3628 e-

270 3640 337 3670 gatis
359 3645 413 3678 ejus
432 3637 531 3668 litteras
546 3637 754 3676 impetrarunt,
772 3639 870 3676 quibus
885 3647 912 3668 te
931 3640 962 3668 in
982 3639 1061 3680 ipsius
1075 3635 1328 3677 Archidiaconatsis

267 3670 434 3704 assecutione
447 3677 575 3706 volumus
586 3676 729 3708 anteferri:
746 3676 802 3707 Sed
816 3676 909 3715 quoad
923 3677 990 3708 alios
1005 3677 1164 3717 personatus
1177 3676 1224 3707 vel
1255 3676 1262 3682 ‘
1304 3676 1326 3704 i-

270 3714 352 3751 tates,
369 3711 476 3743 nullum
490 3724 540 3752 per
553 3714 611 3757 hoc
646 3714 820 3752 raejudicium
827 3716 966 3754 generari:
976 3716 1036 3747 'Seii
1049 3717 1070 3747 fi
1083 3714 1245 3746 Venerabili
1284 3723 1327 3743 ra-

272 3752 309 3788 ⁰1¹
323 3747 418 3778 nostro
508 3789 512 3794 .
557 3750 609 3792 Epi
622 3763 697 3791 copo
716 3754 750 3784 &
763 3753 871 3793 dilectis
884 3753 961 3785 Filiis
1087 3753 1210 3784 Decano
1222 3753 1256 3784 ὅ(
1268 3750 1327 3781 Ca-

269 3784 358 3828 pitulo
379 3786 571 3820 Saresburiensi
590 3793 782 3830 communiter
802 3792 846 3822 vel
865 3792 975 3822 divisim
991 3791 1074 3831 ‘dieta
1095 3791 1168 3823 Sede
1186 3789 1326 3821 indultum

271 3821 369 3852 existat
384 3845 393 3860 ,
405 3825 481 3862 quod
500 3826 533 3869 ad
549 3830 738 3868 receptionem
757 3828 802 3860 vel
816 3830 1006 3871 provisionem
1021 3831 1135 3872 alicujus
1148 3829 1269 3872 minime
1285 3835 1327 3872 te-

270 3868 406 3903 neantur,
422 3861 458 3903 ⁴&
470 3862 503 3905 ad
516 3864 543 3893 id
559 3874 627 3894 com
648 3867 690 3897 elli
708 3878 767 3899 non
780 3867 906 3906 poffint,
920 3877 968 3899 aut
979 3869 1056 3909 quod
1071 3868 1108 3899 de
1128 3866 1324 3904 Personatibus

272 3899 317 3928 vel
339 3898 528 3942 Dignitatibus
567 3901 640 3947 Prge'
652 3905 728 3944 endis
748 3907 792 3945 vel
813 3906 871 3946 aliis
890 3907 1032 3947 beneficiis
1045 3906 1273 3947 quibuscunque,
1290 3902 1326 3934 ad

269 3936 453 3981 collat-ionem
466 3938 510 3967 vel
523 3923 728 3977 dispositionem
742 3943 817 3974 suarn
829 3944 1031 3983 spectantibus,
1047 3944 1118 3984 nulli
1129 3943 1215 3974 valeat
1229 3942 1328 3980 provi-

268 3973 328 4004 deri
343 3985 392 4012 per
405 3975 506 4011 hstelffas
520 3975 692 4020 Anospolicas
706 4004 716 4019 ,
734 3991 805 4024 ,quae
816 3981 852 4012 de
863 3981 979 4024 Indulto
989 3981 1148 4017 hu'usmodi
1162 3980 1274 4024 plenam
1291 3980 1326 4010 &

264 4012 419 4053 expressam
439 4023 499 4045 non
519 4013 634 4046 fecerint
653 4027 829 4050 mentionem
842 4043 852 4057 ‚
870 4019 927 4051 five
945 3994 1076 4059 quilibet
1089 4019 1141 4053 alia
1154 4017 1327 4059 indulgentia

112 2489 165 2514 An.
183 2495 207 2521 3.

111 2527 142 2552 E.
165 2534 186 2551 i.

113 2566 153 2591 Ex
168 2564 239 2600 Orig-

756 126 1550 194 ooNvENrio‘NEs,
1595 140 1987 197 LITERAE‚

106 232 188 267 'Amr
203 232 246 266 D.
262 242 350 283 ¹‘quar
362 239 395 270 ad
405 246 457 268 nos
469 234 712 272 haereditariojiire
721 233 864 278 speetant,
886 231 1130 274 Magnificentiam
1143 232 1264 265 vestram
1277 230 1320 262 af·
1356 230 1442 262 die’tae
1460 230 1538 261 Sedis
1555 233 1691 272 generali,
1708 234 1753 264 vel
1773 233 1904 274 speciali,
1923 232 2113 274 cujuscunque
2127 226 2231 264 tenoris
2243 233 2354 264 exista*

2533 221 2539 226 ν
2555 215 2570 229 ἢ

1358 279 1443 313 quam
1463 269 1643 315 praesentibus
1653 282 1715 316 *non
1729 273 1884 317 expressam
1898 273 1943 304 vel
1956 272 2078 317 totaliter
2090 282 2151 303 non
2164 271 2295 316 insertam
2347 241 2424 317 ega}
2438 228 2570 308 Affssp

1358 307 1519 352 hujusmodi
1528 317 1631 352 *gratiae
1651 312 1780 350 impediri
1798 311 1887 342 valeat
1904 311 1950 342 vel
1969 310 2099 350 differri,
2118 311 2153 342 &
2165 310 2201 341 de
2213 310 2269 350 qua
2281 320 2311 340 in
2323 310 2426 341 nostris
2441 309 2507 338 Edv.
2529 317 2555 340 i,

1359 346 1455 393 litteris
1475 345 1653 391 fieridebeat
1675 350 1784 381 mentio
1802 349 1942 388 specialis:
1965 349 2023 381 Seu
2043 349 2122 390 quod
2141 349 2193 380 alia
2207 348 2343 380 beneficia
2357 357 2427 380 cum

1361 394 1430 417 cura
1444 384 1566 415 nosceris
1580 387 1718 418 obtinere.

1399 422 1539 467 Volumus
1558 433 1654 455 autern
1674 426 1752 465 quod
1768 449 1778 464 ,
1795 426 1860 467 post
1879 436 1944 458 uam
1958 425 2230 458 Archidiaconatum
2247 425 2282 457 &
2292 424 2429 456 praeben-

1361 459 1428 490 darn
1440 462 1591 501 praeditstos
1605 462 1686 498 fueris
1701 465 1822 502 pacifice
1834 475 1848 495 a
1872 473 1987 504 ecutus,
2003 466 2038 496 δε
2050 465 2157 496 fruetus
2169 465 2324 504 perceperis
2339 462 2430 494 exeis-

1361 498 1429 528 dem
1438 522 1448 538 ,
1466 509 1558 544 unum
1571 510 1605 530 ex
1618 503 1758 540 praedietis
1770 503 1914 534 beneficiis
1925 513 1989 543 quae
2002 504 2110 534 obtines
2124 526 2134 542 ,
2153 503 2232 541 quod
2245 512 2280 533 ex
2292 510 2362 534 tunc
2380 512 2431 533 va-

1364 546 1429 580 care
1448 538 1625 569 decernimus
1666 542 1788 571 omnino
1808 542 1931 573 dimittas
1943 565 1953 580 ,
1972 543 2005 574 δε
2020 565 2031 581 ,
2046 549 2130 580 prout
2151 542 2272 579 requiret
2284 551 2356 572 onus
2371 540 2429 578 Ar—

1365 575 1579 621 chi-diaconatus
1593 578 1627 608 ὃ(
1638 562 1805 610 i'raebendae
1819 580 2020 618 praedi&orum
2030 603 2040 619 ,
2058 580 2093 611 ad
2107 579 2231 610 Ordines
2244 587 2272 609 te
2284 580 2367 610 facias
2373 578 2431 610 sta-

1366 616 1619 683 tuticsstdetmporibus
1631 619 1812 657 promoveri,
1829 619 1863 650 «Sc
1879 619 2054 660 personaliter
2067 618 2181 650 resideas
2193 619 2223 648 in
2239 616 2365 648 Ecclefia
2384 616 2430 648 su*

1388 662 1415 682 ra
1437 663 1445 683 i
1475 664 1500 684 a.

1366 662 1387 735 p·
1401 690 1485 722 Nulli
1505 701 1573 732 ergo
1590 695 1712 724 omnino
1730 694 1880 725 hominum
1902 695 1982 727 liceat
1992 695 2066 727 hanc
2080 697 2209 736 paginam
2223 693 2328 726 nostrae
2342 693 2429 726 colla-

1366 737 1451 760 tionis
1463 753 1474 769 ,
1492 731 1654 768 provisionis
1667 755 1677 771 ,
1694 732 1882 764 reservationis
1897 756 1907 772 ,
1924 735 1958 765 &
1977 735 2183 766 constitutionis
2203 733 2369 773 infringere,
2383 731 2431 764 vel

1364 769 1391 798 ei
1405 769 1468 814 ausu
1483 770 1632 813 temerario
1644 772 1790 802 contraire.
1818 772 1847 802 Si
1859 774 1919 816 quis
1933 781 2027 803 autern
2039 773 2095 804 hoc
2108 782 2270 813 attemptare
2281 771 2428 817 presumpi

1364 806 1428 837 serit
1436 830 1446 845 ,
1460 807 1681 847 indignationem
1693 811 1895 849 omnipotentis
1908 809 1982 849 Dei,
2000 812 2033 842 ὃς
2048 813 2195 844 beatorum
2212 810 2288 842 Petri
2301 811 2335 843 &
2348 809 2428 841 Pauli

1367 844 1574 886 Apostolorum
1589 848 1664 887 ejus,
1681 848 1708 878 se
1722 849 1838 880 noverit
1850 848 2034 880 incursurum.

1402 923 1469 956 Dat.
1485 925 1645 965 Bellicadri,
1661 936 1687 966 5.
1699 926 1765 959 ldsis
1775 928 1871 967 Junii,
1887 928 1993 960 Pontif.
2007 929 2094 961 nostri
2111 940 2187 962 anno
2200 937 2307 970 quarto.

1732 1008 1787 1039 Sub
1790 1008 1852 1050 filis
1857 1009 1951 1049 sericis
1957 1010 2038 1049 flavi
2054 1011 2179 1051 rubeique
2191 1010 2291 1041 coloris.

1596 1157 1710 1191 Altera
1727 1156 1815 1190 Bulla
1825 1167 1883 1204 pro
1900 1160 2033 1191 Antonio
2043 1156 2191 1204 praediflo.

1365 1243 1430 1306 G
1441 1243 1581 1289 Regorius
1593 1245 1762 1286 Episcopus,
1781 1246 1873 1277 servus
1886 1246 2032 1278 servorum
2044 1246 2103 1290 Dei
2115 1270 2125 1285 ,
2141 1244 2353 1279 venerabilibus
2363 1246 2429 1278 Fra—
2444 1234 2523 1266 Ann-
2536 1234 2570 1267 D

1451 1285 1537 1328 tribus
1668 1284 1847 1316 Bathoniensi
1869 1286 1903 1317 &
1924 1284 2057 1316 Roffenii
2077 1285 2244 1326 Episcopis,
2262 1284 2376 1318 salutem
2394 1287 2428 1318 &
2467 1281 2551 1312 1275.

1362 1318 1559 1358 Apostohcam
1578 1323 1815 1354 benedidiionem.
2443 1316 2497 1341 An.
2521 1323 2548 1350 3·

1387 1358 1564 1402 'Placentes,
1582 1363 1643 1393 &c.
1662 1362 1713 1393 alia
1728 1364 1863 1393 virtutum
1881 1363 1978 1394 merita
1993 1363 2093 1403 quibus
2107 1361 2224 1393 dilectus
2237 1361 2321 1394 Filius
2336 1362 2429 1395 Anto-
2444 1355 2474 1378 E.
2497 1360 2521 1378 ¹·
2545 1389 2551 1396 .

1364 1406 1426 1441 mus
1440 1398 1498 1430 Bek
1511 1400 1738 1431 Archidiaconus
1756 1400 1896 1432 Dorsetiae
1910 1402 1939 1431 in
1953 1400 2079 1432 Ecclesia
2094 1401 2287 1432 Sarisburiensi
2301 1401 2430 1433 Clericus
2447 1394 2488 1418 Ex
2505 1393 2570 1427 ⁰¹⁷3*

1363 1437 1496 1481 carissimi
1509 1439 1538 1468 in
1554 1439 1674 1469 Christo
1688 1439 1750 1469 Filii
1765 1439 1855 1470 nostri
1984 1439 2014 1470 R
2052 1441 2072 1470 is
2095 1440 2207 1480 Angliae
2220 1439 2329 1475 illustris
2338 1441 2431 1480 Juvari

1363 1473 1466 1506 dicitur
1480 1499 1489 1514 ,
1507 1487 1540 1508 ac
1561 1477 1687 1509 volentes
1706 1477 1794 1518 ipsum
1807 1485 1926 1522 propter
1938 1477 2015 1517 hoc,
2067 1488 2093 1509 c.
2112 1479 2142 1509 in
2156 1478 2290 1517 praedicta
2305 1478 2430 1511 Ecclesia

1364 1520 1433 1545 tunc
1447 1516 1577 1554 vacabat,
1596 1515 1752 1557 apostolica
1765 1517 1814 1547 sibi
1828 1515 2006 1547 Auctoritate
2019 1517 2206 1556 contulimus,
2225 1517 2331 1556 sibique
2345 1517 2431 1557 deip-

1364 1551 1397 1582 sis
1412 1554 1496 1584 etiam
1511 1554 1642 1585 duximus
1676 1554 1874 1586 rovidendum.

1403 1591 1432 1622 Si
1448 1603 1517 1623 vero
1537 1594 1627 1632 aliqua
1672 1593 1803 1624 raebenda
1822 1602 1892 1624 tunc
1907 1594 1936 1624 in
1949 1593 2065 1632 praefata
2079 1591 2208 1625 Ecclesia
2220 1603 2280 1624 non
2295 1595 2433 1633 vacabat,

1364 1627 1571 1674 l's'raebendam,
1591 1633 1651 1663 &c-
1670 1632 1736 1663 nulli
1750 1632 1796 1663 alii
1809 1631 1973 1672 deberetur,
1991 1633 2197 1664 conferendam
2211 1633 2323 1672 eidem,
2342 1632 2432 1665 dona-

1365 1675 1435 1698 tioni
1452 1670 1628 1710 Apostolicae
1642 1671 1773 1702 duximus
1784 1671 1985 1702 reservandam.

1401 1707 1596 1740 Decernentes
1608 1732 1618 1748 ‚
1635 1710 1696 1741 ὅτε.
1713 1709 1896 1749 ὶῐηρεῑτὲωηῑ
1909 1732 1919 1749 ,
1936 1710 2036 1750 quibus
2047 1709 2155 1741 diistum
2170 1708 2331 1741 Antonium
2345 1711 2374 1741 in
2387 1711 2431 1751 ip-

1364 1743 1416 1776 sius
1430 1746 1685 1779 Archidiaconatsis
1698 1770 1708 1786 ‚
1724 1749 1786 1780 &c.
1806 1748 1850 1779 seu
1865 1748 1944 1787 quod
1957 1749 2007 1779 alia
2018 1748 2153 1779 beneficia
2175 1758 2244 1779 cum
2257 1758 2323 1780 eura
2335 1750 2427 1780 nosci-

1365 1786 1572 1827 tur-obtinere.
1611 1786 1750 1818 Volumus
1765 1810 1775 1826 ,
1793 1788 1853 1818 &c.
1871 1787 2021 1825 praedkstos
2041 1787 2171 1825 praefatus
2188 1786 2328 1818 Antonius
2345 1787 2430 1819 fuerit

1364 1823 1483 1862 pacifice
1497 1847 1507 1863 ‚
1526 1826 1586 1857 &c.
1606 1826 1759 1866 perceperit
1773 1848 1783 1865 ,
1799 1827 1859 1857 &c.
1878 1826 1989 1856 obtinet
2001 1848 2012 1864 ,
2030 1826 2091 1857 ὅτε.
2105 1825 2229 1859 dimittat
2244 1848 2254 1865 ,
2271 1826 2333 1858 &c.
2347 1826 2374 1858 se
2390 1828 2431 1858 fa-

1365 1862 1436 1899 ciat,
1456 1863 1515 1894 &c-
1533 1864 1644 1895 resideat
1659 1865 1687 1895 in
1702 1863 1828 1895 Ecclesia
1840 1863 2001 1904 supradieta.

1403 1900 1551 1940 Quocirca
1572 1903 1733 1934 fraternitati
1754 1902 1854 1933 vestrae
1874 1912 1923 1941 per
1946 1901 2109 1943 Apostolica
2137 1902 2236 1942 scripta
2268 1901 2433 1934 mandamus

1365 1941 1493 1977 quatinus
1513 1951 1565 1971 vos
1587 1942 1631 1971 vel
1655 1942 1721 1973 alter
1738 1941 1862 1972 vestrum
1885 1952 1933 1979 per
1951 1951 2003 1973 vos
2018 1964 2028 1981 ,
2043 1941 2090 1972 vel
2103 1951 2152 1979 per
2164 1942 2267 1980 aliurn,
2283 1951 2330 1972 aut
2348 1941 2434 1980 alios,

1363 1978 1486 2009 eundem
1499 1979 1672 2018 Antonium,
1690 1979 1735 2011 vel
1749 1979 1969 2011 Procuratorem
1982 1980 2062 2011 suum
2076 1979 2133 2016 ejus
2146 1982 2264 2010 nomine
2281 1981 2310 2010 in
2324 1990 2433 2018 corpo-

1364 2016 1449 2047 ralem
1464 2018 1664 2056 possessionem
1676 2018 1804 2057 praedicti
1819 2017 2072 2050 Archidiaconatsis
2090 2028 2123 2049 ac
2142 2018 2323 2057 Praebendae,
2341 2019 2362 2049 si
2376 2028 2431 2057 qua

1363 2062 1498 2125 ἷὲἓῖὶοὶιῐ
1513 2056 2430 2134 ὴῖἑέῗςὲἓᾱξὲὲΙῗὲἕὲἔηᾞὼέῃζὶῗὲῐέὲῗ,(Εὲξῖἃὲἶῑὲἓὲἓὲῗὲ

1363 2132 1400 2163 ab
1414 2119 1526 2164 eisdern’.
1915 2119 1925 2135 ²

1401 2171 1429 2202 Si
1449 2182 1519 2203 vero
1533 2181 1602 2203 tunc
1622 2175 1755 2213 temporis
1775 2174 1866 2212 aliqua
1879 2171 2036 2203 Praebenda
2054 2182 2114 2202 non
2129 2173 2246 2203 vacabat
2257 2173 2287 2202 in
2302 2171 2430 2204 Ecclesia

1363 2210 1520 2242 memorata
1533 2234 1542 2250 ,
1561 2210 1747 2243 Praebendam
1770 2222 1817 2251 per
1832 2221 1884 2241 nos
1896 2211 1984 2241 taliter
1996 2210 2175 2249 reservatam,
2192 2221 2277 2251 quarn
2293 2212 2353 2241 cito
2365 2220 2430 2242 eam

1364 2250 1455 2279 vacari
1470 2251 1637 2289 contigerit,
1656 2251 1793 2290 praedieto
1808 2250 1952 2287 Antonio,
1969 2249 2014 2280 vel
2028 2248 2107 2279 dicito
2123 2247 2305 2281 Procuratori
2324 2259 2378 2286 pro
2393 2259 2430 2280 eo

1364 2288 1497 2319 conferre
1509 2298 1542 2319 ac
1554 2288 1687 2328 affignare
1701 2291 1818 2328 curetis,
1838 2287 2001 2320 inducentes
2016 2287 2104 2327 ipsum
2119 2288 2147 2317 in
2162 2288 2232 2319 illius
2249 2288 2428 2328 corporalem

1405 2326 1561 2357 ssessionem
1574 2327 1608 2357 &
1622 2328 1772 2359 induetum
1785 2329 1869 2358 etiarn
1883 2326 2078 2364 defendentes,
2096 2335 2129 2356 ac
2144 2325 2276 2357 facientes
2290 2327 2378 2366 ipsum
2393 2327 2428 2358 ad

1363 2336 1552 2396 ffraebendam
1571 2366 1591 2385 *²
1606 2367 1786 2410 praedietam,
1845 2365 1955 2404 stquam
1968 2364 2004 2394 de
2018 2364 2065 2394 illa
2080 2374 2195 2396 vacante
2215 2366 2265 2396 fibi
2300 2365 2424 2396 i‘ovisum

1364 2403 1467 2442 fuerit,
1485 2405 1514 2434 in
1533 2404 1679 2435 nominata
1694 2404 1819 2436 Ecclesia
1834 2406 1863 2434 iri
1878 2403 2059 2434 Canonicum
2074 2404 2205 2442 recipi&
2219 2405 2249 2434 in
2286 2412 2401 2434 ran‘em:

1402 2442 1478 2472 Non
1490 2443 1663 2473 obstantibus
1676 2444 1811 2474 omnibus
1823 2442 1980 2481 supradiffis
1992 2464 2002 2480 ,
2020 2442 2066 2471 seu
2088 2442 2107 2472 fi
2121 2440 2164 2472 est
2178 2442 2315 2481 aliquibus
2327 2443 2341 2472 a
2357 2452 2430 2480 prce-

1364 2480 1419 2512 fitta
1440 2480 1512 2512 Sede
1532 2481 1674 2512 indultum
1688 2505 1698 2521 ,
1716 2482 1793 2521 quod
1808 2481 1952 2519 interdici,
1969 2479 2109 2519 suspendi,
2126 2481 2174 2511 vel
2188 2482 2431 2512 excommunicari

1363 2529 1430 2588 23³3,
1436 2519 1542 2590 pgcffigt
1557 2520 1731 2589 {3153ssssss
1741 2519 2066 2590 223335532335235
2077 2518 2360 2590 hdss'ssffiafflssffffli
2391 2520 2431 2588 ¹3·

1363 2597 1443 2628 ritate
1457 2568 1569 2637 nostitg,
1586 2598 1772 2637 appellatione
1782 2581 2176 2639 postposita,compe’sceudo.

1399 2675 1466 2709 Dat.
1478 2677 1639 2718 Bellicadri,
1657 2677 1718 2709 &c.

2014 2753 2068 2785 Sub
2073 2753 2128 2796 filo
2143 2755 2271 2787 canabeo.

1559 2891 1619 2922 Pro
1638 2891 1858 2922 Communitate
1876 2886 2056 2935 Judaeorum
2073 2887 2227 2934 Vafiom'ae.

1362 2978 1450 3037 RE
1459 2978 1490 3009 X
1509 2978 1727 3024 Constabulario
1740 2977 1788 3023 sup
1804 2976 1992 3023 Burdegaliae,
2011 2977 2133 3022 salutem.
2442 2988 2520 3020 Ann,
2535 2987 2570 3021 n

1362 3015 2426 3096 menet-3¹:²3,rarsssazssstamuaseieffiessse
2441 3035 2549 3094 „22⁷³-

1362 3105 1466 3126 norum
1479 3119 1488 3134 ,
1514 3095 1570 3125 hoc
1590 3105 1666 3126 anno
1688 3094 1852 3125 existentem
1871 3096 1879 3124 i
1902 3080 1976 3124 id’em
1992 3116 2002 3133 ‚
2020 3094 2104 3133 quam
2118 3104 2168 3132 per
2181 3092 2286 3125 diversa
2299 3093 2402 3132 mllagia
2414 3116 2424 3132 ,
2440 3076 2539 3133 52⁶3*

1361 3135 1440 3173 super
1463 3134 1581 3164 eandem
1600 3134 1838 3165 communitatem
1865 3133 1999 3164 haetenus
2018 3132 2112 3163 affefla
2125 3155 2136 3172 ,
2160 3142 2221 3162 non
2241 3130 2424 3164 mediocriter
2438 3147 2496 3171 pn,
2512 3146 2542 3180 3·-

1363 3183 1396 3212 pr
1428 3181 1668 3254 dgisatrnlgddamus
1686 3209 1762 3254 quod
1777 3233 1786 3247 ,
1800 3209 2020 3255 Judaeisueisdem
2031 3209 2085 3240 hac
2098 3209 2163 3240 vice
2175 3209 2361 3254 parcentesfi
2374 3248 2379 3253 .
2392 3218 2423 3240 os
2439 3185 2478 3248 ξ,
2493 3190 2542 3257 ἔς,

1362 3249 1396 3281 ad
1412 3250 1528 3289 praesens
1538 3253 1598 3280 non
1612 3249 1736 3288 tallietis,
1753 3249 1799 3280 vel
1813 3257 1930 3289 gravetis
1942 3249 2000 3279 sine
2012 3248 2145 3279 mandato
2160 3247 2260 3278 nostro
2273 3247 2346 3286 speci

1361 3329 1485 3400 lim'11'1este
1500 3328 1584 3369 Rege
1605 3329 1678 3370 apud
1692 3329 1816 3362 Westm.
1839 3338 1888 3370 23.
1907 3329 1953 3361 die
1969 3328 2051 3360 Maii.
2072 3328 2127 3361 Per
2140 3328 2254 3369 Regem
2276 3328 2310 3360 &
2323 3326 2433 3360 Conci-

1401 3446 1548 3490 Confimiles
1560 3447 1647 3480 literae
1658 3449 1811 3488 diriguntur
1825 3447 1971 3490 Senefiallo
1985 3447 2118 3489 Vasbom‘ae
2125 3455 2178 3487 pro
2190 3446 2284 3489 etsdem
2290 3445 2410 3487 Judaeis.

1560 3583 1610 3616 De
1632 3581 1734 3628 Officio
1754 3581 2004 3633 Spgortiellorum
2018 3582 2094 3629 Regi
2111 3579 2235 3628 remtffioe.

1364 3668 1426 3732 O
1438 3669 1558 3702 Mnibus
1570 3670 1677 3702 Christi
1692 3671 1832 3710 fidelibus,
1849 3671 1884 3703 ad
1915 3675 1917 3677 ’
1936 3680 1969 3701 os
1986 3667 2107 3708 praesens
2116 3666 2248 3714 scriptum
2262 3667 2422 3710 pervenerit
2438 3667 2514 3699 Ann-
2527 3660 2570 3697 DJ,

1442 3708 1585 3747 johannes
1598 3711 1633 3741 de
1652 3710 1753 3741 Bohun
1774 3710 1860 3742 Miles
1875 3733 1885 3749 ,
1897 3679 1942 3740 (Εἰ.
1954 3708 2060 3753 quond.
2080 3707 2205 3752 Dorium
2216 3704 2370 3736 Franconis
2386 3706 2422 3737 de
2462 3711 2544 3743 1275.
2568 3721 2570 3734 l

1364 3747 1483 3786 Bohun,
1501 3747 1535 3778 &
1562 3749 1673 3780 ohanna
1686 3749 1774 3780 Uxor
1785 3750 1856 3787 ejus,
1873 3748 1989 3779 salutem
2004 3756 2034 3776 in
2047 3745 2187 3776 Domino.

1401 3785 1529 3817 Noverit
1577 3787 1716 3819 niverfitas
1730 3787 1820 3818 vestra
1834 3795 1886 3817 nos
1904 3785 2030 3819 unanimi
2048 3783 2152 3814 aflensu
2165 3782 2199 3826 βε
2212 3782 2370 3821 voluntate,
2388 3782 2422 3821 δε
2439 3787 2470 3811 13.
2490 3791 2514 3810 1·
2568 3813 2570 3815 ,

1362 3834 1416 3863 pro
1441 3823 1536 3855 nostra
1558 3835 1657 3865 magna
1679 3827 1850 3858 relevatione
1862 3846 1874 3863 .,
1893 3821 2058 3864 conceffiflfe
2069 3843 2084 3858 ,
2104 3819 2232 3864 retrusisse
2246 3821 2280 3852 &
2297 3822 2420 3851 omnino
2460 3824 2492 3849 l..
2505 3820 2568 3847 Am

1384 3864 1491 3893 uietum
1512 3863 1641 3895 clamasse
1655 3889 1665 3903 ,
1692 3874 1745 3903 pro
1766 3864 1849 3894 nobis
1870 3863 1904 3893 &
1930 3859 2099 3891 Haeredibus
2121 3858 2221 3902 nostris
2234 3881 2244 3897 ,
2271 3859 2422 3903 magnificq
2431 3857 2458 3897 f.
2471 3865 2531 3893 192.
2543 3868 2567 3884 a*

1363 3873 1487 3939 ffrincipi
1503 3901 1537 3931 ὃ(
1551 3901 1684 3933 Domino
1697 3902 1814 3940 nostro,
1831 3900 1964 3931 Domino
1978 3895 2135 3933 Edward0‚
2154 3896 2211 3927 Dei
2225 3899 2327 3936 gratia,
2344 3897 2420 3937 Regi
2439 3896 2570 3925 senescat

1363 3938 1475 3978 Angliae
1494 3940 1612 3979 illustri,
1630 3941 1793 3980 Seriantiatn
1807 3938 1933 3977 Capeuae
1945 3936 2001 3966 suae
2016 3956 2026 3972 ,
2042 3934 2075 3964 &
2090 3933 2220 3966 officium
2231 3936 2251 3965 S
2265 3935 2425 3976 *igornello-
2442 3940 2535 3970 mem,
2564 3930 2570 3962 l

1364 3987 1428 4009 rum
1441 3977 1563 4016 ejusdem
1577 3979 1701 4010 Domini
1715 3978 1818 4017 Regis,
1834 3984 1898 4020 quae
1912 3973 2060 4004 Dominus
2079 3971 2172 4017 Ber-th.
2187 3973 2223 4004 de
2267 3974 2370 4013 apella,
2387 3975 2423 4005 &

1363 4016 1546 4056 antecessores
1559 4017 1598 4048 sui
1605 4039 1616 4056 ,
1632 4025 1668 4049 ex
1680 4013 1908 4049 conceffiombus
1920 4011 2037 4051 Regum
2045 4009 2157 4051 Angliae
2169 4012 2317 4053 aliquando
2329 4020 2427 4088 renuet:

2439 3747 2490 3773 An.
2512 3752 2541 3781 32
2568 3751 2570 3807 Ι
