2570 4261
198 115 256 156 40

42 172 118 203 Ann·
135 170 174 202 D·
232 187 303 218 Hoc
322 185 449 218 videlicet
470 181 574 219 modo,
591 188 622 210 ut
642 179 792 212 duodecim
808 186 842 207 ex
856 184 932 216 parte
946 176 1025 216 ipsius
1038 175 1135 212 eleffl,
1153 175 1186 206 &
1199 171 1245 202 alii

65 210 147 247 ¹²53·
191 227 310 257 totidem
330 234 364 255 ex
401 232 455 252 arte
475 218 697 250 Communitatis
715 216 852 246 nominati
866 215 1060 254 disponerent,
1077 213 1244 248 statuerent,

41 253 107 278 Hm·
126 259 151 286 3·
189 275 223 294 ac
242 266 324 295 etiam
343 273 376 292 or
396 263 501 290 inarent
520 257 598 297 super
612 255 801 286 melioratione
815 255 848 284 ὃ(
862 254 1061 284 reformatione
1074 251 1169 291 Regni
1182 250 1244 280 An-

209 303 268 341 liae,
287 304 320 333 ὃς
341 300 428 338 ipsum
449 297 585 335 Regnum
613 292 861 333 contingentibus3
885 299 969 330 prout
988 292 1026 321 eis
1046 290 1144 321 melius
1162 299 1246 327 expe-

209 341 214 346 ”
233 352 252 370 n
279 339 428 370 videretur:

217 351 427 409 ePsrornittentes
447 374 504 403 tarn
525 371 600 412 ipse,
616 380 701 410 quam
720 369 866 400 Dominus
879 367 1031 399 Edwardus
1043 367 1245 406 primogenitus

191 416 267 454 suus,
283 416 315 445 &
336 412 500 443 affirmantes
517 409 632 449 propriis
653 409 812 447 juramentis
828 407 908 476 guod
921 417 970 448 per
983 406 1134 447 praedietos
1147 404 1246 447 viginti

190 463 322 494 quatuor,
341 451 385 480 vel
407 451 542 487 majorem
609 454 668 478 tem
681 457 780 477 eorum
795 456 828 476 or
848 447 955 475 inatum
968 444 1112 482 existeret,
1127 443 1245 486 inviola-

190 493 280 522 biliter
306 489 507 526 observarent,
529 487 573 518 fac
587 487 628 516 uri
646 486 679 516 &
707 485 880 525 procuraturi
903 484 1074 514 securitatem
1099 490 1247 511 omnimo-

190 530 271 567 dam,
288 537 371 567 quam
392 526 440 563 ipsi
462 525 560 565 viginti
581 533 717 565 quatuor,
730 524 775 555 vel
791 524 879 560 major
891 532 950 560 pars
962 530 1077 558 eorum,
1096 519 1173 558 super
1187 518 1243 549 hoc

188 568 247 598 fieri
259 566 443 606 providerent.

226 605 332 635 Verum
352 613 420 634 cum
432 626 442 641 ,
457 603 526 633 inter
551 602 705 633 duodecim
728 609 762 630 ex
782 607 857 640 parte
877 598 1001 630 Domini
1022 596 1056 640 R·
1090 596 1110 625 is
1124 595 1244 633 electos,

189 643 290 674 elecstus
310 642 515 673 XVintoniensis
535 642 569 672 &
590 642 682 671 fratres
696 639 735 669 sui
752 639 890 668 nominati
903 636 1033 678 fuissent,
1051 645 1058 664 i
1073 643 1127 678 *em
1140 634 1245 677 elerii-us

191 682 276 721 (quasi
295 680 383 711 salutis
403 680 457 711 suae
476 683 647 717 immernor,
664 679 698 709 &
716 677 862 715 invigilans
881 674 1080 717 perturbationi
1100 672 1195 716 Regni
1209 673 1242 703 &

189 719 350 760 dispendiis,
371 720 464 759 potius
487 727 571 758 quam
599 716 806 752 reformationi)
827 710 943 753 Regem
961 713 1051 751 ipsum
1070 711 1244 756 sollicitavit,

191 760 225 790 δε
237 766 311 789 totus
324 757 377 795 ipse
390 757 507 795 induxit,
525 756 615 786 eidem
631 753 795 784 immensam
809 753 973 792 promittens
1007 759 1136 780 ecuniam
1149 749 1244 787 (etiam

187 796 271 835 usque
289 796 323 827 ad
336 796 553 826 exinanitionem
566 793 724 824 substantiae
739 792 772 822 &
784 791 949 821 facultatum
1009 788 1169 819 intoniensis
1184 787 1242 818 Ec-

187 835 289 871 cleliae)
310 841 357 873 ut,
373 834 390 864 s
403 842 464 864 reto
481 835 638 871 juramento
657 831 790 870 propriO,
808 840 823 859 a
842 827 1072 869 promissionibus
1084 826 1241 864 hujusmodi

187 874 313 911 resiliret,
331 873 359 903 in
413 873 475 913 egni
493 871 531 902 sui
547 881 631 911 grave
651 869 844 910 dispendium,
859 866 1078 905 &irreparabile
1091 865 1243 896 detrimen-

188 920 257 943 tum.

225 950 361 990 Cumque
400 959 428 980 er
444 949 517 980 hanc
537 949 612 979 viam
631 947 797 978 desiderium
819 943 980 975 intentionis
991 943 1046 974 suae
1060 942 1169 983 explere
1181 953 1242 974 non

188 989 293 1029 posset,
308 990 342 1021 ad
361 991 410 1018 aia
429 988 454 1018 se
472 996 658 1024 convertens,
676 986 840 1016 Dominum
856 983 1044 1020 Edwardum,
1062 983 1094 1012 ὃς
1107 981 1241 1021 quosdam

189 1027 256 1058 alios
276 1028 312 1058 de
330 1027 515 1058 nobilioribus
531 1026 615 1056 totius
635 1025 730 1064 Regni
755 1023 887 1053 animavit
902 1045 912 1061 ,
938 1022 999 1063 δελ
1012 1029 1149 1059 quantum
1166 1019 1196 1050 in
1215 1021 1242 1051 se

189 1065 255 1103 fuit,
275 1066 424 1096 stimulavit
443 1065 476 1096 ad
489 1064 697 1095 subversionem
709 1063 793 1093 totius
805 1061 902 1101 Regni
917 1060 1002 1100 (quali
1013 1060 1042 1089 in
1058 1068 1159 1089 necem
1172 1059 1240 1097 ejus-

187 1103 254 1135 dem
274 1105 307 1135 ὃς
323 1104 425 1145 lapsum
442 1103 645 1142 irreparabilem
659 1099 835 1138 conjurasset)
853 1107 884 1130 ut
894 1099 930 1129 de
944 1098 995 1128 illo
1009 1097 1100 1137 posset
1112 1107 1178 1128 vere
1196 1097 1240 1128 di-

187 1144 214 1174 ci
250 1142 291 1173 est
303 1145 346 1173 vir
356 1144 403 1182 qui
421 1143 544 1173 turbavit
556 1150 674 1180 terram,
693 1141 726 1171 &
741 1138 881 1169 concussit
894 1136 1040 1181 Regnum.

260 1191 305 1212 am
318 1191 386 1212 cum
398 1181 431 1212 ad
444 1181 691 1218 reformationem,
705 1178 753 1216 qui
766 1187 842 1207 nunc
857 1176 995 1207 nominati
1011 1175 1239 1219 fuerunt,studio

188 1220 313 1251 vivilanti
336 1220 527 1258 intenderent,
543 1218 690 1258 p1·aedi6tus
710 1216 813 1247 elesius
834 1216 867 1246 δε
881 1215 974 1245 fratres
988 1214 1044 1252 sui,
1063 1214 1082 1233 '¹‘
1097 1224 1175 1244 nunc
1191 1224 1240 1251 per

188 1245 366 1298 sussterfugia‚
386 1269 463 1289 nunc
481 1267 531 1297 per
551 1257 611 1287 alias
633 1255 819 1287 cavillationes
836 1255 938 1290 varias,
952 1260 1087 1283 eventum
1106 1253 1240 1283 reforma-

185 1299 270 1329 tionis
284 1297 440 1336 hujusniodi
453 1296 637 1326 retardabant:
656 1295 712 1325 Sed
725 1295 840 1323 mentita
852 1292 892 1322 est
906 1292 956 1322 sibi
969 1292 1099 1330 iniquitas.

227 1337 320 1375 Qiia,
338 1345 444 1373 quanto
456 1335 516 1376 plus
529 1335 700 1365 conabantur
714 1333 861 1371 negotium
873 1329 1023 1368 impedire,
1037 1338 1117 1360 tanto
1129 1329 1240 1360 ferven-

185 1376 238 1407 tius
255 1376 288 1407 &
306 1374 476 1404 constantius
496 1373 557 1412 alii,
575 1373 639 1403 zelo
653 1370 832 1409 Reipublicae
846 1369 1027 1407 inflammati,
1044 1368 1156 1399 instanti
1169 1369 1239 1408 vigi-

184 1414 218 1445 lia
238 1414 271 1444 δε
309 1413 460 1451 ropensiori
480 1412 602 1449 cautela,
620 1410 687 1441 illud
702 1419 872 1449 promovere
886 1407 1048 1444 studebant5
1065 1407 1237 1437 attendentes

184 1452 261 1492 quod
302 1461 362 1481 rma
383 1451 552 1482 coliaerentia
570 1449 658 1481 fidelis
683 1448 739 1479 esse
759 1458 818 1478 non
839 1447 947 1484 potuit,
964 1446 1012 1476 ubi
1029 1456 1088 1476 non
1101 1445 1142 1476 est
1156 1454 1238 1476 tenax

185 1493 254 1522 unio
265 1490 458 1528 voluntatum,
474 1490 507 1519 δε
523 1488 645 1527 ipsorum
661 1487 866 1526 conglutinatio
878 1486 1049 1515 animorum.

221 1528 276 1559 Sed
300 1528 366 1567 quid
388 1528 474 1558 ultra?
490 1527 694 1557 Praedicstorum
707 1525 787 1556 elesii
801 1526 834 1556 ὅ(
846 1525 963 1555 fratrum
976 1523 1089 1553 suorum
1105 1530 1162 1553 tam
1178 1531 1240 1563 gra-

184 1578 232 1598 ves
243 1576 319 1598 erant
337 1567 458 1598 excessus
476 1566 509 1597 &
522 1564 741 1606 grandes,quod
756 1564 863 1594 clamor
879 1571 1032 1604 pauperum
1047 1561 1080 1592 ad
1087 1561 1241 1593 coelumas-

184 1606 314 1638 ceiideret
326 1614 424 1637 contra
439 1607 447 1636 i
469 1605 519 1635 sos.

219 1645 346 1683 Ipsorum
359 1645 436 1674 enim
491 1642 575 1673 inistri
588 1643 621 1674 &
636 1641 782 1673 Officiales
795 1664 804 1679 ‚
827 1642 874 1679 qui
889 1640 980 1679 potius
995 1638 1139 1680 praedones
1154 1640 1187 1670 &
1203 1638 1242 1670 sa-

183 1684 280 1714 tellites
292 1683 471 1722 dicebantur,
496 1682 620 1720 undique
633 1680 863 1721 depraedabantur
877 1687 1020 1718 pauperes:
1046 1677 1242 1708 insidiabantur

185 1721 372 1762 simplicibus:
399 1721 554 1752 movebant
575 1722 698 1757 impios:
722 1717 919 1758 opprimebant
939 1718 1116 1747 innocentes:
1139 1715 1242 1746 exulta-

184 1762 252 1791 bant
265 1762 294 1791 in
309 1761 389 1791 rebus
400 1759 535 1802 pessimis:
554 1759 716 1790 laetabantur
731 1766 798 1788 cum
810 1756 882 1787 male
893 1754 1034 1786 fecissent:
1057 1761 1172 1793 peccata
1186 1764 1239 1792 po-

184 1800 242 1837 puli
262 1799 441 1830 comedentes
458 1798 663 1829 luxuriabantur
684 1798 713 1826 in
727 1796 875 1833 lachrymis
888 1793 1048 1825 viduarum·
1070 1794 1099 1822 in
1118 1791 1242 1823 nuditate

184 1838 352 1877 pupillorum
387 1839 416 1868 in
432 1836 653 1877 oppressionibus
665 1834 837 1866 subditorum
849 1832 1013 1874 gaudentes:
1033 1817 1072 1861 lzjt
1085 1833 1114 1861 in
1130 1840 1241 1862 tantum

185 1877 308 1916 ipsorum
319 1887 335 1907 e
367 1884 460 1907 senata
472 1876 557 1906 rabies
571 1875 738 1912 invaluerat,
762 1872 839 1915 quod
858 1881 913 1902 nec
927 1871 976 1901 sub
989 1869 1050 1908 ipsis
1062 1871 1240 1914 minores-vi-

186 1925 253 1946 vere
266 1923 394 1956 poterant
408 1939 418 1954 ,
442 1924 495 1945 nec
509 1924 577 1944 cum
589 1913 650 1953 ipsis
664 1912 820 1943 conversari
832 1920 926 1949 pareS,
943 1919 997 1940 nec
1010 1909 1088 1947 super
1101 1908 1174 1947 ipsos
1186 1918 1241 1939 im-

186 1963 265 1992 pares
277 1955 399 1992 majores.

220 1992 288 2023 Nos
309 1994 392 2032 igitur
404 2015 415 2032 ,
439 1991 610 2023 attendentes
629 1989 707 2030 quod
724 1987 876 2026 respublica
895 1996 998 2027 corpus
1018 1984 1161 2029 quoddam
1180 1985 1240 2025 est,

182 2031 260 2070 quod
271 2031 359 2062 divini
374 2032 494 2062 muneris
506 2029 647 2061 beneficio
661 2036 818 2068 vegetatur,
841 2027 874 2057 ὃ(
889 2026 1009 2056 summae
1024 2032 1159 2064 aequitatis
1170 2033 1241 2055 nutu

185 2071 291 2109 agitur,
308 2070 341 2101 &
363 2071 466 2110 regitur
505 2069 608 2099 uodarn
622 2066 815 2097 moderamine
827 2065 952 2095 rationis·
973 2073 1027 2094 nec
1040 2063 1151 2100 expedit
1163 2062 1242 2102 quod

184 2109 216 2138 in
235 2118 293 2139 uno
307 2118 426 2149 corpore
442 2108 471 2139 di
496 2108 607 2138 onantia
622 2107 654 2137 sit
669 2105 884 2141 membrorum,
900 2087 993 2132 didos
1005 2102 1127 2145 electum
1142 2101 1175 2131 ὃς
1188 2101 1243 2131 sta-

185 2154 254 2186 nes,
272 2155 404 2184 tanquam
421 2148 575 2177 turbatores
593 2146 691 2183 quietis
703 2145 735 2175 &
750 2141 938 2182 tranquilitatis
951 2140 1051 2180 Regni
1062 2140 1163 2178 totius,
1177 2139 1242 2180 post

186 2186 285 2216 multas
305 2185 444 2216 'instantias
461 2185 494 2216 &
515 2186 669 2224 frequentes
686 2182 874 2219 monitiones,
889 2180 1072 2217 vocaviiriUS‚
1090 2177 1123 2208 &
1143 2179 1241 2209 vocari

186 2233 235 2263 per
250 2223 362 2263 Regem
376 2224 494 2254 fecimus
504 2232 535 2254 ut
542 2222 650 2262 judicio
663 2221 801 2258 sisterent,
820 2219 870 2249 suis
883 2218 1086 2257 querelantibus
1096 2215 1240 2254 responsu-

187 2263 210 2293 ri
248 2263 321 2300 juxra
335 2261 566 2293 consuetudinem
575 2260 668 2300 Regni
681 2260 715 2291 ὃ(
731 2259 827 2298 Leges.

221 2285 265 2331 ²Ita
277 2301 355 2340 quod
368 2301 428 2331 duo
441 2311 474 2331 ex
485 2301 561 2342 ipsiS,
579 2309 649 2340 quos
666 2298 779 2328 mallent
814 2298 935 2334 exirent,
953 2295 1063 2332 reliquis
1073 2294 1183 2325 duobus
1197 2304 1241 2325 re-

189 2340 364 2370 manentibus
378 2341 425 2379 qui
445 2349 497 2377 pro
515 2339 540 2369 se
559 2339 591 2370 δε
606 2339 662 2368 aliis
674 2320 944 2378 responderent3aC,
959 2334 980 2364 si
992 2334 1043 2364 sibi
1059 2334 1144 2377 magis
1157 2343 1240 2373 expe-

185 2379 265 2409 diens
286 2379 446 2423 crederent,
464 2377 599 2417 Regnum
620 2385 719 2406 omnes
732 2376 853 2412 exirent,
870 2374 932 2412 Qi
945 2371 994 2402 suis
1006 2371 1094 2411 culpis
1105 2373 1240 2411 exigenti-

183 2417 236 2448 bus
255 2418 344 2448 subire
358 2417 496 2456 judicium
516 2416 711 2453 formidantes,
730 2414 886 2444 maluerunt
908 2413 980 2442 exire
999 2420 1083 2450 quam
1094 2410 1190 2449 judicii
1204 2412 1240 2441 ri-

183 2464 284 2495 gorem
298 2457 451 2494 expediare.

220 2494 275 2525 Sed
289 2506 342 2527 nec
355 2495 445 2525 adhuc
459 2495 540 2525 nobis
553 2494 585 2524 ὃς
599 2492 706 2532 Regno
721 2490 818 2521 nostro
827 2514 836 2529 ‚
860 2490 938 2530 super
953 2489 1010 2520 hoc
1025 2488 1106 2529 plene
1120 2496 1237 2519 cautum

184 2533 323 2572 existeret,
344 2533 362 2563 si
376 2533 488 2564 Eledws
504 2533 563 2570 (cui
575 2533 657 2562 totius
672 2531 834 2561 turbationis
848 2529 991 2559 materiam
1006 2528 1107 2558 merito
1118 2528 1239 2565 imputa-

185 2572 258 2609 mus)
276 2573 375 2603 rediret
397 2573 426 2602 in
447 2571 576 2602 Aneliam
593 2581 599 2599 2
633 2570 722 2608 Cujus
743 2568 885 2608 praesentia
902 2568 988 2597 subita
1008 2565 1099 2606 posset
1117 2574 1239 2597 evertere

635 2609 728 2638 multis
746 2607 844 2647 vigiliis
857 2607 890 2638 ὃς
903 2605 1017 2636 infinitis
1029 2603 1170 2635 laboribus
1183 2604 1240 2635 stu-

35 1224 168 1253 δ1.(561.

183 2611 318 2679 quicquid
345 2610 438 2642 nostra
455 2594 612 2640 sollicitudo

204 2651 243 2679 uit
256 2650 390 2680 ordinare.

221 2687 313 2718 Unde
333 2688 418 2718 furum
440 2687 479 2718 est
499 2686 671 2727 propositum
690 2686 839 2723 omnium,
857 2685 891 2715 ὃς
906 2681 1055 2725 accensum
1075 2681 1240 2712 desiderium

185 2725 354 2765 singuloiiini
368 2727 444 2766 quod
458 2727 502 2756 ille
516 2727 594 2756 atstor
610 2725 772 2762 schismatis,
796 2723 887 2753 homo
899 2721 1069 2752 dissensionis
1084 2721 1116 2751 δε
1129 2720 1241 2751 scanda-

186 2765 223 2803 li,
242 2766 312 2795 inter
325 2775 376 2795 nos
390 2765 521 2805 deinceps
533 2765 686 2794 nullatenus
701 2762 885 2793 conversetur.

222 2803 298 2872 Qduia
313 2805 395 2843 igitur
412 2804 540 2844 praefatus
555 2802 666 2833 nicetus
680 2802 713 2832 δε
726 2801 818 2831 fratres
833 2798 991 2842 Regem&
1004 2797 1171 2828 Dominum
1184 2796 1242 2827 Ed-

184 2851 243 2871 war
264 2853 312 2873 um
332 2842 549 2880 infamaverant,
566 2841 637 2871 adeo
659 2840 736 2878 quod
756 2849 813 2869 non
833 2838 921 2868 solum
940 2836 1093 2867 insolentiae
1115 2846 1242 2866 remane-

185 2880 251 2910 bant
270 2882 377 2919 penitus
397 2882 560 2921 impunitae,
575 2880 637 2917 sed,
657 2878 735 2916 quod
751 2881 826 2917 pejus
840 2876 896 2915 est,
912 2877 944 2907 ὃς
957 2874 1150 2906 verecundum
1164 2874 1241 2904 dice-

185 2928 233 2954 re,
248 2919 421 2958 terribileque
440 2919 548 2956 audire,
567 2919 587 2949 si
606 2919 665 2958 quis
685 2925 782 2948 contra
802 2916 873 2957 ipsos
887 2915 933 2946 vel
946 2924 1046 2944 eorum
1059 2914 1177 2943 alterum
1191 2913 1241 2943 de-

189 2956 274 2986 ferret
286 2958 314 2986 in
328 2957 430 2995 judicio
443 2958 644 2997 quaestionem,
663 2955 727 2986 Rex
735 2956 798 2999 ,qui
812 2955 1023 2993 delinquentem
1037 2952 1135 2990 punire
1146 2952 1180 2982 &
1192 2951 1241 2981 de-

185 2994 285 3025 lictum
299 2997 437 3035 corrigere
449 2997 608 3034 tenebatur,
621 2994 693 3035 ipsos
708 2996 737 3024 in
751 2995 802 3024 iuis
816 2993 984 3024 facinoribus
998 2992 1242 3029 nutriens,contra

184 3043 405 3072 conquerentem
424 3035 582 3065 mirabiliter
604 3034 763 3064 turbabatur
779 3042 784 3062 z
820 3031 857 3062 Et
878 3032 924 3062 cui
944 3030 1025 3068 judex
1046 3029 1166 3060 debebat
1185 3028 1241 3059 esse

184 3073 334 3113 propitius,
358 3073 390 3102 ad
405 3083 504 3102 eorum
526 3072 729 3112 suggestionem
750 3071 833 3102 fiebat
853 3069 1035 3108 adversarius,
1058 3069 1092 3100 &
1107 3077 1242 3099 nonnun-

184 3120 269 3150 quam
282 3111 407 3141 terribilis
422 3112 567 3141 inimicus:

224 3148 263 3180 Ita
284 3149 379 3189 quod,
397 3149 487 3180 fulciti
508 3149 596 3188 Regis
609 3150 733 3187 potentia
747 3149 778 3178 ἃ
792 3148 902 3184 favore,
939 3157 990 3178 uos
1004 3145 1139 3177 volebant
1153 3168 1163 3183 ,
1187 3155 1207 3175 0

185 3189 366 3226 primebant3
403 3187 630 3217 Communitates
658 3187 691 3217 «St
716 3187 850 3218 libertates
871 3157 1060 3217 Eccilefiarum
1079 3184 1242 3215 damnabii-

186 3235 226 3256 ter
240 3225 388 3264 violando,
406 3226 535 3255 homines
550 3225 762 3263 incarcerando,
781 3226 896 3255 clericos
909 3223 1083 3255 vulnerando
1098 3224 1128 3252 in
1141 3223 1241 3261 praeju—

184 3264 290 3295 dicium
313 3263 442 3295 Coronae
462 3265 526 3299 (cui
546 3264 594 3294 soli
609 3265 746 3301 competit
763 3263 920 3300 hujusmodi
934 3260 1132 3298 incarceratio)
1152 3261 1243 3291 laxatis

184 3303 298 3346 habenis
312 3305 443 3342 nequitiae
458 3301 662 3334 debacchando
675 3312 723 3340 per
735 3302 869 3342 Regnum
878 3325 888 3340 ,
911 3312 964 3340 pro
977 3301 1033 3332 suae
1046 3300 1127 3331 libito
1140 3299 1244 3331 volun-

185 3348 254 3371 tatis.

224 3379 331 3418 Unde,
357 3380 376 3410 si
392 3380 480 3419 (quod
494 3379 572 3416 absit)
593 3378 694 3409 elec‘tus
710 3377 810 3408 rediret
824 3379 853 3408 in
867 3377 1017 3418 Angliam,
1039 3378 1132 3418 pejora
1144 3376 1244 3416 priori-

187 3416 240 3460 bus
259 3419 438 3456 probabiliter
460 3418 658 3455 formidamus,
677 3416 820 3447 sanctitati
840 3417 939 3447 vestrae
960 3418 1043 3456 igitur
1061 3415 1144 3446 omni
1157 3414 1245 3445 affec-

187 3462 282 3492 tione,
301 3467 353 3494 qua
366 3457 524 3497 possumus,
542 3456 727 3496 supplicamus
739 3463 889 3495 quatenus,
911 3456 980 3486 sicut
993 3456 1129 3486 unitatem
1143 3453 1177 3483 &
1194 3463 1246 3492 pa-

188 3501 252 3536 cem
266 3494 358 3534 Regni
374 3495 483 3535 Angliae
502 3495 598 3533 (quod
611 3494 717 3533 semper
736 3495 817 3524 vobis
834 3494 922 3524 extitit
936 3495 1073 3525 devotum
1087 3493 1121 3523 &
1134 3491 1243 3529 existit)

190 3530 320 3569 diligitis,
350 3533 421 3571 saepe
444 3533 554 3564 di&um
578 3533 701 3563 electum
723 3533 759 3562 ab
784 3532 1020 3563 administratione
1041 3530 1245 3562 Wintoniensis

192 3567 338 3607 Ecclesiae,
361 3581 423 3614 quse
446 3581 479 3602 ex
494 3571 685 3603 munificentia
697 3571 775 3602 Sedis
795 3570 969 3610 Apostolicae
979 3571 1029 3601 sibi
1043 3568 1174 3600 concessa
1188 3570 1248 3599 fue-

192 3613 249 3642 rat,
261 3616 409 3638 amoveatis
423 3611 550 3640 omnino.

229 3643 268 3687 Et
282 3646 367 3683 magis
379 3647 501 3685 expedit,
521 3646 599 3686 quod
615 3647 687 3678 istud
701 3647 746 3678 fiat
758 3647 813 3678 sine
828 3647 975 3685 scandalo,
991 3646 1027 3677 de
1042 3645 1144 3676 vestrae
1157 3644 1247 3682 pleni-

194 3681 292 3713 tudine
311 3683 464 3726 potestatis,
480 3696 564 3725 quam
588 3687 676 3726 (quod
690 3685 769 3716 Deus
783 3688 896 3723 avertat)
916 3686 1063 3716 occasione
1077 3684 1158 3725 ipsius
1172 3684 1249 3723 pejo-

196 3730 225 3750 ra
247 3728 410 3758 consmgant
426 3732 435 3760 '³
458 3723 491 3753 &
509 3734 560 3754 nos
580 3725 665 3754 vestri
683 3723 871 3763 devotissimi,
894 3725 968 3755 aliud
987 3723 1079 3754 facere
1097 3721 1248 3761 compella-

196 3767 268 3788 mur.

233 3795 337 3826 Scituri
351 3804 403 3834 pro
415 3804 492 3825 certo
505 3798 580 3841 quod
591 3821 601 3836 ,
624 3800 726 3830 etiarnsi
742 3800 886 3830 Dominus
900 3799 967 3830 Rex
978 3801 1012 3831 ὃς
1025 3799 1122 3838 Regni
1134 3800 1252 3838 majores

197 3834 254 3864 hoc
268 3834 386 3870 vellent,
404 3832 600 3879 Communitas
614 3844 706 3868 tamen
726 3839 806 3876 ipfius
827 3839 980 3876 ingreffum
999 3840 1028 3868 in
1047 3836 1178 3877 Angliam
1196 3837 1252 3873 jam

197 3872 350 3915 nullatenus
361 3870 518 3914 sustmeret;
535 3882 623 3916 potius
637 3877 713 3905 enim
725 3877 850 3907 saevirent
863 3878 891 3906 in
905 3877 1105 3916 ipsum,quam
1118 3873 1194 3916 quod
1209 3875 1253 3913 ip-

199 3910 250 3940 sius
265 3908 464 3953 intolerabilem
480 3908 609 3952 faevitiam
623 3914 805 3950 expeetarcnt,

235 3947 318 3990 Qun
338 3949 446 3990 immo,
463 3948 594 3977 omnibus
613 3951 758 3987 regnicolis
779 3951 946 3989 onerosum,
963 3953 997 3983 &
1011 3952 1062 3983 toti
1077 3950 1108 3981 R
1164 3959 1184 3979 o
1198 3948 1253 3979 dis-

200 3985 363 4027 pendiosum
381 3984 524 4024 existeret,
544 3984 563 4014 si
584 3995 750 4027 proventus,
767 3989 804 4019 de
824 3999 882 4030 quo
901 3989 1036 4030 Regnum
1060 3988 1118 4021 infe
1160 3996 1189 4018 re
1201 3987 1253 4024 dis}

625 82 1432 136 coNVENTioNEQ

1489 80 1876 134 LITERAE,

1296 167 1387 207 posuit
1393 169 1596 236 ,fiperciperet3
1613 168 1693 209 quod
1714 168 1747 200 ὃ(
1766 177 1883 205 omnes,
1901 165 1950 204 qui
1968 164 2130 205 qualitatem
2141 166 2249 205 negotii
2261 175 2352 198 nove·
2360 167 2437 201 Ann.
2453 171 2496 202 D.

1291 215 1369 244 rant,
1386 217 1401 236 a
1424 215 1545 237 everant.
1649 240 1652 243 ⁴
2380 214 2426 238 12‘
2456 232 2464 239 .

1324 245 1362 275 Et
1382 253 1458 275 certe
1480 244 1704 282 (clementiffirne
1725 244 1820 283 Pater,
1840 244 1874 275 &
1892 242 2032 279 Domine)
2050 241 2107 272 hoc
2126 241 2184 272 satis
2204 242 2343 274 credimus
2358 210 2471 285 Hen.583

1286 283 1343 313 sine
1364 283 1492 313 scandalo
1509 283 1688 322 faciendum,
1705 293 1774 314 cum
1794 292 1855 313 non
1875 281 1907 311 sit
1924 282 1955 311 in
1968 280 2140 319 Episcopum
2152 279 2344 321 consecratus,

1286 321 1331 352 sed
1346 329 1455 352 tanturn
1469 321 1519 351 fibi
1531 322 1730 353 administratio
1742 321 1783 352 est
1796 320 1935 352 concessa.

1322 359 1411 398 Super
1422 360 1472 390 hiis
1484 368 1578 390 autem
1589 361 1623 391 &
1635 361 1710 399 aliis,
1754 369 1797 389 uae
1809 359 1908 390 nuncii
1921 358 2022 397 nostri,
2040 358 2139 389 latores
2150 357 2346 398 praesentium,

1287 397 1432 428 Sanffitati
1444 397 1544 428 vestrae
1556 398 1739 437 exponent,fi
1760 408 1806 427 em
1820 397 2003 427 indubitatam
2016 396 2147 427 adhibere
2160 399 2174 413 *
2184 397 2289 434 velitis5
2296 406 2346 436 pe-
2364 400 2379 418 *
2391 399 2416 431 I.
2430 401 2497 431 6625
2515 422 2519 426 .

1289 436 1401 479 titiones
1421 435 1544 475 nostraS,
1561 447 1627 475 quas
1647 447 1696 477 per
1710 437 1781 474 ipsos
1793 436 1873 467 vobis
1884 435 2029 466 offerimus
2044 436 2076 474 (fi
2088 434 2192 473 piacet)
2213 435 2248 466 ad
2262 445 2346 467 exau-

1287 473 1401 505 ditionis
1414 475 1529 513 gratiam
1541 475 1726 506 admittentes.
1763 474 1801 506 Et
1814 484 1883 512 nos,

1286 552 1472 630 Rfdedp'lare
1485 552 1642 584 Gloverniae
1656 553 1695 589 &⁶
1709 556 1798 585 Here-
1835 554 1874 594 J.
1897 555 1929 585 de
1945 554 2072 592 Placeto,
2098 556 2239 585 Warevici
2257 559 2344 587 Comi-

1338 601 1366 620 0r
1386 603 1419 620 1ae
1427 615 1437 629 ,
1873 600 1913 623 tes

1285 632 1312 658 S.
1335 629 1367 658 de
1381 628 1546 668 Montejfhrti
1583 630 1750 672 LeicestrIae‚
1834 633 1875 662 Η.
1890 618 1986 669 Bigod,
2008 631 2185 672 Justiciarius
2195 631 2328 671 Angliae,

1285 669 1322 696 E.
1343 669 1433 705 Bigod
1450 653 1649 707 Mari-sffhallus
1663 673 1716 699 An
1733 670 1777 699 liae
1834 673 1868 700 P.
1891 671 1923 700 de
1935 670 2090 710 sabaudia,

1286 708 1326 736 H.
1344 707 1378 752 de
1390 706 1683 747 Bohun,Hertfordiae
1698 681 1798 747 {Es}
1835 709 1872 747 J.
1884 707 1963 749 filius
1980 708 2120 749 Gaffridi,

1315 744 1401 783 Jexrae
1413 767 1423 782 ,
1836 746 1960 786 Jacohus
1977 748 2008 777 de
2023 747 2136 786 Audel,
2156 746 2195 782 &-

1287 785 1332 813 W.
1347 783 1519 814 Albemarle.
1837 787 1936 815 Petrus
1950 786 1982 815 de
1996 785 2178 826 Monteforti,

1319 863 1394 907 ,vice
1409 866 1492 909 totius
1505 863 1742 908 Communitatis,
1777 864 1939 909 ‘raesentibus
1952 865 2035 897 literis
2049 866 2141 907 Sigilla
2155 865 2247 897 nostra
2261 877 2348 908 appo-

1285 901 1404 940 suimus,
1427 914 1458 933 m
1482 903 1675 933 testimonium
1695 914 1728 943 pr
1775 903 1908 933 ictorum.
1942 903 2100 938 Conservet
2123 905 2348 936 incolumitatem

1284 940 1406 972 vestram
1421 942 1563 972 altissimus
1578 951 1627 981 per
1640 951 1766 982 tempora
1779 942 1916 982 longiora.

1562 1077 1611 1108 De
1627 1074 1779 1108 Conduflu
1796 1077 1943 1108 Fratrum
1960 1077 2058 1122 Regis.

1284 1163 1399 1221 REX
1418 1166 1568 1204 omnibus,
1587 1165 1647 1196 ἃς.
1666 1163 1787 1195 salutem.

1375 1204 1472 1234 Sciatis
1494 1214 1546 1235 nos
1568 1203 1710 1241 suscepisse
1728 1205 1756 1233 in
1778 1202 1882 1234 salvum
1903 1203 1936 1233 ὃς
1950 1202 2077 1233 securum
2092 1202 2268 1233 conductum
2280 1212 2346 1233 nos-

1281 1248 1356 1272 trum
1375 1243 1492 1275 dilectos
1514 1244 1548 1274 &
1570 1242 1663 1274 fideles
1677 1242 1805 1280 nostros,
1824 1241 2001 1272 Adomarum
2015 1240 2245 1271 Wintoniensem
2261 1240 2345 1271 Elec-

1279 1288 1359 1319 tum,
1376 1280 1545 1312 Guidonem
1566 1281 1602 1311 de
1624 1281 1790 1319 Lezignan,
1809 1279 1970 1310 Galfridum
1991 1280 2026 1310 de
2046 1279 2190 1318 Lezinan,
2209 1281 2243 1311 &
2265 1280 2343 1310 Wil-

1280 1318 1407 1349 lielmum
1428 1319 1463 1350 de
1482 1320 1629 1358 Valentia,
1654 1329 1723 1349 cum
1743 1327 1801 1349 tota
1822 1319 1925 1349 familia
1943 1319 1988 1349 sua
2004 1341 2014 1356 ,
2040 1319 2068 1347 in
2089 1318 2184 1348 eundo
2202 1317 2236 1348 ad
2255 1327 2342 1358 partes

1279 1357 1467 1389 transmarinas
1481 1381 1491 1396 ,
1522 1360 1590 1388 citra
1605 1359 1681 1389 diem
1695 1357 1881 1387 Dominicani
1893 1359 2050 1397 proximam
2065 1356 2128 1396 post
2142 1356 2244 1388 festum
2257 1367 2342 1389 trans-

1281 1396 1389 1426 lationis
1403 1396 1499 1427 SanCti
1511 1396 1638 1426 Thomae
1652 1395 1801 1435 Martyris,
1819 1398 1952 1435 proximo
1965 1396 2098 1426 futurum.

1317 1434 1356 1465 Et
1376 1435 1411 1465 ad
1432 1435 1502 1472 ipsos
1528 1434 1729 1465 conducendos
1748 1435 1832 1473 usque
1852 1433 2029 1472 Dovoriam,
2044 1434 2077 1465 &
2098 1433 2136 1464 sic
2149 1433 2240 1465 versus
2255 1434 2344 1476 Wyt-

1280 1471 1363 1511 sand,
1381 1481 1519 1514 quantum
1531 1472 1652 1515 potestas
1665 1472 1759 1502 nostra
1775 1473 1801 1502 se
1814 1472 1952 1511 exrendit,
1974 1472 2168 1511 aslignavimus
2182 1472 2298 1503 diledms
2310 1475 2344 1504 &

1281 1511 1376 1542 fideles
1399 1511 1510 1542 nostros
1531 1511 1718 1542 Humfridum
1737 1511 1772 1540 de
1796 1511 1897 1541 Bohun
1912 1510 2060 1541 Comitem
2074 1510 2226 1541 Hereford.
2245 1512 2278 1542 ὃ(
2294 1511 2345 1542 Es?-

1281 1550 1343 1588 sex,
1358 1550 1522 1589 Johannem
1544 1550 1694 1580 Comitem
1715 1549 1887 1587 Warennae,
1906 1549 1939 1579 &
1960 1548 2151 1579 Willielmum
2163 1549 2200 1579 de
2214 1549 2345 1581 Fortibus

1281 1588 1430 1620 Comitem
1452 1588 1638 1627 Albemarlae,
1662 1589 1696 1619 &
1716 1587 1850 1627 quosdam
1869 1587 1938 1618 alios
1956 1586 2081 1618 Nobiles
2098 1586 2134 1617 de
2153 1587 2259 1627 Regno
2279 1599 2347 1619 nos-

1284 1635 1338 1658 tro.

1320 1666 1358 1697 Et
1373 1666 1438 1697 ideo
1455 1666 1538 1697 vobis
1552 1664 1716 1696 mandamus
1729 1664 1807 1704 quod
1821 1664 1904 1695 dietis
1918 1663 2057 1695 Fratribus
2070 1663 2186 1702 nostris,
2202 1673 2250 1696 aut
2267 1665 2349 1695 fami-

1282 1705 1391 1735 liaribus
1405 1706 1471 1744 suis,
1490 1706 1517 1735 in
1534 1703 1701 1735 divertendo
1713 1714 1761 1741 per
1773 1713 1842 1742 vos,
1860 1704 1890 1733 in
1908 1703 2054 1734 condudtu
2065 1702 2266 1743 praedictorum
2274 1703 2346 1734 No-

1283 1744 1385 1774 bilium
1398 1767 1408 1782 ,
1447 1744 1555 1774 nullum
1578 1743 1689 1772 interim
1709 1742 1827 1773 inferatis
1840 1765 1850 1781 ,
1875 1750 1921 1772 aut
1940 1743 1976 1772 ab
1995 1742 2052 1771 aliis
2072 1741 2165 1771 inferri
2184 1743 2347 1782 permittatis

1281 1782 1437 1822 dampnum
1444 1805 1454 1820 ,
1463 1781 1621 1812 molestiam
1629 1803 1638 1818 ‚
1648 1780 1881 1821 impedimentum
1889 1803 1899 1818 ‚
1917 1788 1965 1811 aut
1978 1789 2136 1820 gravamen.

1281 1859 1301 1890 d
1319 1820 1374 1890 Εἰς,
1394 1821 1414 1864 s.¹
1437 1820 1505 1864 quid
1524 1821 1562 1850 eis
1580 1819 1755 1850 forisfactum
1774 1819 1870 1858 fuerit,
1885 1818 1914 1849 id
1934 1820 1988 1857 eis,
2005 1818 2060 1849 sine
2079 1817 2230 1857 dilatione,
2247 1828 2346 1849 emen-

1303 1869 1340 1889 ari
1368 1866 1468 1889 aciatis.

1321 1897 1355 1928 ln
1377 1898 1474 1936 eujus,
1493 1897 1555 1928 &c.
1573 1895 1735 1927 duraturum
1753 1897 1837 1936 usque
1859 1896 1894 1928 ad
1909 1895 1986 1927 diem
2000 1894 2177 1927 dominicam
2189 1895 2348 1934 proximam

1280 1936 1345 1976 post
1357 1935 1463 1966 festum
1477 1935 1660 1967 transsationis
1672 1935 1821 1976 praedic'tae.

1317 2016 1405 2048 Teste
1419 2016 1500 2056 Rege
1515 2017 1588 2057 apud
1601 2015 1735 2048 Winton.
1756 2025 1772 2056 5
1787 2016 1832 2047 die
1840 2016 1916 2056 Julii.

2362 1262 2397 1285 H.
2417 1268 2442 1295 3.

2360 1299 2418 1324 Pat.
2434 1306 2483 1333 42·

2359 1339 2432 1370 H.3.

2357 1382 2383 1401 n.
2404 1381 2446 1409 15.

1281 2151 1402 2183 Littera
1425 2148 1575 2183 Lewelino
1601 2146 1829 2196 objurgatoria,
1855 2148 1891 2182 de
1927 2149 2036 2194 injuris
2062 2156 2165 2180 contra
2189 2149 2345 2195 Trougam

1761 2198 1865 2231 illatis.

2360 2248 2437 2280 Ann.
2452 2249 2494 2281 D.

1278 2288 1399 2348 REX
1412 2287 1535 2319 Leulino
1548 2287 1607 2319 filio
1619 2288 1736 2320 Griffini
1751 2287 1874 2319 salutem.
2380 2298 2412 2318 12.
2416 2289 2462 2324 58.

1371 2327 1450 2358 Cum
1469 2329 1552 2358 nobis
1572 2329 1662 2358 extitit
1683 2329 1843 2358 intimatum
1861 2325 1939 2365 quod
1960 2335 2011 2357 vos
2030 2326 2065 2357 &
2086 2326 2213 2356 homines
2234 2323 2338 2362 vestri,
2357 2330 2409 2354 An.
2428 2337 2475 2363 4²-

1278 2366 1456 2404 quorundam
1476 2365 1600 2396 fidelium
1622 2366 1783 2396 nostrorum
1799 2364 1939 2396 March'iae
1953 2363 2058 2394 nostrae
2072 2363 2228 2404 occupastis
2241 2362 2336 2392 homi-
2356 2370 2390 2394 H.
2409 2375 2434 2401 3.

1279 2415 1328 2434 nes
1347 2404 1474 2441 nostr03‚
1500 2405 1534 2435 &
1554 2405 1720 2435 eorumdem
1741 2404 1866 2434 fidelium
1886 2402 2049 2433 nostrorum
2068 2404 2189 2442 partium
2208 2401 2334 2438 illarum,
2352 2403 2491 2440 Claus.42.

1278 2442 1486 2481 interficiendo,
1503 2442 1709 2483 depraedando,
1724 2443 1757 2474 &
1775 2443 1825 2473 alia
1844 2443 1969 2472 enormia
1988 2441 2024 2472 de
2039 2440 2085 2470 die
2097 2442 2128 2471 in
2140 2441 2233 2477 diem,
2251 2440 2336 2470 nobis
2351 2446 2387 2470 H.
2410 2451 2436 2479 3.

1280 2483 1313 2513 &
1327 2483 1364 2512 eis
1376 2480 1541 2520 inferendo,
1566 2490 1665 2512 contra
1681 2482 1803 2512 formam
1818 2489 1993 2520 treugarum,
2017 2481 2089 2510 inter
2104 2489 2156 2509 nos
2170 2479 2204 2510 &
2219 2488 2269 2509 vos
2283 2480 2338 2508 ini-
2353 2490 2390 2510 m.
2399 2479 2460 2516 9·d.

1277 2529 1385 2558 tarum,
1404 2520 1441 2550 de
1461 2530 1520 2558 quo
1541 2530 1600 2550 non
1623 2520 1802 2550 mediocriter
1820 2519 2002 2549 miramur&
2016 2528 2183 2555 movemur,
2199 2527 2235 2547 eo
2249 2518 2338 2547 maxi-

1279 2569 1327 2590 me
1350 2558 1427 2597 quod
1447 2559 1494 2589 vix
1513 2558 1627 2589 credere
1637 2558 1778 2597 possemus
1791 2557 1869 2597 quod
1882 2558 1974 2588 homo
1986 2558 2072 2587 bonae
2085 2557 2149 2588 fidei
2159 2564 2258 2588 contra
2269 2555 2340 2586 fide-

1276 2599 1381 2629 litatem
1394 2598 1427 2628 &
1441 2597 1629 2634 iuramentum
1643 2598 1789 2636 proprium
1802 2597 1863 2627 talia
1877 2604 2063 2634 attemptaret.

1317 2636 1409 2667 Vobis
1429 2635 1592 2666 mandamus
1614 2637 1742 2675 quatinus
1765 2635 1985 2674 transgressiones
2005 2633 2186 2673 supradietas‚
2204 2633 2287 2664 nobis
2307 2633 2343 2664 δε

1280 2674 1380 2706 nostris
1401 2682 1498 2704 contra
1518 2674 1641 2704 formam
1663 2682 1818 2712 treugarum
1842 2672 2039 2710 praedii‘hrum
2050 2672 2148 2710 illatas,
2166 2682 2234 2701 cum
2249 2672 2347 2702 celeri-

1281 2722 1337 2744 tate
1351 2713 1454 2743 faciatis
1467 2712 1608 2742 emendari
1621 2735 1631 2750 ,
1656 2711 1786 2742 homines
1798 2712 1903 2741 vestros
1916 2710 1952 2740 ab
1965 2709 2124 2746 hujusmodi
2140 2710 2243 2746 injuriis
2258 2710 2344 2739 nobis

1280 2754 1315 2784 ὃ(
1329 2750 1429 2781 nostris
1442 2750 1590 2780 inferendis
1601 2772 1611 2787 ,
1632 2750 1792 2780 durantibus
1802 2748 1903 2787 treugis
1918 2771 1928 2786 ,
1954 2747 2082 2778 desistere
2096 2747 2225 2777 faciendo
2235 2771 2245 2785 ,
2271 2757 2342 2777 cum

1282 2801 1336 2821 nos
1354 2798 1459 2828 treugas
1481 2788 1538 2818 illas
1558 2788 1692 2818 haetenus
1710 2787 1916 2817 observaremus
1928 2795 1963 2815 ex
1977 2794 2054 2826 parte
2070 2784 2181 2820 nostra,
2200 2785 2233 2816 &
2247 2795 2290 2815 eas
2301 2785 2343 2815 se-

1282 2829 1412 2860 cundum
1426 2827 1548 2857 formam
1561 2826 1724 2856 earumdem
1737 2825 1883 2856 observare
1896 2823 2005 2864 plenius
2017 2823 2202 2855 intendamus.

1313 2865 1442 2937 sEtbund
1462 2864 1542 2906 super
1561 2864 1706 2905 praemiffis
1725 2864 1816 2895 facere
1836 2862 1996 2902 volueritis,
2013 2863 2096 2894 nobis
2114 2871 2183 2893 cum
2203 2861 2344 2894 eeleritate

1282 2916 1311 2937 re
1322 2916 1362 2937 cri
1383 2913 1440 2936 atis,

1318 2986 1407 3018 Teste
1421 2985 1507 3025 Rege
1520 2984 1595 3023 apud
1607 2984 1702 3016 West.
1719 2983 1825 3015 octavo
1839 2982 1886 3014 die
1895 2982 1973 3022 Julii.

2363 3042 2378 3060 ⁸*
2389 3043 2413 3072 1.
2426 3043 2494 3083 663:

1397 3120 1424 3148 ’ἦ
1444 3124 1494 3156 De
1505 3124 1631 3168 pecunia
1648 3119 1807 3155 Willielmo
1826 3117 1862 3151 de
1883 3117 2022 3153 Wzlentia
2035 3113 2208 3161 deferenda.
2356 3148 2434 3180 Ann-
2449 3148 2491 3180 D.

2376 3188 2460 3226 1258.

2354 3229 2406 3254 An.
2424 3236 2473 3262 42.

1282 3211 1402 3270 REX
1417 3210 1520 3242 Abbati
1535 3210 1569 3241 &
1583 3209 1748 3239 Conventui
1761 3207 1796 3238 de
1811 3207 1970 3238 Wautham
1984 3205 2106 3237 salutem.

2354 3269 2388 3293 H.
2409 3274 2422 3301 3

1374 3250 1545 3281 Mandamus
1562 3248 1643 3277 vobis
1664 3247 1741 3284 quod
1752 3269 1761 3285 ‚
1778 3247 1813 3276 de
1828 3246 1943 3277 denariis
1956 3244 2050 3276 dilecti
2063 3242 2151 3275 fratris
2163 3240 2251 3273 nostri
2262 3240 2341 3272 Wil-

1284 3291 1371 3323 lielmi
1391 3289 1427 3320 de
1447 3287 1574 3318 Valentia
1608 3286 1729 3323 quisunt
1743 3286 1771 3315 in
1783 3285 1911 3326 deposito
1925 3285 1958 3314 in
1971 3284 2063 3314 domo
2077 3281 2168 3314 vestra
2201 3281 2257 3312 sine
2270 3279 2338 3311 dila·
2429 3284 2437 3291 ·

1286 3332 1364 3361 tione
1372 3351 1382 3366 ,
1398 3325 1561 3368 permittatis
1570 3308 1687 3354 dilectos
1700 3325 1733 3355 ὃς
1746 3323 1840 3354 fideles
1851 3323 1980 3367 nostros,
2004 3321 2155 3364 Simonem
2172 3304 2321 3364 i’aiselewe
2329 3340 2340 3356 ‚
2352 3307 2410 3369 ²22²·
2421 3311 2472 3368 (ιμ’

1288 3370 1322 3400 &
1339 3367 1500 3410 johannem
1522 3363 1558 3393 de
1572 3361 1738 3407 Cokefeud,
1753 3372 1855 3407 capere
1868 3372 1917 3400 per
1929 3362 2020 3392 vlsum
2036 3361 2070 3392 δε
2082 3358 2276 3402 testimomum
2287 3357 2341 3386 ho-
2355 3389 2381 3408 n.
2400 3349 2442 3405 130·

1287 3408 1400 3449 minum
1412 3404 1492 3441 ipsius
1504 3402 1591 3445 fratris
1603 3400 1708 3445 nostri,
1725 3409 1774 3445 tria
1789 3401 1874 3446 millia
1889 3400 2072 3444 Marcamm,
2095 3395 2344 3464 detemdeffstufflffi

1288 3441 1520 3517 ffd‘ssissesnffircff,
1535 3436 2105 3508 &3335ssuss¹dggnpfissffgufi¹²ggfflssg⁰
2137 3435 2345 3518 essedrssiariss,sc

1290 3519 1449 3553 Ricardum
1470 3518 1506 3548 de
1528 3515 1609 3556 Grey
1622 3515 1869 3546 Constabularium
1881 3515 2010 3546 nostrum
2025 3513 2182 3550 Dovoriae‚
2198 3520 2227 3541 in
2237 3509 2347 3554 .f⁰.¹‘¹¹¹²²

1288 3560 1325 3591 de
1348 3557 1485 3590 Concilio
1507 3553 1605 3585 nostro
1618 3554 1744 3593 provisa,
1762 3555 1795 3586 ὃς
1810 3555 1912 3586 eisdem
1924 3553 2035 3584 Comiti
2049 3551 2083 3583 δε
2097 3549 2223 3582 Ricardo
2237 3555 2345 3585 iniunc-

1289 3608 1366 3667 αἱἘε
1385 3632 1505 3664 residuos
1526 3630 1704 3661 denariorum
1726 3631 1794 3662 dieti
1814 3630 1902 3662 fratris
1920 3628 2023 3667 nostri,
2041 3629 2090 3667 qui
2106 3628 2166 3658 sunt
2179 3620 2346 3668 indeposito

1292 3676 1322 3719 in
1321 3671 1468 3742 6praedit‘igt
1467 3670 1570 3738 {1333ss
1580 3669 1781 3746 ἔξίῗὲαῂέξέἰζο
1795 3669 1955 3702 custodiatis
1970 3666 2093 3707 ibidem,
2114 3665 2165 3697 rub
2175 3661 2262 3702 sigillis
2275 3669 2347 3700 prae-

1291 3713 1453 3786 dihprcuffis
1465 3748 1504 3777 rei
1511 3769 1522 3786 ‚
1539 3747 1599 3777 ὅτε.
1763 3732 1769 3739 ’

1330 3827 1419 3861 Teste
1431 3827 1514 3869 Rege
1526 3827 1600 3868 apud
1614 3827 1749 3860 Winton.
1765 3827 1881 3859 decimo
1894 3825 1940 3857 die
1948 3824 2025 3865 julii.

2296 4011 2362 4042 Lit-
