2570 4261
704 208 814 250 ET
897 211 1164 252 ACTA
1246 209 1708 259 PUBLICA.

5 288 82 322 'Ann-
98 287 140 321 D·
153 301 201 332 get
215 295 332 327 amarius
347 318 356 334 ,
379 295 413 326 ὃς
429 295 528 325 interni
544 294 646 325 doloris
659 304 779 325 acumen
799 294 900 325 altioris
914 306 990 327 voce
1006 296 1209 327 lamentationis

28 337 112 368 1244-
153 336 285 372 exponit3
304 335 338 365 <Sc
353 343 403 363 nos
414 334 521 364 acribus
534 334 592 371 ejus
607 333 772 372 compuncfti
785 334 902 363 lacrimis
915 357 924 371 ,
947 336 980 365 &
993 335 1089 365 validis
1101 335 1208 365 clamo-

5 371 67 395 an
83 378 110 405 3·
150 372 225 401 ribus
242 375 371 409 excitati,
390 381 445 401 una
459 381 526 402 cum
540 372 610 410 ipsa,
626 371 680 400 suae
696 370 800 400 nOstrae
821 372 1019 410 persecutionis
1035 374 1208 403 conterimur

152 410 254 440 malleo
268 432 278 449 ,
302 411 415 450 suosque
434 410 545 439 nostros
568 410 732 440 miserabiles
751 410 826 439 casus
845 410 940 441 secum
960 413 1061 449 pariter
1081 411 1208 452 deplora-

151 457 223 477 mus.

186 486 216 515 O
237 495 321 523 quam
341 485 497 516 dolendum
519 495 535 515 a
557 485 680 516 fidelibus
700 486 833 516 omnibus
849 508 858 523 ,
881 487 957 525 quod
973 487 1052 518 locus
1066 510 1076 526 ,
1099 482 1207 517 Christi

147 523 327 554 sanctificatus
342 524 503 562 praesentia,
521 521 770 561 blasphemantium
792 524 880 561 ipsum
896 526 1037 556 residentia
1053 526 1208 564 prophana-

148 562 203 592 turl
224 562 322 601 Qam
338 562 508 601 gemendum
522 563 600 601 quod
617 572 702 600 terra,
720 563 748 592 in
765 563 818 602 qua
833 571 919 601 genus
939 564 1094 600 humanum
1109 565 1144 594 de
1159 574 1208 594 ve-

146 600 228 630 tustae
243 602 405 638 captivitatis
416 602 486 640 jugo
502 602 649 631 liberatum
663 601 751 631 extitit
765 623 774 638 ,
799 602 828 629 in
845 603 1061 639 ignominiosam
1076 603 1208 641 redigitur

145 638 327 670 servitutem!
354 639 384 669 O
407 649 492 679 quam
514 639 746 676 improperiosum
760 638 983 671 Christianorum
1005 638 1207 679 obprobrium,

145 678 179 706 &
201 678 419 716 obprobriosum
441 678 645 715 improperium
661 700 671 714 ,
697 677 775 714 quod
796 678 843 707 ubi
864 677 920 708 Dei
943 679 1012 709 filius
1027 702 1037 718 ,
1061 680 1207 718 temporali

146 724 240 746 morte
253 717 362 754 crucis,
381 716 416 746 de
429 724 571 755 perpetuae
585 717 711 746 cruciatu
726 716 822 745 mortis
837 716 906 754 ipsos
926 719 1024 758 eripuit
1074 718 1112 747 ibi
1129 727 1208 748 acer-

148 754 234 784 bitate
247 754 491 795 blasphemiarum,
507 752 540 786 ὃς
554 754 729 791 impietatum
745 755 881 784 cruciatur
893 755 998 786 orror-el
1021 741 1050 785 ὀ
1065 766 1149 795 quarn
1163 756 1207 785 in-

145 792 307 823 extimabile
320 793 492 832 dampnum,
509 793 586 829 quod
600 792 814 831 praedecessores
827 793 915 823 nostri
921 817 931 838 7
950 804 1069 832 quorum
1087 802 1207 831 attenta,

147 830 182 860 &
197 830 317 862 studiosa
329 830 487 861 sollicitudo
503 831 540 860 illi
554 838 635 861 terrae
649 838 709 861 non
731 830 837 869 defuit,
854 832 969 862 inaniter
983 833 1055 871 quasi
1070 833 1144 862 circa
1158 832 1208 861 dea·

147 869 302 900 sensionem
318 870 375 907 ejus
388 868 510 908 vigilasse
525 868 667 900 videntur!
688 869 778 907 Quod
798 870 917 908 populus
935 870 1109 901 Christianus
1121 893 1131 909 ,
1155 879 1207 900 cu-

144 908 188 944 jus
202 917 274 938 terra
287 909 342 948 ipsa
353 908 451 938 sudore
462 907 625 938 multotiens
638 929 647 946 ‚
659 926 662 930 ·
672 917 724 945 pro
737 907 782 937 suri
802 908 900 939 emisso
916 909 1097 939 subventione
1112 931 1122 946 ,
1146 917 1207 938 ma-

148 945 226 984 duit,
244 947 374 985 cujusque
393 946 523 985 sanguine
543 946 635 976 rubuit
655 945 727 983 saep‘e
742 946 830 986 sparso
845 969 854 984 ,
879 955 984 978 vacuos
998 947 1055 977 fere
1070 946 1207 984 pertulisse

148 984 273 1023 labores,
292 985 467 1023 sumptusque
483 985 591 1014 inutiles
605 993 716 1024 propter
731 985 787 1014 hoc
801 986 924 1017 cernitur
938 985 1056 1016 subiisie!

183 1021 262 1053 Ecce
276 1024 408 1063 siquidem
423 1023 677 1053 Choresniinorum
692 1032 759 1062 gens
775 1023 894 1063 perfida,
912 1024 946 1053 de
966 1024 1019 1053 suae
1038 1022 1158 1063 regionis
1173 1021 1206 1051 fi-

145 1061 228 1091 nibus
242 1071 354 1099 repente
389 1062 509 1093 rosiliens
522 1085 532 1100 ,
557 1063 589 1093 ἃ
604 1062 633 1091 iri
648 1062 749 1091 robore
762 1061 870 1100 grandis
890 1061 1025 1092 exercitus
1045 1071 1127 1094 terras
1141 1070 1206 1091 ante

145 1100 245 1130 faciem
266 1100 341 1131 suam
364 1072 532 1141 depopulans
551 1100 707 1137 universas,
729 1100 882 1130 Civitatem
905 1100 1038 1130 Sanctam
1074 1100 1205 1130 erusalem

2219 233 2296 272 149

1245 303 1288 340 ter
1303 297 1423 329 assistere
1437 322 1446 336 ,
1472 300 1505 330 &
1524 301 1672 333 confilium
1692 305 1725 335 διε
1741 306 1874 335 auxilium
1886 328 1896 344 ,
1921 315 2001 337 more
2019 306 2100 337 solito
2114 329 2124 345 ,
2146 304 2298 336 efficaciter
2315 303 2390 343 Anii.
2406 304 2448 345 Di

1244 345 1284 364 im
1305 337 1407 366 endere
1421 338 1516 368 velitis.
2034 376 2035 379 ,
2336 357 2424 391 124·ss

1269 413 1274 418 ἱ
1294 382 1321 416 ta
1333 375 1427 413 quod,
1447 375 1532 420 ficut,
1552 386 1585 408 eir
1595 381 1734 417 praeterito
1747 381 1857 411 servitio
1865 381 1976 421 vestro,
1994 383 2074 413 nobis
2087 381 2229 422 impenso,
2246 392 2298 412 vo·
2317 381 2385 418 Hm]
2398 400 2423 427 3„

1246 412 1288 442 bis
1302 414 1393 456 sumus
1408 413 1509 444 astridh
1524 415 1556 445 ad
1570 417 1745 454 condignam
1759 421 2030 459 remunerationem,
2053 421 2090 451 sic'
2106 422 2139 452 &
2154 429 2188 451 ex
2202 420 2298 451 futuro

1246 451 1328 495 vobis
1341 451 1439 482 fortius
1453 452 1648 491 astringamur:
1672 455 1822 493 Qoniam
1834 478 1844 495 ,
1870 459 1940 488 inter
1953 469 2053 489 omnes
2068 459 2160 489 fideles
2172 458 2281 489 nostros
2288 482 2298 498 ,

1245 488 1430 533 dominationi
1445 491 1550 522 nostrae
1563 493 1712 531 subjectos,
1728 493 1764 523 de
1782 495 1863 524 vobis
1875 518 1884 533 ,
1907 497 1940 526 &
1954 497 2009 527 aliis
2025 499 2120 538 probis
2137 496 2300 528 hominibus

1245 526 1346 570 nostris
1361 528 1523 560 Wasconiae
1537 553 1546 567 ,
1573 530 1727 561 firmiorem
1747 533 1866 571 gerimus
1885 533 2018 565 fiduciam
2032 559 2040 574 ,
2062 537 2095 567 ὃς
2109 536 2217 567 fortiori
2232 537 2301 567 dile-

1245 565 1342 595 Etione
1354 568 1551 604 amplexamur.

1282 603 1338 642 Et,
1354 605 1419 642 quia
1433 607 1587 637 audivimus
1603 607 1679 645 quod
1696 607 1759 638 Rex
1778 607 1928 639 Navarum
1950 613 2082 650 proponit
2104 613 2233 642 invadere
2247 620 2301 643 ter-

1245 648 1303 686 ram
1318 643 1445 674 nostram
1453 645 1617 675 wasconiae
1626 669 1635 683 ,
1653 646 1734 676 vobis
1748 646 1913 678 mandamus
1924 649 1956 679 ὃς
1974 659 2101 688 rogamus
2115 656 2219 681 attente
2233 661 2301 691 qua-

1245 687 1332 723 trnuS,
1351 682 1421 713 sicut
1436 693 1488 713 nos
1501 684 1630 722 diligitis,
1648 685 1680 714 &
1695 685 1724 714 in
1742 684 1796 714 fide
1810 708 1820 723 ,
1842 695 1894 724 qua
1912 687 1993 716 nobis
2007 685 2162 726 tenemini,
2180 699 2301 719 omnem

1244 718 1432 758 diligentiam,
1450 731 1533 761 quam
1548 724 1675 762 poteritis
1690 747 1699 760 ,
1722 724 1863 761 apponatis
1880 724 1913 754 ad
1932 724 2122 762 defensionem
2142 735 2224 757 terrae
2246 737 2299 758 no-

1244 755 1309 800 strae
1321 758 1478 797 praedidtae,
1497 762 1549 790 una
1564 766 1632 791 ‘cum
1641 760 1796 792 senescallo
1810 762 1925 801 nostro,
1944 765 1992 794 cui
2002 762 2161 794 Consilium
2175 767 2207 796 ὅ(
2222 767 2299 796 auxi-

1243 795 1313 824 lium
1327 795 1360 824 ad
1377 796 1433 827 hoc
1447 797 1597 829 efficaciter
1609 799 1648 829 irn
1670 800 1782 830 endatis.

1280 832 1321 863 Ita
1335 834 1410 871 quod
1427 835 1520 866 honor
1538 837 1635 867 noster
1702 838 1790 873 vester
1810 839 1916 878 plenius
1937 840 2115 870 conservetur
2128 840 2220 872 vestra
2237 842 2299 872 dili-

1245 870 1338 915 gentis
1353 872 1494 904 mediante
1508 898 1518 912 ,
1542 875 1561 894 ἢ*
1582 886 1667 913 quam
1687 875 1836 907 debeamus
1851 878 2002 914 specialiter
2017 879 2217 911 commendare
2231 904 2242 920 ,
2267 881 2300 912 Sc
2320 881 2334 897 ⁸*
2349 881 2371 908 Ι-
2385 883 2451 916 425.

1246 910 1328 939 vobis
1341 910 1374 940 &
1390 911 1485 941 vestris
1500 912 1534 942 ad
1551 913 1623 944 bene
1637 915 1795 945 faciendum
1811 915 1931 955 astringi.

1246 947 1376 1015 Mgtqsiie
1401 949 1486 986 Rege
1511 951 1583 991 apud
1608 951 1894 983 VVestmonasterium
1909 977 1919 992 ,
1949 955 2088 986 vieesimo
2110 955 2231 994 septimo
2256 956 2301 988 die

1280 1061 1383 1092 Eodem
1394 1064 1466 1093 modo
1474 1062 1605 1102 firibitur
1620 1066 1738 1096 omnibus
1755 1068 1906 1096 Baronibus
1921 1069 2072 1107 Uiafioniae.

145 1148 251 1177 nuper,
270 1139 333 1176 post
346 1139 424 1170 durae
436 1139 585 1169 obsidionis
597 1138 751 1178 angustiam
766 1161 776 1176 ,
801 1139 951 1175 occupavit
965 1150 975 1176 3
1001 1140 1032 1168 in
1075 1135 1204 1168 hristico-
1457 1142 1468 1144 “
2170 1149 2186 1151 -

142 1175 195 1211 las,
214 1177 377 1208 habitatores
393 1179 490 1217 ipsius,
509 1185 703 1208 convertentes
717 1177 743 1206 se
764 1176 798 1206 ad
815 1175 891 1215 fugae
906 1176 1043 1220 refugium
1053 1200 1067 1220 ,-
1078 1177 1115 1206 sic
1132 1177 1203 1206 orri-
1327 1187 1416 1219 Bulla
1436 1199 1496 1233 qua
1516 1190 1721 1220 immunitates
1736 1192 1772 1227 (ῤ’
1783 1191 1862 1235 jura
1883 1192 1926 1222 Re
1935 1192 1977 1222 sia
1994 1192 2207 1236 confirmanmr

143 1215 235 1246 biliter
250 1217 322 1246 virus
337 1216 392 1246 suae
406 1217 518 1247 feritatis
529 1216 691 1253 effundens,
710 1222 740 1245 ut
754 1224 852 1244 omnes
867 1222 970 1258 pariter.
987 1215 1069 1259 gladii
1088 1224 1143 1259 ore
1154 1214 1203 1257 de-
1921 1203 1942 1237 «ἓ
2156 1223 2161 1228 ·
2209 1218 2218 1226 ”

144 1253 280 1293 glutiens,
297 1255 449 1294 aspersione
467 1255 571 1285 cruoris
589 1263 688 1283 eorum
710 1262 876 1289 camporum
899 1254 1041 1293 planitiem
1062 1262 1203 1290 irrorat1t3

143 1292 194 1329 διε,
217 1293 293 1332 quod
310 1294 407 1323 intima
423 1293 508 1322 nostri
527 1291 634 1328 cordis,
652 1292 792 1320 amarioris
806 1290 924 1321 tristitiae
938 1290 1011 1329 telo,
1035 1290 1113 1329 ferit,
1135 1301 1201 1321 otn-

144 1340 268 1369 nemque
281 1331 392 1362 fidelem
405 1331 520 1361 offensae
532 1329 615 1360 debet
628 1329 801 1369 immanitate
814 1329 1064 1368 compungere‚ad
1077 1329 1203 1360 sasseium

141 1369 389 1407 venerandumque
407 1368 541 1399 salvatoris
561 1366 749 1404 Sepulchrum
765 1367 803 1396 sui
818 1366 916 1396 furoris
932 1368 1042 1397 extens&
1057 1367 1097 1398 irs
1111 1391 1120 1406 ,
1142 1377 1202 1398 ma-

144 1418 195 1437 nui
205 1419 239 1438 ue
250 1409 278 1438 in
293 1408 381 1447 ipsum
401 1406 503 1446 injecta
520 1405 665 1443 sacrileva,
685 1405 751 1435 illud
763 1427 772 1442 ,
795 1405 867 1444 proh
885 1405 982 1435 dolor!
1002 1407 1124 1437 asseritur
1139 1408 1203 1436 vio-

142 1418 226 1484 lasse,
244 1454 275 1476 ut
287 1447 372 1476 animi
387 1445 424 1476 sui
439 1445 540 1482 rabies,
558 1443 593 1475 ad
607 1430 714 1474 &insti
728 1443 911 1474 contumelias
929 1442 1092 1475 inflammati
1106 1468 1115 1484 ,
1140 1445 1202 1475 loca

143 1485 246 1523 etiam,
265 1485 292 1513 in
305 1485 404 1523 quibus
419 1483 600 1520 corporaliter
614 1481 694 1512 affiiit
705 1505 716 1521 ,
739 1483 899 1513 intemerata
914 1492 973 1512 non
988 1483 1089 1513 deserat
1102 1496 1112 1522 ·,
1139 1483 1184 1514 sed
1194 1506 1203 1521 ‚

144 1522 274 1559 dissipatis
287 1524 324 1552 eis
337 1545 347 1561 ,
373 1531 492 1552 omnem
507 1522 536 1551 in
559 1521 699 1552 mentibus
722 1519 844 1551 fidelium
860 1543 869 1558 ,
891 1522 966 1551 circa
982 1521 1040 1559 illa,
1061 1522 1204 1552 fervorem

144 1560 304 1591 devotionis
318 1561 478 1599 extinguat,
497 1560 529 1591 δε
544 1559 580 1590 ad
594 1558 752 1597 Templum
767 1556 889 1588 Domini
909 1560 1072 1591 continuata
1085 1560 1187 1591 saevitia
1196 1583 1205 1599 ,

144 1599 211 1629 illud
224 1607 302 1630 tanto
315 1597 458 1630 enormius
471 1599 576 1638 incepit
593 1597 719 1636 diruere,
735 1606 841 1637 quanto
854 1597 991 1628 ardentius
1005 1608 1135 1629 normam
1150 1599 1206 1629 dis-

145 1636 254 1668 solvere
265 1637 433 1669 Christianae
445 1637 584 1676 religionis
596 1635 715 1667 intendit
729 1658 740 1674 ,
763 1636 796 1666 &
813 1635 982 1667 orthodoxae
1001 1636 1066 1668 fidei
1082 1637 1204 1678 quassare

1253 1266 1263 1269 ⁰
1281 1270 1315 1300 N
1316 1272 1464 1302 nocentius
1477 1271 1648 1312 Episcopus,
1667 1273 1760 1303 servus
1775 1273 1919 1304 servorum
1933 1273 2006 1313 Dei,
2024 1278 2165 1310 carissimo
2180 1283 2209 1311 iii
2218 1279 2303 1309 Chri-
2323 1271 2397 1310 Arm.
2412 1272 2452 1313 D.

1264 1347 1268 1351 ι
1282 1309 1325 1339 sto
1341 1310 1415 1347 filio,
1433 1310 1530 1342 illustri
1545 1311 1624 1349 Regi
1645 1311 1778 1350 Angliae,
1795 1313 1911 1343 salutem
1925 1334 1935 1348 ,
1960 1313 1993 1343 &
2008 1314 2203 1354 Apostolicam
2218 1319 2303 1348 bene·
2344 1325 2427 1358 1244.

1241 1346 1407 1379 diftionem.
2324 1361 2374 1385 An.
2391 1359 2435 1387 28.

1283 1386 1381 1423 Regni
1394 1387 1509 1425 Angliae
1520 1387 1641 1419 honores
1655 1388 1689 1418 &
1698 1389 1759 1426 jura
1773 1399 1808 1419 eo
1821 1388 1963 1419 sollicitius
1978 1391 2056 1422 firma
2070 1393 2103 1423 ὃς
2117 1393 2217 1426 illibata
2229 1404 2302 1426 conG
2323 1400 2357 1422 H.
2380 1405 2404 1432 3.

1245 1423 1342 1468 servari
1359 1427 1506 1466 cupimus,
1523 1438 1580 1466 quo
1593 1426 1731 1461 Regnum
1744 1427 1848 1466 ipsum,
1866 1429 1937 1458 inter
1955 1430 2023 1468 alisi,
2038 1432 2161 1469 specialis
2175 1434 2302 1464 dileetio·
2321 1437 2359 1460 Ex
2373 1437 2431 1461 Au*

1244 1472 1285 1492 nis
1300 1466 1489 1499 praerogativa
1504 1466 1741 1504 complefflmur,
1759 1467 1792 1497 &
1811 1467 1868 1504 ejus
1888 1469 2043 1500 commoda
2059 1471 2219 1503 ferventiori
2234 1472 2303 1502 des-i-
2319 1479 2385 1508 tagr-

1242 1501 1322 1531 derio
1337 1501 1509 1534 affedtamus.

1284 1539 1324 1570 Ea
1338 1550 1469 1579 propter,
1485 1539 1622 1572 carissime
1637 1542 1665 1571 in
1681 1541 1799 1572 Christo
1814 1542 1852 1573 fili
1866 1566 1875 1581 ,
1900 1545 2045 1584 precibus,
2063 1557 2129 1587 quas
2144 1548 2260 1580 diledius
2273 1550 2307 1581 fia

1243 1577 1310 1617 lius,
1326 1577 1464 1619 Magister
1479 1580 1519 1610 D.
1534 1579 1569 1610 de
1584 1580 1688 1610 Sandio
1704 1578 1851 1620 Martino,
1871 1581 2005 1614 Nuncius
2019 1594 2096 1623 tuus,
2116 1588 2198 1617 nobis
2212 1598 2246 1618 ex
2259 1598 2305 1620 tua

1244 1625 1320 1654 parte
1335 1620 1479 1657 porrexit,
1504 1628 1583 1658 grato
1605 1628 1803 1650 concurrentes
1823 1620 1925 1651 assensu
1940 1645 1949 1659 ,
1978 1625 2164 1659 magnitudini
2182 1635 2238 1657 tuae
2251 1629 2306 1658 irn-

147 1675 315 1706 stmecumm
1247 1657 1412 1695 munitates,
1432 1659 1465 1689 &
1478 1657 1530 1688 alia
1542 1658 1602 1695 jura
1617 1658 1692 1695 regia
1704 1681 1713 1695 ,
1738 1667 1802 1696 quae
1814 1660 1843 1688 in
1858 1659 1988 1691 Ecclesiis
2005 1663 2117 1693 obtines
2130 1681 2141 1702 ,
2166 1665 2236 1696 ficut
2252 1667 2304 1697 rite

223 1716 229 1721 .
472 1715 477 1720 .
897 1710 903 1719 i
971 1714 976 1720 .
1019 1714 1023 1720 .
1047 1715 1052 1720 .
1148 1715 1152 1720 .
1245 1693 1288 1723 illa
1323 1695 1373 1725 offi
1579 1707 1586 1713 .
1608 1693 1672 1725 haa
1691 1696 1741 1726 nus
1822 1698 1828 1706 '⁴
2048 1703 2061 1715 -’
2263 1706 2269 1723 ³

143 1714 314 1783 ..sat-‘223
333 1712 875 1792 ersessffsssupzzds’assisis
895 1712 1207 1790 sarmatas}
1245 1696 1514 1802 coffirffssizfiss
1527 1696 2306 1802 sizsgusss‘escriptssisslidoec‘ssfo‡‡{?34355?mss³³0st0³·⁶²

517 1791 541 1796 --
568 1775 578 1791 ³
621 1792 625 1796 -
664 1791 667 1795 -
738 1774 747 1789 ’
921 1791 925 1796 -
1029 1792 1033 1797 ·
1058 1792 1065 1799 «
1192 1794 1199 1800 .
1321 1782 1336 1802 u
1358 1774 1367 1802 i
1398 1784 1432 1802 r<r
1518 1775 1588 1803 nino
1622 1774 1753 1803 ominum
1778 1775 1786 1803 i
2003 1779 2029 1800 «ν’
2053 1793 2056 1797 -
2293 1799 2305 1806 .,

143 1801 211 1861 gem
224 1801 285 1821 ‘²⁰¹¹
298 1791 447 1829 habentes,
464 1794 606 1821 ⁰m¹¹¹mu⁵
619 1799 762 1835 intimas&
780 1789 826 1820 sed
839 1800 854 1819 a
868 1800 984 1822 vemaoe
995 1800 1104 1822 ‘mmm
1119 1792 1205 1831 longe
1246 1783 1592 1850 firmationeissffifgtg‘gere'
1610 1812 1655 1841 vel
1668 1813 1692 1841 ei
1705 1813 1768 1842 ausu
1779 1776 2104 1856 tgsnagrssrcitdccgantsrlgiitez
2116 1780 2219 1811 nOstrae
2234 1791 2292 1813 con

165 1837 718 1907 ³¹1¹*ss‚ugffinffoffdggffitteafftnnffiffiffltrgrae
730 1866 874 1905 jamdi&ae
892 1867 1034 1907 oppress-10
1055 1879 1114 1899 non
1136 1869 1208 1900 21Ἡί-
1271 1848 1483 1895 'Siquisautem
1499 1852 1556 1882 hoc
1574 1859 1738 1888 attemptare
1755 1851 1956 1896 praesumpserit
1970 1876 1978 1891 ,
2004 1855 2225 1894 indignationem
2240 1865 2306 1888 om·-

144 1907 209 1947 git?
229 1907 291 1937 Ha!
310 1916 396 1946 quern
412 1904 610 1936 Christicolam
625 1913 668 1936 tot
681 1906 767 1949 etiam
781 1913 886 1950 atroces
905 1907 1012 1950 injburiae
1026 1905 1132 1951 Christi
1146 1919 1207 1938 non
1246 1888 1701 1958 ἓὲῗίῑῖῗῗέἒὲῇώἓηδεὸωωῐῃ
1717 1889 1792 1920 pem
1807 1889 1840 1920 ἃ
1856 1889 1950 1929 P‘fflh’
1969 1891 2176 1930 APOstOIOOEm
2189 1906 2262 1934 ΕΜ)
2279 1897 2306 1926 se

150 1945 578 1992 commovent{relinqueturne
590 1943 707 1984 *geritis
720 1943 927 1990 illiusximpietas
941 1955 979 1989 im
1001 1956 1077 1984 unffi,
1097 1948 1210 1991 &per-
1283 1964 1351 1994 Dat·
1366 1965 1497 2006 [lugdun.
1512 1967 1537 1997 se
1551 1951 1631 1997 'timo
1651 1958 1693 1997 Id·
1713 1965 1816 2005 Aprilis
1862 1966 2050 2001 pontificatfis
2068 1970 2159 2001 nostri
2177 1982 2192 2003 a
2234 1983 2253 2003 0
2266 1972 2306 2004 sea

149 1992 275 2015 mittetur
288 1984 374 2014 libere
392 1983 487 2013 faevire
503 1982 666 2013 mucrone?
689 1981 803 2012 Nonne
823 1991 921 2013 contra
943 1993 970 2023 lp
982 1994 1027 2014 arn
1050 1985 1208 2016 devotionis
1303 2003 1322 2034 d
1538 1977 1558 2006 Ρ
1831 1988 1841 2005 ²
2194 1983 2232 2004 sm

147 2023 214 2054 zelo
225 2032 303 2052 mens
317 2021 469 2052 ChristIani
482 2020 625 2060 cujussibet
639 2019 809 2051 accendetur
855 2029 907 2059 cor
921 2024 1061 2053 munietur
1077 2017 1210 2054 constan-
1246 2012 1302 2050 cup
1323 2012 1352 2034 ⁰⁶

148 2063 196 2092 tiae
210 2062 329 2101 clypeo,
348 2061 381 2091 ὃς
395 2059 506 2091 dexrera
526 2058 618 2100 gladio
638 2060 788 2090 armabitur
804 2043 916 2102 ultionis
932 2060 943 2090 ?
969 2060 1089 2099 Expedit
1103 2064 1209 2102 quippe

147 2100 237 2139 gentis
251 2099 371 2137 ejusdem
386 2099 522 2138 potentiae
537 2105 666 2138 potenter
681 2097 714 2128 &
729 2098 854 2128 celeriter
867 2100 1030 2139 repugnari,
1047 2102 1084 2131 ne
1098 2101 1132 2132 ad
1146 2102 1211 2134 alia-

146 2147 211 2170 rum
226 2138 422 2168 exterminium
435 2137 583 2176 regionum
594 2135 754 2175 processum
766 2136 866 2167 habeat
880 2138 1050 2176 expeditum.

184 2176 368 2207 serenitatem
384 2176 477 2213 itaque
495 2176 598 2214 regiam
616 2184 783 2213 monemuS,
799 2184 833 2205 ro
853 2185 948 2214 amus,
965 2177 998 2208 &
1012 2176 1155 2208 hortamur
1169 2186 1210 2209 at-

147 2217 243 2254 tente,
262 2225 295 2246 ac
307 2213 487 2245 obsecramus
501 2223 550 2252 per
563 2214 725 2253 sanguinem
735 2213 811 2253 Jehu
863 2214 932 2244 rristi
944 2238 953 2253 ,
975 2214 1120 2255 quatinuS,
1138 2227 1211 2247 con-

149 2253 268 2285 fiderato
288 2253 407 2293 provide
446 2253 503 2283 uod
526 2261 632 2292 quanto
653 2252 713 2291 plus
732 2263 747 2282 a
769 2251 903 2283 Domino
922 2254 1054 2291 recepisse
1072 2255 1211 2294 nosceris,

146 2300 227 2324 tanto
241 2292 327 2332 magis
341 2293 397 2330 ejus
409 2301 429 2322 ο
450 2291 545 2331 sequiis
556 2301 584 2321 es
598 2291 752 2330 obligatus,
770 2290 901 2330 suamque
914 2291 1000 2323 fidem
1011 2294 1161 2325 animosius
1174 2295 1209 2325 &

147 2331 318 2362 constantius
331 2330 472 2361 defensare
486 2331 587 2360 teneris
599 2353 608 2368 ,
633 2331 663 2360 iri
678 2329 839 2360 succursum
855 2340 936 2361 terrae
950 2331 1090 2371 praefatae,
1108 2342 1211 2364 contra

146 2370 236 2410 gentis
250 2378 412 2401 memoratae
425 2369 568 2407 perfidiam
583 2368 720 2399 ferventer
734 2377 886 2407 exurgens,
906 2369 943 2399 fic
959 2371 984 2400 ei
1002 2369 1163 2402 festinanter
1175 2372 1209 2403 &

149 2407 321 2447 efficaciter,
338 2409 368 2438 in
381 2416 467 2438 taritae
481 2407 645 2438 necessitatis
662 2407 797 2443 articulo,
811 2407 957 2438 subvenire
972 2418 1118 2449 procures,
1135 2410 1212 2450 quod

150 2455 203 2477 tuo
218 2448 251 2478 &
265 2447 386 2477 aliorum
400 2446 602 2477 interveniente
613 2445 732 2482 subsidio
745 2467 755 2483 ,
779 2445 816 2475 de
829 2446 942 2485 pollutis
955 2446 1108 2478 infidelium
1123 2449 1214 2479 mani-

151 2485 204 2554 ἓξ
215 2486 285 2525 eripi
299 2485 405 2523 valeat,
423 2485 456 2516 &
470 2484 574 2523 cultui,
591 2483 702 2514 favente
709 2481 860 2523 Domino,
877 2484 997 2516 totaliter
1011 2485 1119 2517 restitui
1126 2487 1214 2518 Chri-

204 2534 252 2554 no.

191 2561 260 2592 Nos
274 2562 352 2591 enim
365 2560 401 2590 de
417 2559 629 2601 Omnipotentis
643 2560 702 2591 Dei
718 2560 908 2592 misericordia
918 2584 928 2600 ,
948 2562 980 2593 &
995 2563 1144 2594 beatorum
1160 2564 1214 2595 Pe-

152 2600 234 2630 tri&
249 2599 343 2638 Pauli,
362 2599 390 2629 A
431 2599 568 2630 stolorum
583 2601 661 2638 ejus,
685 2599 846 2630 auctoritate
866 2599 963 2631 confifi
975 2623 984 2639 ,
1009 2611 1041 2632 ex
1061 2602 1106 2634 illa
1127 2613 1212 2643 quam

153 2639 255 2677 nobIs,
274 2639 339 2669 licet
352 2638 380 2667 in
401 2638 474 2675 ignis
487 2660 498 2677 ,
517 2637 598 2669 Deus
611 2638 713 2682 ligandi
727 2646 808 2682 atque
822 2638 946 2669 solvendi
966 2641 1087 2670 contulit
1099 2664 1108 2679 ,
1127 2650 1213 2685 ‘pote-

0 1951 15 1972 Ι
29 1954 128 1990 1424.

1633 2070 1757 2103 Plumbeo
1773 2074 1862 2121 Sigillo
1873 2077 2005 2143 pendente
2019 2088 2037 2106 a
2044 2077 2104 2118 filis
2110 2079 2203 2119 sericis

1746 2112 1826 2153 flavi
1840 2125 1871 2144 ru
1891 2126 1962 2155 eique
1975 2115 2073 2147 coloris.

1278 2235 1369 2268 Bulla
1378 2246 1433 2283 pro
1454 2239 1530 2284 Rege
1548 2246 1650 2269 contra
1666 2237 1825 2270 Davidem
1844 2242 2010 2287 Principem
2028 2243 2201 2276 Norwalliae
2213 2271 2223 2286 ‚
2248 2246 2285 2282 &-

1332 2286 1396 2332 ejus
1416 2283 1627 2332 absblntionem
1643 2297 1662 2318 a
1673 2287 1851 2331 juramento
1871 2293 1943 2336 Regi
1961 2290 2077 2338 Angliae
2091 2290 2224 2338 prastito.

1248 2370 1472 2432 INnocentius
1485 2370 1654 2411 Episcopus,
1670 2371 1761 2404 servus
1779 2372 1923 2404 servorum
1944 2374 2022 2413 Dei,
2040 2377 2243 2410 venerabilibus
2256 2380 2310 2410 fra-
2328 2371 2405 2406 Ann.
2421 2371 2466 2406 D.

1287 2411 1375 2441 tribus
1478 2409 1568 2440 Elien.
1583 2411 1617 2441 &
1765 2410 1925 2443 Karleolen.
1947 2412 2108 2455 Episcopis,
2125 2417 2255 2456 salutem,
2275 2419 2307 2449 &
2351 2423 2438 2454 1244.

1250 2448 1446 2488 Apostolicam
1460 2448 1700 2479 benedictionem.
2330 2458 2382 2481 An.
2400 2453 2446 2480 28.

1287 2487 1423 2526 Exposuit
1436 2487 1518 2523 nobis
1531 2487 1647 2518 dilectus
1662 2487 1732 2518 filius
1740 2487 1878 2526 Magister
1887 2489 2050 2522 Laurentius
2063 2491 2100 2522 de
2114 2491 2220 2524 Sanr‘Jm
2229 2493 2310 2524 Mar·
2332 2498 2365 2520 H·
2387 2502 2413 2529 3·

1250 2526 1328 2564 tino,
1345 2525 1481 2556 Nuncius
1497 2526 1628 2556 carissimi
1645 2528 1675 2557 in
1697 2524 1816 2557 Christo
1837 2528 1885 2558 filii
1904 2529 1992 2560 nostri
2113 2531 2226 2571 Angliae
2247 2532 2309 2563 Re·
2327 2535 2367 2558 Ex
2381 2535 2442 2564 Auo,

1252 2565 1294 2599 gis
1308 2563 1434 2602 illustris,
1449 2564 1528 2602 quod
1543 2565 1645 2594 nobilis
1661 2563 1703 2594 vir
1721 2564 1835 2604 David,
1854 2568 1902 2605 qui
1917 2567 1944 2597 se
1958 2578 2010 2606 pro
2026 2567 2156 2608 Principe
2170 2571 2204 2600 N
2206 2571 2308 2602 orwal-
2326 2577 2389 2608 togr„

1250 2603 1294 2633 liae
1309 2603 1403 2640 gerit,
1429 2603 1560 2642 cujusque
1575 2604 1765 2642 progenitores
1784 2605 1888 2635 vassalli
1902 2604 2020 2645 Regum
2039 2608 2150 2647 Angliae
2163 2632 2173 2647 ,
2196 2607 2312 2640 Praede-

1252 2641 1393 2671 cessorutn
1407 2640 1496 2679 Regis
1507 2642 1603 2679 ipsius,
1621 2652 1636 2671 a
1650 2645 1779 2680 tempore
1792 2665 1803 2681 ,
1828 2645 1904 2681 cujus
1919 2655 1979 2675 non
1999 2654 2073 2676 eXtat
2092 2648 2247 2686 memoria,
2265 2657 2314 2678 ex-

2 3698 86 3731 ¹Ann.
100 3698 142 3730 D.

32 3748 116 3776 1244.

154 2676 239 2715 state,
257 2675 408 2714 omnibus,
427 2677 475 2714 qui
489 2676 616 2707 laborem
631 2676 715 2706 istum
729 2686 758 2706 in
773 2678 889 2715 propriis
903 2678 1020 2716 personis
1035 2679 1165 2710 subierint
1179 2682 1212 2711 &

154 2716 293 2754 expensis,
311 2715 422 2753 plenam
436 2715 548 2745 suorum
562 2715 778 2755 peccaminum,
795 2715 831 2745 de
845 2726 855 2744 t
865 2717 945 2746 uibus
962 2719 1097 2748 veraciter
1112 2718 1214 2749 fuerint

154 2754 243 2785 corde
255 2754 391 2791 contriti,
405 2753 439 2783 &
455 2762 506 2784 ore
520 2753 638 2784 confessi
653 2775 663 2792 ,
685 2755 797 2784 veniam
813 2726 1005 2793 indulgemus,
1023 2757 1073 2795 ὃς,
1092 2757 1121 2787 in
1137 2759 1215 2788 retri-

153 2792 272 2823 butione
287 2791 440 2830 justorum,
458 2791 545 2822 saluns
559 2801 673 2823 aeternae
688 2792 855 2831 pollicemur
868 2802 1059 2832 augmentum.

192 2830 240 2861 Eis
253 2839 363 2868 autern,
383 2831 431 2868 qui
444 2840 502 2861 non
517 2831 547 2861 in
562 2831 681 2870 propriis
714 2831 815 2861 erfonis
829 2832 894 2862 illuc
916 2833 1098 2873 accesserint,
1122 2834 1166 2864 sed
1186 2836 1214 2865 iri

153 2869 204 2900 suis
218 2869 349 2900 duntaxat
361 2869 502 2908 expensiS,
521 2870 594 2907 juxra
604 2869 705 2900 faculta
718 2880 764 2899 em
782 2871 815 2900 &
835 2871 995 2908 qualitatem
1016 2873 1091 2903 suam
1106 2896 1115 2910 ,
1140 2875 1215 2904 viros

154 2907 271 2938 idoneos
281 2907 497 2946 destinaverint,
511 2909 545 2939 ὃς
562 2909 612 2938 illis
626 2908 747 2938 similiter
759 2910 825 2947 qui,
839 2910 904 2940 licet
919 2911 947 2939 in
968 2911 1062 2941 alienis
1076 2914 1214 2951 expensis,

155 2947 185 2976 in
201 2948 319 2991 propriis
331 2954 425 2975 tamen
445 2947 566 2985 personis
583 2947 763 2985 accesserint,
780 2948 889 2987 plenam
904 2948 1016 2979 suorum
1031 2951 1216 2982 concedimus

155 2994 269 3016 veniam
286 2991 479 3022 peccatorum.

193 3022 287 3059 Hujus
302 3031 414 3061 quoque
428 3021 591 3053 remissionis
604 3023 738 3054 volumus
752 3047 761 3063 ,
786 3025 818 3054 ὃς
833 3025 1017 3056 concedimus
1035 3026 1092 3057 esse
1105 3028 1217 3066 partici-

156 3069 223 3100 pes,
236 3061 314 3098 juxta
325 3061 505 3103 quantitatem
517 3061 641 3101 subsidii,
659 3063 692 3093 δε
705 3063 862 3094 devotionis
875 3064 1024 3104 affedium,
1043 3076 1142 3096 omnes
1152 3068 1217 3105 qui,

155 3099 189 3128 ad
205 3099 419 3128 subventionem
435 3100 515 3138 ipsius
528 3108 624 3138 terrae,
643 3101 678 3131 de
690 3101 772 3132 bonis
787 3102 836 3132 suis
854 3112 980 3142 congrue
1003 3105 1217 3143 ministrabunt,

155 3144 204 3168 aut
218 3137 364 3166 consilium
380 3137 413 3166 ad
427 3137 499 3175 hoc,
517 3139 550 3168 ὃς
563 3139 695 3169 auxilium
709 3141 898 3178 impenderint
912 3150 1095 3182 oportunum.

195 3174 336 3205 Volumus
349 3176 432 3205 etiam
446 3176 646 3215 crucesignatos
668 3178 717 3208 illo
735 3180 884 3219 privilegio
899 3203 908 3218 ,
933 3180 1022 3219 eaque
1038 3182 1218 3213 immunitate

157 3213 293 3253 gaudere,
310 3223 374 3250 quae
388 3215 415 3242 in
433 3215 555 3251 generali
569 3216 694 3245 concilio
707 3219 896 3249 continentur.

195 3252 242 3282 Ad
255 3251 474 3282 subveniendum
488 3263 582 3283 autem
597 3254 645 3293 ipsi
662 3262 759 3293 terrae,
777 3259 862 3287 totius
879 3258 1030 3297 diligentiae
1047 3257 1169 3289 studium
1185 3269 1218 3291 ac

157 3299 262 3328 opem,
279 3289 314 3320 &
325 3299 455 3329 operam,
474 3301 540 3330 quas
555 3293 726 3331 poterimus,
744 3295 949 3333 impendemus.

196 3363 266 3397 Dat.
279 3365 412 3405 Lugdun.
431 3375 476 3396 10.
491 3366 556 3398 Kal.
571 3366 654 3398 Febr.
668 3367 852 3402 Pontificatus
866 3372 954 3404 nostri
968 3382 1044 3404 anno
1058 3372 1189 3405 secundo.

578 3443 703 3474 Plumbeo
714 3445 806 3484 Sigillo
814 3449 946 3485 pendente
959 3459 977 3478 a
983 3449 1036 3491 filo
1050 3451 1172 3481 canabeo.

190 3571 312 3604 Littera
329 3565 502 3610 Akfmirillo
519 3567 554 3600 de
572 3568 597 3600 le
615 3571 728 3614 Sparr‚
752 3572 833 3617 quod
848 3572 1032 3619 [Wftoniam
1047 3575 1188 3619 defendat

395 3627 498 3650 contra
517 3617 694 3660 invifionem
713 3621 799 3665 Regis
817 3624 978 3659 Navarrae.

161 3697 246 3758 RE
255 3700 287 3732 X
303 3701 464 3733 Akenwillo
479 3702 514 3732 de
528 3702 554 3732 le
567 3702 647 3740 Sparr
663 3702 786 3733 salutem.

250 3740 364 3772 Recens
379 3742 537 3779 memoria,
555 3751 639 3778 quam
655 3742 792 3771 continue
805 3748 931 3774 tenemus
946 3746 975 3775 iii
990 3749 1086 3777 animo
1102 3747 1220 3786 nostro,

1252 2680 1389 2718 titerunt,
1406 2679 1488 2710 nobis
1505 2680 1573 2710 falso
1588 2680 1731 2720 suggerens
1749 2681 1829 2721 quod
1842 2682 1986 2714 Romanae
2002 2683 2152 2723 Ecclesiae,
2170 2696 2186 2716 a
2199 2686 2252 2716 suis
2265 2697 2315 2725 pa-

1253 2717 1393 2757 rentibus,
1412 2718 1490 2748 datus
1507 2718 1595 2749 fuer-„it
1614 2720 1642 2749 in
1662 2718 1827 2757 alumpnum
1839 2743 1849 2758 ,
1873 2721 2016 2762 diCtusque
2034 2722 2099 2753 Rex
2118 2734 2184 2755 eum
2198 2748 2208 2764 ,
2233 2725 2314 2764 quod

1252 2757 1303 2787 suis
1318 2765 1422 2795 pareret
1437 2757 1571 2788 mandatis
1583 2780 1593 2796 ,
1610 2759 1700 2796 jurare
1715 2759 1889 2797 compulerat
1908 2770 1959 2800 per
1979 2762 2039 2791 vim
2059 2763 2093 2793 ὃς
2107 2771 2217 2793 metum
2233 2786 2242 2801 ,
2265 2766 2317 2803 qui¹

1253 2795 1352 2826 cadere
1385 2802 1472 2826 oterat
1486 2797 1516 2826 in
1533 2795 1713 2826 constantem
1725 2819 1736 2835 ,
1759 2798 1793 2827 ad
1915 2798 1950 2829 de
1965 2798 2210 2832 Haberconnuum
2228 2803 2262 2832 &
2278 2803 2315 2833 de'

1255 2834 1340 2864 Keni.
1383 2833 1479 2864 bbates
1493 2833 1681 2865 Cisterciensis
1695 2835 1815 2874 ordinis,
1831 2835 2011 2874 Bangorensis
2025 2838 2163 2870 Diocaesis
2173 2863 2183 2879 ,
2209 2841 2317 2872 nostras

1253 2873 1376 2904 obtinuit
1389 2873 1488 2903 litteras
1499 2872 1645 2912 destinari,
1664 2881 1694 2904 ut
1707 2883 1791 2912 eum,
1807 2875 1843 2905 ab
1856 2875 2014 2913 hujusmodi
2031 2878 2190 2914 juramento
2205 2880 2317 2919 penitus

1252 2911 1439 2949 absolventes,
1458 2911 1640 2943 interdiciti&
1655 2914 1957 2944 excommunicationis
1970 2915 2129 2955 sententias,
2144 2918 2244 2956 siquae,
2259 2918 2314 2949 hac‘

1254 2951 1419 2989 occasione,
1434 2951 1464 2980 in
1477 2951 1534 2988 ejus
1547 2950 1712 2990 personam,
1725 2952 1770 2982 vel
1783 2960 1884 2982 terram
1899 2953 2012 2984 forsitan
2024 2954 2111 2986 essent
2123 2956 2185 2986 latae
2194 2976 2204 2994 ,
2214 2956 2317 2996 absque

1254 2988 1418 3019 difficultate
1432 2988 1547 3018 relaxare
1563 2997 1700 3019 curarent.

1292 3027 1385 3059 Unde
1400 3050 1410 3066 ,
1435 3027 1504 3057 curn
1524 3036 1558 3056 ex
1579 3027 1637 3058 hoc
1658 3027 1707 3065 ipsi
1725 3024 1799 3067 Regi
1819 3027 1997 3068 dispendium
2010 3051 2019 3069 ,
2043 3032 2077 3062 &
2097 3032 2190 3062 eidem
2210 3032 2317 3073 Regno

1253 3066 1414 3097 scandalum
1428 3065 1532 3103 possint
1545 3067 1637 3104 gravia
1647 3067 1788 3105 generari,
1806 3069 1886 3104 petiit
1898 3068 1975 3099 idem
1984 3069 2138 3110 Magister,
2155 3071 2232 3112 super
2247 3072 2318 3111 hiis,

1254 3115 1270 3135 a
1282 3106 1364 3134 nobis
1377 3113 1488 3143 paterna
1502 3104 1688 3134 sollicitudine
1702 3105 1851 3143 provideri.

1294 3143 1429 3174 Volentes
1446 3144 1531 3180 igitur
1551 3151 1592 3173 tot
1614 3143 1825 3173 imminentibus
1846 3145 1973 3183 periculis
1993 3145 2108 3178 obviare
2122 3171 2132 3186 ,
2153 3149 2322 3179 fraternitati.

1255 3181 1354 3212 vestra>
1367 3193 1416 3219 per
1425 3181 1589 3224 Apostolica
1603 3181 1702 3223 scripta
1716 3183 1878 3213 mandamus
1891 3186 2018 3223 quatinus
2031 3186 2166 3224 quicquid
2179 3197 2228 3223 per
2244 3196 2317 3224 prae-

1255 3220 1326 3250 fatos
1342 3221 1463 3250 Abbates
1477 3221 1505 3249 in
1527 3219 1685 3256 hujusmodi
1707 3222 1825 3257 negotio
1840 3244 1849 3260 ,
1873 3222 2012 3253 dictarum
2031 3225 2195 3255 audioritate
2213 3225 2316 3255 littera-

1256 3269 1335 3297 rum,
1353 3259 1394 3289 est
1408 3259 1519 3295 acium,
1540 3259 1567 3287 in
1584 3259 1695 3288 irritum
1710 3268 1873 3290 revocantes
1884 3279 1894 3299 ,·
1918 3262 2004 3301 siquid
2026 3263 2138 3293 ulterius
2152 3285 2162 3300 ,
2186 3272 2236 3302 per
2255 3273 2316 3293 eos-

1255 3297 1336 3343 dem,
1355 3300 1384 3328 in
1396 3298 1515 3334 negotio
1529 3296 1588 3334 ipso
1606 3299 1765 3335 attemptari
1785 3300 1953 3339 contigerit,
1971 3300 2141 3332 denuncietis
2156 3301 2222 3331 illud
2236 3303 2317 3341 peni-³

1257 3344 1299 3366 tus
1314 3346 1371 3366 non
1386 3344 1487 3365 tenere.

1295 3373 1394 3414 Siquid
1410 3376 1480 3403 vero
1494 3374 1557 3411 juris
1573 3372 1702 3412 praefatus
1721 3373 1816 3405 David
1837 3375 1914 3413 super
1929 3377 1979 3407 hiis
1997 3377 2099 3408 habere
2111 3377 2137 3407 se
2153 3386 2250 3417 putat,
2265 3383 2319 3410 nos

1256 3412 1348 3443 eidem
1365 3413 1494 3450 iustitiam
1510 3421 1567 3441 non
1581 3413 1763 3451 negabimus,
1781 3423 1847 3444 cum
1863 3415 1995 3445 fuerimus
2009 3416 2136 3453 requisiti.

1293 3451 1403 3490 Qiod,
1422 3451 1440 3480 fi
1461 3457 1520 3480 non
1542 3450 1628 3480 ambo
1649 3452 1699 3481 hiis
1720 3453 1886 3491 exequendis
1903 3454 2048 3493 potueritis
2069 3453 2197 3485 interesse
2210 3478 2220 3493 ,
2245 3455 2317 3487 alte!¹

1257 3490 1381 3521 vestrum
1396 3499 1427 3519 ea
1441 3487 1639 3519 nichilominus
1652 3498 1809 3531 exequatur.

1294 3566 1363 3636 Ddat.
1384 3564 1515 3606 Lugdun.
1534 3565 1652 3604 septimo
1670 3565 1713 3596 Id.
1731 3566 1832 3607 Aprilis
1843 3589 1854 3605 ,
1879 3566 2063 3599 Pontificatfis
2078 3569 2165 3600 nostri
2179 3574 2256 3602 an‘no
2273 3571 2314 3602 se-

1257 3615 1313 3636 cun
1335 3615 1362 3636 o.

1716 3673 1805 3711 sigillo
1812 3673 1934 3712 plumbeo
1944 3687 1963 3704 a
1965 3675 2019 3717 filo
2032 3676 2154 3707 cana'beo.

10 3782 63 3807 An·
81 3779 126 3804 28.
160 3776 195 3806 de
207 3778 279 3809 fideli
293 3780 420 3823 servitio,
439 3780 516 3818 quod
530 3780 611 3809 nobis
626 3779 814 3823 impendistis,
832 3782 922 3823 oculis
940 3785 1039 3816 nostris
1058 3786 1219 3830 videntibus
1258 3796 1284 3823 se
1310 3797 1398 3828 Bulla
1426 3796 1462 3828 de
1481 3794 1690 3841 provfiom-bm
1717 3797 1905 3829 exmqnorm
1948 3802 1984 3836 (ᾗ.
2030 3800 2091 3833 md
2108 3815 2164 3834 non
2189 3806 2231 3835 int
2233 3815 2267 3835 en
2268 3802 2314 3835 dit
2332 3796 2352 3817 αι
2368 3797 2463 3834 1425,

13 3820 48 3844 Η.
65 3825 96 3857 3.¹
161 3825 227 3846 cum
241 3818 360 3849 essemus
373 3829 402 3848 iri
422 3827 494 3848 terra
513 3818 608 3847 nosti-a
621 3818 783 3847 Wascomae
797 3840 806 3855 ,
827 3821 969 3856 jocundos
988 3834 1040 3854 nos
1059 3824 1149 3855 efficit
1185 3826 1219 3855 &
1384 3849 1388 3853 .
1426 3858 1431 3862 ,
1610 3844 1620 3850 π
1642 3848 1657 3853 --
1735 3849 1739 3853 -
1785 3820 1799 3842 J
1833 3850 1836 3853 -
1913 3825 1923 3840 '
1963 3850 1968 3855 ·
1992 3812 2030 3855 -q
2156 3852 2160 3856 -

0 3854 92 3890 *claus
102 3853 146 3880 28.
163 3853 198 3883 de
210 3854 342 3887 fidelitate
355 3856 446 3887 vestra
460 3857 566 3893 plenius
580 3855 761 3897 confidentes.
1156 3848 1166 3863 ²
1295 3845 1457 3890 providere
1475 3844 1510 3876 de
1530 3843 1671 3889 beneficus
1685 3872 1696 3887 ‚
1729 3858 1760 3878 tn
1784 3843 1890 3891 qulbus
1907 3849 1995 3880 Larci
2012 3847 2119 3882 habent
2139 3862 2193 3896 jus
2207 3861 2314 3897 patro·
2497 3881 2498 3884 ,

2 3894 45 3920 ἸΗ.
65 3902 90 3929 3.
109 3902 147 3920 m.
197 3890 274 3922 Non
285 3895 446 3925 dubitamus
459 3895 537 3925 enim
553 3895 619 3932 quin
638 3894 824 3924 afleffionem
838 3917 848 3932 ,
875 3906 959 3934 quarn
976 3900 1051 3930 circa
1065 3911 1118 3931 nos
1139 3910 1219 3931 exere
1301 3903 1400 3926 natus.
2328 3911 2357 3948 Α
2395 3923 2397 3925 v
2423 3911 2455 3948 ὓ

10 3936 55 3964 μ.
66 3932 92 3960 d.
162 3929 256 3960 cuistis
266 3932 294 3961 in
310 3932 452 3970 praesentia
464 3933 575 3971 nostra,
594 3933 675 3962 nobis
691 3933 848 3962 absentibus
861 3936 1027 3967 continuare
1042 3939 1140 3969 velitis.
1695 3972 1698 3975 Δ
2358 3929 2406 3948 nn'
2434 3974 2436 3977 ,
2454 3938 2462 3946 ⁶

198 3966 279 4013 Hine
293 3969 334 3999 est
344 3971 427 4014 'quod
441 3971 601 4015 fidelitatem
622 3970 741 4014 vestram
761 3971 891 4002 duximus
911 3975 1086 4006 confidenter
1102 3986 1219 4007 exorari·—
1255 3977 1477 4038 INnocenrius
1492 3975 1662 4018 Episcopus,
1680 3978 1770 4009 servus
1783 3978 1925 4011 servorum
1941 3980 2015 4020 Dei,
2033 3977 2174 4013 carissimo
2186 3983 2216 4012 in
2225 3975 2313 4013 Chri-
2330 3965 2448 4022 ,4124232

160 4003 245 4043 dam,
262 4006 328 4037 licet
341 4009 426 4052 ipsam
439 4020 498 4051 non
513 4009 672 4040 dubitemus
684 4009 743 4039 satis
763 4009 820 4053 esse
839 4016 963 4052 rogatam
977 4035 986 4051 ,
1009 4015 1136 4050 quatinus
1150 4016 1218 4046 dile·
1293 4016 1336 4045 sto
1349 4016 1405 4045 filio
1509 4015 1584 4056 Regi
1607 4017 1764 4056 Anglorum
1783 4017 1878 4048 illustri
1891 4042 1902 4058 ,
1921 4019 2051 4059 salutem,
2067 4022 2099 4051 ὃς
2116 4020 2313 4058 Apostolicam
2333 4037 2360 4060 H
2392 4043 2403 4052 ‚

161 4043 212 4087 6ξο
231 4044 264 4075 &
278 4044 352 4075 fideli
370 4047 469 4077 nostro
484 4047 632 4078 Nicholao
646 4048 681 4077 de
703 4047 792 4078 Molis
812 4046 968 4079 Senescallo
986 4051 1085 4081 nostro
1099 4053 1219 4084 Wasco-
1256 4054 1494 4084 benedictionem.
2333 4055 2371 4098 g}
2386 4053 2445 4097 jiy.

159 4091 233 4120 mae,
251 4082 287 4113 ad
297 4085 408 4123 negotia
421 4085 518 4117 nostra
529 4086 648 4118 feliciter
662 4086 691 4117 in
704 4087 828 4127 partibus
839 4086 892 4118 illis
909 4089 1078 4128 expedienda
1093 4113 1104 4129 ,
1128 4093 1218 4123 virilia
1293 4092 1377 4123 Sedes
1390 4091 1570 4131 Apostolica,
1589 4102 1676 4125 mater
1691 4102 1752 4133 tua,
1769 4095 1841 4124 inter
1855 4094 1949 4136 Reges
1969 4097 2140 4135 catholicos,
2157 4098 2189 4128 ὃς
2205 4093 2313 4127 Princs—
2331 4113 2396 4144 mgr.

1785 4133 1851 4173 T3
2270 4144 2320 4173 P&
