2570 4261
238 77 313 113 192
713 59 1288 103 CONVENTIO

87 142 163 174 Ann-
181 142 333 187 D-tarum,
347 158 410 188 quae
429 149 463 179 ad
478 158 527 178 vos
541 148 574 178 δε
589 147 785 185 progenitores
797 144 902 175 vestros
915 146 1033 185 pertinet
1047 146 1083 176 ab
1101 145 1234 184 antiquo,
1253 145 1283 173 in

106 180 190 212 ¹281-
227 185 383 218 Arnaldum
404 186 567 226 Raymundi
587 186 620 215 de
639 186 734 222 Solio,
752 184 795 214 vel
814 183 935 222 aliquem
946 184 1048 222 alium,
1065 184 1188 214 maxime
1202 184 1285 222 igno-

84 221 152 248 ΠΨ·
170 230 193 248 ¹·
228 225 329 263 bilem,
346 225 520 260 transferatis,
536 223 579 254 vel
593 224 714 253 abiciatis
725 222 761 252 de
777 231 863 252 manu
878 222 981 252 vestra:

264 262 343 293 Cum
359 264 433 292 enim
449 272 529 292 terras
541 261 649 292 easdem
661 262 693 292 &
709 260 790 290 feuda
802 270 943 291 teneamus
956 260 991 290 de
1006 260 1088 290 vobis
1107 260 1136 290 in
1148 259 1283 303 feudum,

225 311 285 332 non
306 302 437 331 inmerito
458 310 510 330 nos
528 308 653 339 gravaret
672 299 691 328 si
712 300 793 329 vobis
816 299 848 329 ὃ(
864 298 958 329 vestris
972 299 1049 338 super
1069 298 1174 337 feodo,
1189 299 1222 328 &
1237 298 1284 327 alii

225 339 270 370 vel
284 339 339 368 aliis
351 339 427 376 super
442 339 499 368 nito
509 338 519 375 j
525 337 650 368 usticiatu
658 345 792 368 terrarum
806 337 963 367 nostrarum
976 338 1140 367 haberemus
1153 346 1264 376 parete,

258 377 347 407 Unde
361 376 544 414 supplicamus
555 375 726 406 excellentiae
740 375 853 413 vestrae,
862 375 949 413 ne,iii
964 375 1088 406 vestrum
1101 376 1135 405 ὃς
1151 374 1282 404 nostrum

221 414 413 453 praejudicium
428 437 436 451 ,
455 414 578 451 aliquem
598 415 675 452 super
696 413 840 454 praemissis
861 414 950 445 velitis
970 423 1081 444 exnunc
1100 412 1193 443 audire
1208 435 1218 450 ,
1236 420 1284 456 aut

224 463 275 482 nos
296 462 343 489 per
364 453 590 490 interrogationes
610 455 695 484 varias
710 451 838 483 infestare
854 461 860 481 t
881 451 1040 492 Nunquam
1055 451 1131 482 enirn
1144 450 1283 494 praemissa

222 491 407 528 proponimus
420 490 550 521 sustinere
556 514 565 529 ,
586 492 634 522 nisi
646 491 673 521 id
694 491 863 528 faceremus,
878 490 955 530 quod
970 491 1053 528 absit,
1069 489 1282 520 coactiavobis.

261 528 316 565 Et,
333 537 364 558 ut
376 529 458 559 vobis
470 538 596 568 appareat
612 530 715 569 liquide
728 530 764 560 de
777 529 920 561 voluntate
935 529 1029 559 nostra
1044 527 1192 567 praedieta,
1212 537 1284 565 prae-

222 565 307 596 sentes
328 566 529 598 Dominationi
550 567 650 598 vestrae
665 569 801 598 mittimus
817 591 826 605 ,
845 567 966 607 sigillatas
980 566 1079 597 nostris
1091 566 1192 605 Sigillis
1205 577 1215 603 3
1232 565 1282 603 &,

219 614 287 634 cum
300 615 400 634 ornnes
414 616 473 635 non
488 606 637 636 habeamus
651 606 758 646 Sigilla,
777 606 875 646 Sigillo
889 605 1123 645 Archipresbiteri
1137 604 1172 635 de
1187 603 1283 635 Borno

223 643 327 673 utimur
341 643 370 673 in
384 642 439 674 hac
451 653 534 684 parte.

254 719 324 750 Dat.
336 721 424 759 prima
439 721 484 752 die
500 719 590 760 Maii,
608 731 684 752 anno
698 720 821 752 Domini
840 722 925 753 1281.

410 849 469 879 Pro
490 849 566 892 Rege
582 848 700 888 Scotiae,
723 844 760 878 de
776 847 942 879 Attornaso
950 843 1103 890 faciendo.

75 911 151 943 ΑΠΠ·
167 911 206 943 D·
221 930 346 984 REX
362 932 495 961 omnibus
511 931 634 969 Ballivis,
651 931 710 961 &c.
725 930 846 961 salutem.

94 952 177 981 ¹²3¹·
327 970 426 1000 Sciatis
441 970 517 1010 quod
531 971 647 1000 dilectus
664 970 763 1008 frater,
778 971 812 1000 &
826 968 913 1000 fidelis
923 968 1036 1008 noster,
1054 967 1208 999 Alexander
1216 967 1283 997 Rex

220 1006 325 1038 Scotiie
342 1009 466 1045 illustris,
483 1010 633 1039 attornavit
648 1018 746 1039 coram
760 1009 858 1046 nobis,
876 1008 944 1038 loco
959 1008 1023 1046 suo,
1043 1007 1136 1038 Adam
1143 1007 1178 1037 de
1192 1006 1282 1036 Char-

217 1045 293 1076 leton
317 1048 349 1077 ὃς
370 1047 522 1077 warinum
537 1047 573 1077 de
591 1047 697 1078 Faunes
717 1047 766 1076 sub
783 1048 979 1085 alternatione,
998 1047 1032 1077 ad
1054 1045 1216 1076 lucrandum
1235 1044 1280 1075 vel

217 1085 391 1121 perdendum
406 1109 415 1123 ,
438 1086 465 1115 in
485 1087 619 1116 omnibus
641 1086 745 1125 placitis
768 1087 802 1117 &
818 1086 933 1124 querelis
946 1109 956 1123 ,
974 1096 1026 1125 pro
1042 1085 1100 1123 ipso
1116 1084 1145 1113 R
1183 1094 1215 1121 e,
1234 1083 1278 1113 vel

216 1132 316 1154 contra
329 1124 418 1163 ipsum
435 1126 518 1154 motis
531 1125 575 1154 vel
589 1124 754 1162 movendis,
773 1125 802 1154 in
817 1123 1039 1162 quibuscumque
1048 1123 1140 1153 Curiis
1184 1122 1276 1160 ngliae.

141 1164 165 1179 Γ
189 1168 202 1194 i
253 1161 309 1198 Et,
325 1162 358 1192 ad
372 1162 528 1192 instantiam
542 1163 623 1201 ipsius
636 1162 740 1202 Regis,
755 1162 942 1192 concessimus
955 1162 1031 1200 quod
1045 1161 1168 1202 praediffi
1184 1161 1276 1191 Adam

217 1200 250 1230 δ(
266 1201 413 1238 Warinus,
429 1202 472 1231 vel
485 1212 584 1231 eorum
598 1201 679 1237 alter,
698 1202 765 1231 loco
779 1201 858 1238 ipiius
881 1200 966 1240 Regis
979 1224 989 1238 ,
1008 1201 1098 1231 facere
1117 1199 1219 1239 possint
1233 1199 1277 1229 vel

237 1239 300 1269 ollit
315 1240 478 1270 Attornatos
489 1241 531 1269 vel
547 1240 743 1277 Attornatum,
759 1248 829 1277 quos
843 1240 887 1268 vel
902 1249 988 1277 quem
1009 1239 1148 1269 voluerint
1164 1239 1208 1268 vel
1224 1248 1276 1268 vo-

213 1248 292 1307 iiierit
305 1302 314 1315 ,
333 1288 431 1308 coram
454 1279 553 1316 nobis,
571 1278 605 1308 ad
618 1280 715 1308 omnia
730 1277 862 1317 praedifta
877 1278 974 1316 placita
994 1278 1026 1308 ὃς
1042 1277 1162 1315 querelis
1183 1277 1275 1315 proso-

70 994 122 1017 Aa.
145 1001 170 1024 9.

71 1033 101 1054 E.
140 1049 146 1054 .

69 1069 126 1093 Par,
143 1076 168 1100 9.

69 1107 98 1130 Ε.

68 1151 105 1169 m.
122 1152 153 1168 2⁵

213 1317 356 1354 quendum
379 1318 412 1347 δε
430 1317 640 1346 detendendum
655 1339 666 1354 ,
683 1316 727 1346 vel
749 1315 783 1346 ad
803 1316 970 1347 lucrandum
992 1316 1036 1346 vel
1053 1314 1228 1356 perdendum
1245 1317 1274 1345 in

212 1354 331 1392 eisdem,
350 1355 418 1385 sicut
437 1355 603 1394 praedicffuni
618 1355 668 1384 est.

253 1392 286 1422 In
306 1394 383 1429 cujus
396 1416 404 1431 ,
423 1395 482 1424 &c.
498 1393 636 1423 duraturas
650 1393 732 1433 usque
747 1393 780 1423 ad
796 1392 910 1423 Festum
928 1392 1040 1423 Paschae
1054 1393 1185 1434 proximp
1198 1392 1274 1422 futu-

212 1441 292 1469 rum,
312 1431 344 1461 δε
359 1432 394 1461 ab
409 1432 512 1462 eodem
533 1431 618 1462 Festo
638 1432 724 1470 usque
744 1434 773 1463 in
792 1441 881 1462 unum
894 1442 999 1462 annum
1014 1433 1144 1469 proximo
1158 1434 1274 1468 sequen-

213 1477 273 1499 tem
286 1470 471 1507 completum.

248 1544 337 1576 Teste
350 1546 431 1585 Rege
446 1548 519 1586 apud
536 1547 693 1588 Kenynton
710 1555 735 1586 5.
753 1547 798 1578 die
814 1546 895 1577 Maii.

413 1673 471 1703 Pro
489 1672 575 1703 Petro
595 1668 699 1703 Corbet
711 1697 721 1713 ‚
746 1669 901 1726 &Q
916 1669 1073 1717 capiendis.

60 1747 136 1779 Asm-
153 1748 193 1780 D·
212 1754 337 1810 REX
353 1757 488 1787 omnibus
502 1756 627 1794 Ballivis,
643 1757 704 1788 &c.

84 1788 164 1817 ¹231·
318 1794 415 1825 Sciatis
438 1796 514 1834 quod
536 1796 704 1834 injunximus
718 1795 824 1826 ducito
845 1796 878 1827 &
892 1795 965 1826 fideli
981 1794 1080 1825 nostro
1095 1793 1182 1825 Petro
1196 1794 1272 1826 Cor·

56 1829 108 1852 ⁴⁴⁷¹-
131 1837 157 1861 9-
209 1832 274 1870 bet,
290 1833 366 1871 quod
382 1835 410 1863 in
426 1835 558 1864 omnibus
574 1833 709 1872 Forestis,
727 1835 760 1865 &
777 1833 885 1872 Parcis,
903 1835 935 1865 δε
950 1834 1005 1864 aliis
1018 1834 1104 1871 iocis,
1124 1834 1195 1863 infra
1207 1833 1270 1864 Co-

57 1867 87 1891 13.
111 1874 134 1891 ¹·
209 1873 320 1901 mitatus
334 1872 443 1902 nostros
465 1872 626 1902 Gloucestr.
641 1872 784 1912 Vlsygorn.
806 1872 957 1906 Hereford.
972 1873 1065 1910 Salop.
1081 1872 1114 1903 &
1137 1871 1268 1902 Stafford.

57 1905 116 1929 ΡΜ·
133 1912 160 1937 9·
209 1909 237 1938 in
254 1911 353 1949 quibus
372 1911 428 1948 lupi
451 1919 582 1950 poterunt
603 1912 737 1948 inveniri,
756 1911 852 1951 lupos,
871 1921 938 1941 cum
959 1911 1134 1948 hominibus,
1152 1912 1268 1942 canibus

55 1943 85 2004 ξι-
107 1950 140 2005 2¹³
206 1948 241 2016 ἓξ
258 1950 284 1977 in
299 1950 371 1993 beniis
392 1950 460 1987 suis,
478 1951 586 1989 capiat,
601 1951 634 1982 &
653 1949 774 1980 destruat
796 1949 888 1980 modis
901 1951 1034 1980 omnibus
1049 1950 1150 1987 quibus
1168 1949 1268 1980 viderit

87 1999 91 2004 ·
146 2000 152 2006 ·
297 1997 344 2017 ire.

53 2041 104 2070 „H
126 2054 133 2071 ¹
141 2047 175 2080 69
241 1995 259 2044 Ξ
279 2025 394 2069 Etideo
409 2026 491 2056 vobis
511 2025 675 2070 mandamus
689 2026 766 2070 quod
782 2026 874 2071 eidem
888 2026 973 2071 Petro
983 2027 1015 2069 in
1035 2027 1182 2069 omnibus,
1200 2037 1264 2071 quae

108 2066 114 2071 ’
181 2062 235 2092 'ad
251 2073 412 2104 captionem
434 2065 564 2105 luporum
578 2088 587 2102 ,
607 2075 636 2095 in
655 2064 845 2095 Comitatibus
860 2065 1000 2103 praedictis
1013 2089 1022 2104 ,
1041 2074 1180 2106 pertinent
1195 2087 1204 2102 ,
1221 2075 1264 2095 in-

200 2102 345 2133 tendentes
366 2102 420 2133 sitis
441 2104 473 2132 &
495 2103 652 2134 auxiliantes
667 2126 676 2141 ,
694 2105 822 2141 quotiens
841 2113 912 2143 opus
928 2103 1034 2143 fuerit,
1058 2105 1091 2136 &
1112 2103 1263 2145 praedidtus

202 2139 299 2170 Petrus
316 2141 398 2170 vobis
414 2141 480 2170 scire
496 2141 576 2171 faciet
589 2151 623 2172 ex
637 2151 712 2179 parte
729 2141 832 2172 nostra.

237 2177 272 2209 In
286 2180 382 2218 cujus,
399 2179 460 2210 δίε.
476 2179 597 2210 duratur.
612 2179 745 2219 quamdiu
760 2181 841 2210 nobis
853 2180 995 2219 placuerit.

239 2254 329 2286 Teste
341 2255 423 2297 Rege
437 2256 511 2295 apud
525 2256 651 2288 westm.
663 2257 776 2288 decimo
789 2265 888 2298 quarto
900 2257 944 2288 die
958 2257 1039 2288 Maii.

228 2381 286 2412 Pro
306 2381 501 2426 IIa'inofilio
521 2381 682 2415 Denlacres
696 2380 805 2428 Judaeo
824 2381 954 2415 London.
976 2381 1012 2415 de
1034 2382 1122 2428 officio
1141 2385 1228 2416 Pres-

349 2400 496 2463 sacram
509 2429 688 2478 Judaeorum
704 2435 731 2463 ei
744 2441 799 2478 pro
818 2435 886 2463 vita
898 2432 959 2476 sita
973 2432 1102 2477 concesso.

47 2503 123 2552 Aml-
138 2503 178 2534 D·
266 2513 330 2545 EX
345 2515 506 2554 Justiciariis
519 2539 527 2554 ,
542 2515 769 2546 Vicecomitibus
782 2539 792 2555 ,
808 2516 933 2555 Ballivis,
951 2517 984 2548 &
999 2517 1132 2548 omnibus
1152 2516 1255 2549 Minis-

68 2552 151 2572 1201·
275 2556 320 2583 tris
331 2556 364 2585 ὃς
381 2555 505 2585 fidelibus
517 2555 584 2592 suis,
601 2564 633 2585 ac
643 2554 748 2593 judaeis
762 2555 812 2585 suis
829 2556 956 2593 Angli-2,
970 2556 1093 2586 salutem.

44 2584 96 2608 An.
114 2592 140 2615 9-
231 2592 326 2622 Sciatis
337 2593 431 2631 quod,
448 2594 482 2624 ad
497 2592 654 2623 instantiam
670 2593 815 2623 kariffimae
836 2593 979 2624 Consortis
998 2594 1100 2625 nostrae
1113 2594 1253 2626 Alianorae

44 2622 76 2645 E.
100 2629 122 2645 ¹-
195 2629 316 2669 Reginae
337 2632 463 2671 Anglize,
484 2633 518 2662 ὃς
536 2641 585 2672 per
604 2631 740 2661 assensum
762 2631 984 2663 Communitatis
999 2633 1166 2670 Judaeorum
1181 2644 1253 2673 prae-

42 2660 140 2690 1²²4·
193 2668 355 2706 dic‘torum,
373 2671 503 2700 volumus
524 2671 557 2701 ὅ(
577 2670 778 2708 concedimus,
796 2679 849 2709 pro
871 2672 952 2700 nobis
971 2671 1004 2701 ὃς
1018 2671 1173 2701 haeredibus
1186 2682 1252 2702 nos-

42 2699 72 2747 113.
101 2705 123 2722 ¹·
196 2709 241 2737 tris
255 2730 264 2745 ,
283 2708 358 2747 quod
381 2707 509 2751 Haginus
524 2731 534 2747 ,
550 2708 619 2738 filius
634 2708 786 2738 Denlacres
801 2731 810 2745 ,
821 2708 938 2746 Judaeus
953 2708 1088 2739 London.
1103 2710 1201 2740 habeat
1217 2711 1251 2740 δε

38 2742 80 2762 '¹'·
101 2742 143 2762 ²0·
195 2753 302 2784 teneat,
319 2746 379 2776 tota
393 2749 450 2777 vita
465 2747 527 2785 sui,
544 2746 675 2777 officium
688 2745 886 2776 Presbiteratsis
899 2747 1068 2786 Jiidaeorum
1082 2748 1250 2778 eorumdem

193 2784 297 2822 libere,
314 2786 423 2824 quiete,
440 2787 562 2825 integre,
581 2794 648 2815 cum
663 2785 800 2814 omnibus
814 2786 998 2824 pertinentiis,
1018 2785 1205 2825 libertatibus,
1217 2788 1250 2817 &

192 2822 283 2867 liberis
299 2823 545 2868 consuetudinibus
563 2824 596 2867 ad
615 2823 704 2892 ipsum
724 2824 934 2861 presbiteratum
934 2824 1163 2893 dpertinentibus‚
1181 2826 1250 2856 licut

192 2860 337 2900 Hagmus,
356 2861 425 2892 filius
445 2861 574 2902 Magistri
598 2862 622 2893 N
636 2863 690 2891 osei
705 2884 714 2899 ,
732 2862 875 2900 quondam
893 2863 931 2901 Ju
952 2872 987 2893 aei
1004 2862 1139 2893 London.
1152 2864 1252 2894 defun-

193 2899 272 2937 ἂιις,
290 2901 334 2929 vel
347 2900 429 2937 alius,
447 2910 510 2931 ante
521 2901 628 2941 ipsum,
645 2899 776 2931 officium
791 2900 859 2931 illud
891 2903 944 2931 rius
959 2902 1054 2932 tenuit.

229 2937 368 2968 Volumus
382 2941 464 2970 etiam
481 2938 557 2977 quod
572 2939 659 2982 ipsum
673 2938 839 2982 flagirium,
879 2941 946 2970 lium
962 2940 1133 2979 Deniacres,
1150 2952 1250 2972 manu-

189 2977 318 3018 teneatis,
337 2979 483 3015 protegatis
496 2979 528 3008 &
542 2977 692 3007 detendatis
706 2979 735 3007 in
748 2978 849 3008 officio
861 2979 1006 3015 przedffio.

225 3013 277 3051 Et,
297 3017 315 3043 li
337 3016 397 3054 quis
417 3016 442 3044 ei
457 3015 533 3056 super
552 3016 607 3045 hoc
623 3016 780 3046 forisfacere
795 3017 1011 3057 praeliimpi‘erit,
1029 3017 1056 3047 id
1069 3018 1094 3047 ei
1109 3017 1166 3047 sine
1179 3017 1247 3048 dila·-

187 3052 265 3082 tione
275 3075 284 3089 ,
299 3052 367 3082 salva
379 3054 460 3083 nobis
473 3054 592 3083 emenda
606 3054 640 3084 de
657 3055 827 3084 forisfactura
841 3055 949 3093 nostra,
968 3056 1071 3086 faciatis
1085 3056 1246 3094 emendari,

188 3098 320 3128 tanquam
342 3090 502 3122 Dominico
520 3091 623 3130 Judaeo
639 3092 735 3123 nostro
749 3115 759 3131 ,
779 3103 864 3131 quern
885 3094 1034 3134 specialiter
1049 3095 1201 3125 retinemus
1216 3096 1246 3125 in

191 3128 290 3158 officio
306 3138 471 3159 memorato.

230 3167 264 3198 ln
278 3169 375 3207 cujus,
393 3168 454 3199 &c.

223 3243 312 3274 Teste
326 3244 408 3285 Rege
420 3245 493 3286 apud
508 3245 634 3277 XVcstm.
650 3245 763 3277 decimo
778 3248 880 3287 quinto
891 3246 936 3277 die
953 3246 1033 3278 Maii.

186 3366 346 3400 Ordinatio
355 3368 445 3412 fabia
460 3380 514 3415 per
532 3373 658 3416 Regem,
674 3370 764 3416 fhper
780 3370 1007 3405 contentionibus
1023 3373 1060 3409 &
1077 3370 1243 3416 clifiordiig

230 3419 315 3447 motis
341 3420 418 3449 inter
446 3419 620 3463 Epifiopmn
648 3421 750 3451 Baion.
781 3423 816 3457 ὠ·
845 3423 1003 3467 Majorem
1022 3447 1034 3463 ,
1068 3430 1243 3470 centumque

37 3501 104 3531 Am
128 3500 160 3530 D
230 3465 336 3506 Pares,
363 3469 399 3502 θ’
418 3476 513 3499 totam
530 3470 781 3500 communitatem
798 3471 898 3503 Baton.

65 3540 147 3569 1281-
188 3545 259 3608 IN
276 3549 390 3578 nomine
402 3549 542 3589 Domini,
560 3551 664 3581 Amen.

37 3581 91 3604 Aa.
108 3586 136 3611 9-
224 3620 228 3625 ι
245 3622 250 3627 ⁸
277 3585 353 3622 Qia
373 3588 469 3618 muitae
487 3590 707 3620 circumstantiae
733 3590 800 3622 facti
823 3594 999 3624 atrocitatem
1020 3593 1125 3624 habent
1140 3594 1243 3623 merito

38 3619 70 3641 E.
92 3624 113 3643 i.
190 3628 329 3664 mitigare,
347 3633 397 3653 nos
414 3625 585 3670 Edwardus,
602 3628 656 3658 Dei
678 3630 781 3669 gratizi,
800 3630 862 3661 Rex
882 3631 1009 3671 Angliae,
1026 3631 1172 3662 Dominus
1186 3631 1243 3660 Hi-

39 3656 70 3679 L.
83 3651 149 3689 B-f·
191 3657 311 3704 herniae,
325 3660 356 3703 ὃς
371 3662 437 3692 Dux
454 3664 645 3707 Aquitanniae,
660 3669 675 3697 a
689 3670 838 3698 venerabili
852 3669 934 3700 Patre
947 3670 1125 3708 Dominico,
1142 3669 1243 3700 eadem

41 3699 105 3725 3¹2·
123 3700 149 3717 a·
188 3703 291 3734 gratia,
311 3697 404 3729 BfflOn-
420 3700 576 3742 Episcopo,
592 3715 625 3734 ex
644 3714 719 3749 parte
739 3707 812 3745 una,
829 3708 862 3738 &
969 3708 1098 3746 Maiore,
1113 3716 1242 3738 eentum-

38 3731 171 3755 Penean-
188 3743 244 3771 que
259 3734 387 3773 Paribus,
406 3747 438 3767 ac
454 3748 511 3770 tota
524 3741 571 3771 Co

39 3774 132 3792 merar.
574 3752 741 3774 mmunitate
755 3744 850 3775 Baion.
863 3756 895 3776 ex
909 3747 993 3778 altera
1008 3769 1017 3784 ,
1033 3746 1111 3784 super
1123 3754 1243 3776 conten-

190 3773 330 3809 UOUibUS)
347 3775 559 3816 (iuaestionibus,
576 3782 609 3810 ὃς
624 3782 778 3819 discordiis,
799 3784 869 3813 inter
885 3794 932 3815 eos
947 3786 1046 3823 motis,
1065 3786 1092 3814 in
1108 3794 1159 3813 nos
1171 3783 1243 3814 arbi-

38 3805 96 3829 Rot.
187 3810 295 3848 trandi,
311 3811 473 3850 ordinandi,
490 3815 624 3855 faciendi,
641 3819 796 3850 diffiniendi
818 3822 871 3851 alte
885 3824 919 3853 δε
939 3824 1014 3853 basse
1027 3845 1037 3861 ,
1055 3833 1113 3852 non
1136 3822 1243 3852 servato

38 3839 173 3904 gastau&
188 3849 270 3891 etiam
285 3849 348 3901 [uris
366 3850 480 3892 ordine)
500 3855 632 3897 potestate
650 3858 789 3896 transsata,
807 3869 889 3897 prout
901 3862 929 3891 in
944 3859 1149 3899 compromisso
1161 3860 1242 3896 super

36 3899 73 3943 ml
87 3899 115 3951 9⁸·
190 3886 240 3915 hiis
257 3886 331 3916 faOto
351 3886 454 3930 plenius
469 3898 643 3930 continetur,
662 3906 695 3925 ex
711 3898 789 3926 bono
804 3898 838 3928 &
859 3908 959 3936 aequo,
977 3899 1046 3929 actis
1063 3900 1095 3928 &
1111 3897 1242 3936 processu

188 3923 335 3963 diligentes
348 3928 523 3966 exafflmfflsi
542 3931 654 3966 pensatis
669 3935 790 3974 undique
804 3935 1000 3976 personarum,
1018 3945 1128 3974 rerum,
1146 3936 1242 3967 &ne-

1320 57 1520 114 NES,
1574 63 1971 120 LITERAE,

1321 145 1699 191 gotioruchonditionibus
1719 152 1850 182 univerlis
1865 175 1874 189 ,
1893 154 2058 183 arbitramur
2073 176 2083 192 ,
2099 153 2269 194 diffinimus,
2286 156 2382 189 statui-
2399 152 2476 185 Ann-
2491 154 2536 189 D·

1321 191 1400 220 mus,
1418 185 1595 225 ordinamus,
1612 188 1753 220 laudamus
1768 192 1800 221 δε
1813 191 1951 229 dicimus,
2423 195 2508 224 1281.

1362 222 1469 266 Qiod,
1488 234 1539 267 pro
1550 226 1669 265 injziriis,
1685 227 1770 266 Deo,
1787 228 1936 268 Eccieliae,
1953 230 1986 260 ὃ(
2002 229 2140 269 ρτεεάἰᾶο
2153 228 2299 270 Episcopo
2311 234 2382 264 irro-
2399 234 2467 261 Edv-
2489 242 2517 270 1,

1320 268 1388 298 gatis
1401 284 1412 300 ,
1432 261 1532 306 Major
1550 264 1583 293 ὃς
1605 266 1647 296 alii
1663 266 1789 304 praedieti
1803 290 1812 306 ,
1830 269 1877 307 qui
1891 269 2034 308 praesentes
2043 268 2153 306 judicio
2168 270 2383 310 consenserunt,

1321 306 1369 335 per
1383 300 1458 340 quod
1475 300 1632 333 Mainaldus
1649 305 1685 334 de
1706 305 1782 345 Akys
1804 316 1920 336 manum
1935 307 2031 337 habuit
2043 307 2216 345 mutilatam,
2232 309 2383 348 videlicet,

1321 345 1438 380 centum
1456 338 1537 369 Pares
1551 340 1693 384 (tArnaldo
1708 343 1744 373 de
1760 344 1884 384 Polyne„
1902 345 1934 375 &
1953 345 2084 382 Johanne
2096 346 2132 376 de
2145 345 2247 377 Castro
2257 347 2380 386 Jelofio‚

1320 384 1369 414 qui
1383 377 1500 421 praefato
1515 379 1623 422 judicio
1637 382 1841 422 reclamabant,
1861 383 1989 413 duntaxat
2003 386 2140 423 exceptis)
2159 386 2205 414 die
2218 385 2253 415 N
2255 387 2382 417 ativitatis

1321 412 1410 459 beatae
1426 415 1527 460 Mariae
1547 416 1684 461 Virginis,
1702 420 1907 458 processionem
1927 421 2104 461 solempniter
2124 422 2246 460 faciant,
2262 425 2276 454 a
2288 424 2381 455 domo

1320 450 1540 498 Cominunitatis
1580 457 1702 488 raedictae
1720 460 1884 497 incipientes
1898 482 1908 497 ,
1925 461 1958 490 &
1970 460 2057 498 usque
2073 461 2107 491 ad
2122 462 2210 499 majus
2221 464 2304 493 altare
2319 462 2380 493 Ca-

1321 488 1449 536 tliedralis
1463 492 1552 523 Eccie
1563 504 1596 536 iae
1612 495 1810 535 procedentes,
1828 499 1942 537 quilibet
1955 508 2053 529 eorum
2068 500 2098 529 in
2112 499 2170 529 sola
2184 501 2279 531 tunicfi
2292 525 2301 540 ,
2320 502 2377 532 fine

1320 536 1439 569 corrigia
1451 531 1484 561 ὃ(
1498 534 1598 571 coyla,
1615 543 1682 564 cum
1696 545 1756 565 uno
1771 546 1855 567 cereo
1864 560 1873 574 ,
1889 537 1923 567 ad
1941 538 2033 567 minus
2045 538 2126 567 unius
2138 538 2216 568 librae
2228 549 2300 569 cerae
2315 550 2379 578 ,ac-

1321 568 1589 614 censofficereosque
1604 572 1675 609 ipsos
1686 573 1720 603 ad
1733 574 1817 604 altare
1830 576 1995 615 praediifftum
2010 585 2079 606 cuin
2091 576 2245 607 devotione
2257 577 2378 609 offerant

1319 603 1354 633 &
1367 606 1532 653 dimittant,
1558 610 1592 640 δε
1611 620 1657 647 per
1679 610 1851 651 Episcopum
1865 613 1941 644 istius
1954 616 1994 645 rei
2006 615 2101 654 causa,
2119 615 2149 644 in
2163 613 2287 646 Ecclesia
2305 616 2380 656 ipsa,

1318 651 1357 682 po
1379 646 1425 675 ulo
1439 647 1552 684 publice
1564 658 1731 685 exponatur:

1382 691 1393 714 t
1414 685 1490 723 quod
1511 687 1638 723 praediffi
1659 687 1757 727 Major
1771 711 1780 727 ,
1800 698 1970 731 centumque
1988 691 2086 731 Pares,
2106 692 2139 723 &
2173 693 2200 722 ui
2214 690 2320 730 iudicio
2333 693 2378 723 in-

1318 721 1473 754 terfuerunt
1487 725 1521 754 &
1534 725 1744 765 concesserunt,
1760 727 1917 768 Miynaldo
1931 731 1967 760 de
1986 731 2065 771 Akys
2075 753 2085 769 ‚
2102 730 2136 761 ad
2163 731 2380 762 ustentationem

1318 759 1394 791 suam
1414 771 1577 807 perpetuam
1590 788 1600 802 ,
1624 766 1802 796 contribuant
1829 767 1961 799 ducentas
1983 769 2063 800 libras
2089 769 2319 809 BurdegalenseS,
2341 768 2378 801 ad

1321 798 1357 828 N
1359 799 1427 830 atale
1448 800 1570 845 Domini
1584 825 1594 840 ‚
1613 802 1646 833 &
1660 804 1695 834 ad
1709 803 1825 834 Festum
1839 806 1874 836 N
1876 808 2003 838 ativitatis
2018 807 2259 845 San&iJohannis
2273 808 2380 847 Baptis-

1320 845 1358 868 tae
1396 849 1528 878 proximo
1541 846 1654 885 iequens
1662 864 1672 879 ,
1690 851 1743 879 pro
1753 843 1904 882 aequalibus
1913 847 2087 884 portionibus
2100 846 2300 884 persolvendas.

1355 862 1393 908 Et
1429 888 1481 917 ne,
1499 889 1547 917 qui
1564 880 1619 910 fine
1636 880 1718 918 culp&
1739 881 1855 920 fuerint,
1870 884 1957 921 poena
1977 885 2158 924 percellantur
2172 908 2182 924 ,
2196 886 2330 916 volumus
2342 887 2378 918 δε

1319 901 1482 960 mand-’amus
1495 917 1676 962 ‘quodacum
1697 929 1739 963 res
1757 928 1874 961 urgeat,
1891 922 2057 953 Senescallus
2070 923 2165 953 noster
2180 933 2226 954 aut
2241 923 2377 963 BallivuS,

1317 953 1353 983 de
1367 954 1435 998 hiis,
1453 966 1500 993 qiii
1520 956 1624 993 iudicio
1636 957 1775 996 praedusto
1794 960 1991 991 concesserunt
2011 970 2057 992 aut
2072 961 2270 1002 interfuerunt,
2285 964 2379 1004 inqui-3

1319 993 1397 1023 rendi
1411 994 1525 1025 liberam
1540 994 1637 1025 habeat
1649 995 1824 1035 potestatem.

1349 1032 1383 1076 ᾗ
1392 1031 1566 1063 Ρηεάίξῒιιῐτι
1580 1043 1679 1064 verum
1693 1033 1746 1064 Ma
1758 1034 1877 1065 'naldum
1886 1059 1895 1072 ,
1911 1045 1959 1076 per
1971 1036 2136 1068 sententiam
2157 1038 2321 1078 bannitum,
2338 1040 2373 1071 ad

1317 1068 1470 1101 Civitatem
1492 1072 1577 1111 ipsam
1590 1095 1599 1110 ,
1624 1082 1673 1110 per
1693 1083 1733 1104 no
1757 1082 1821 1104 rum
1839 1074 1949 1106 dietum
1963 1076 2008 1106 seu
2019 1075 2237 1115 diffinitionem,
2251 1077 2374 1110 restitui-

1319 1118 1390 1139 mus.

1350 1147 1525 1191 Arbitramnr
1546 1149 1652 1190 insuper
1666 1172 1675 1188 ,
1700 1149 1842 1181 statuimus
1855 1173 1865 1188 ,
1882 1150 2037 1182 diffinimus
2052 1174 2062 1189 ,
2079 1152 2240 1183 ordinamus
2253 1177 2262 1192 ,
2282 1153 2376 1186 lauda-

1314 1195 1377 1217 mus
1390 1187 1423 1217 ὃς
1435 1188 1571 1225 dicimus,
1589 1189 1666 1228 quod
1771 1189 1884 1228 Major,
1902 1200 2018 1220 centurn
2033 1190 2114 1221 Pares
2127 1213 2136 1228 ,
2154 1192 2187 1221 &
2199 1191 2375 1223 Communi-

1314 1232 1352 1255 tas
1366 1227 1530 1265 memorati,
1549 1227 1687 1266 praedidto
1706 1226 1848 1268 Episcopo
1868 1229 1934 1259 dent
1949 1229 1982 1259 &
1997 1229 2103 1259 solvant
2118 1230 2281 1269 quingentas
2292 1232 2375 1262 libras

1313 1262 1525 1303 sterlingorum,
1543 1266 1611 1295 citra
1627 1265 1740 1296 Festum
1755 1266 1851 1296 Sancti
1865 1266 1982 1297 Martini
1994 1269 2022 1297 in
2038 1267 2140 1298 Yeme.

1349 1301 1387 1333 Et
1404 1325 1413 1341 ,
1442 1304 1504 1343 quia
1527 1304 1556 1333 in
1575 1303 1732 1341 hujusmodi
1752 1304 1900 1347 colleffis,
1925 1306 2074 1345 aliquando
2098 1315 2230 1344 pauperes
2247 1307 2376 1338 indebite

1310 1349 1476 1380 gravantur,
1494 1343 1671 1382 praecipimus
1688 1343 1765 1382 quod
1786 1344 1953 1374 Senclcallus
1973 1344 2068 1375 noster
2083 1354 2129 1375 aut
2144 1345 2264 1375 Ballivus
2277 1346 2370 1377 videat

1311 1389 1346 1422 ne
1359 1380 1450 1410 minus
1461 1389 1627 1419 onerentur,
1645 1391 1716 1419 nec,
1734 1390 1869 1422 praetexm
1890 1382 1964 1413 istius
1979 1384 2125 1422 pecuniae,
2144 1383 2264 1414 collecta
2282 1385 2374 1423 majo-

1310 1427 1346 1447 ris
1358 1420 1485 1454 pecuniae
1500 1418 1553 1449 fiat.

1348 1455 1487 1487 Volumus
1500 1459 1583 1488 etiam
1596 1458 1630 1489 &
1644 1459 1820 1496 praecipimus
1835 1466 1866 1489 ut
1881 1468 2073 1496 procuratores
2087 1462 2206 1500 partium
2219 1483 2229 1497 ,
2247 1469 2293 1491 aut
2309 1470 2373 1498 par-

1310 1502 1350 1525 tes
1371 1496 1451 1534 ipfie,
1470 1506 1566 1526 coram
1587 1497 1670 1527 nobis
1688 1496 1847 1535 praesenteS,
1865 1497 1928 1528 haec
1948 1498 2076 1529 nostrum
2091 1500 2252 1537 arbitrium,
2266 1499 2372 1530 diffini-

1309 1534 1418 1564 tionem
1433 1558 1442 1572 ,
1458 1533 1591 1565 statutum
1605 1559 1615 1573 ,
1633 1535 1839 1565 ordinationem
1855 1558 1865 1573 ,
1883 1535 1998 1566 laudum
2019 1538 2053 1568 &
2066 1537 2176 1568 distum
2191 1536 2302 1575 statim,
2319 1548 2372 1576 per

1309 1571 1383 1602 suam
1397 1573 1573 1612 scripturam,
1592 1574 1756 1613 emologent
1770 1573 1804 1604 &
1818 1583 1974 1612 acceptent.

1347 1611 1531 1643 Reservamus
1552 1613 1640 1651 itaque
1655 1613 1736 1643 nobis
1753 1611 1904 1649 specialiter
1919 1611 2084 1652 potestatem
2105 1613 2168 1644 haec
2182 1612 2311 1644 nostrum
2326 1624 2370 1644 ai·-

1309 1648 1424 1680 bitrium
1439 1673 1449 1689 ,
1466 1650 1667 1681 diffinitionem
1680 1674 1690 1689 ,
1709 1651 1841 1681 statutum
1856 1675 1865 1689 ,
1883 1651 2089 1682 ordinationem
2102 1675 2113 1690 ,
2131 1652 2244 1682 laudum
2263 1652 2297 1683 &
2309 1652 2372 1683 dic-

1308 1695 1370 1718 tum
1386 1690 1564 1726 corrigendi,
1581 1690 1759 1726 declarandi,
1779 1689 1812 1719 &
1827 1690 2027 1728 interpretandi
2042 1689 2120 1728 alias,
2138 1690 2239 1729 semel,
2257 1700 2290 1721 ac
2308 1691 2370 1728 plu—

1308 1726 1376 1764 ries,
1394 1737 1478 1768 prout
1492 1729 1574 1758 nobis
1589 1728 1727 1758 videbitur
1741 1727 1879 1765 expedire.

1348 1765 1385 1796 Et
1400 1789 1411 1804 ,
1430 1767 1459 1796 in
1484 1766 1535 1797 hiis
1556 1767 1688 1797 omnibus
1702 1790 1711 1805 ,
1729 1766 1899 1797 reservamus
1917 1767 2000 1797 nobis
2013 1767 2133 1805 regalem
2148 1766 2316 1807 potestatem
2335 1768 2370 1800 δε

1307 1803 1501 1844 dominicam,
1519 1805 1650 1836 emendas
1665 1805 1811 1843 capiendi,
1827 1815 1881 1842 pro
1895 1805 1977 1835 libito
1989 1805 2105 1843 nostro,
2122 1816 2190 1836 cum
2206 1806 2290 1836 nobis
2309 1806 2370 1844 pla-

1307 1844 1415 1881 cuerit,
1436 1853 1569 1883 quatenus
1587 1843 1720 1883 ρτκάἰὲὶει
1739 1843 1832 1874 debita
1854 1843 1980 1874 nostram
1999 1843 2121 1884 Regiam
2137 1843 2304 1882 potestatem
2321 1843 2370 1874 of-

1306 1881 1444 1912 fenderint
1462 1883 1506 1914 seu
1521 1883 1704 1913 dominicam.

1343 1919 1411 1951 Nos
1429 1930 1498 1952 vero
1519 1921 1663 1952 Robertus
1705 1920 1761 1951 Dei
1782 1920 1869 1966 grati&⁴
1884 1944 1894 1960 ,
1910 1920 2030 1951 Bathon.
2054 1920 2087 1951 &
2103 1919 2236 1952 Wellens
2250 1920 2370 1962 Episco-

1303 1968 1353 1998 pus
1367 1981 1377 1996 ,
1400 1961 1415 1990 a
1436 1960 1560 1999 partibus
1576 1944 1716 1998 praedie²tis
1735 1960 1836 1990 arbiter
1857 1960 2039 1990 concorditer
2059 1959 2180 1990 similiter
2200 1960 2319 1999 electus,
2335 1962 2368 1992 in

1304 1998 1371 2035 hiis,
1391 1999 1410 2029 si
1423 2008 1485 2037 quse
1501 1998 1567 2037 sint,
1584 2008 1665 2038 quae,
1680 2000 1743 2037 jure
1754 1999 1921 2037 refragante,
1940 2008 1999 2028 non
2017 1999 2130 2038 poslunt
2145 1998 2244 2029 cadere
2259 2001 2288 2030 in
2303 2009 2368 2039 per·-

1300 2036 1397 2066 sonam
1413 2036 1532 2066 Domini
1548 2038 1649 2076 Regis,
1668 2045 1750 2075 prout
1768 2038 1798 2067 in
1816 2037 1910 2067 forma
1924 2035 2132 2076 Compromiffi
2147 2037 2253 2076 plenius
2271 2038 2367 2069 conti-

1301 2083 1398 2113 netur,
1418 2076 1560 2105 sententias
1574 2076 1876 2106 excommunicationis
1890 2076 1922 2106 &
1936 2076 2093 2114 interdiffi,
2112 2076 2141 2105 in
2155 2075 2305 2114 praedietos

1304 2113 1465 2152 Majorem,
1481 2122 1597 2144 centum
1617 2113 1700 2144 Pares
1710 2137 1720 2152 ,
1737 2115 1771 2145 ὃς
1787 2113 2033 2144 communitatem
2047 2113 2212 2153 praedietam
2226 2113 2307 2152 latas,
2324 2123 2368 2144 ar-

1302 2152 1454 2190 bitramur,
1472 2152 1650 2191 ordinamus,
1668 2152 1822 2183 diffinimus
1834 2153 1868 2183 &
1881 2152 2000 2183 dicimus
2015 2161 2064 2191 per
2076 2151 2173 2182 Baion.
2192 2151 2367 2192 Episcopum

1302 2191 1487 2229 revocandas,
1506 2191 1538 2222 &
1554 2199 1678 2230 petentes
1689 2191 1725 2221 ab
1738 2190 1841 2220 eodem
1856 2190 2035 2221 absolutionis
2052 2190 2239 2230 beneficium,
2256 2200 2290 2221 ex
2303 2190 2364 2222 dic-

1299 2228 1328 2259 ta
1345 2229 1441 2268 causfi,
1459 2230 1515 2260 fine
1525 2228 1692 2260 difficultatis
1706 2228 1874 2267 obstaculo,
1891 2230 1955 2260 fore
1968 2228 2160 2260 absolvendos

2395 1037 2455 1068 ⁸³11.
2467 1048 2529 1075 ¹70·

1342 2311 1450 2341 Atium
1464 2311 1497 2341 &
1512 2309 1578 2341 Dat.
1601 2312 1630 2341 in
1652 2309 1759 2341 Palatio
1779 2309 1880 2340 nostro
1897 2309 2013 2349 Regali,
2026 2310 2110 2340 tertio
2121 2308 2168 2340 die
2176 2307 2272 2349 Junii,
2288 2320 2366 2341 anno

1295 2349 1419 2380 Domini
1432 2349 1578 2379 millesimo
1590 2349 1785 2380 ducentesimo
1798 2348 1972 2388 octagesimo
1986 2349 2089 2385 primo.

1390 2476 1475 2522 Epis?
1480 2480 1525 2524 opi
1541 2479 1652 2510 Baionae
1670 2504 1680 2520 ‚
1705 2475 1742 2510 de
1761 2476 1946 2511 ordinatione
1963 2479 2048 2523 Regis
2063 2473 2265 2523 approbanda.

1367 2561 1496 2594 Niversis
1518 2561 1626 2593 Christi
1642 2561 1769 2594 fidelibus
1783 2586 1793 2602 ,
1812 2563 1846 2594 ad
1861 2572 1932 2602 quos
1945 2561 2092 2602 praesentes
2113 2560 2212 2592 litterae
2259 2570 2360 2593 rvene-
2377 2553 2454 2587 Ann-
2467 2554 2512 2589 D.

1380 2601 1435 2632 rint
1448 2624 1457 2638 ,
1485 2601 1658 2632 Dominicus
1671 2624 1682 2641 ,
1700 2601 1759 2632 Dei
1777 2602 1862 2641 gratia
1875 2625 1886 2641 ,
1908 2601 2063 2642 Episcopus
2081 2599 2176 2631 Baion.
2198 2601 2214 2631 s
2234 2609 2312 2632 utem
2326 2601 2357 2631 in
2398 2594 2481 2624 128¹·

1292 2639 1423 2668 omnium
1436 2639 1548 2670 salutari.
2373 2636 2426 2661 An.
2444 2642 2473 2668 9·

1330 2676 1410 2706 Cum
1424 2677 1502 2717 super
1518 2679 1766 2715 contentionibus,
1781 2677 1986 2716 quaestionibus
1998 2679 2032 2709 δε
2046 2676 2204 2715 discordiis,
2222 2677 2296 2707 inter
2303 2685 2355 2707 nos
2376 2675 2406 2698 Ε·
2423 2680 2446 2701 ¹·

1290 2723 1324 2744 ex
1335 2715 1391 2745 una
1406 2724 1481 2753 parte
1491 2738 1501 2754 ,
1518 2717 1552 2746 &
1568 2715 1730 2754 Majorem,
1749 2715 1932 2755 Centumque
1942 2715 2040 2752 Pares,
2056 2724 2090 2745 ac
2103 2723 2193 2745 totam
2209 2713 2354 2745 Commu·
2373 2713 2405 2737 L·
2418 2709 2486 2746 B-f-

1291 2754 1405 2783 nitatem
1418 2752 1512 2783 Baion.
1527 2763 1560 2784 ex
1573 2754 1657 2784 altera
1665 2755 1765 2790 motis,
1778 2753 1846 2784 esset
1858 2754 1888 2782 in
1902 2752 2091 2791 Magnificum
2107 2752 2272 2791 Principem
2286 2752 2354 2782 Do·
2375 2756 2407 2782 27
2416 2757 2438 2774 ¹-
2452 2750 2478 2774 ⁶-

1287 2793 1398 2822 minum
1417 2790 1450 2820 E.
1474 2791 1533 2822 Dei
1547 2791 1632 2830 gratia
1646 2815 1656 2829 ,
1675 2791 1788 2831 Regem
1812 2792 1923 2830 Angliae
1942 2790 2077 2821 illustrem
2097 2790 2353 2830 compromissum,
2373 2788 2505 2814 P‘WCfl-

1287 2839 1317 2860 ut
1333 2831 1403 2870 ipie,
1423 2840 1483 2860 non
1501 2829 1606 2860 servato
1622 2830 1688 2867 juris
1706 2830 1823 2866 ordine,
1843 2831 1896 2860 alte
1911 2829 1944 2860 ὅ(
1959 2828 2035 2859 baffe
2047 2829 2084 2859 de
2097 2829 2164 2867 illis,
2183 2838 2236 2869 pro
2249 2828 2306 2859 suae
2319 2828 2354 2860 li-
2373 2832 2467 2851 merar.

1287 2869 1350 2899 bito
1362 2869 1527 2906 voluntatis,
1545 2868 1740 2906 arbitraretur,
1757 2868 1914 2906 ordinaret,
1932 2867 2036 2898 diceret
2056 2868 2090 2899 &
2105 2867 2244 2905 laudarem,
2260 2865 2354 2898 idem

1288 2918 1343 2946 que
1357 2906 1598 2937 excellentissimus
1613 2905 1765 2946 Princeps,
1781 2916 1815 2937 ex
1830 2907 1910 2937 bono
1923 2906 1956 2937 &
1969 2915 2070 2944 aequo,
2085 2905 2156 2936 actis
2170 2906 2204 2936 &
2217 2904 2354 2943 proceffi-

1287 2947 1338 2976 bus
1357 2945 1501 2984 diligenter
1515 2946 1677 2975 examinatis
1691 2968 1701 2984 ‚
1719 2945 1832 2983 pensatis
1855 2945 1923 2975 undi
1945 2955 1978 2975 ue
1992 2946 2189 2983 personarum,
2207 2953 2305 2974 rerum
2317 2944 2353 2974 &

1287 2985 1465 3024 negotiorum
1489 2984 1699 3014 conditionibus
1722 2983 1852 3013 univerlis
1867 3007 1877 3021 ,
1895 2993 1934 3013 vo
1945 2984 2030 3021 uerit,
2046 2982 2187 3020 statuerit,
2207 2980 2352 3014 diffinierit

1285 3025 1318 3054 &
1332 3022 1498 3053 ordinaverit
1511 3045 1521 3060 ,
1540 3031 1623 3060 prout
1639 3024 1667 3052 in
1680 3022 1760 3053 dicto
1775 3021 1896 3060 ejusdem
1910 3044 1921 3060 ,
1939 3022 1988 3052 sub
2011 3021 2099 3061 sigillo
2111 3020 2160 3051 suo
2175 3020 2258 3052 nobis
2271 3019 2354 3052 tradi-

1285 3070 1332 3100 to,
1370 3060 1456 3091 lenius
1476 3062 1645 3091 continetur.

1357 3110 1406 3138 os,
1426 3098 1582 3136 hujusmodi
1603 3099 1711 3129 dictum
1726 3121 1736 3137 ,
1754 3099 1927 3130 voluntatem
1943 3122 1953 3137 ,
1972 3098 2105 3129 statutum
2122 3121 2132 3136 ,
2149 3097 2352 3129 diffinitionem

1286 3139 1319 3170 &
1340 3137 1546 3169 ordinationem
1561 3160 1570 3175 ,
1595 3139 1714 3167 nomine
1735 3137 1834 3168 nostro
1847 3160 1856 3175 ,
1881 3137 2015 3168 Ecclesia:
2033 3137 2067 3167 &
2089 3135 2214 3174 Capituli
2237 3136 2350 3174 nostri,

1284 3177 1381 3215 sponte
1395 3177 1428 3208 &
1442 3185 1475 3206 ex
1491 3175 1566 3206 certa
1580 3175 1753 3206 conscientia
1766 3176 1964 3215 omologamus
1980 3198 1990 3214 ,
2009 3176 2042 3206 ὃ(
2057 3184 2156 3206 tenore
2169 3175 2350 3212 praesentium

1284 3215 1436 3256 specialiter
1459 3214 1662 3253 approbamus2,
1683 3215 1713 3244 in
1735 3214 1824 3244 verbo
1848 3213 1992 3245 sacerdotii
2013 3212 2128 3244 fideliter
2153 3214 2350 3252 promittentes

1284 3264 1337 3284 nos
1349 3254 1445 3284 omnia
1458 3254 1492 3283 ὃς
1506 3251 1608 3291 singula
1626 3253 1731 3291 integre
1750 3252 1874 3291 servare,
1889 3253 1922 3284 &
1944 3254 1976 3283 in
1988 3252 2067 3282 nullo
2081 3252 2292 3290 contravenire,
2305 3260 2347 3282 at-

1283 3302 1340 3333 que
1353 3301 1503 3332 procurare
1518 3300 1549 3320 ea
1563 3290 1669 3328 plenius
1683 3292 1719 3321 ab
1734 3291 1790 3321 aliis
1803 3291 1952 3322 observari.
2259 3328 2266 3333 ⁴
2301 3328 2307 3333 ¹

1322 3330 1356 3361 In
1372 3331 1449 3369 cujus
1462 3331 1500 3361 rei
1513 3327 1708 3360 testimonium
1721 3329 1868 3369 praesentes
1882 3330 1982 3361 litteras
1994 3329 2073 3369 sigilli
2087 3328 2174 3360 nostri
2186 3335 2351 3360 munimine

1284 3369 1404 3400 fecimus
1418 3368 1553 3399 roborari.

1319 3445 1387 3477 Dat.
1405 3445 1538 3476 London.
1554 3446 1654 3485 quinto
1666 3445 1712 3477 die
1720 3445 1818 3485 Junii‚
1835 3456 1911 3477 anno
1929 3445 2054 3477 Domini
2073 3443 2222 3476 millesimo
2239 3443 2347 3474 ducem

1284 3486 1384 3516 tesimo
1398 3483 1570 3524 octagefirno
1583 3485 1685 3523 primo.

2357 3620 2433 3653 Ann.
2449 3621 2492 3653 D.

2381 3661 2465 3691 1281.

1356 3703 1484 3734 Niversis
1506 3701 1614 3733 Christi
1634 3703 1759 3735 fidelibus
1773 3726 1784 3744 ,
1801 3703 1836 3735 ad
1849 3712 1920 3742 quos
1939 3700 2192 3744 praesenteslitterae
2204 3706 2338 3736 pervene-
2356 3702 2409 3728 An.
2425 3709 2453 3735 9.

1366 3743 1437 3780 rint,
1454 3740 1567 3779 Major,
1584 3743 1617 3772 &
1632 3742 1768 3782 Magister
1784 3743 1809 3773 A
1829 3742 1950 3772 mericus
1969 3740 2005 3770 de
2019 3737 2144 3769 Viridare
2157 3759 2166 3774 ‚
2185 3735 2283 3779 Petrus
2300 3736 2336 3766 de
2354 3741 2384 3765 Ε.
2406 3747 2430 3766 r.

1280 3781 1446 3817 Banheries,
1463 3780 1497 3810 &
1509 3780 1679 3811 Willielmus
1692 3781 1727 3811 de
1742 3781 1798 3812 Bur
1820 3804 1825 3809 .
1841 3779 2165 3820 Procuratores-centum
2180 3773 2290 3804 Parium
2303 3775 2337 3806 ὃς
2356 3780 2387 3804 L.
2403 3780 2433 3803 Β.
2440 3775 2470 3814 f.

1281 3818 1501 3849 Communitatis
1515 3817 1609 3848 Biion.
1625 3820 1739 3849 salutem
1753 3820 1783 3849 in
1795 3818 1928 3848 omnium
1943 3817 2052 3857 salutari,
2137 3849 2151 3855 ..
2207 3852 2213 3857 .
2360 3823 2423 3847 272.

1319 3856 1398 3887 Cum
1414 3857 1440 3886 su
1461 3866 1490 3886 er
1505 3859 1749 3894 contentionibus,
1767 3855 1968 3896 quaestionibus
1979 3855 2013 3885 &
2025 3849 2165 3894 dlscordns
2178 3873 2188 3887 ‚
2205 3859 2277 3895 inter
2288 3861 2339 3882 ve·
2357 3854 2487 3879 Penesca-

1279 3896 1432 3925 nerabilem
1474 3903 1561 3924 artem
1582 3895 1774 3926 Dominicum
1809 3893 1867 3923 Dei
1886 3891 1992 3932 gratia,
2005 3888 2177 3931 Episcopum
2192 3888 2287 3919 Baion.
2305 3898 2339 3920 ex
2358 3898 2452 3917 merar.

1280 3933 1336 3964 unzi
1342 3956 1353 3974 ,
1372 3933 1405 3965 δε
1421 3932 1564 3972 Majorem
1571 3956 1582 3973 ,
1595 3942 1768 3973 centumque
1779 3917 1863 3963 Pares
1869 3953 1879 3969 ‚
1891 3939 1925 3961 ac
1939 3937 2028 3960 totam
2040 3925 2194 3958 Civitatem
2206 3926 2344 3996 *³³¹⁰ss
2360 3928 2417 3956 *IL
2429 3935 2457 3962 17
2465 3933 2489 3962 ι,

1365 3622 1471 3652 Litera
1488 3619 1632 3652 Civitatis
1649 3622 1779 3661 Baionae,
1805 3618 1841 3652 de
1860 3617 1936 3650 disto
1954 3619 2041 3663 Regis
2063 3613 2255 3662 observando.

2557 3598 2570 3674 l

2560 3679 2570 3859 l.
