2570 4261
11 299 56 331 D.

0 348 28 377 4..

8 387 31 405 1.

2 1156 8 1162 .
22 1130 63 1162 D.

0 1180 38 1210 >4-

7 1219 51 1236 22.

6 1270 65 1319 'ms-

4 1333 48 1351 22.

4 1383 10 1389 .
33 1372 68 1390 m·

0 2009 26 2030 n.
36 1998 78 2029 D.

0 2047 62 2077 294.

0 2101 1 2104 ,
19 2087 62 2104 22.

7 2126 29 2143 1.

0 2174 6 2181 .
27 2153 79 2189 Vas.

0 2201 62 2220 .22.

7 2239 29 2258 1.
43 2239 80 2258 m.

1 2682 91 2719 1.646.

0 2831 90 2863 mi).
111 2818 173 2880 R

1 2881 67 2911 294.

0 2921 17 2938 Ι.
34 2921 78 2937 22.

18 2959 28 2976 Ι

0 3035 18 3054 2.
34 3035 78 3052 22.

15 3073 38 3092 1.
54 3073 90 3092 m.

0 3110 16 3130 >-

0 2994 27 3015 η.
35 2971 94 3023 ἠί-

646 215 755 256 ΕΤ
838 215 1102 257 ACTA

68 312 130 333 mus
144 303 177 334 &
190 302 343 340 habemus,
361 301 395 332 ad
411 300 541 339 praesens,
560 300 593 330 ad
610 310 661 330 vos
678 302 814 331 mittimus
831 311 928 332 carum
944 310 1078 339 nepotem
1096 301 1129 331 &

67 341 181 371 fidelem
202 340 349 377 nostrum,
370 340 533 378 johannem
556 338 592 368 de
615 338 770 377 Britannia,
794 349 863 370 cum
883 340 1049 378 quibuidam
1070 338 1125 368 aliis

65 378 224 410 Nobilibus
241 379 276 409 de
289 378 390 408 nostris
406 378 543 407 Concilio
558 385 641 414 atque
661 377 777 412 Regno.

105 417 252 448 Mittimus
266 418 350 446 etiam
362 416 396 446 ad
412 426 463 445 vos
478 417 506 444 in
524 417 674 452 proximo,
695 415 762 445 Deo
779 415 920 453 propitio,
940 414 1126 444 Edmundum

65 456 179 486 fratrem
205 454 335 485 nostrum
364 452 536 483 carissimum
551 475 560 490 ,
593 454 625 483 δε
652 452 787 483 dilectum
809 454 843 483 &
860 452 972 482 fidelem
997 452 1125 482 nostrum

67 494 228 524 Henricum
249 492 286 522 de
309 492 384 530 Lacy
405 491 555 520 Comitem
572 491 747 529 Lincolniae,
766 501 833 522 curn
850 490 973 527 pluribus
986 492 1042 521 aliis
1057 490 1127 520 No-

68 533 169 562 bilibus
183 531 216 561 &
231 529 398 560 proceribus
412 529 480 558 dieti
501 528 601 567 Regni.

106 569 143 599 Et
163 578 215 598 nos
234 568 298 605 ipsi,
320 568 405 597 Duce
425 566 569 603 altissimo,
591 566 697 597 ibidem
718 566 752 596 ad
775 567 856 597 citius
880 568 956 605 quod
973 568 1126 606 poterimus

69 606 247 639 accedemus.

106 644 146 676 Et
166 654 234 674 cum
257 643 309 672 hiis
333 645 429 680 primis
441 642 627 680 venissemus,
645 643 692 672 nisi
708 643 807 681 aliquae
823 645 935 674 rationis
950 642 1126 674 subfuissent:

70 693 138 722 quas
152 683 242 713 dietus
256 681 360 718 Nepos
375 680 487 718 noster,
506 682 538 711 &
551 681 694 720 Johannes
706 680 742 710 de
758 682 863 712 Sancto
873 682 1021 720 johanne,
1040 683 1073 712 ὃς
1087 682 1128 711 di-

72 721 160 752 lectus
179 722 212 752 ὃ(
231 719 320 750 fidelis
339 719 433 749 noster
453 719 593 750 Robertus
611 719 741 757 Tybetot
764 721 846 749 vobis
858 721 976 750 referent
997 730 1029 750 ex
1051 729 1128 757 parte

73 759 186 797 nostra,
206 759 306 797 quibus
319 759 347 788 in
361 758 412 787 hiis
425 758 515 789 velitis
529 758 656 789 credere:
677 759 710 789 ὃς
737 757 879 789 excusatos
901 759 1058 797 quaesumus
1080 767 1130 788 nos

74 799 184 829 habere.

112 836 146 867 In
162 836 256 874 cujus,
275 835 335 865 &c.

113 911 181 941 Dat.
199 909 272 948 apud
287 909 482 949 Portesmuth‚
500 910 594 948 primo
606 910 652 941 dic
660 910 734 949 Julii.

80 1031 237 1080 Johannes
255 1033 290 1066 de
309 1033 414 1066 SanHo
433 1030 577 1079 Johannc
594 1033 773 1077 Sencftazllus
789 1033 934 1078 Wzfioniae
953 1032 1132 1077 constitutus.

151 1117 214 1148 EX
241 1117 343 1148 eisdem
360 1117 582 1155 Archiepiscopis
595 1116 623 1146 V
625 1117 759 1156 asconiae,
774 1118 836 1149 &c.
854 1118 977 1149 salutem.

180 1157 276 1187 Sciatis
290 1155 366 1195 quod
387 1155 583 1186 constituimus
597 1155 730 1186 dilectum
745 1157 778 1187 &
791 1156 903 1187 fidelem
919 1156 1066 1195 nostrum,
1081 1156 1136 1194 Jo-

82 1195 205 1226 hannem
224 1195 260 1225 de
279 1196 385 1225 Saneto
395 1195 524 1233 Johanne
540 1218 549 1231 ,
567 1194 756 1225 Senescallum
772 1194 904 1225 nostrum
920 1193 1050 1225 Ducatsis
1066 1204 1137 1232 prae-

83 1233 169 1271 dieti,
186 1235 219 1264 δε
236 1242 317 1264 terne
337 1233 441 1263 nostrae
461 1232 589 1272 Ageneiii
605 1255 613 1270 ,
639 1234 672 1262 &
684 1233 797 1264 aliarum
815 1242 955 1264 terrarum
976 1231 1136 1264 nostrarum

83 1272 249 1311 Vaseoniae,
267 1272 400 1310 quamdiu
416 1271 497 1300 nobis
512 1270 652 1308 placuerit.

122 1310 161 1340 Et
175 1310 238 1340 idco
253 1321 304 1341 vos
320 1319 451 1347 rogamus
465 1332 475 1347 ,
498 1309 660 1339 mandantes
674 1311 801 1347 quatinus
817 1310 908 1340 eidem
919 1309 1043 1347 Johanni
1053 1332 1062 1346 ,
1078 1317 1137 1339 tan-

86 1359 171 1387 quam
190 1349 344 1379 Senescallo
367 1347 466 1377 nostro
489 1346 594 1377 ibidem
610 1369 619 1384 ,
642 1347 695 1376 sitis
718 1347 891 1377 intendentes
909 1349 942 1378 &
957 1348 1136 1378 obedientes:

86 1387 270 1425 facientesque
291 1387 382 1417 eidem
401 1384 477 1422 quod
499 1385 642 1415 diciorum
656 1385 785 1415 Ducatsis
800 1386 833 1416 &
849 1386 1006 1416 Terrarum
1021 1385 1139 1416 consue-

86 1426 163 1456 vistis
182 1426 275 1456 facere
295 1423 473 1455 Senescallis:
499 1422 556 1460 ipse
577 1425 682 1454 etenim
703 1423 784 1454 vobis
806 1424 888 1454 faciet
901 1424 980 1462 quod
994 1424 1066 1455 soliti
1079 1424 1140 1454 sunt

87 1465 178 1495 facere
193 1462 351 1501 hujusmodi
365 1461 520 1492 Senescalli.

123 1501 181 1532 Cui
196 1501 312 1539 quidem
325 1500 448 1539 Johanni
463 1499 576 1538 damus,
591 1507 690 1530 tenore
704 1500 897 1538 praesentium,
912 1500 1140 1538 potestatempo-

86 1539 196 1578 nendi,
221 1541 254 1571 &
275 1539 427 1570 amovendi
449 1538 667 1569 Subsenescallos
682 1561 691 1576 ,
716 1538 890 1569 Castellanos
905 1561 914 1577 ,
941 1539 1066 1577 Majores
1081 1562 1090 1577 ,
1108 1541 1141 1570 &

84 1588 185 1610 omnes
207 1579 274 1608 alios
293 1578 410 1609 Ballivos
430 1577 464 1608 ὃς
487 1575 653 1615 Ministros,
671 1577 826 1608 secundum
843 1578 921 1616 quod
938 1578 987 1608 sibi
1002 1577 1141 1608 videbitur

89 1615 259 1649 faciendum.

126 1656 159 1685 In
173 1656 267 1694 cujus,
291 1656 351 1686 &c.

124 1731 214 1763 Teste
227 1730 310 1770 Rege
326 1729 399 1769 apud
416 1729 612 1768 Portesmuth,
630 1730 724 1771 ptimo
737 1719 782 1761 die
792 1730 867 1767 Julii.

89 1855 148 1888 Pro
169 1850 313 1900 Johanne
339 1851 375 1885 de
402 1854 563 1886 Britannia
579 1880 589 1896 ‚
624 1854 782 1899 Capitoneo
797 1854 832 1886 ‘in
849 1851 990 1900 partibus
1008 1853 1150 1899 Vafioniae

539 1899 700 1945 constituto.

97 1986 248 2049 REX,
264 1988 324 2018 &c.
345 1985 476 2017 universis
496 1985 719 2026 Archiepiscopis
767 1986 912 2026 Episcopis
927 2012 936 2025 ‚
954 1988 988 2018 ὃ(
1001 1987 1056 2017 aliis
1072 1987 1150 2017 Prae-

178 2026 250 2056 latis:
268 2026 430 2056 Comitibus
467 2024 712 2064 vicecomitibus,
732 2010 903 2064 baronibus,
919 2025 1149 2064 Militibus‚Do—

99 2065 216 2094 micellis
230 2087 240 2102 ,
265 2063 385 2094 Civibus
399 2088 408 2102 ,
430 2049 617 2102 l'3urgeniibus
633 2089 642 2102 ‚
668 2064 929 2094 Communitatibus
945 2088 954 2102 ,
972 2064 1149 2102 Senesmlhs,

98 2103 224 2138 BalliviS,
242 2102 417 2141 Praepoiitis,
434 2102 578 2140 Notariis,
601 2103 633 2133 ὃς
646 2103 782 2132 omnibus
802 2103 858 2132 aliis
875 2103 903 2132 in
914 2102 1006 2133 Terra
1022 2101 1152 2133 Ducatsis

98 2142 185 2172 nostri
202 2142 397 2179 Aquitannize,
415 2142 447 2172 &
462 2141 489 2170 in
501 2140 574 2171 terra
589 2140 686 2171 nostra
700 2141 846 2181 Agencsii,
864 2142 897 2172 ὃς
910 2141 962 2171 alia
976 2141 1050 2172 terra
1057 2141 1153 2171 nostra

98 2180 244 2210 Vasconiae
259 2179 431 2218 constitutis,
448 2179 570 2209 salutem.

136 2218 279 2248 Mittimus
291 2218 427 2248 dilee‘tum
444 2217 595 2255 Nepotem
609 2217 642 2247 &
657 2215 770 2247 fidelem
786 2216 914 2248 nostrum
924 2240 934 2255 ,
948 2216 1111 2255 Johannern
1119 2217 1155 2247 de

98 2256 250 2294 Britannia,
268 2257 297 2286 in
312 2256 458 2287 Ducatum
472 2255 602 2286 nostrum
623 2255 790 2293 praedietiim
804 2280 813 2294 ,
832 2256 866 2286 ad
882 2256 1038 2286 tenendum
1055 2257 1154 2286 locum

98 2293 231 2325 nostrum
252 2295 384 2332 ibidem:,
409 2296 442 2325 ὃ(
465 2302 495 2324 ut
515 2295 546 2324 sit
568 2292 660 2324 vester
682 2293 851 2331 Capitaneus
864 2317 874 2332 ,
897 2295 930 2326 &
943 2296 1032 2334 gentis
1045 2293 1152 2325 nostrae

99 2343 186 2371 quam
201 2342 268 2363 cum
282 2343 318 2364 eo
332 2332 366 2362 ad
379 2340 466 2370 partes
481 2331 653 2362 destinamus
668 2332 791 2362 easdem:

137 2371 257 2409 Propter
277 2371 355 2410 quod
377 2381 427 2401 vos
444 2380 589 2410 rogamus,
606 2370 767 2401 mandantes
788 2378 922 2409 quatenus
935 2371 1029 2401 eidem
1044 2370 1159 2409 Nepoti

102 2409 202 2441 nostro
223 2410 275 2440 sitis
289 2410 453 2440 obedientes
468 2410 496 2438 in
516 2409 665 2446 omnibus,
684 2408 753 2440 sicut
766 2411 868 2447 nobis3
884 2410 1032 2449 quousqee
1048 2411 1063 2440 a
1076 2411 1159 2440 nobis

102 2449 180 2490 super
194 2449 252 2478 hoc
264 2448 339 2478 aliud
352 2448 499 2478 habueritis
513 2449 543 2477 in
561 2447 705 2477 mandatis.

143 2486 177 2517 In
190 2489 268 2526 cujus
276 2509 286 2526 ,
304 2488 365 2518 &c.

141 2563 210 2595 Dat.
226 2562 299 2601 apud
312 2562 491 2593 Portesmuth
500 2585 509 2601 ,
523 2562 618 2600 primo
631 2561 676 2593 die
686 2561 762 2601 Julii.

134 2682 160 2710 ’ἦ
186 2687 235 2718 De
245 2683 383 2730 potestate
401 2683 554 2716 imitandi
566 2685 658 2730 stipor
674 2683 916 2728 confoederatione
935 2688 1012 2716 inter
1032 2687 1140 2732 Regem

408 2731 532 2775 castella
547 2736 583 2771 &
605 2737 713 2779 Regem
729 2733 856 2780 Angliae.

180 2817 205 2848 E
216 2817 246 2849 X
271 2818 423 2855 omnibus,
441 2816 475 2847 ad
491 2827 577 2855 quos,
595 2819 656 2849 &c.
673 2817 796 2849 salutem.

212 2855 261 2887 De
280 2856 535 2893 circumspectione
555 2857 588 2887 ὃ(
610 2856 741 2887 fidelitate
762 2858 818 2887 cari
841 2856 966 2897 Nepotis
984 2858 1073 2889 nostri
1089 2881 1098 2897 ,
1112 2857 1166 2897 Jo-

98 2895 210 2930 Vhannis
229 2896 265 2926 de
288 2895 428 2926 Britannia
441 2917 450 2933 ‚
473 2894 620 2933 capitanei
637 2896 726 2933 gentis
740 2896 861 2934 nostrae,
879 2897 1053 2935 tenentisque
1067 2897 1166 2927 locum

113 2933 242 2965 nostrum
263 2936 293 2964 in
313 2931 428 2964 Ducatu
450 2933 648 2970 Aquitanniae:
674 2943 789 2965 necnon
809 2934 980 2966 dileetorum
996 2937 1029 2967 &
1041 2935 1167 2966 fidelium

115 2972 278 3003 nostrorum
293 2996 302 3010 ,
325 2971 458 3010 johannis
479 2972 515 3003 de
535 2971 641 3003 saneto
650 2971 782 3010 Johanne
798 2972 941 3004 Senescalli
958 2974 1046 3005 nostri
1062 2974 1169 3005 Vasco-

116 3012 186 3050 niae,
206 3010 330 3042 Robcrti
348 3011 476 3049 Tybetot
491 3034 500 3048 ‚
526 3011 559 3042 ὃς
582 3011 724 3042 Amaneni
743 3011 779 3042 de
798 3011 823 3042 la
839 3011 904 3042 Bret
918 3035 928 3050 ,
947 3012 1092 3052 Militum,
1110 3014 1169 3051 ple-

116 3059 182 3080 nam
198 3049 329 3080 fiduciam
340 3050 498 3086 optinentes
507 3072 516 3086 ,

154 3084 265 3118 Damus
278 3087 340 3127 ipsis
354 3087 505 3124 omnibus,
522 3086 625 3126 tribus,
644 3089 677 3119 &
699 3088 810 3119 duobus
829 3089 971 3129 ipsorum,
989 3091 1037 3129 qui
1050 3091 1170 3129 proesen-

116 3134 156 3157 tes
170 3126 292 3164 fuerint,
307 3125 418 3164 plenam
439 3123 605 3163 potestatem
626 3127 760 3157 ttadsandi
775 3151 784 3165 ‚
802 3128 836 3159 &
849 3128 999 3160 ordinandi
1014 3129 1092 3168 super
1106 3131 1168 3160 uni-

116 3173 173 3195 tate
185 3189 195 3203 ,
219 3165 254 3196 &
273 3162 519 3195 confoederatione
538 3173 571 3193 ac
592 3165 715 3196 amicitia
735 3166 868 3205 speciali,
893 3168 964 3199 inter
986 3168 1168 3208 magnifieum

116 3202 280 3242 Principem
305 3201 468 3233 Dominum
490 3200 604 3240 Regem
623 3201 754 3235 Castellae
771 3205 907 3235 illustrem
922 3230 932 3244 ‚
956 3207 989 3238 &
1013 3216 1064 3236 nos
1084 3206 1166 3244 (Deo

116 3242 255 3281 propitio)
273 3241 422 3279 faciendis,
440 3242 475 3272 &
486 3240 683 3279 asiecurandis‚
701 3243 734 3273 &
747 3242 784 3274 de
798 3243 850 3274 hiis
865 3243 1051 3283 affirmandis,
1070 3256 1169 3284 quam-

116 3280 166 3310 diu
185 3281 273 3310 ambo
295 3281 443 3311 vixerimus
456 3291 466 3318 3
486 3280 519 3310 δε
532 3277 630 3309 damus
644 3279 812 3317 potestatem
826 3283 964 3320 praedid‘co
979 3283 1091 3322 Nepoti
1104 3295 1171 3314 nos-

117 3327 179 3356 tro,
193 3317 305 3358 jurandi
317 3319 346 3348 in
358 3319 482 3348 animam
493 3316 619 3348 nostram
635 3319 838 3352 omnimodum
859 3322 1019 3353 rationabile
1029 3324 1173 3362 juramen-

116 3365 189 3387 tum.

156 3394 297 3426 Volumus
319 3395 402 3424 etiam
423 3393 501 3432 quod
524 3393 649 3432 praediffi
670 3403 790 3432 quatuor
803 3422 813 3436 ,
839 3405 893 3429 tres
906 3422 916 3438 ,
934 3400 968 3431 &
980 3398 1038 3431 duo
1054 3409 1170 3439 eorum,

117 3443 190 3472 quos
203 3432 349 3473 praesentes
363 3432 419 3475 elle
432 3433 583 3472 contigerit
598 3455 607 3471 ,
625 3433 723 3463 omnia
738 3444 800 3473 quae
812 3436 846 3466 ad
861 3439 1052 3469 commodum
1070 3440 1102 3470 δε
1117 3440 1172 3470 lio-

116 3480 218 3502 norem
238 3470 307 3500 dieti
327 3468 416 3509 Regis
435 3472 469 3501 &
483 3470 588 3514 nostri,
607 3470 699 3508 quoad
712 3474 866 3513 praemissa,
883 3477 986 3507 fuerint
1001 3479 1174 3508 convenien-

94 3546 99 3549 ι
117 3512 156 3541 tia
175 3510 235 3578 seriis
242 3511 327 3539 etiam
346 3516 489 3547 oportuna
502 3531 512 3548 ,
534 3509 636 3540 faciant
657 3510 690 3541 &
710 3511 872 3549 compleant
886 3537 896 3554 ‚
914 3515 984 3547 licut
995 3516 1116 3554 superius
1131 3516 1172 3547 est

117 3558 152 3579 ex
174 3558 205 3578 re
229 3557 288 3578 um.

191 3587 306 3616 abemus
325 3584 461 3624 siquidem
477 3608 486 3623 ‚
511 3585 545 3616 &
565 3584 730 3617 habebimus
748 3596 802 3627 pre
823 3587 908 3622 firmo
922 3592 956 3624 ὃς
971 3592 1077 3630 stabili,
1096 3595 1175 3631 quic-

120 3624 188 3663 quid
202 3624 350 3662 praedic‘tus
364 3623 469 3664 Nepos
483 3623 596 3667 noster,
615 3623 799 3667 Senescallus,
816 3626 976 3669 Robertus,
996 3632 1175 3672 Ainanenus,

121 3671 193 3701 tres,
211 3663 244 3694 &
266 3663 326 3693 duo
347 3672 447 3692 eorum
462 3686 471 3700 ‚
489 3671 607 3692 nomine
621 3661 736 3703 nostro,
754 3665 784 3695 in
797 3667 930 3698 omnibus
945 3669 1104 3708 supradietis
1141 3672 1175 3703 &

123 3701 233 3771 sinIgulis
245 3700 430 3770 ςτοῑυηὸῑὲῑειτι,
447 3702 477 3732 in
488 3700 580 3731 forma
594 3700 730 3738 praedicta
741 3702 879 3738 duxerunt
895 3706 1062 3740 faciendum.
1113 3695 1122 3711 ²

179 3750 197 3770 n
211 3749 306 3779 quuS,
359 3748 384 3769 c.

162 3814 251 3848 Teste
262 3816 345 3856 Rege
355 3815 427 3855 apud
441 3814 604 3855 Crevequer
617 3817 701 3849 tertio
712 3816 759 3849 die
768 3816 787 3858 J
789 3819 844 3850 ulii.

1180 194 1650 262 PUBLICA.
2142 232 2214 277 133

2238 334 2314 367 Ann.
2329 334 2370 368 D.

1165 386 1223 415 Pro
1251 384 1393 431 Johanne
1419 386 1455 418 de
1476 386 1635 420 Britannia
1657 388 1806 434 potestates
1830 392 1983 425 trac‘bandi
2001 393 2091 438 sitper
2111 391 2217 434 confoe-
2241 384 2345 441 Εἰξῖᾒ·

1210 449 1212 453 ν
1571 435 1783 471 dcrationibus.
2299 437 2304 442 ⁴
2346 435 2352 441 ⁵

1165 515 1300 576 REX
1326 518 1473 556 omnibus,
1492 518 1525 548 ad
1540 529 1610 557 qnos
1624 520 1683 551 &e
1703 521 1822 552 salutem.
2239 537 2291 561 An.
2309 544 2351 561 22.

1247 593 1251 597 ¹
1268 554 1316 584 De
1337 555 1465 599 fidelitate
1484 558 1517 587 δε
1537 559 1788 596 circumspec‘tione
1814 560 1908 591 dilecti
1928 561 2054 599 Nepotis
2074 563 2108 594 &
2129 562 2217 592 fidelis
2241 577 2267 599 E.
2296 583 2318 599 ,,

1165 591 1253 621 nostri
1265 592 1400 631 Johaiinis
1415 593 1451 638 de
1466 593 1624 634 Brit-annii,
1640 596 1784 634 Capitanei
1800 600 1888 637 gentis
1903 599 2005 633 nostra:
2017 624 2026 638 ,
2045 601 2220 638 tenentisque
2240 614 2294 637 Rot.
2315 611 2372 647 Vas»

1164 629 1262 660 locum
1274 631 1402 675 nostrum
1415 643 1443 662 in
1459 633 1573 663 Ducatu
1586 634 1722 671 praedicto
1735 660 1744 673 ,
1768 637 1879 673 plenam
1899 636 2027 667 fiduciam
2042 641 2218 676 obtinetiteS‚
2241 658 2292 675 con.
2311 658 2353 674 22,

1205 668 1314 712 Damus
1336 679 1377 706 ei,
1396 679 1494 701 tenore
1515 672 1690 709 praesentium
1705 696 1714 711 ,
1732 673 1900 710 potestatem
1921 676 2074 714 tractandi,
2093 678 2126 708 &
2142 677 2206 707 ordi
2247 690 2276 712 12'.
2296 696 2319 713 ι,
2339 695 2373 713 ,ηι

1166 707 1248 750 nandi
1262 707 1613 751 superconfoederitione,
1627 711 1660 741 &
1673 712 1795 742 amicitia
1811 713 1879 742 inter
1894 722 1962 750 nos,
1979 715 2012 744 δε
2026 725 2126 744 omnes
2141 715 2202 745 illos
2212 738 2221 752 ,
2250 733 2291 750 10-

1166 754 1215 781 qui
1235 745 1271 774 de
1293 748 1414 776 amicitia
1435 747 1530 778 nostra
1550 748 1606 777 esse
1626 748 1767 780 voluerint
1782 750 1862 787 (Deo
1876 752 2007 788 propitio)
2025 753 2164 783 ineundis:
2184 754 2218 783 &

1166 782 1443 850 confchederationem
1470 787 1503 816 ὃ(
1532 787 1683 816 amicitiam
1713 788 1872 827 hujusmodi
1888 790 2006 819 nomine
2026 790 2125 820 nostro
2143 790 2218 820 affir-

1169 830 1234 850 man
1257 832 1273 850 ι.

1210 858 1315 889 Rarum
1337 860 1369 890 &
1393 870 1501 899 gratum
1513 861 1661 904 habenth,
1681 863 1847 895 &habituri
1863 864 2013 907 quicquid,
2030 875 2080 903 per
2096 865 2220 896 eundem

1169 896 1321 940 Nepotem
1335 898 1463 929 nostrum
1473 924 1481 937 ,
1501 899 1606 930 factum
1619 904 1700 930 tuerit
1713 912 1742 930 ιιι
1757 904 1906 939 ραειῃίίῑιε.

1208 935 1240 964 ln
1254 944 1348 973 cujus,
1365 938 1425 967 &c.

1211 1009 1372 1049 Datsapud
1387 1011 1570 1044 Portesmuth
1580 1038 1588 1051 ‚
1608 1014 1747 1045 nono-die
1759 1015 1833 1054 Julii.

1174 1138 1223 1170 De
1246 1134 1384 1182 potestate
1408 1137 1561 1170 trafflandi
1576 1139 1665 1184 sitper
1691 1139 1943 1183 confoederatione‘
1961 1144 2037 1173 inter
2058 1145 2165 1189 Regem
2191 1146 2228 1180 ῤ’

1556 1190 1698 1220 Comitem
1716 1188 1751 1220 de
1769 1191 1848 1235 Foys.

1175 1268 1309 1331 REX
1334 1268 1438 1300 dilefto
1459 1269 1572 1308 Nepoti
1596 1271 1628 1300 &
1644 1269 1717 1300 fideli
1733 1272 1798 1309 suo,
1815 1271 1935 1310 johanni
1951 1271 1986 1302 de
2000 1271 2152 1312 Britannia,
2171 1273 2229 1304 Ca·
2255 1268 2329 1298 Arm·
2343 1268 2385 1299 Di

1257 1309 1369 1346 pitaneo
1384 1307 1488 1338 Gentis
1501 1309 1603 1338 nostre
1618 1310 1644 1338 in
1660 1308 1773 1339 Ducatn
1791 1310 1946 1348 Aquitani-„e
1960 1310 2082 1340 salutem.
2278 1317 2362 1346 1294-

1214 1346 1263 1377 De
1277 1346 1404 1376 fidelitate
1418 1348 1450 1377 &
1465 1346 1716 1385 circumspectione
1724 1348 1814 1378 vestra
1828 1349 1939 1386 plenam
1951 1348 2086 1379 fiduciam
2099 1350 2231 1381 obtinen-
2259 1350 2309 1373 Aa.
2327 1356 2371 1374 22·

1179 1394 1235 1422 tes,
2259 1389 2287 1412 E.
2312 1394 2333 1412 ι.

1215 1423 1305 1453 Vobis
1320 1422 1418 1452 damus
1433 1423 1560 1461 plenam,
1578 1432 1677 1453 tenore
1689 1425 1881 1461 pra-sentium,
1899 1424 2069 1462 potestatem
2083 1426 2231 1466 trac‘tandi,
2260 1427 2314 1450 ⁸0¹·
2332 1422 2386 1458 Vas-

1177 1462 1211 1492 &
1232 1461 1382 1491 ordinandi
1403 1461 1482 1501 super
1503 1463 1613 1492 unionis
1630 1463 1661 1492 ὃς
1677 1462 1928 1493 confoederationis
1940 1463 2071 1502 vinculo,
2089 1475 2121 1495 ac
2135 1467 2234 1496 amici-
2257 1471 2308 1487 con.
2327 1470 2372 1487 2²·

1179 1500 1216 1529 tia
1229 1499 1351 1540 speciali,
1367 1501 1437 1529 inter
1455 1509 1523 1538 nos,
1540 1501 1573 1531 ὅ(
1590 1500 1716 1530 nobilem
1731 1502 1823 1530 virum
1838 1526 1847 1538 ,,
1867 1501 2031 1531 Dominum
2051 1525 2056 1530 .
2079 1526 2085 1531 .
2105 1527 2111 1532 .
2131 1502 2234 1534 Comi-
2258 1503 2286 1525 Ε·
2310 1509 2332 1526 ¹-
2351 1508 2377 1525 ἠ

1179 1546 1238 1568 tem
1252 1538 1288 1568 de
1305 1538 1381 1576 Foys
1400 1537 1482 1574 (Deo
1496 1539 1630 1576 propitio)
1652 1538 1790 1568 ineundis:
1811 1539 1844 1569 ὃ(
1858 1539 1895 1569 de
1908 1539 1975 1576 hiis,
1993 1540 2092 1570 nostro
2105 1545 2235 1581 nomine,
2262 1546 2303 1563 ¹0·

1180 1575 1365 1613 affirmandis,
1383 1576 1503 1606 faciendi
1527 1577 1634 1614 insuper
1656 1578 1688 1607 ὃς
1710 1577 1872 1615 complendi
1884 1579 1998 1616 omnia,
2016 1588 2079 1616 quae
2093 1580 2128 1610 ad
2141 1581 2235 1611 hono-

1181 1624 1241 1644 rem
1262 1616 1295 1646 &
1318 1616 1462 1645 utilitatem
1478 1615 1619 1652 nostram,
1637 1625 1669 1644 ac
1684 1616 1789 1652 praeffiti
1805 1615 1942 1654 Comitis,
1960 1617 1989 1646 in
2002 1618 2147 1654 praemissis
2162 1630 2235 1651 con-

1183 1654 1322 1683 venientia
1334 1653 1452 1690 fuerint,
1470 1652 1515 1683 seu
1530 1655 1613 1683 etiam
1628 1662 1775 1690 oportuna.

1222 1691 1328 1722 Rarum
1350 1692 1383 1722 &
1403 1700 1513 1729 gratum
1536 1692 1668 1721 habentes
1690 1694 1721 1722 &
1744 1692 1862 1722 habituri
1875 1693 2009 1731 quicquid
2026 1694 2163 1735 feceritis,
2179 1707 2234 1728 no-

1184 1730 1259 1798 miFe
1272 1729 1371 1773 nostro
1381 1732 1435 1799 ,gin
1451 1730 1584 1760 omnibus
1598 1729 1771 1768 supradietis,
1792 1732 1825 1762 «Sc
1840 1731 1966 1769 quolibet
1982 1733 2160 1766 eorumdem.

1239 1777 1257 1798 n
1272 1777 1366 1807 quuS,
1406 1777 1446 1798 ·c.

1222 1843 1290 1875 Dat.
1309 1844 1381 1882 apud
1399 1844 1592 1883 Portesmuth‚
1611 1854 1691 1875 nono
1705 1845 1751 1875 die
1761 1845 1834 1884 Julii.

1187 1966 1213 1993 θ’*
1240 1963 1461 2010 Archiepiftopo
1480 1965 1639 1996 Aua-imno
1654 1967 1689 2002 ej·
1709 1965 1778 1996 aliis
1789 1991 1798 2006 ‚
1814 1965 1848 1997 de
1866 1967 2010 2011 Wisc'onia
2026 1970 2239 2015 recuperanda.
2263 1962 2278 1978 *
2290 1961 2397 1997 11⁴⁶47·

1188 2049 1323 2112 REX
1341 2072 1350 2087 ,
1373 2048 1525 2078 venerabili
1543 2049 1571 2077 in
1594 2047 1712 2078 Christo
1733 2048 1823 2087 Patri,
1844 2049 2012 2090 Amaneno,
2028 2052 2126 2083 eadem
2140 2055 2225 2093 gratia
2270 2045 2395 2077 AnnD.

1271 2087 1493 2124 Archiepiscopo
1507 2087 1646 2124 Axitano,
1664 2087 1786 2117 salutem.
2232 2079 2242 2094 '
2296 2094 2381 2124 1294.

1226 2127 1325 2165 Cum,
1342 2126 1378 2156 de
1401 2133 1471 2155 terra
1495 2124 1588 2154 nostra
1601 2124 1747 2155 Vasconiae
1758 2150 1767 2163 ,
1786 2136 1835 2163 per
1850 2126 1965 2164 Regem
1983 2128 2107 2159 Franciae
2119 2130 2151 2161 &
2165 2131 2244 2169 suos,
2269 2127 2319 2150 ²¹⁷¹·
2335 2134 2378 2150 ²2·

1189 2167 1321 2196 inimicos
1344 2163 1454 2194 nostros
1468 2187 1478 2201 ,
1497 2163 1601 2193 seducti
1615 2164 1698 2193 fimus
1717 2166 1844 2202 nequiter
1860 2167 1893 2197 ὃ(
1907 2166 2004 2204 ejecti,
2023 2177 2106 2204 prout
2121 2179 2189 2207 VOS,
2207 2170 2246 2200 se-
2269 2166 2297 2189 E,
2325 2172 2347 2188 ¹-
2388 2194 2391 2197 .

1191 2203 1318 2235 cundum
1337 2202 1414 2241 quod
1429 2201 1600 2232 intendimus
1609 2226 1626 2243 ‚N
1634 2202 1708 2232 bene
1721 2202 1806 2240 scitis,
2272 2204 2326 2226 Rot.
2341 2199 2398 2237 Vas-

1232 2243 1433 2273 paternitatem
1447 2239 1569 2271 vestram
1581 2240 1734 2271 affectuose
1751 2242 1916 2278 requirimus
1933 2244 1966 2273 &
1988 2252 2136 2282 rogamus,
2155 2254 2250 2283 quate·
2271 2249 2322 2265 ron.
2338 2248 2382 2265 22·

1196 2291 1247 2311 nus
1267 2280 1301 2310 ad
1324 2279 1443 2310 eandem
1463 2287 1563 2309 terram
1586 2278 1710 2308 nostram
1725 2281 1943 2317 recuperandam
1979 2283 2061 2312 nobis
2073 2284 2102 2312 in
2116 2284 2247 2315 auxilium
2270 2280 2299 2303 E.
2323 2286 2346 2303 ¹·
2363 2286 2398 2304 ⁷⁷¹»

1193 2320 1282 2351 velitis
1297 2318 1370 2356 esse,
1387 2318 1420 2348 δε
1435 2318 1512 2356 genti
1526 2316 1647 2355 nostrae,
1661 2317 1730 2348 sicut
1743 2317 1778 2348 de
1793 2320 1873 2348 vobis
1882 2304 2050 2350 confidimus
2064 2322 2249 2354 consulentes.
2278 2324 2318 2341 ¹0·
2336 2315 2359 2343 ‘¹-

1235 2356 1432 2394 Hominesque
1453 2357 1573 2393 partium
1594 2356 1755 2386 earumdem
1770 2379 1779 2394 ,
1803 2366 1833 2387 ut
1848 2357 1929 2388 nobis
1943 2360 1975 2389 &
1989 2360 2064 2397 genti
2078 2360 2198 2398 nostrae,
2216 2363 2250 2393 ad

1195 2404 1297 2426 terram
1319 2394 1444 2425 nostram
1467 2394 1630 2431 praedictam
1653 2395 1889 2433 recuperandam,
1916 2397 2049 2427 auxilium
2068 2397 2247 2438 impendant,

1195 2435 1284 2465 velitis
1295 2435 1435 2471 requirere
1449 2433 1482 2462 ὃ(
1498 2442 1629 2463 monere:
1650 2433 1683 2462 &
1698 2432 1776 2470 quod
1789 2433 1822 2462 ad
1836 2435 1983 2471 antiquum
1999 2435 2100 2465 statum
2113 2438 2146 2467 δε
2160 2437 2253 2468 dorni-

1195 2474 1275 2540 nitirn
1289 2473 1372 2541 ,&sub
1397 2471 1497 2515 quibus
1518 2471 1568 2508 ipsi
1582 2494 1592 2509 ,
1618 2472 1651 2502 &
1665 2480 1767 2501 eorum
1781 2472 1966 2503 anteceflooes
1980 2475 2146 2513 eittiterunt,
2164 2477 2254 2508 redire

1197 2522 1233 2542 VC
1245 2519 1286 2541 lnt
1347 2519 1461 2539 morari.

1233 2549 1361 2579 Tantum
1380 2548 1457 2585 super
1481 2547 1532 2577 hiis
1547 2571 1556 2585 ‚
1582 2546 1616 2578 ad
1637 2547 1709 2577 hanc
1740 2548 1865 2578 nostram
1886 2547 2043 2580 instantiam
2059 2575 2069 2589 ‚
2094 2552 2228 2584 facientes
2243 2577 2253 2593 ,

1196 2586 1275 2656 guod
1289 2587 1371 2629 vobis
1385 2585 1534 2629 specialiter
1549 2595 1708 2629 teneamur,
1727 2595 1808 2623 prout
1829 2587 1936 2627 semper
1958 2589 2030 2619 bene
2047 2591 2199 2630 meruistis,
2217 2593 2251 2624 ὃς

1219 2627 1294 2657 iebus
1309 2625 1417 2664 lingulis
1431 2625 1551 2663 facietis,
1570 2624 1704 2654 Domino
1716 2634 1865 2655 annuente.

1237 2701 1305 2732 Dat.
1324 2701 1398 2739 apud
1410 2699 1591 2732 portesmuth
1599 2725 1609 2739 ,
1626 2700 1742 2732 decimo
1755 2700 1800 2730 die
1810 2700 1885 2739 Julii.

1345 2774 1516 2808 Consimiles
1530 2777 1630 2809 litteras
1644 2777 1748 2808 liabent
1762 2788 1863 2810 omnes
1877 2779 2036 2818 subscripti,
2054 2778 2111 2812 viz.

1242 2857 1373 2886 Dominus
1387 2855 1481 2891 Ruga,
1500 2853 1641 2892 Epifiopus
1657 2854 1824 2922 Vafiztjffs,

1239 2897 1369 2924 Dominus
1382 2893 1570 2930 Bertraudus‚
1587 2892 1724 2932 EpiJc'opus
1766 2905 1844 2930 genn.

1245 2936 1377 2962 Dominus
1391 2929 1553 2968 Arnaldus,
1571 2933 1709 2971 Episcopus
1725 2931 1851 2971 Aquenfi

1245 2974 1376 3000 Dominus
1392 2971 1564 3006 Dominicus,
1578 2969 1716 3009 Episcopus
1735 2973 1863 3014 Baionae,

1244 3012 1376 3040 Dominus
1391 3006 1565 3044 alhardus,
1587 3006 1725 3047 Epifiopus
1740 3007 1858 3048 Olerens.

1242 3051 1372 3079 Dominus
1389 3049 1503 3082 Petrus,
1520 3046 1658 3085 Episcopus
1672 3045 1810 3084 Adurensi

1243 3089 1374 3116 Dominus
1387 3083 1551 3121 qumunduis
1559 3108 1569 3121 ‚
1584 3086 1637 3123 Epi
1650 3085 1721 3123 bopus
1735 3087 1895 3124 Lascurren.

1244 3128 1375 3155 Dominus
1392 3121 1522 3152 Giraldus
1531 3145 1540 3159 ,
1559 3124 1613 3161 Epi
1626 3132 1698 3162 copus
1710 3122 1865 3162 Lettorens

1243 3163 1345 3193 Abbas
1360 3161 1391 3190 de
1404 3161 1503 3190 Sanc‘lo
1518 3163 1648 3191 Maurino
1659 3183 1669 3199 ,

1245 3201 1344 3231 Abbas
1356 3201 1388 3230 de
1403 3199 1519 3228 cleriaco
1528 3223 1537 3237 ‚

1247 3243 1326 3270 Prior
1343 3240 1375 3269 de
1391 3237 1495 3277 Mastz.

1209 3359 1351 3396 Arnaldo
1375 3361 1410 3394 de
1434 3359 1633 3406 Blanquafort
1653 3371 1723 3392 cum
1736 3361 1841 3394 multis
1857 3362 1946 3403 aliis,
1971 3361 2007 3394 de
2026 3365 2071 3395 Va
2085 3365 2188 3404 conia,
2208 3371 2263 3408 per

1484 3408 1585 3440 dolum
1603 3405 1725 3454 abrepta
1740 3435 1750 3451 ‚
1775 3409 1985 3456 recuperanda.

1280 3493 1343 3526 EX
1363 3495 1467 3526 dileff'co
1481 3494 1513 3524 δε
1527 3492 1600 3523 fideli
1614 3492 1679 3531 suo,
1700 3493 1822 3524 Amaldo
1837 3494 1872 3524 de
1887 3494 2083 3532 Blanquafort,
2102 3493 2225 3525 salutern.
2285 3498 2411 3533 Ans-,12

1312 3535 1381 3565 Satis
1403 3535 1474 3564 benc
1491 3531 1605 3562 audistis
1626 3532 1659 3562 δε
1680 3531 1769 3562 nostis
1783 3532 1965 3570 diicordiam,
1981 3533 2102 3562 habitam
2117 3533 2187 3563 inter
2202 3533 2264 3564 Re-
2305 3551 2387 3581 1294,

1212 3582 1279 3612 gem
1295 3573 1419 3603 Francia:
1434 3596 1444 3609 ‚
1462 3571 1494 3601 δε
1509 3580 1575 3600 nos·
1597 3572 1630 3601 &
1644 3570 1757 3608 qualiter
1771 3571 1844 3601 idem
1860 3571 1923 3601 Rex
1936 3572 1971 3601 de
1985 3570 2083 3601 nostris
2099 3571 2181 3601 bonis
2194 3580 2263 3611 gen·
2282 3585 2333 3608 An.
2351 3591 2395 3609 22·

1211 3613 1285 3643 tibus
1296 3636 1305 3649 ,
1323 3612 1355 3642 &
1368 3610 1441 3642 terra
1455 3607 1550 3639 nostra
1564 3593 1713 3639 ilasconiae
1733 3619 1784 3650 nos
1799 3609 1932 3639 malitiose
1945 3609 2065 3646 decepit.
2284 3623 2312 3646 E.
2337 3629 2359 3647 ιλ

1252 3650 1373 3691 Propter
1394 3646 1487 3686 quod,
1507 3647 1593 3684 quam
1609 3647 1698 3677 carius
1710 3648 1874 3685 postumus,
1893 3657 1944 3678 vos
1959 3648 2122 3685 requirimus
2135 3647 2168 3679 &
2183 3656 2265 3688 roga-
2283 3661 2337 3685 Rat,
2355 3656 2411 3694 Vas„

1214 3698 1276 3720 mus
1312 3688 1437 3727 quatinus
1450 3684 1483 3714 ad
1497 3684 1604 3715 dietam
1618 3694 1720 3716 terram
1729 3685 1854 3715 nostram
1869 3684 2105 3724 recuperandam,
2123 3695 2209 3717 manu
2221 3696 2263 3717 te·
2281 3706 2332 3722 con.
2350 3705 2394 3723 22,

1214 3737 1269 3758 nen
1291 3737 1336 3757 am
1358 3725 1391 3756 ὅ(
1411 3721 1616 3753 defendendam
1629 3747 1639 3760 ‚
1665 3732 1716 3753 nos
1728 3725 1845 3761 juvetis,
1863 3723 1932 3754 sicut
1944 3733 2013 3761 νοε,
2030 3725 2064 3755 &
2081 3724 2264 3755 antecessores
2284 3738 2312 3761 E,
2335 3743 2358 3761 ι,
2376 3741 2412 3760 m,

1214 3765 1322 3803 vestri,
1346 3763 1426 3793 nobis
1448 3762 1481 3791 δε
1500 3760 1716 3792 antecessoribus
1730 3761 1831 3792 nostris
1845 3761 1962 3800 fecistis,
1980 3762 2114 3792 omnibus
2128 3765 2266 3802 tempori·
2288 3782 2328 3800 η,
2345 3773 2369 3799 ,1⁴

1215 3805 1267 3834 bus
1281 3801 1431 3833 retroaffis.

1253 3841 1290 3872 Et
1313 3843 1341 3871 in
1361 3838 1414 3869 isto
1436 3838 1553 3875 negotio
1576 3837 1664 3867 taliter
1683 3836 1803 3876 faciatis,
1823 3838 1900 3876 quod
1916 3847 1967 3869 nos
1980 3839 2014 3870 &
2028 3838 2117 3869 nostri
2129 3839 2211 3871 vobis
2227 3847 2269 3871 te-

1216 3889 1346 3916 neamur,
1365 3885 1450 3915 prout
1463 3875 1544 3908 vobis
1558 3876 1599 3905 ob
1615 3876 1691 3905 bona
1703 3875 1825 3914 servitia,
1841 3886 1905 3914 quae
1917 3877 1998 3907 nobis
2012 3877 2144 3909 haetenus
2157 3880 2267 3916 impen-

1217 3918 1294 3949 distis
1306 3914 1533 3955 recognoscimus
1547 3924 1598 3945 nos
1613 3915 1709 3945 tenerit

1253 3993 1343 4025 Teste
1359 3991 1440 4031 Rege
1453 3990 1526 4031 apud
1539 3990 1722 4029 Portesmue,
1740 3999 1787 4029 29.
1802 3990 1848 4022 die
1858 3990 1946 4030 Junii.

1221 4069 1354 4101 Nomina
1369 4066 1540 4105 Magnarum
1550 4066 1713 4107 Vaseoniae,
1731 4067 1832 4106 quibus
1846 4066 1993 4099 Dominus
2007 4067 2073 4100 Rex
2087 4066 2159 4098 misit
2173 4063 2276 4097 litteras

1334 4107 1410 4144 suas,
1423 4107 1473 4136 sub
1488 4107 1539 4138 illo
1551 4114 1667 4145 tenore,
1685 4106 1863 4184 quasegipsit
1879 4106 2005 4138 Amaldo
2020 4106 2166 4145 praedicto.
2220 4139 2280 4171 Oh:
