2570 4261
247 131 328 180 148

701 121 1514 175 CONVENTIONES,
1569 121 1958 178 LITERAE,

95 214 173 246 Ami.
189 212 230 244 D.
248 214 283 245 &
309 210 462 252 Magistros
479 209 675 241 &villielmum
696 209 733 239 de
753 209 892 240 Corrnera
906 233 916 249 ,
935 211 968 241 &
993 210 1139 242 Adamum
1154 211 1191 242 de
1205 209 1331 242 Norfol-
1345 207 1467 239 brachiis
1482 208 1721 249 complectentes,
1735 219 1796 241 non
1811 210 1900 242 solum
1913 210 2021 249 ipsum,
2038 210 2142 242 verum
2159 211 2246 243 etiam
2263 210 2341 251 suos,
2356 212 2414 252 eius
2431 211 2507 245 Arm.
2520 214 2566 250 D.⁴

118 260 200 290 1275.

94 292 163 320 zdv.
181 300 205 319 1.

78 1728 154 1759 Ann.
172 1727 212 1759 D.

104 1776 184 1806 1275.

77 1849 106 1872 Ε.
131 1854 152 1873 1.

77 1888 107 1911 L.
122 1883 191 1920 Af.

78 1923 142 1950 223.
157 1924 181 1951 b.

76 1964 147 1988 Penes
156 1966 207 1990 Ca-

77 2009 169 2027 merar.

78 2439 93 2454 ⁸
108 2439 146 2466 11.
159 2447 208 2475 53.

75 2948 152 2980 Ann.
169 2946 211 2978 D.

101 2995 183 3024 1275.

77 3029 128 3053 An.
145 3036 170 3062 3.

77 3068 107 3091 Ε.
131 3073 153 3091 1.

79 3105 135 3128 Rot.

78 3140 165 3175 Claus.
185 3148 210 3175 3.

78 3182 108 3204 E.
128 3187 195 3204 μνη.

83 3217 163 3244 rial.

90 3823 167 3854 Ann.
182 3822 223 3853 D,

112 3870 196 3899 1275.

90 3904 142 3928 An.
161 3910 186 3936 3.

91 3943 122 3966 E.
147 3948 169 3964 1.

246 251 327 289 chia,
344 253 377 282 ὃς
391 250 545 290 quemlibet
559 258 659 279 eorum
672 249 702 278 in
716 247 836 278 solidum
845 271 855 287 ,
869 250 906 279 ita
919 249 998 287 quod
1011 259 1071 280 non
1085 250 1116 280 lit
1126 251 1226 281 melior
1240 260 1312 280 con-

243 291 313 321 ditio
334 289 517 327 occupantis,
542 287 575 317 ad
598 287 696 316 omnia
716 285 904 318 Parleamenta
918 287 1008 319 vestra
1022 311 1032 326 ,
1052 288 1168 327 Affisas,
1184 289 1260 327 dies,
1277 289 1311 319 &

242 328 376 358 terminos
391 326 554 366 assignatos,
569 326 604 356 &
617 324 793 364 assignandos
808 327 823 355 a
837 326 920 356 vobis
934 349 944 365 ,
959 327 992 357 &
1008 328 1065 357 aliis
1079 326 1176 357 vestro
1191 328 1309 357 nomine

238 374 432 405 procuratores
447 364 559 394 nostros
572 364 705 401 facimus,
723 363 920 395 constituimus
935 366 968 396 &
981 366 1162 403 ordinamus,

278 403 386 434 Dantes
407 403 510 432 eisdem
524 425 533 441 ,
550 403 583 433 ὃς
605 402 721 433 cuilibet
735 412 834 433 eorum
848 403 1032 442 potestatem,
1051 405 1084 435 &
1097 403 1215 442 speciale
1228 413 1308 434 man-

236 442 332 473 datum
348 464 357 479 ,
383 441 505 480 agendi,
522 440 691 471 defendendi
732 442 899 481 impetrandi
914 466 924 481 ,
939 442 1131 483 supplicandi,
1148 442 1307 482 petendi&

236 479 404 518 recipiendi,
423 482 541 510 nomine
556 479 673 518 nostro,
692 464 843 519 Civitates,
862 480 977 519 Castra,
995 481 1113 518 Terras,
1132 482 1165 511 δε
1179 481 1229 510 alia
1243 490 1308 520 quae

234 518 354 559 petenda
368 518 490 549 viderint
503 541 513 557 ,
531 528 646 549 necnon
669 520 703 550 &
720 527 823 549 terram
841 519 864 548 A
886 521 986 550 ennesii
1000 542 1010 557 ,
1027 520 1110 549 nobis
1123 529 1172 559 per
1184 519 1308 549 formam

235 557 326 595 pacis,
344 557 490 595 quondam
505 558 576 587 inter
590 558 695 588 inclitae
710 559 858 587 memoriae
907 559 1039 588 ominum
1054 557 1238 588 Ludovicum
1246 557 1308 586 Re-

236 604 302 635 gem
324 594 451 626 Franciae
465 604 572 633 patrem
587 596 712 627 vestrum
728 618 737 634 ‚
756 597 790 627 &
803 596 845 626 H.
862 595 975 636 Regem
992 596 1103 636 Angliae
1120 604 1227 636 patrem
1240 605 1308 626 nos-

237 642 312 664 trum
326 634 421 673 initae,
439 634 581 672 debitam,

270 671 387 710 Jurandi
406 673 442 703 de
462 674 622 712 calumpnia
636 696 645 711 ,
664 674 697 703 &
712 671 748 702 de
761 673 874 703 veritate
887 672 1021 712 dicenda,
1037 673 1192 711 &jurandi
1206 674 1235 704 in
1250 674 1310 704 ani-

236 720 315 741 mam
329 711 454 742 nostram
471 721 557 751 genus
569 711 715 750 quodlibet
727 711 836 741 alterius
848 711 1019 750 Jurarnenti:

272 749 370 779 Alium
383 751 428 780 vel
441 751 507 780 alios
540 758 713 781 rocuratores
728 751 846 780 nomine
859 750 973 787 nostro,
991 759 1055 781 ante
1076 751 1154 781 litem
1168 750 1308 781 contesta-

234 793 292 817 tam
306 788 340 818 &
355 789 436 828 post,
452 800 510 820 con
538 789 645 819 ituendi
659 812 669 827 ,
686 789 720 818 ὃ(
734 788 916 819 substituendi
933 811 942 827 ,
960 790 994 820 &
1007 790 1161 820 revocandi
1175 799 1243 820 eum
1261 789 1306 819 vel

234 835 300 864 eos,
319 827 352 857 δε
374 829 473 858 iterum
497 827 650 858 assumendi
671 827 701 856 in
724 828 858 857 omnibus
871 829 905 858 ὃ(
920 827 1031 867 singulis
1045 825 1221 869 supradirstis,
1236 838 1308 867 prae-

234 864 308 895 sente
321 867 454 897 mandato
468 867 668 896 nichilominus
682 867 712 895 in
726 865 776 895 suo
790 867 893 896 robore
907 866 1053 897 duraturo:

272 903 446 935 Beneficium
459 905 639 936 restitutionis
649 905 678 934 in
695 905 833 944 integrum
849 905 978 943 petendi,
996 906 1030 936 δε
1043 904 1164 935 faciendi
1180 905 1305 936 universa

231 942 267 973 ὃ(
281 943 383 982 singula
398 967 407 982 ‚
424 953 490 984 quae
505 954 586 974 verus
600 945 633 975 &
657 941 796 982 legitimus
808 943 901 981 potest
914 944 1005 975 facere
1020 953 1200 983 procurator,
1218 946 1302 975 etiam

232 981 252 1011 si
266 982 431 1013 mandatum
445 984 552 1021 exigant
567 983 690 1022 speciale.

269 1020 378 1051 Rarum
392 1022 510 1052 habituri
523 1023 557 1053 &
569 1030 680 1061 gratum
696 1021 762 1060 quic
783 1021 831 1051 uid
845 1031 893 1059 per
907 1021 1020 1053 eosdem
1033 1029 1242 1062 procuratores,
1256 1021 1302 1051 vel

231 1068 333 1090 eorum
347 1060 480 1098 alterum,
496 1061 663 1091 constitutos
679 1083 688 1097 ,
707 1060 751 1090 vel
777 1059 926 1090 ubstitutos
938 1061 974 1091 ab
990 1062 1050 1100 ipsis
1065 1084 1074 1099 ‚
1089 1061 1134 1091 vel
1149 1070 1249 1091 eorum
1265 1060 1303 1090 al-

232 1106 293 1128 tero
307 1121 317 1135 ,
342 1099 438 1129 aditum
461 1099 543 1129 fuerit
562 1099 607 1129 seu
628 1107 809 1139 procuratum
825 1100 854 1128 in
870 1099 1015 1136 pnemiffis
1030 1123 1040 1138 ,
1056 1102 1089 1130 &
1105 1100 1216 1138 singulis
1230 1109 1302 1137 prae-

232 1136 380 1205 nglslorum
396 1150 407 1176 3
425 1148 478 1179 pro
495 1138 623 1177 judicato
643 1137 780 1168 solvendo
794 1147 845 1168 nos
859 1139 892 1169 &
906 1137 1018 1178 nostra,
1035 1138 1055 1168 si
1069 1138 1178 1169 necesse
1194 1138 1276 1169 fuerit
1290 1160 1300 1177 ,

230 1185 250 1205 o
282 1187 289 1205 1
310 1184 392 1206 antes.

267 1185 323 1244 ΡΞΥ
337 1214 409 1246 hanc
424 1223 517 1246 autem
532 1215 760 1254 procurationem
773 1214 841 1244 alios
854 1224 1048 1253 procuratores
1069 1215 1179 1246 nostros
1192 1238 1202 1255 ,
1228 1216 1303 1254 prius

229 1253 414 1293 constitutos,
434 1265 492 1284 non
513 1253 682 1284 intendimus
697 1263 836 1283 revocare.

268 1291 306 1322 Et
318 1292 397 1331 haec,
416 1293 548 1333 Princeps
563 1292 739 1323 Serenissime
753 1315 762 1330 ,
779 1291 1001 1331 Magnificentiae
1014 1293 1114 1325 vestrae
1129 1316 1138 1332 ,
1158 1293 1192 1323 &
1206 1294 1301 1323 omni-

230 1330 282 1361 bus
298 1355 307 1367 ,
327 1341 448 1369 quorum
471 1331 584 1361 interest
598 1354 607 1369 ,
626 1331 673 1360 vel
687 1331 814 1361 interesse
826 1332 945 1370 poterit,
964 1332 1148 1371 significamus
1165 1341 1214 1372 per
1224 1342 1299 1371 prae-

229 1368 331 1408 sentes,
350 1370 449 1400 nostro
461 1370 559 1410 sigillo
575 1371 697 1409 signatas.

266 1450 334 1481 Dat.
349 1451 475 1489 utsupra.
515 1451 603 1482 Anno
615 1460 645 1482 ut
660 1451 744 1491 supra.

293 1586 342 1619 De
359 1586 457 1619 Terra
472 1588 509 1623 ὠ
531 1587 686 1618 Comitatu
703 1585 898 1634 Aginenfibus
915 1586 1066 1620 Alianorae
1085 1612 1095 1628 ‚
1120 1588 1228 1619 Matri

610 1637 698 1682 Regis
711 1662 720 1678 ,
745 1634 920 1669 liberandis.

314 1722 446 1763 Agnifico
459 1723 600 1762 Principi,
619 1723 755 1755 Domino
769 1726 802 1757 &
816 1725 1036 1764 Consanguineo
1049 1724 1192 1755 karissimo
1207 1748 1217 1762 ‚
1234 1725 1299 1756 Do-

325 1764 405 1793 mino
425 1763 556 1809 Philippo
571 1785 580 1800 ‚
605 1762 664 1793 Dei
683 1764 769 1794 oraria
786 1788 794 1801 ,
814 1764 888 1804 Regi
904 1764 1032 1794 franciae
1045 1763 1157 1800 illustri,
1176 1763 1299 1794 Edwar-

170 1828 175 1833 .
229 1803 297 1840 dm,
314 1801 414 1832 eadem
425 1802 510 1842 gratia
519 1825 528 1840 ‚
545 1801 609 1831 Rex
623 1787 735 1841 Angtliae
744 1826 753 1840 ,
762 1803 909 1833 Dominus
919 1802 1069 1833 Hiberniae
1084 1802 1116 1833 &
1129 1802 1200 1833 Dux
1207 1802 1298 1844 Aqui-

228 1842 330 1878 taniae,
348 1841 462 1871 salutem
477 1841 509 1871 &
523 1841 637 1871 sincerae
650 1841 806 1872 dilec'tionis
817 1841 873 1872 sem

266 1880 345 1910 Cum
360 1903 369 1917 ,
385 1880 501 1910 celebris
514 1881 661 1910 memoriae
676 1906 685 1919 ,
705 1880 850 1911 Dominus

226 1926 268 1948 ter
282 1943 291 1958 ,
310 1919 339 1948 in
361 1918 517 1949 redditione
536 1918 644 1949 illarum
666 1919 743 1949 mille
764 1921 797 1950 &
812 1919 999 1950 ducentarum
1013 1918 1179 1949 Marcarum
1192 1929 1296 1950 annua-

225 1967 287 1987 rum
303 1981 312 1995 ,
327 1967 412 1996 quarn
431 1957 547 1987 dilectus
565 1958 597 1988 &
617 1957 702 1988 fidelis
716 1957 812 1988 noster
843 1958 966 1988 ohannes
983 1957 1018 1988 de
1034 1957 1192 1996 Britannia,
1212 1958 1296 1989 Filius

225 1997 258 2026 &
273 1996 372 2026 Haeres
381 1996 516 2035 johannis
526 1995 610 2025 diftae
624 1996 791 2035 Britanniae,
829 1997 889 2027 ἰθεο
902 1996 976 2028 Patri
991 1996 1090 2027 nostro
1103 1997 1207 2026 fecerat
1221 2005 1293 2027 tem-

225 2045 310 2073 pore,
327 2045 385 2073 quo
402 2034 478 2065 idem
490 2033 556 2064 Rex
571 2034 651 2065 Pater
667 2036 761 2066 noster
784 2036 877 2066 eidem
891 2035 1016 2074 Johanni
1028 2034 1147 2065 restituit
1161 2034 1294 2066 Comita-

226 2082 286 2104 tum
310 2073 544 2110 Richemundiae,
559 2082 611 2112 pro
625 2084 713 2112 terra,
732 2073 880 2104 Comitatu
893 2075 926 2105 &
943 2073 1071 2104 Redditu
1091 2073 1294 2142 AfflensibuS,

225 2112 393 2142 concesserit
409 2111 569 2142 Karisfimae
585 2111 672 2144 Matri
688 2113 792 2143 nostrae
813 2113 954 2144 Alianorae
975 2112 1099 2151 Reginae
1163 2113 1245 2152 gliae,
1261 2113 1295 2143 il-

225 2150 262 2180 las
277 2151 353 2181 mille
368 2151 400 2181 &
415 2150 547 2180 ducentas
563 2149 675 2182 Marcas
690 2151 879 2190 percipiendas
890 2151 924 2181 ad
938 2160 1027 2182 totam
1042 2152 1129 2181 vitam
1143 2151 1238 2190 suam3
1257 2152 1294 2183 ita

225 2189 303 2228 quod
318 2212 328 2227 ,
353 2189 372 2220 si
392 2189 483 2219 Terra
503 2189 536 2219 &
560 2188 720 2221 Comitatus
744 2190 915 2229 Agennenfis
928 2215 938 2227 ,
956 2188 1097 2229 superstite
1116 2190 1169 2227 ipsa
1182 2189 1296 2230 Regina

226 2227 320 2258 Matre
335 2227 442 2265 nostra,
462 2226 612 2266 acciderit,
628 2239 691 2258 earn
705 2238 772 2259 cuni
789 2230 957 2268 pertinentiis
970 2236 1076 2259 teneret
1096 2229 1130 2259 ad
1146 2236 1236 2259 totam
1251 2230 1295 2260 vi-

223 2275 282 2297 tam
297 2266 389 2304 suam,
407 2267 458 2304 &,
477 2265 540 2305 post
555 2266 697 2297 decessum
710 2267 829 2305 ejusdem
844 2268 1002 2306 Alianorae,
1020 2267 1053 2297 ad
1067 2268 1156 2307 ipsum
1170 2267 1295 2309 Regem,

225 2305 338 2336 Patrem
351 2304 495 2342 nostrum,
510 2305 544 2335 &
556 2304 692 2336 Haeredes
704 2306 765 2337 suos
779 2307 884 2346 integre
898 2314 1096 2345 reverteretur,

262 2344 330 2374 Nos
346 2343 558 2373 conceffiOnCm
576 2345 651 2374 illam
676 2346 704 2374 in
721 2345 811 2375 forma
825 2345 959 2386 praedffia
972 2353 1167 2385 acceptamuS,
1186 2344 1295 2376 Sereni-

226 2390 313 2414 tatem
335 2382 456 2413 vestram
478 2391 605 2421 rogantes
632 2383 709 2420 quod
730 2384 849 2414 Terram
870 2385 903 2414 &
927 2382 1107 2414 Comitatum
1123 2384 1293 2422 Aginensern

222 2422 344 2463 praefatae
358 2421 478 2461 Reginae
491 2422 572 2450 matri
588 2421 691 2452 nostrae
705 2421 845 2453 deliberari
859 2423 979 2461 faciatis,
998 2422 1017 2452 si
1031 2422 1138 2461 placet,
1156 2425 1186 2453 in
1199 2428 1216 2446 ὕ
1233 2424 1293 2454 for-

221 2471 267 2490 ma
280 2459 413 2501 praedieta
426 2482 436 2497 ‚
453 2460 487 2490 &
506 2459 564 2490 hoc
579 2460 765 2491 dominationi
778 2461 878 2492 vestrae
893 2462 927 2493 ὃς
940 2461 1075 2491 omnibus
1088 2484 1098 2500 ,
1113 2471 1236 2501 quorum
1249 2463 1293 2492 in-

224 2498 327 2537 terest,
345 2498 538 2538 fignificamus.

259 2538 294 2568 In
316 2539 394 2576 cujus
417 2538 455 2568 rei
474 2536 669 2569 testimonium
689 2539 735 2569 has
757 2539 874 2570 Litteras
892 2538 998 2569 nostras
1019 2537 1079 2569 fieri
1102 2538 1220 2570 fecimus
1238 2538 1293 2570 Pa-

223 2584 320 2609 tentes

912 1853 924 1872 r
935 1850 1127 1881 augmentum.

905 1882 1013 1911 enricus
1028 1880 1093 1910 Rex
1108 1880 1218 1919 genitor
1231 1890 1297 1911 nos-

255 2645 346 2676 Teste
365 2645 472 2685 meipso
491 2645 563 2683 apud
584 2645 875 2678 VVestmonasterium
894 2646 1010 2677 decimo
1029 2648 1114 2678 terrio
1138 2647 1184 2679 die
1194 2647 1292 2687 Junii,

222 2694 299 2716 anno
313 2684 408 2724 Regni
420 2683 508 2714 nostri
520 2684 611 2715 tertio.

256 2819 304 2851 De
321 2817 400 2850 nullo
420 2817 623 2851 parliamento
641 2829 710 2850 cum
729 2817 879 2850 Lewclino
890 2845 900 2860 ‚
925 2821 1059 2865 Principe
1074 2819 1201 2862 Williae‚
1225 2824 1257 2853 in

557 2879 615 2899 non
633 2877 697 2899 tuto
716 2867 775 2899 loco
786 2894 796 2909 ,
823 2866 954 2901 tenendo.

228 2954 313 3010 RE
324 2955 354 2985 X
371 2955 476 2987 ἀῦεξὶο
489 2957 522 2988 &
543 2956 616 2987 fideli
629 2957 678 2987 suo
699 2955 811 2995 Bogoni
831 2957 867 2988 de
883 2957 1037 2996 Knoville,
1055 2956 1231 2989 Vicecomiti
1242 2958 1292 2990 Sa-

288 2995 389 3032 lopiae,
406 2996 438 3025 δε
453 2995 626 3034 staffordiae,
643 2995 767 3025 salutem.

262 3033 341 3064 Cum
361 3033 585 3064 mandaverimus
603 3034 724 3064 Leulino
738 3056 747 3071 ‚
770 3033 829 3064 filio
850 3033 967 3064 Griffini
982 3058 992 3073 ,
1017 3033 1143 3075 Principi
1157 3034 1290 3074 Walliae,

227 3072 304 3111 quod
319 3071 350 3101 sit
363 3080 459 3101 coram
473 3073 555 3101 nobis
567 3073 639 3113 apud
649 3072 789 3102 Cestriam
804 3072 839 3103 ad
853 3073 1013 3104 faciendum
1029 3074 1111 3103 nobis
1122 3074 1290 3112 homagium

227 3112 260 3142 &
275 3113 475 3141 sacramentum
489 3110 639 3149 fidelitatis,
657 3112 690 3141 ὃς
705 3111 770 3150 alia,
788 3111 822 3142 ad
836 3122 900 3152 quae
920 3113 1019 3151 nobis,
1039 3113 1147 3143 ratione
1161 3110 1291 3143 Coronae

228 3152 261 3181 δε
277 3149 377 3188 Regiae
392 3148 559 3189 Dignitatis,
577 3150 617 3179 est
630 3148 769 3187 astrictus—3

267 3188 359 3218 Vobis
373 3187 550 3226 mandamus,
566 3189 594 3217 in
608 3187 661 3217 fide
678 3189 711 3218 ὃς
729 3189 882 3219 ἀίὶεξὶὶοηε
896 3212 905 3227 ‚
930 3190 1029 3228 quibus
1044 3190 1126 3219 nobis
1137 3191 1291 3229 tenemini,

226 3227 343 3258 firmiter
357 3226 547 3268 injungenteS,
565 3226 643 3265 quod
657 3227 875 3266 circumspecte,
893 3230 926 3259 &
941 3237 1021 3260 caute
1032 3252 1042 3266 ,
1066 3238 1099 3259 ac
1112 3229 1225 3259 viriliter
1238 3239 1292 3259 vos

226 3266 346 3296 habeatis
358 3289 368 3303 ,
395 3265 428 3296 &
449 3265 565 3295 discrete
581 3288 590 3302 ,
615 3266 742 3295 animose
757 3288 766 3303 ‚
792 3267 825 3296 ἃς
846 3266 995 3305 prudenter
1016 3278 1068 3298 vos
1087 3269 1186 3306 geratis
1199 3267 1291 3298 versus

223 3305 369 3344 praefatum
385 3303 555 3342 Leulinum3
574 3305 646 3334 &in
661 3304 728 3333 loco
743 3314 801 3333 non
818 3313 897 3344 tuto,
916 3306 961 3335 vel
975 3316 1035 3336 non
1047 3306 1144 3336 debito
1154 3329 1163 3344 ,
1179 3307 1291 3337 nullum

224 3353 291 3374 curn
304 3343 363 3380 ipso
377 3343 490 3372 teneatis
512 3343 723 3381 parliamentum
737 3365 747 3380 ,
773 3353 826 3372 nec
846 3345 871 3373 ei
885 3343 1006 3374 offeratis
1017 3368 1027 3383 ,
1049 3345 1095 3374 seu
1112 3345 1170 3375 fieri
1185 3345 1289 3376 faciatis

227 3382 357 3411 emendas
370 3380 406 3411 de
419 3380 673 3420 transgreffionibus
686 3404 695 3419 ,
723 3381 801 3410 dicio
816 3381 938 3412 Leulino
959 3384 991 3414 ὃ(
1005 3384 1054 3413 suis
1075 3384 1170 3421 fastis,
1189 3393 1293 3422 quous-

227 3430 284 3457 que
300 3419 448 3459 praedicstus
462 3419 594 3450 Leulinus
613 3422 646 3450 ὃ(
663 3421 700 3449 sui
718 3420 893 3451 fiirisfecerinr
915 3421 950 3451 de
965 3421 1093 3462 dampnis
1106 3445 1116 3461 ,
1139 3433 1203 3463 quae
1216 3422 1292 3453 fece-

228 3467 290 3487 runt
305 3459 385 3488 nobis
399 3459 432 3489 ἃ
446 3458 609 3489 hominibus
623 3458 723 3488 nostris
736 3460 855 3498 partium
869 3460 993 3497 illarum,

267 3495 303 3526 Et
317 3498 352 3527 ita
366 3507 415 3527 vos
428 3497 549 3527 babeatis
562 3498 589 3527 in
602 3496 763 3536 praemiffis,
780 3498 857 3537 quod
870 3499 1047 3539 prudentiam
1059 3498 1181 3531 vestram
1196 3500 1226 3530 in
1239 3499 1292 3531 hac

230 3541 303 3571 parte
318 3536 422 3566 meritov
434 3535 636 3566 commendare
651 3535 794 3576 poffimus,

267 3612 355 3643 Teste
369 3615 450 3654 Rege
462 3616 534 3657 apud
551 3615 717 3646 Westmon.
733 3626 779 3646 20.
794 3616 839 3647 die
850 3617 939 3656 Junii.

232 3744 321 3777 Bulla
332 3770 341 3785 ‚
367 3743 402 3777 de
420 3749 601 3782 Canonicasu
617 3753 653 3789 ὠ·
673 3748 830 3784 Praebcnda
847 3751 982 3786 Mathaeo
998 3753 1147 3787 Caraculo
1158 3751 1294 3799 provisis.

317 3830 456 3870 Regorius
469 3834 636 3876 Episcopus,
652 3838 743 3870 servus
753 3840 897 3871 servorum
910 3841 969 3871 Dei
982 3865 992 3880 ,
1016 3841 1124 3872 dile&o
1139 3840 1212 3872 Filio
1228 3838 1296 3870 Ma-

251 3909 255 3914 .
317 3870 394 3914 thaeo
407 3869 544 3914 Caraculo
557 3879 652 3912 nepoti
667 3878 762 3908 dilecti
778 3879 841 3909 Filii
855 3879 985 3918 Magistri
998 3879 1108 3910 Berardi
1124 3879 1162 3909 de
1175 3878 1296 3918 Neapo-

239 3908 275 3944 li,
292 3908 453 3938 subdiaconi
468 3911 499 3939 ὃς
522 3911 636 3954 Notarii
651 3915 756 3954 nostri,
774 3917 926 3947 Canonico
945 3919 1068 3949 ecclesiae
1082 3916 1298 3954 Saresbirienfis,

239 3946 352 3976 salutem
366 3946 398 3977 &
414 3947 605 3985 Apostolicam
619 3952 856 3984 benedictionem.

93 3980 132 4005 Ex
152 3979 224 4013 Orlg-
274 3983 379 4014 Dilecti
392 3984 440 4014 filii
458 3984 585 4024 Magistri
605 3988 712 4021 Berardi
725 3992 761 4021 de
774 3992 901 4030 Neapoli
915 4016 925 4030 ,
950 3993 1120 4025 Subdiaconi
1134 3993 1168 4024 &
1183 3992 1300 4036 Notarii

238 4021 343 4061 nostri,
358 4025 456 4055 merita
470 4033 522 4055 nos
533 4025 671 4057 inducunt
683 4036 731 4067 ut,
749 4031 896 4068 personam
910 4031 987 4063 suam
1000 4032 1124 4073 specialis
1142 4031 1302 4063 dilectionis

1349 248 1470 285 intuitu,
1489 246 1573 287 digna
1584 248 1800 280 honorificentia
1819 251 1852 281 &
1865 250 1982 290 gratiosa
2002 249 2193 280 munificentia
2207 250 2413 295 prosequamur.

2454 263 2538 293 1275.

1386 284 1527 324 Proinde,
1542 286 1677 324 siquidem
1689 298 1758 318 cum
1777 288 1895 319 diledms
1913 288 1983 318 filius
2005 287 2147 320 Gerardus
2161 289 2199 320 de
2218 288 2415 329 Grandisono,
2431 295 2499 323 Edv,
2522 304 2557 324 1.-

1349 322 1465 354 Electus
1476 323 1671 364 Virdunensis,
1690 326 1902 358 Canonicatum
1923 327 1957 357 ὃ(
1976 326 2165 358 Praebendam
2179 350 2190 366 ,
2214 337 2286 365 quos
2300 336 2369 359 tunc
2383 330 2414 360 in

1348 361 1531 405 sarisbiriensi
1545 362 1670 395 Ecclesia
1687 365 1835 396 obtinebat
1849 388 1859 404 ,
1885 365 1971 396 libere
1986 367 2015 396 in
2035 366 2136 397 nostris
2150 367 2278 397 manibus
2298 367 2416 406 resigna-

1348 409 1401 439 rit,
1419 402 1452 431 &
1466 411 1514 441 per
1533 400 1590 432 hoc
1605 403 1732 442 praediffi
1746 403 1938 434 Canonicatus
1957 405 1991 435 &
2012 404 2168 436 Praebenda
2183 412 2284 436 vacent
2296 405 2331 435 ad
2343 415 2416 443 prae-

1347 438 1422 476 sens‚
1439 449 1473 470 ac
1488 440 1569 477 plene
1582 441 1612 470 in
1627 440 1721 471 nostra
1733 440 1910 481 dispositione
1922 442 2080 474 consistant.

1385 477 1470 516 Nos,
1486 478 1612 522 volentes
1627 480 1820 518 tibi,obtentu
1834 481 2085 519 praediffiNotarii
2115 482 2232 521 gratiam
2245 483 2272 512 in
2285 482 2340 514 hac
2352 491 2417 520 par-

1350 522 1378 545 te
1393 515 1485 559 facere
1498 517 1663 562 speciale-m,
1682 518 1891 550 Canonicaturn
1907 521 1940 551 ὃς
1956 504 2143 550 Praebend'am
2163 520 2294 558 praefatos
2309 543 2320 560 ,
2345 531 2414 552 cum

1346 556 1481 597 omnibus
1494 565 1595 586 eorum
1605 557 1729 595 juribus,
1748 558 1781 588 δε
1797 559 1967 598 pertinentiis
1982 581 1991 597 ,
2013 569 2047 590 ac
2058 559 2127 597 juris
2147 560 2279 589 canonici
2292 560 2414 597 plenitu-

1345 591 1429 636 dine,
1448 593 1602 633 apostolica
1617 595 1667 625 tibi
1681 596 1846 627 auctoritare
1859 597 2047 636 conferimus,
2064 598 2172 637 tibique
2184 597 2364 635 providemus
2376 599 2414 630 de

1351 630 1416 668 illis,
1435 632 1469 662 &
1482 632 1620 663 dilectum
1634 632 1723 663 filium
1737 633 1907 674 Magistrum
1920 635 2123 667 Ylirnbardum
2137 658 2148 674 ,
2171 635 2331 667 Notarium
2347 646 2415 668 nos-

1346 676 1439 708 trum,
1456 670 1493 701 de
1508 672 1570 709 ipsis
1582 680 1633 702 tuo
1644 673 1762 703 nomine
1775 673 1952 704 investimus:

1386 708 1579 740 Decementes
1591 711 1703 741 irritum
1718 711 1752 742 &
1769 712 1871 751 inane,
1889 712 1909 742 fi
1923 713 1998 743 secus
2013 735 2023 750 ,
2043 712 2080 743 de
2094 711 2273 744 Canonicatu
2287 713 2322 744 &
2336 712 2414 744 Prae-

1346 746 1439 792 benda
1451 748 1607 792 praedid‘ciS,
1624 749 1795 794 apostolica,
1813 750 1859 782 vel
1871 750 1923 781 alia
1935 753 2030 791 quavis
2036 751 2217 790 auetoritate,
2235 753 2251 782 a
2265 761 2414 791 quoquam

1427 796 1444 809 σ
1673 799 1679 804 .

1345 794 1794 870 ςοὲἆιέῐῖτὲὺῗὶῖῗὲρξὲὶῖεκὶζηυε
1810 827 1840 857 in
1855 826 1954 858 eadem
1966 827 2081 860 ecclesia
2093 838 2148 869 pro
2161 828 2218 859 aliis
2236 828 2333 866 scripta
2346 839 2412 860 nos-

1344 869 1401 901 tra,
1420 863 1465 894 seu
1480 866 1499 894 il
1511 864 1675 902 apostolicae
1689 864 1771 904 sedis,
1789 866 1835 896 vel
1848 866 2002 906 legatorum
2024 868 2079 904 ejus
2093 891 2102 906 ‚
2127 875 2174 898 aut
2191 867 2242 898 alia
2255 868 2351 905 quavis
2363 879 2412 898 au-

1345 901 1491 944 steritate,
1510 905 1538 933 in
1552 913 1583 934 ea
1596 904 1626 933 in
1642 903 1807 934 Canonicos
1821 905 1855 935 ali
1877 906 1904 936 ui
1917 905 1979 935 sunt
1999 908 2122 946 recepti,
2138 905 2184 936 vel
2199 915 2229 936 ut
2243 907 2412 945 recipiantur

1344 939 1481 983 inlistant3
1500 943 1600 981 quibus
1616 950 1644 971 te
1662 943 1691 972 in
1713 942 1835 982 ipsorum
1883 944 2044 974 anonicatus
2063 946 2097 976 &
2119 944 2285 975 Praebendae
2303 944 2411 975 assecu-

1343 987 1422 1009 tione
1434 981 1565 1011 volumus
1579 980 1705 1011 anteferri
1721 981 1781 1019 (sed
1795 982 1887 1021 quoad
1903 982 1969 1012 alios
1982 982 2172 1014 Canonicatus
2192 984 2225 1014 &
2241 983 2410 1014 Praebendas

1342 1017 1451 1061 nullum
1468 1029 1516 1057 per
1530 1019 1587 1050 hoc
1620 1019 1796 1057 mejudicium
1808 1022 1942 1060 generari)
1957 1020 2002 1050 seu
2015 1021 2034 1051 fi
2052 1021 2204 1052 venerabili
2218 1021 2293 1052 fratri
2312 1022 2410 1053 nostro

1342 1054 1503 1098 Episcopo,
1521 1059 1554 1089 &
1569 1058 1598 1089 di
1608 1058 1675 1088 ectis
1688 1057 1749 1088 filiis
1869 1058 1991 1089 Decano
2010 1059 2043 1090 ὅ(
2063 1057 2198 1101 Capitulo
2219 1059 2408 1093 Saresbirienfi

1341 1097 1548 1134 communiter,
1567 1097 1613 1128 vel
1626 1097 1737 1127 divisim
1748 1098 1764 1128 ‘a
1776 1096 1852 1128 dista
1867 1097 1928 1127 {ede
1942 1096 2080 1128 indultum
2094 1097 2209 1136 existat,
2226 1098 2304 1136 quod
2316 1099 2352 1129 ad
2364 1110 2409 1130 re-

1340 1136 1503 1179 ceptionem
1525 1136 1570 1167 vel
1589 1136 1782 1176 provisionem
1803 1136 1916 1174 alicujus
1938 1136 2058 1166 minime
2081 1143 2227 1166 tenmntur
2239 1159 2250 1175 ,
2275 1136 2313 1181 &⁸
2327 1137 2361 1168 ad
2380 1137 2410 1169 id

1340 1174 1864 1254 ῗιὶἒᾜΡῗέυὲἓὲῃὲἓῶᾃὲὲὶέὲῖἓὺῖἓῗά
1873 1173 2409 1251 ἒῶιῗᾙέἳὲἒὲωῖῗῦἶάἰῗάἐὲ

1339 1250 1521 1290 apostolicas,
1538 1262 1603 1290 quae
1615 1253 1652 1283 de
1665 1251 1775 1283 indulto
1786 1251 1945 1291 hujusmodi
1957 1251 2069 1291 plenam
2083 1253 2117 1284 ὃς
2127 1261 2210 1290 expre
2234 1261 2279 1281 am
2292 1262 2352 1284 non
2366 1253 2408 1283 fe-

1339 1290 1428 1320 cerint
1442 1292 1621 1321 mentionem
1635 1303 1646 1330 3
1661 1291 1716 1322 five
1728 1291 1851 1331 qualibet
1871 1291 1921 1322 alia
1941 1290 2020 1321 indul
2041 1292 2114 1321 entia
2133 1290 2222 1321 dietae
2239 1290 2307 1321 sedis
2321 1313 2332 1329 ,
2357 1300 2407 1331 ge-

1338 1328 1425 1358 nerali
1440 1329 1486 1359 vel
1498 1328 1622 1369 speciali,
1640 1330 1843 1370 cujuscumque
1856 1331 1961 1360 tenoris
1972 1330 2014 1360 exi
2042 1337 2087 1368 at,
2105 1339 2155 1368 per
2167 1339 2268 1368 quam,
2287 1330 2406 1367 praesen-

1337 1367 1412 1396 tibus
1425 1377 1485 1397 non
1501 1369 1671 1408 expressam,
1689 1368 1735 1399 vel
1748 1369 1868 1399 totaliter
1881 1378 1939 1398 non
1954 1368 2083 1399 insertam
2098 1391 2108 1406 ,
2130 1366 2250 1399 efferitus
2263 1368 2408 1406 hujusmo-

1336 1404 1365 1435 di
1399 1407 1472 1436 ratiae
1486 1406 1614 1445 impediri
1628 1408 1715 1437 valeat
1726 1407 1771 1438 vel
1787 1406 1912 1445 differri3
1930 1407 1964 1438 &
1979 1407 2014 1437 de
2025 1417 2080 1446 qua
2095 1408 2124 1437 in
2139 1406 2240 1437 nostris
2252 1406 2345 1438 litteris
2357 1407 2407 1438 fie-

1337 1444 1360 1473 ri
1393 1445 1474 1475 ebeat
1489 1446 1597 1475 mentio
1618 1445 1751 1483 specialis;
1769 1445 1826 1475 five
1839 1446 1974 1485 aliquibus
1994 1445 2129 1477 Ecclesiae
2142 1445 2286 1486 praedierae
2300 1446 2318 1465 ²*
2333 1456 2406 1477 con-

1335 1484 1421 1513 trariis
1441 1483 1688 1515 consuetudinibus
1708 1484 1754 1514 vel
1774 1483 1877 1515 statutis
1893 1507 1913 1528 ².
1927 1484 2105 1523 juramento,
2129 1484 2348 1515 confirmatione
2364 1485 2404 1516 se-

2428 1447 2447 1468 *
2459 1450 2496 1478 11.
2510 1458 2561 1486 54.

1335 1521 1378 1551 dis
1392 1522 1552 1562 praedistae,
1571 1522 1628 1553 sive
1641 1532 1821 1563 quacumque
1839 1522 1972 1553 firmitate
1991 1523 2040 1552 alia
2055 1523 2190 1553 roboratis
2203 1535 2213 1560 ι,
2239 1531 2286 1554 aut
2299 1523 2318 1554 si
2332 1534 2405 1562 prae-
2425 1529 2429 1533 ’

1336 1559 1394 1591 sens
1407 1571 1468 1591 non
1483 1560 1565 1592 fueris
1580 1561 1615 1592 ad
1636 1561 1824 1602 praestandum
1839 1585 1849 1600 ,
1874 1560 1910 1591 de
1926 1560 2103 1592 observandis
2122 1561 2281 1599 hujusmodi
2300 1562 2407 1594 statutis

1336 1599 1382 1629 vel
1395 1600 1658 1639 consuetudinibus,
1674 1600 1786 1631 solitum
1807 1601 2037 1638 munimentum3
2055 1600 2090 1630 ad
2105 1600 2184 1639 quod
2197 1598 2405 1641 praestandum,

1335 1638 1432 1677 quous
1445 1649 1479 1668 ue
1493 1647 1521 1668 te
1534 1639 1599 1669 illuc
1615 1641 1655 1670 ire
1669 1641 1832 1679 contingat,
1848 1648 1875 1670 re
1892 1639 2024 1669 volumus
2037 1648 2097 1668 non
2113 1639 2210 1669 teneri.

1374 1676 1410 1707 N
1441 1677 1460 1707 li
1474 1687 1543 1717 ergo
1557 1679 1680 1709 omnino
1692 1677 1843 1709 hominum
1856 1679 1939 1708 liceat
1960 1677 2034 1708 hanc
2053 1678 2182 1717 paginam
2201 1675 2307 1707 nostrae
2320 1679 2408 1711 colla-

1334 1715 1438 1755 tionis,
1457 1716 1639 1756 provisionis,
1658 1717 1829 1748 investiturae
1841 1718 1874 1749 ὅ(
1887 1715 2096 1748 constitutionis
2109 1715 2277 1755 infringere,
2293 1716 2356 1747 &c.

1372 1795 1442 1828 Dat.
1455 1796 1601 1829 Bellicadri
1615 1799 1716 1837 quinto
1727 1797 1769 1829 Id.
1781 1797 1850 1838 Julii
1858 1821 1868 1837 ‚
1885 1795 2070 1829 Pontificatfis
2081 1795 2170 1828 nostri
2180 1806 2257 1828 anno
2271 1805 2381 1835 quarto.

1838 1878 1893 1909 Sub
1899 1877 1962 1921 filis
1967 1877 2063 1918 sericis
2067 1876 2148 1917 flavi
2166 1877 2292 1918 rubeique
2307 1877 2409 1908 coloris.

1517 2012 1596 2046 Alia
1617 2011 1707 2045 Bulla
1717 2023 1773 2059 pro
1790 2010 1890 2045 eodem
1909 2009 2047 2045 Mathaeo
2067 2013 2220 2046 Caracolo.

1410 2099 1552 2140 Regorius
1568 2100 1593 2132 E
1615 2101 1724 2139 iscopus
1737 2124 1747 2140 ,
1770 2100 1862 2131 servus
1877 2101 2020 2133 servorum
2034 2100 2111 2140 Dei,
2129 2101 2334 2132 venerabilibus
2347 2101 2404 2132 fra-

1393 2179 1397 2183 ·
1410 2140 1496 2170 tribus
1513 2179 1517 2183 ι
1595 2111 1795 2183 RUimoniensi
1810 2140 1843 2170 ὃ(
1950 2139 2128 2170 Bathoniensi
2139 2139 2405 2184 &wellensiEpis-

1332 2187 1433 2247 {3¹32
1443 2177 2232 2255 “aiiiiffsfiss‘Rpffiaiffiisffc‘a‘inRssgn‘ssii‘gffiffssmeffi²
2246 2177 2404 2220 Capenam

1370 2241 1478 2286 Diie’cii
1493 2255 1541 2285 fiiri
1555 2255 1688 2295 Magistri
1700 2254 1810 2285 Berardi
1823 2254 1858 2285 de
1873 2254 2021 2295 Neapoli,
2045 2251 2220 2286 Subdiaceini
2242 2256 2276 2287 ὃς
2289 2254 2407 2286 Nomii

1332 2293 1439 2330 nostri,
1456 2295 1555 2324 merita
1570 2304 1623 2324 nos
1641 2294 1780 2324 inducunt
1793 2301 1841 2331 ut,
1859 2293 2007 2331 personam
2020 2293 2096 2324 suam
2109 2294 2230 2334 specialis
2248 2294 2407 2325 dilectionis

1332 2332 1454 2363 brachiis
1468 2332 1706 2371 complestentes‚
1721 2343 1780 2362 non
1800 2332 1892 2362 solum
1907 2332 2013 2377 ipsum,
2027 2332 2129 2363 verum
2143 2334 2228 2363 etiarn
2239 2331 2301 2363 suos
2314 2355 2325 2371 ‚
2349 2334 2406 2372 ejus

1334 2372 1436 2402 intuitu
1446 2394 1455 2409 ,
1473 2371 1559 2414 dignfa
1573 2370 1792 2415 honorificentifi·
1809 2370 1843 2401 &
1857 2371 1977 2415 gratiosi}
1991 2370 2187 2401 munificentia
2199 2371 2409 2412 prosequamur.

1370 2408 1513 2447 Proinde,
1529 2409 1665 2448 liquidem
1680 2419 1749 2440 cum
1765 2409 1882 2440 dilectus
1901 2409 1972 2440 filius
1994 2409 2135 2440 Gerardus
2155 2410 2191 2440 de
2205 2409 2407 2449 Grandisono‚

1333 2447 1446 2479 Eledtus
1462 2448 1642 2479 Virdunensis
1655 2448 1869 2479 Canonicatum
1884 2448 1918 2479 δε
1930 2447 2135 2486 Praebendam,
2152 2458 2223 2488 quos
2239 2457 2307 2479 tunc
2320 2449 2348 2478 in
2357 2448 2408 2479 Sa-

1332 2487 1486 2518 resbiriensi
1500 2486 1627 2518 Ecclesia
1640 2487 1788 2518 obtinebat
1802 2510 1812 2525 ,
1838 2487 1925 2517 libere
1940 2488 1969 2517 in
1988 2485 2090 2517 nostris
2109 2487 2239 2517 manibus
2251 2485 2350 2526 relign'
2371 2488 2410 2526 't‚

1334 2527 1368 2557 &
1383 2536 1432 2565 per
1444 2526 1502 2557 hoc
1515 2525 1848 2570 prandisti—Canonicarus
1866 2526 1900 2569 ὃς
1919 2525 2079 2556 Praebenda
2095 2534 2198 2557 vacent
2219 2525 2254 2557 ad
2269 2497 2408 2565 praeffi,

1331 2575 1364 2597 ac
1379 2566 1462 2603 plene
1477 2566 1505 2595 in
1519 2564 1614 2595 nostra
1625 2564 1805 2603 dispositione
1818 2563 1979 2595 consistant.

1369 2604 1456 2642 Nos,
1475 2603 1602 2634 volentes
1614 2603 1721 2634 dilecsto
1734 2603 1792 2634 filio
1806 2602 1937 2633 Mathaeo
1952 2603 2112 2642 Caraculo,
2129 2603 2226 2643 nepoti
2248 2603 2320 2634 dieti
2339 2602 2410 2633 Ma—

1353 2642 1409 2672 istn'
1423 2642 1532 2686 Berardi
1541 2665 1550 2681 ‚
1569 2641 1723 2686 Canonico
1739 2641 1875 2686 Ecclesiae
1896 2642 2096 2672 Saresbiriensis
2107 2665 2117 2680 ,
2128 2644 2261 2686 ⁷obtentu
2275 2642 2408 2686 praediffi

1332 2690 1414 2749 103?
1409 2680 1462 2749 35¹
1455 2680 1646 2762 1)ῗέᾄὲᾏῇ
1647 2680 1905 2762 ῗέἒᾳέἓςῗῗᾘ
1906 2680 2042 2761 ἔξωῇῗξῖἓ
2061 2679 2408 2762 Qfflessrfiffissngssssiss‘.

1331 2758 1477 2827 suffla,
1499 2758 1617 2825 ²⁶21?ss
1628 2766 1770 2825 e⁶³ii¹⁰ffii⁶s¹
1785 2755 1972 2824 Psssssslffissff
1990 2755 2403 2824 {Qffi‘e‘ffiffliffinffliffie

1331 2807 1422 2866 {iiim
1442 2805 1642 2864 ssiissbiircffiiii
1655 2857 1665 2872 ,
1682 2804 1849 2878 <&Notaiium
1867 2817 1996 2863 nosti-um³
2004 2855 2016 2872 ,
2039 2831 2235 2864 investivimus
2247 2855 2258 2871 ,
2281 2812 2404 2871 ejusdgiri

1331 2873 1452 2906 Mathaei
1465 2883 1599 2911 nomine,
1618 2871 1654 2902 de
1668 2872 1786 2902 eisdem:

1368 2912 1564 2943 Decemenroe
1577 2912 1687 2942 irritum
1703 2911 1736 2941 &
1751 2912 1834 2941 inane
1852 2933 1862 2948 ,
1890 2911 1911 2941 fi
1925 2909 2002 2940 secus
2021 2908 2056 2940 de
2074 2907 2255 2940 Canonicatu
2270 2910 2304 2940 &
2318 2908 2398 2940 Prae-

1330 2950 1424 2996 bendzi
1437 2951 1593 2990 praedictis,
1602 2949 1787 2994 Apostolicai,
1797 2949 1843 2980 vel
1855 2949 1908 2980 alia
1920 2949 2016 2988 quavis
2029 2948 2212 2987 auctoritate,
2226 2949 2243 2979 a
2255 2958 2400 2989 quoquam

1331 2997 1778 3072 coillndlrigzrgigitegnsffiiisseximus
1791 3027 1821 3056 in
1835 3026 1935 3057 eadem
1950 3025 2077 3071 Ecclesia
2089 3035 2142 3071 pro
2154 3025 2211 3056 aliis
2223 3025 2320 3070 scripta
2333 3035 2403 3071 nos-

1329 3076 1388 3106 tra,
1405 3069 1451 3099 seu
1464 3067 1501 3106 si,
1519 3067 1606 3097 dietae
1618 3065 1702 3104 sedis,
1719 3066 1763 3096 vel
1777 3064 1932 3104 legatorum
1948 3076 2022 3103 eius,
2039 3073 2086 3096 aut
2100 3064 2151 3096 aha
2164 3074 2260 3105 quavis
2277 3064 2404 3095 auetori-

1329 3116 1400 3146 τετε,
1418 3107 1447 3136 in
1463 3116 1494 3136 ea
1515 3107 1544 3135 in
1562 3105 1728 3136 Canonicos
1748 3104 1831 3144 aliqui
1854 3104 1956 3144 recepti
1970 3103 2057 3134 essent
2068 3126 2078 3142 ,
2103 3103 2150 3134 vel
2165 3111 2195 3133 ut
2210 3104 2400 3140 reciperentur

1329 3144 1479 3182 instarent:‚
1499 3145 1599 3184 quibus
1613 3143 1737 3174 eundem
1756 3142 1916 3174 Mathaeum
1932 3166 1942 3182 ‚
1965 3143 1995 3173 in
2015 3142 2139 3183 ipsorum
2152 3141 2348 3186 Canonicatsis
2362 3143 2398 3173 &

1329 3183 1494 3215 Praebendae
1505 3183 1675 3214 assecutione
1688 3205 1698 3221 ,
1722 3181 1852 3212 anteferri
1866 3182 2008 3212 voluimus
2019 3180 2088 3225 ·(sed
2105 3180 2199 3219 quoad
2215 3180 2289 3225 alios·
2300 3179 2399 3211 Cano-

1328 3225 1436 3255 nicatus
1447 3223 1481 3253 &
1496 3220 1661 3252 Praebendas
1679 3220 1789 3251 nullum
1809 3230 1858 3258 per
1877 3221 1936 3251 hoc
1957 3219 2152 3258 praejudicium
2167 3220 2303 3259 generari)
2319 3219 2365 3249 seu
2379 3219 2400 3250 fi

1328 3262 1479 3294 venerabili
1493 3262 1567 3291 fratri
1581 3259 1681 3290 nostro
1786 3259 1947 3299 Episcopo,
1965 3259 1999 3290 &
2011 3257 2191 3302 dileetisfiliis
2303 3257 2398 3288 Deca-

1329 3311 1369 3332 no
1384 3301 1418 3331 &
1435 3299 1570 3340 Capitulo
1589 3297 1778 3329 Saresbiriensi
1798 3300 1992 3329 communiter
2011 3297 2057 3328 vel
2070 3297 2182 3328 divisim
2201 3307 2218 3328 a
2236 3295 2312 3327 dista
2331 3296 2394 3327 sede

1329 3339 1470 3371 indultum
1485 3337 1629 3375 existeret,
1645 3336 1722 3376 quod
1741 3337 1775 3381 ad
1794 3338 1989 3381 receptionem
2008 3336 2055 3366 vel
2094 3336 2263 3367 rovifionem
2284 3335 2398 3373 alicujus

1331 3388 1451 3449 3333?
1457 3385 1517 3461 {51¹¹
1519 3376 1698 3459 eissessffifidss‘
1705 3386 1725 3452 ‚³
1726 3375 1793 3445 ‘³an
1799 3376 2081 3459 {i‘ssiffiglzssiffiffirn
2092 3373 2396 3458 ῗὲξεῖαὲἓὶἓιξάῃῗῗὲ

1330 3449 2396 3532 {siziiifsvgleffipssssfilffissffn‘221'333320252suffisia'fiffssffi‘tiirfflffi

1332 3505 1504 3608 isra}
1511 3530 1600 3607 iss
1613 3530 1812 3607 sessani
1823 3529 2399 3608 asinasujusszresrsner:

1331 3594 1433 3641 sertarri
1441 3632 1452 3648 ,
1474 3607 1591 3638 effeetus
1604 3592 1771 3645 ’hujusmodi
1788 3609 1883 3648 gratiae
1896 3606 2026 3650 impediri
2043 3590 2145 3636 v'aleret
2165 3605 2331 3648 aliquatenus
2349 3603 2396 3647 vel

1331 3648 1454 3685 diffierri,
1469 3647 1503 3677 &
1515 3646 1551 3676 de
1571 3645 1626 3686 qua
1643 3647 1673 3676 in
1689 3646 1790 3677 eisdem
1810 3646 1906 3678 litteris
1920 3645 1978 3676 fieri
1999 3644 2115 3675 deberet
2134 3651 2243 3687 mentio
2253 3641 2394 3682 specialis3

1333 3687 1390 3718 five
1401 3686 1537 3723 aliquibus
1552 3684 1685 3716 Ecclesiae
1697 3685 1842 3725 praedi&ae
1856 3684 1999 3716 contrariis
2013 3681 2257 3714 consuetudinibus
2278 3679 2322 3709 vel
2341 3679 2397 3710 sta-

1334 3726 1416 3763 tutis,
1433 3725 1588 3762 juramento
1602 3747 1612 3762 ,
1637 3725 1853 3755 confirmatione
1872 3723 1942 3754 sedis
1956 3721 2101 3762 praedidbae
2112 3743 2122 3759 ,
2143 3719 2199 3750 five
2216 3726 2399 3763 quacumque

1331 3764 1465 3794 firmitate
1475 3762 1527 3792 alia
1542 3763 1694 3801 roboraris3
1709 3772 1756 3794 aut
1768 3763 1789 3793 si
1803 3762 1893 3793 distus
1907 3760 2050 3792 Mathaeus
2062 3757 2179 3804 praeiens
2191 3766 2252 3786 non
2267 3756 2351 3801 fuerit*
2361 3757 2398 3802 ad

1336 3800 1525 3840 praestandum
1539 3823 1549 3839 ‚
1574 3800 1609 3831 de
1626 3801 1805 3833 observandis
1824 3799 1985 3838 hujusmodi
2005 3797 2109 3829 statutis
2129 3795 2175 3825 vel
2189 3794 2399 3840 consuetudini-

1335 3842 1388 3870 bus
1394 3862 1405 3878 ,
1421 3839 1533 3870 solitum
1543 3840 1751 3878 juramentum3
1768 3839 1802 3870 ad
1817 3838 1894 3883 quod
1915 3835 2103 3878 praestandum
2114 3855 2124 3872 ‚
2148 3832 2291 3872 quousque
2306 3834 2398 3873 ipsum

1337 3878 1404 3910 illuc
1419 3879 1459 3908 ire
1471 3880 1634 3917 contingat,
1651 3878 1795 3909 noluimus
1809 3886 1896 3908 teneri
1908 3875 2046 3917 eimdem„
2145 3909 2151 3915 ι

1377 3917 1525 3956 Qiocirca
1545 3916 1703 3947 discretioni
1722 3916 1823 3947 vestrae
1845 3925 1895 3956 pei·
1917 3911 2082 3953 Apostolica
2100 3908 2199 3953 scrlpm
2220 3910 2401 3949 mandamus,

1339 3957 1545 3995 quatinusvos2
1563 3957 1608 3986 vel
1618 3955 1680 3987 duo
1691 3953 1840 3992 vestriirn3
1865 3959 1912 3983 aut
1931 3960 2003 3982 unus
2022 3957 2056 3979 ex
2074 3948 2156 3991 vobis
2168 3970 2178 3985 ‚
2201 3957 2250 3992 per
2265 3959 2318 3980 vos
2325 3950 2399 3994 ²feel

1341 4004 1391 4034 per
1403 3994 1506 4033 alium,
1519 4002 1565 4024 aut
1574 3994 1659 4033 alios,
1677 3992 1799 4024 eundem
1814 3990 1991 4026 Marhaeum,
2008 3986 2054 4018 vel
2064 3985 2151 4016 alium
2165 4009 2174 4023 ‚
2199 3996 2254 4026 ejus
2265 3997 2402 4026 nomine,

1342 4035 1374 4067 in
1385 4033 1565 4075 corporalem
1576 4031 1778 4073 possessionem
1792 4024 1985 4063 camum
1995 4026 2030 4059 &
2044 4023 2226 4067 Praebeiidae,
2238 4036 2274 4058 ac
2281 4027 2387 4068 jurium
2374 4047 2410 4097 a}

2425 2109 2504 2141 Ann.
2517 2110 2562 2148 D4

2447 2158 2535 2187 1275-

2427 2192 2480 2216 An.
2500 2198 2527 2225 3.

2428 2232 2458 2254 Ε.
2478 2237 2501 2254 ι.

2430 2270 2469 2294 Ex
2489 2265 2563 2302 origg
