<?xml version="1.0" encoding="UTF-8"?>
<!DOCTYPE html PUBLIC "-//W3C//DTD XHTML 1.0 Transitional//EN"
    "http://www.w3.org/TR/xhtml1/DTD/xhtml1-transitional.dtd">
<html xmlns="http://www.w3.org/1999/xhtml" xml:lang="en" lang="en">
 <head>
  <title>
</title>
<meta http-equiv="Content-Type" content="text/html;charset=utf-8" />
  <meta name='ocr-system' content='tesseract 3.04.00' />
  <meta name='ocr-capabilities' content='ocr_page ocr_carea ocr_par ocr_line ocrx_word'/>
</head>
<body>
  <div class='ocr_page' id='page_1' title='image "./fderaconventione01ryme/fderaconventione01ryme_0545.png"; bbox 0 0 2570 4261; ppageno 0'>
   <div class='ocr_carea' id='block_1_1' title="bbox 7 232 114 266">
    <p class='ocr_par' dir='ltr' id='par_1_1' title="bbox 7 232 114 266">
     <span class='ocr_line' id='line_1_1' title="bbox 7 232 114 266; baseline -0.037 0"><span class='ocrx_word' id='word_1_1' title='bbox 7 244 63 266; x_wconf 84' lang='lat' dir='ltr'>mn.</span> <span class='ocrx_word' id='word_1_2' title='bbox 74 232 114 263; x_wconf 91' lang='lat' dir='ltr'>D.</span> 
     </span>
    </p>
   </div>
   <div class='ocr_carea' id='block_1_2' title="bbox 13 272 94 304">
    <p class='ocr_par' dir='ltr' id='par_1_2' title="bbox 13 272 94 304">
     <span class='ocr_line' id='line_1_2' title="bbox 13 272 94 304; baseline -0.025 0"><span class='ocrx_word' id='word_1_3' title='bbox 13 272 94 304; x_wconf 83' lang='lat'>1288.</span> 
     </span>
    </p>
   </div>
   <div class='ocr_carea' id='block_1_3' title="bbox 7 314 97 341">
    <p class='ocr_par' dir='ltr' id='par_1_3' title="bbox 7 314 97 341">
     <span class='ocr_line' id='line_1_3' title="bbox 7 314 97 341; baseline -0.011 0"><span class='ocrx_word' id='word_1_4' title='bbox 7 314 53 341; x_wconf 71' lang='lat' dir='ltr'>dv.</span> <span class='ocrx_word' id='word_1_5' title='bbox 74 320 97 338; x_wconf 79' lang='lat'>1.</span> 
     </span>
    </p>
   </div>
   <div class='ocr_carea' id='block_1_4' title="bbox 6 2447 111 2484">
    <p class='ocr_par' dir='ltr' id='par_1_4' title="bbox 6 2447 111 2484">
     <span class='ocr_line' id='line_1_4' title="bbox 6 2447 111 2484; baseline -0.029 -7"><span class='ocrx_word' id='word_1_6' title='bbox 6 2447 111 2484; x_wconf 85' lang='lat'>11.391.</span> 
     </span>
    </p>
   </div>
   <div class='ocr_carea' id='block_1_5' title="bbox 0 2577 110 2683">
    <p class='ocr_par' dir='ltr' id='par_1_5' title="bbox 0 2577 110 2683">
     <span class='ocr_line' id='line_1_5' title="bbox 0 2577 110 2608; baseline -0.009 0"><span class='ocrx_word' id='word_1_7' title='bbox 0 2578 60 2608; x_wconf 71' lang='lat' dir='ltr'>liin.</span> <span class='ocrx_word' id='word_1_8' title='bbox 69 2577 110 2608; x_wconf 89' lang='lat' dir='ltr'>D.</span> 
     </span>
     <span class='ocr_line' id='line_1_6' title="bbox 0 2616 84 2648; baseline 0 -2"><span class='ocrx_word' id='word_1_9' title='bbox 0 2616 84 2648; x_wconf 83' lang='lat'>1288.</span> 
     </span>
     <span class='ocr_line' id='line_1_7' title="bbox 0 2656 95 2683; baseline 0 -1"><span class='ocrx_word' id='word_1_10' title='bbox 0 2659 34 2683; x_wconf 76' lang='lat' dir='ltr'>ln.</span> <span class='ocrx_word' id='word_1_11' title='bbox 54 2656 95 2682; x_wconf 85' lang='grc'>16.</span> 
     </span>
    </p>
   </div>
   <div class='ocr_carea' id='block_1_6' title="bbox 0 2770 110 2875">
    <p class='ocr_par' dir='ltr' id='par_1_6' title="bbox 0 2770 110 2875">
     <span class='ocr_line' id='line_1_8' title="bbox 4 2770 89 2798; baseline 0.012 -2"><span class='ocrx_word' id='word_1_12' title='bbox 4 2771 45 2798; x_wconf 88' lang='grc'>16.</span> <span class='ocrx_word' id='word_1_13' title='bbox 63 2770 89 2797; x_wconf 87' lang='lat' dir='ltr'>b.</span> 
     </span>
     <span class='ocr_line' id='line_1_9' title="bbox 0 2812 110 2837; baseline 0.018 -2"><span class='ocrx_word' id='word_1_14' title='bbox 0 2818 50 2835; x_wconf 83' lang='lat' dir='ltr'>enes</span> <span class='ocrx_word' id='word_1_15' title='bbox 57 2812 110 2837; x_wconf 82' lang='lat' dir='ltr'>Ca-</span> 
     </span>
     <span class='ocr_line' id='line_1_10' title="bbox 0 2855 73 2875; baseline 0.041 -3"><span class='ocrx_word' id='word_1_16' title='bbox 0 2855 73 2875; x_wconf 67' lang='lat' dir='ltr'>verar.</span> 
     </span>
    </p>
   </div>
   <div class='ocr_carea' id='block_1_7' title="bbox 717 140 1172 184">
    <p class='ocr_par' dir='ltr' id='par_1_7' title="bbox 717 140 1172 184">
     <span class='ocr_line' id='line_1_11' title="bbox 717 140 1172 184; baseline -0.002 -3"><span class='ocrx_word' id='word_1_17' title='bbox 717 140 827 181; x_wconf 88' lang='lat' dir='ltr'>ET</span> <span class='ocrx_word' id='word_1_18' title='bbox 908 141 1172 184; x_wconf 93' lang='lat' dir='ltr'><strong>ACTA</strong></span> 
     </span>
    </p>
   </div>
   <div class='ocr_carea' id='block_1_8' title="bbox 129 225 1191 1258">
    <p class='ocr_par' dir='ltr' id='par_1_8' title="bbox 132 225 1188 372">
     <span class='ocr_line' id='line_1_12' title="bbox 171 225 1185 265; baseline -0.001 -9"><span class='ocrx_word' id='word_1_19' title='bbox 171 225 209 256; x_wconf 88' lang='lat' dir='ltr'>Et</span> <span class='ocrx_word' id='word_1_20' title='bbox 229 227 392 265; x_wconf 78' lang='lat' dir='ltr'><strong>generaliter</strong></span> <span class='ocrx_word' id='word_1_21' title='bbox 412 227 546 258; x_wconf 85' lang='lat' dir='ltr'>omnibus</span> <span class='ocrx_word' id='word_1_22' title='bbox 565 226 620 258; x_wconf 84' lang='lat' dir='ltr'>aliis</span> <span class='ocrx_word' id='word_1_23' title='bbox 636 227 864 264; x_wconf 72' lang='lat' dir='ltr'>exceptionibus,</span> <span class='ocrx_word' id='word_1_24' title='bbox 882 228 1019 264; x_wconf 84' lang='lat' dir='ltr'>oninique</span> <span class='ocrx_word' id='word_1_25' title='bbox 1030 228 1095 265; x_wconf 86' lang='lat' dir='ltr'>juris</span> <span class='ocrx_word' id='word_1_26' title='bbox 1108 228 1185 256; x_wconf 70' lang='lat' dir='ltr'>auxi-</span> 
     </span>
     <span class='ocr_line' id='line_1_13' title="bbox 133 263 1186 307; baseline 0 -14"><span class='ocrx_word' id='word_1_27' title='bbox 133 263 189 307; x_wconf 79' lang='lat' dir='ltr'>lio,</span> <span class='ocrx_word' id='word_1_28' title='bbox 208 273 266 295; x_wconf 88' lang='lat' dir='ltr'>tani</span> <span class='ocrx_word' id='word_1_29' title='bbox 287 267 438 304; x_wconf 85' lang='lat' dir='ltr'>canonici,</span> <span class='ocrx_word' id='word_1_30' title='bbox 464 267 549 304; x_wconf 67' lang='lat' dir='ltr'>quum</span> <span class='ocrx_word' id='word_1_31' title='bbox 572 265 674 302; x_wconf 68' lang='lat' dir='ltr'>civilis,</span> <span class='ocrx_word' id='word_1_32' title='bbox 692 274 740 302; x_wconf 88' lang='lat' dir='ltr'>per</span> <span class='ocrx_word' id='word_1_33' title='bbox 762 275 826 306; x_wconf 75' lang='lat' dir='ltr'>quae</span> <span class='ocrx_word' id='word_1_34' title='bbox 849 265 938 302; x_wconf 77' lang='lat' dir='ltr'>polset</span> <span class='ocrx_word' id='word_1_35' title='bbox 962 266 987 294; x_wconf 90' lang='lat' dir='ltr'>se</span> <span class='ocrx_word' id='word_1_36' title='bbox 1002 276 1100 295; x_wconf 82' lang='lat' dir='ltr'>contra</span> <span class='ocrx_word' id='word_1_37' title='bbox 1116 275 1186 302; x_wconf 68' lang='lat' dir='ltr'>prae-</span> 
     </span>
     <span class='ocr_line' id='line_1_14' title="bbox 132 301 1188 342; baseline 0.001 -11"><span class='ocrx_word' id='word_1_38' title='bbox 132 301 208 332; x_wconf 66' lang='lat' dir='ltr'>dieta</span> <span class='ocrx_word' id='word_1_39' title='bbox 237 304 282 334; x_wconf 88' lang='lat' dir='ltr'>vel</span> <span class='ocrx_word' id='word_1_40' title='bbox 308 303 509 342; x_wconf 63' lang='lat' dir='ltr'>praediecorum</span> <span class='ocrx_word' id='word_1_41' title='bbox 538 302 651 341; x_wconf 78' lang='lat' dir='ltr'>aliquod</span> <span class='ocrx_word' id='word_1_42' title='bbox 671 303 820 333; x_wconf 72' lang='lat' dir='ltr'>defendere</span> <span class='ocrx_word' id='word_1_43' title='bbox 841 303 1058 340; x_wconf 82' lang='lat' dir='ltr'>quomodolibet</span> <span class='ocrx_word' id='word_1_44' title='bbox 1078 304 1124 334; x_wconf 87' lang='lat' dir='ltr'>vel</span> <span class='ocrx_word' id='word_1_45' title='bbox 1142 303 1188 340; x_wconf 85' lang='lat' dir='ltr'>ju-</span> 
     </span>
     <span class='ocr_line' id='line_1_15' title="bbox 132 349 200 372; baseline -0.029 0"><span class='ocrx_word' id='word_1_46' title='bbox 132 349 200 372; x_wconf 88' lang='lat' dir='ltr'>vare</span> 
     </span>
    </p>

    <p class='ocr_par' dir='ltr' id='par_1_9' title="bbox 130 364 1188 455">
     <span class='ocr_line' id='line_1_16' title="bbox 168 364 1188 418; baseline -0.001 -10"><span class='ocrx_word' id='word_1_47' title='bbox 168 364 373 417; x_wconf 65' lang='lat' dir='ltr'>Et³praesertim</span> <span class='ocrx_word' id='word_1_48' title='bbox 390 380 445 418; x_wconf 86' lang='lat' dir='ltr'>juri</span> <span class='ocrx_word' id='word_1_49' title='bbox 466 379 570 409; x_wconf 88' lang='lat' dir='ltr'>dicenti</span> <span class='ocrx_word' id='word_1_50' title='bbox 582 378 740 418; x_wconf 76' lang='lat' dir='ltr'>generalem</span> <span class='ocrx_word' id='word_1_51' title='bbox 756 379 990 409; x_wconf 81' lang='lat' dir='ltr'>renuntiationem</span> <span class='ocrx_word' id='word_1_52' title='bbox 1005 389 1065 409; x_wconf 91' lang='lat' dir='ltr'>non</span> <span class='ocrx_word' id='word_1_53' title='bbox 1078 379 1188 415; x_wconf 87' lang='lat' dir='ltr'>valere,</span> 
     </span>
     <span class='ocr_line' id='line_1_17' title="bbox 130 416 851 455; baseline -0.003 -8"><span class='ocrx_word' id='word_1_54' title='bbox 130 416 244 455; x_wconf 78' lang='lat' dir='ltr'>jurique</span> <span class='ocrx_word' id='word_1_55' title='bbox 261 427 310 455; x_wconf 85' lang='lat' dir='ltr'>per</span> <span class='ocrx_word' id='word_1_56' title='bbox 325 427 387 447; x_wconf 87' lang='lat' dir='ltr'>eam</span> <span class='ocrx_word' id='word_1_57' title='bbox 403 427 461 447; x_wconf 91' lang='lat' dir='ltr'>non</span> <span class='ocrx_word' id='word_1_58' title='bbox 474 417 553 454; x_wconf 78' lang='lat' dir='ltr'>posse</span> <span class='ocrx_word' id='word_1_59' title='bbox 568 417 700 454; x_wconf 79' lang='lat' dir='ltr'>puppiice</span> <span class='ocrx_word' id='word_1_60' title='bbox 715 416 851 455; x_wconf 78' lang='lat' dir='ltr'>derogari.</span> 
     </span>
    </p>

    <p class='ocr_par' dir='ltr' id='par_1_10' title="bbox 131 454 1188 646">
     <span class='ocr_line' id='line_1_18' title="bbox 170 454 1188 498; baseline -0.001 -13"><span class='ocrx_word' id='word_1_61' title='bbox 170 455 217 485; x_wconf 88' lang='lat' dir='ltr'>Ad</span> <span class='ocrx_word' id='word_1_62' title='bbox 233 457 370 493; x_wconf 86' lang='lat' dir='ltr'>majorem</span> <span class='ocrx_word' id='word_1_63' title='bbox 391 463 485 484; x_wconf 84' lang='lat' dir='ltr'>autem</span> <span class='ocrx_word' id='word_1_64' title='bbox 509 455 646 485; x_wconf 77' lang='lat' dir='ltr'>cautelam</span> <span class='ocrx_word' id='word_1_65' title='bbox 659 454 746 494; x_wconf 75' lang='lat' dir='ltr'>Regis</span> <span class='ocrx_word' id='word_1_66' title='bbox 762 455 871 498; x_wconf 74' lang='lat' dir='ltr'>Angliae</span> <span class='ocrx_word' id='word_1_67' title='bbox 885 454 1049 492; x_wconf 63' lang='lat' dir='ltr'>supradiiffi,</span> <span class='ocrx_word' id='word_1_68' title='bbox 1068 455 1101 485; x_wconf 66' lang='grc' dir='ltr'>ὃς</span> <span class='ocrx_word' id='word_1_69' title='bbox 1116 454 1188 484; x_wconf 81' lang='lat' dir='ltr'>Hae-</span> 
     </span>
     <span class='ocr_line' id='line_1_19' title="bbox 131 492 1188 532; baseline -0.002 -9"><span class='ocrx_word' id='word_1_70' title='bbox 131 494 232 523; x_wconf 83' lang='lat' dir='ltr'>redum</span> <span class='ocrx_word' id='word_1_71' title='bbox 245 493 326 532; x_wconf 86' lang='lat' dir='ltr'>ipsius</span> <span class='ocrx_word' id='word_1_72' title='bbox 340 517 350 531; x_wconf 88' lang='lat'>,</span> <span class='ocrx_word' id='word_1_73' title='bbox 374 493 464 523; x_wconf 69' lang='lat' dir='ltr'>dietus</span> <span class='ocrx_word' id='word_1_74' title='bbox 483 492 617 530; x_wconf 85' lang='lat' dir='ltr'>Princeps</span> <span class='ocrx_word' id='word_1_75' title='bbox 627 516 636 530; x_wconf 88' lang='lat'>,</span> <span class='ocrx_word' id='word_1_76' title='bbox 654 503 705 529; x_wconf 84' lang='lat' dir='ltr'>pro</span> <span class='ocrx_word' id='word_1_77' title='bbox 720 492 864 528; x_wconf 65' lang='lat' dir='ltr'>praemlffls</span> <span class='ocrx_word' id='word_1_78' title='bbox 885 493 1017 523; x_wconf 80' lang='lat' dir='ltr'>omnibus</span> <span class='ocrx_word' id='word_1_79' title='bbox 1030 494 1063 523; x_wconf 88' lang='lat'><strong>&amp;</strong></span> <span class='ocrx_word' id='word_1_80' title='bbox 1079 493 1188 532; x_wconf 83' lang='lat' dir='ltr'>singulis</span> 
     </span>
     <span class='ocr_line' id='line_1_20' title="bbox 131 530 1187 570; baseline 0 -10"><span class='ocrx_word' id='word_1_81' title='bbox 131 531 249 561; x_wconf 84' lang='lat' dir='ltr'>firmiter</span> <span class='ocrx_word' id='word_1_82' title='bbox 271 530 454 568; x_wconf 79' lang='lat' dir='ltr'>adimplendis</span> <span class='ocrx_word' id='word_1_83' title='bbox 468 555 478 568; x_wconf 92' lang='lat'>,</span> <span class='ocrx_word' id='word_1_84' title='bbox 495 531 643 568; x_wconf 88' lang='lat' dir='ltr'>corporale</span> <span class='ocrx_word' id='word_1_85' title='bbox 664 530 781 561; x_wconf 62' lang='lat' dir='ltr'>iraestitit</span> <span class='ocrx_word' id='word_1_86' title='bbox 797 532 888 560; x_wconf 87' lang='lat' dir='ltr'>eidem</span> <span class='ocrx_word' id='word_1_87' title='bbox 902 531 976 570; x_wconf 80' lang='lat' dir='ltr'>Regi</span> <span class='ocrx_word' id='word_1_88' title='bbox 993 532 1120 569; x_wconf 54' lang='lat' dir='ltr'>Anglire,</span> <span class='ocrx_word' id='word_1_89' title='bbox 1138 531 1187 560; x_wconf 75' lang='lat' dir='ltr'>sti-</span> 
     </span>
     <span class='ocr_line' id='line_1_21' title="bbox 133 542 1188 607; baseline 0 -8"><span class='ocrx_word' id='word_1_90' title='bbox 133 569 239 607; x_wconf 79' lang='lat' dir='ltr'>pulanti</span> <span class='ocrx_word' id='word_1_91' title='bbox 258 569 292 599; x_wconf 69' lang='grc' dir='ltr'>ὃς</span> <span class='ocrx_word' id='word_1_92' title='bbox 314 570 459 606; x_wconf 83' lang='lat' dir='ltr'>recipienti</span> <span class='ocrx_word' id='word_1_93' title='bbox 477 579 530 606; x_wconf 86' lang='lat' dir='ltr'>pro</span> <span class='ocrx_word' id='word_1_94' title='bbox 550 569 576 599; x_wconf 86' lang='lat' dir='ltr'>se</span> <span class='ocrx_word' id='word_1_95' title='bbox 597 570 630 600; x_wconf 91' lang='lat'>&amp;</span> <span class='ocrx_word' id='word_1_96' title='bbox 648 542 816 599; x_wconf 58' lang='lat' dir='ltr'>sier-edibus</span> <span class='ocrx_word' id='word_1_97' title='bbox 831 569 899 607; x_wconf 86' lang='lat' dir='ltr'>suis,</span> <span class='ocrx_word' id='word_1_98' title='bbox 915 569 949 599; x_wconf 90' lang='lat' dir='ltr'>ad</span> <span class='ocrx_word' id='word_1_99' title='bbox 963 570 1059 600; x_wconf 67' lang='grc'><strong>5311611</strong></span> <span class='ocrx_word' id='word_1_100' title='bbox 1076 568 1132 599; x_wconf 91' lang='lat' dir='ltr'>Dei</span> <span class='ocrx_word' id='word_1_101' title='bbox 1148 569 1188 599; x_wconf 84' lang='lat' dir='ltr'>E-</span> 
     </span>
     <span class='ocr_line' id='line_1_22' title="bbox 134 606 502 646; baseline 0 -10"><span class='ocrx_word' id='word_1_102' title='bbox 134 606 286 646; x_wconf 82' lang='lat' dir='ltr'>wangelia,</span> <span class='ocrx_word' id='word_1_103' title='bbox 301 608 502 646; x_wconf 83' lang='lat' dir='ltr'>juramentum.</span> 
     </span>
    </p>

    <p class='ocr_par' dir='ltr' id='par_1_11' title="bbox 134 644 1191 752">
     <span class='ocr_line' id='line_1_23' title="bbox 172 644 1189 684; baseline 0 -10"><span class='ocrx_word' id='word_1_104' title='bbox 172 644 207 674; x_wconf 88' lang='lat' dir='ltr'>In</span> <span class='ocrx_word' id='word_1_105' title='bbox 230 655 354 683; x_wconf 90' lang='lat' dir='ltr'>quorum</span> <span class='ocrx_word' id='word_1_106' title='bbox 376 646 509 676; x_wconf 86' lang='lat' dir='ltr'>omnium</span> <span class='ocrx_word' id='word_1_107' title='bbox 531 644 726 675; x_wconf 84' lang='lat' dir='ltr'>testimonium</span> <span class='ocrx_word' id='word_1_108' title='bbox 748 644 876 682; x_wconf 79' lang='lat' dir='ltr'>praefatus</span> <span class='ocrx_word' id='word_1_109' title='bbox 891 645 1025 684; x_wconf 86' lang='lat' dir='ltr'>Princeps</span> <span class='ocrx_word' id='word_1_110' title='bbox 1048 645 1189 675; x_wconf 85' lang='lat' dir='ltr'>mandavit</span> 
     </span>
     <span class='ocr_line' id='line_1_24' title="bbox 136 682 1191 722; baseline 0 -9"><span class='ocrx_word' id='word_1_111' title='bbox 136 693 187 720; x_wconf 81' lang='lat' dir='ltr'>per</span> <span class='ocrx_word' id='word_1_112' title='bbox 210 693 275 722; x_wconf 84' lang='lat' dir='ltr'>me,</span> <span class='ocrx_word' id='word_1_113' title='bbox 291 683 482 722; x_wconf 66' lang='lat' dir='ltr'>supradictum</span> <span class='ocrx_word' id='word_1_114' title='bbox 502 682 675 721; x_wconf 84' lang='lat' dir='ltr'>Notarium,</span> <span class='ocrx_word' id='word_1_115' title='bbox 691 684 808 721; x_wconf 53' lang='lat' dir='ltr'>praesens</span> <span class='ocrx_word' id='word_1_116' title='bbox 829 684 927 714; x_wconf 79' lang='lat' dir='ltr'>exinde</span> <span class='ocrx_word' id='word_1_117' title='bbox 948 684 1112 722; x_wconf 88' lang='lat' dir='ltr'>pupplicum</span> <span class='ocrx_word' id='word_1_118' title='bbox 1133 683 1191 713; x_wconf 83' lang='lat' dir='ltr'>sieri</span> 
     </span>
     <span class='ocr_line' id='line_1_25' title="bbox 134 721 367 752; baseline 0.004 -1"><span class='ocrx_word' id='word_1_119' title='bbox 134 721 367 752; x_wconf 85' lang='lat' dir='ltr'>instrumentum·</span> 
     </span>
    </p>

    <p class='ocr_par' dir='ltr' id='par_1_12' title="bbox 133 746 1191 835">
     <span class='ocr_line' id='line_1_26' title="bbox 174 746 1191 798; baseline -0.001 -8"><span class='ocrx_word' id='word_1_120' title='bbox 174 759 233 790; x_wconf 89' lang='lat' dir='ltr'>Cui</span> <span class='ocrx_word' id='word_1_121' title='bbox 252 760 343 790; x_wconf 69' lang='lat' dir='ltr'>dietus</span> <span class='ocrx_word' id='word_1_122' title='bbox 359 746 498 797; x_wconf 79' lang='lat' dir='ltr'>Princeps</span> <span class='ocrx_word' id='word_1_123' title='bbox 519 758 637 798; x_wconf 75' lang='lat' dir='ltr'>sigillum</span> <span class='ocrx_word' id='word_1_124' title='bbox 657 759 750 790; x_wconf 89' lang='lat' dir='ltr'>annuli</span> <span class='ocrx_word' id='word_1_125' title='bbox 764 760 802 790; x_wconf 90' lang='lat' dir='ltr'>sui</span> <span class='ocrx_word' id='word_1_126' title='bbox 819 759 961 790; x_wconf 84' lang='lat' dir='ltr'>mandavit</span> <span class='ocrx_word' id='word_1_127' title='bbox 976 760 1009 790; x_wconf 67' lang='grc' dir='ltr'>ὃ(</span> <span class='ocrx_word' id='word_1_128' title='bbox 1023 759 1090 790; x_wconf 89' lang='lat' dir='ltr'>fecit</span> <span class='ocrx_word' id='word_1_129' title='bbox 1103 769 1191 797; x_wconf 86' lang='lat' dir='ltr'>appo-</span> 
     </span>
     <span class='ocr_line' id='line_1_27' title="bbox 133 797 1105 835; baseline -0.001 -7"><span class='ocrx_word' id='word_1_130' title='bbox 133 799 165 828; x_wconf 91' lang='lat' dir='ltr'>ni</span> <span class='ocrx_word' id='word_1_131' title='bbox 195 799 229 829; x_wconf 86' lang='lat'>&amp;</span> <span class='ocrx_word' id='word_1_132' title='bbox 243 798 346 835; x_wconf 69' lang='lat' dir='ltr'>scripsit</span> <span class='ocrx_word' id='word_1_133' title='bbox 359 808 445 828; x_wconf 89' lang='lat' dir='ltr'>manu</span> <span class='ocrx_word' id='word_1_134' title='bbox 459 799 571 835; x_wconf 81' lang='lat' dir='ltr'>propria</span> <span class='ocrx_word' id='word_1_135' title='bbox 585 797 700 835; x_wconf 83' lang='lat' dir='ltr'>sequens</span> <span class='ocrx_word' id='word_1_136' title='bbox 715 799 834 828; x_wconf 87' lang='lat' dir='ltr'>verbum</span> <span class='ocrx_word' id='word_1_137' title='bbox 853 800 938 828; x_wconf 88' lang='lat' dir='ltr'>CRE</span> <span class='ocrx_word' id='word_1_138' title='bbox 947 801 976 827; x_wconf 95' lang='lat' dir='ltr'><em>D</em></span> <span class='ocrx_word' id='word_1_139' title='bbox 986 801 1019 827; x_wconf 90' lang='lat' dir='ltr'><em>A</em></span> <span class='ocrx_word' id='word_1_140' title='bbox 1026 801 1105 827; x_wconf 89' lang='lat' dir='ltr'><em>TIS.</em></span> 
     </span>
    </p>

    <p class='ocr_par' dir='ltr' id='par_1_13' title="bbox 132 821 1191 1027">
     <span class='ocr_line' id='line_1_28' title="bbox 170 821 1189 880; baseline -0.001 -14"><span class='ocrx_word' id='word_1_141' title='bbox 170 821 227 874; x_wconf 59' lang='lat' dir='ltr'>Pr,</span> <span class='ocrx_word' id='word_1_142' title='bbox 246 837 310 874; x_wconf 87' lang='lat' dir='ltr'>quia</span> <span class='ocrx_word' id='word_1_143' title='bbox 322 836 454 866; x_wconf 90' lang='lat' dir='ltr'>nondum</span> <span class='ocrx_word' id='word_1_144' title='bbox 468 835 557 865; x_wconf 69' lang='lat' dir='ltr'>dietus</span> <span class='ocrx_word' id='word_1_145' title='bbox 572 835 705 874; x_wconf 82' lang='lat' dir='ltr'>Princeps</span> <span class='ocrx_word' id='word_1_146' title='bbox 720 846 854 875; x_wconf 78' lang='lat' dir='ltr'>magnum</span> <span class='ocrx_word' id='word_1_147' title='bbox 869 836 986 876; x_wconf 79' lang='lat' dir='ltr'>sigillum</span> <span class='ocrx_word' id='word_1_148' title='bbox 1001 836 1059 866; x_wconf 88' lang='lat' dir='ltr'>fieri</span> <span class='ocrx_word' id='word_1_149' title='bbox 1075 836 1189 880; x_wconf 57' lang='lat' dir='ltr'>fecerat&gt;</span> 
     </span>
     <span class='ocr_line' id='line_1_29' title="bbox 132 874 1191 914; baseline -0.001 -10"><span class='ocrx_word' id='word_1_150' title='bbox 132 884 188 905; x_wconf 89' lang='lat' dir='ltr'>nec</span> <span class='ocrx_word' id='word_1_151' title='bbox 202 874 323 904; x_wconf 84' lang='lat' dir='ltr'>habebat</span> <span class='ocrx_word' id='word_1_152' title='bbox 336 899 346 912; x_wconf 85' lang='lat'>,</span> <span class='ocrx_word' id='word_1_153' title='bbox 372 874 454 914; x_wconf 86' lang='lat' dir='ltr'>sigilla</span> <span class='ocrx_word' id='word_1_154' title='bbox 475 874 696 904; x_wconf 89' lang='lat' dir='ltr'>reverendorum</span> <span class='ocrx_word' id='word_1_155' title='bbox 710 874 826 905; x_wconf 83' lang='lat' dir='ltr'>Patrum</span> <span class='ocrx_word' id='word_1_156' title='bbox 844 874 1040 905; x_wconf 89' lang='lat' dir='ltr'>Dominorum</span> <span class='ocrx_word' id='word_1_157' title='bbox 1054 874 1191 904; x_wconf 75' lang='lat' dir='ltr'>Bonisacii</span> 
     </span>
     <span class='ocr_line' id='line_1_30' title="bbox 132 911 1188 950; baseline -0.002 -7"><span class='ocrx_word' id='word_1_158' title='bbox 132 912 272 943; x_wconf 84' lang='lat' dir='ltr'>Ravenat.</span> <span class='ocrx_word' id='word_1_159' title='bbox 291 913 324 943; x_wconf 74' lang='grc' dir='ltr'>δε</span> <span class='ocrx_word' id='word_1_160' title='bbox 345 912 406 942; x_wconf 87' lang='lat' dir='ltr'>Pet.</span> <span class='ocrx_word' id='word_1_161' title='bbox 426 911 537 943; x_wconf 85' lang='lat' dir='ltr'>Montis</span> <span class='ocrx_word' id='word_1_162' title='bbox 557 912 671 949; x_wconf 77' lang='lat' dir='ltr'>Regalis</span> <span class='ocrx_word' id='word_1_163' title='bbox 696 912 983 950; x_wconf 86' lang='lat' dir='ltr'>Archiepiscoporum</span> <span class='ocrx_word' id='word_1_164' title='bbox 1007 913 1039 943; x_wconf 90' lang='lat'>&amp;</span> <span class='ocrx_word' id='word_1_165' title='bbox 1051 911 1188 942; x_wconf 88' lang='lat' dir='ltr'>Nuncio-</span> 
     </span>
     <span class='ocr_line' id='line_1_31' title="bbox 132 950 1189 996; baseline 0 -15"><span class='ocrx_word' id='word_1_166' title='bbox 132 961 197 981; x_wconf 87' lang='lat' dir='ltr'>rum</span> <span class='ocrx_word' id='word_1_167' title='bbox 219 950 394 996; x_wconf 69' lang='lat' dir='ltr'>Apostolicae</span> <span class='ocrx_word' id='word_1_168' title='bbox 414 950 510 988; x_wconf 88' lang='lat' dir='ltr'>Sedis,</span> <span class='ocrx_word' id='word_1_169' title='bbox 526 950 560 981; x_wconf 90' lang='lat' dir='ltr'>ad</span> <span class='ocrx_word' id='word_1_170' title='bbox 580 951 718 989; x_wconf 87' lang='lat' dir='ltr'>majorem</span> <span class='ocrx_word' id='word_1_171' title='bbox 740 951 931 989; x_wconf 84' lang='lat' dir='ltr'>securitatem,</span> <span class='ocrx_word' id='word_1_172' title='bbox 948 952 1056 990; x_wconf 87' lang='lat' dir='ltr'>rogavit</span> <span class='ocrx_word' id='word_1_173' title='bbox 1073 952 1106 982; x_wconf 65' lang='grc' dir='ltr'>ὃς</span> <span class='ocrx_word' id='word_1_174' title='bbox 1121 961 1189 988; x_wconf 92' lang='lat' dir='ltr'>pro-</span> 
     </span>
     <span class='ocr_line' id='line_1_32' title="bbox 133 997 368 1027; baseline -0.009 -7"><span class='ocrx_word' id='word_1_175' title='bbox 133 997 243 1020; x_wconf 85' lang='lat' dir='ltr'>curavit</span> <span class='ocrx_word' id='word_1_176' title='bbox 256 999 368 1027; x_wconf 90' lang='lat' dir='ltr'>apponi.</span> 
     </span>
    </p>

    <p class='ocr_par' dir='ltr' id='par_1_14' title="bbox 131 1026 1187 1106">
     <span class='ocr_line' id='line_1_33' title="bbox 170 1026 1187 1067; baseline -0.001 -10"><span class='ocrx_word' id='word_1_177' title='bbox 170 1028 233 1067; x_wconf 83' lang='lat' dir='ltr'>Qii</span> <span class='ocrx_word' id='word_1_178' title='bbox 247 1027 363 1065; x_wconf 90' lang='lat' dir='ltr'>quidem</span> <span class='ocrx_word' id='word_1_179' title='bbox 374 1028 497 1058; x_wconf 89' lang='lat' dir='ltr'>Domini</span> <span class='ocrx_word' id='word_1_180' title='bbox 511 1027 720 1065; x_wconf 86' lang='lat' dir='ltr'>Archiepiscopi</span> <span class='ocrx_word' id='word_1_181' title='bbox 736 1051 745 1065; x_wconf 86' lang='lat'>,</span> <span class='ocrx_word' id='word_1_182' title='bbox 767 1027 801 1057; x_wconf 89' lang='lat' dir='ltr'>ad</span> <span class='ocrx_word' id='word_1_183' title='bbox 825 1037 921 1065; x_wconf 87' lang='lat' dir='ltr'>preces</span> <span class='ocrx_word' id='word_1_184' title='bbox 935 1026 1062 1065; x_wconf 72' lang='lat' dir='ltr'>praediffi</span> <span class='ocrx_word' id='word_1_185' title='bbox 1076 1026 1187 1057; x_wconf 88' lang='lat' dir='ltr'>Princi-</span> 
     </span>
     <span class='ocr_line' id='line_1_34' title="bbox 131 1065 1166 1106; baseline -0.002 -10"><span class='ocrx_word' id='word_1_186' title='bbox 131 1066 175 1106; x_wconf 86' lang='lat' dir='ltr'>pis</span> <span class='ocrx_word' id='word_1_187' title='bbox 210 1066 327 1103; x_wconf 86' lang='lat' dir='ltr'>praesens</span> <span class='ocrx_word' id='word_1_188' title='bbox 342 1066 473 1104; x_wconf 80' lang='lat' dir='ltr'>scriptum</span> <span class='ocrx_word' id='word_1_189' title='bbox 489 1066 640 1105; x_wconf 83' lang='lat' dir='ltr'>sigillorum</span> <span class='ocrx_word' id='word_1_190' title='bbox 654 1065 768 1096; x_wconf 89' lang='lat' dir='ltr'>suorum</span> <span class='ocrx_word' id='word_1_191' title='bbox 783 1067 940 1096; x_wconf 83' lang='lat' dir='ltr'>munimine</span> <span class='ocrx_word' id='word_1_192' title='bbox 953 1065 1166 1095; x_wconf 87' lang='lat' dir='ltr'>roboraverunt.</span> 
     </span>
    </p>

    <p class='ocr_par' dir='ltr' id='par_1_15' title="bbox 129 1089 1190 1258">
     <span class='ocr_line' id='line_1_35' title="bbox 172 1089 1190 1145; baseline 0 -11"><span class='ocrx_word' id='word_1_193' title='bbox 172 1089 320 1135; x_wconf 55' lang='lat' dir='ltr'>&amp;aeterum</span> <span class='ocrx_word' id='word_1_194' title='bbox 333 1105 460 1145; x_wconf 82' lang='lat' dir='ltr'>promisit</span> <span class='ocrx_word' id='word_1_195' title='bbox 477 1113 649 1135; x_wconf 91' lang='lat' dir='ltr'>memoratus</span> <span class='ocrx_word' id='word_1_196' title='bbox 662 1103 795 1142; x_wconf 87' lang='lat' dir='ltr'>Princeps</span> <span class='ocrx_word' id='word_1_197' title='bbox 808 1104 884 1143; x_wconf 84' lang='lat' dir='ltr'>Regi</span> <span class='ocrx_word' id='word_1_198' title='bbox 898 1104 1009 1143; x_wconf 81' lang='lat' dir='ltr'>Angliae</span> <span class='ocrx_word' id='word_1_199' title='bbox 1022 1102 1190 1142; x_wconf 51' lang='lat' dir='ltr'>supradicto,</span> 
     </span>
     <span class='ocr_line' id='line_1_36' title="bbox 131 1140 1189 1182; baseline -0.001 -10"><span class='ocrx_word' id='word_1_200' title='bbox 131 1142 184 1173; x_wconf 84' lang='lat' dir='ltr'>sub</span> <span class='ocrx_word' id='word_1_201' title='bbox 207 1143 309 1173; x_wconf 82' lang='lat' dir='ltr'>virtute</span> <span class='ocrx_word' id='word_1_202' title='bbox 326 1143 454 1181; x_wconf 66' lang='lat' dir='ltr'>praedieti</span> <span class='ocrx_word' id='word_1_203' title='bbox 469 1142 583 1182; x_wconf 74' lang='lat' dir='ltr'>praestiti</span> <span class='ocrx_word' id='word_1_204' title='bbox 591 1143 756 1181; x_wconf 83' lang='lat' dir='ltr'>juramenti,</span> <span class='ocrx_word' id='word_1_205' title='bbox 775 1142 871 1180; x_wconf 82' lang='lat' dir='ltr'>quod,</span> <span class='ocrx_word' id='word_1_206' title='bbox 889 1152 975 1179; x_wconf 89' lang='lat' dir='ltr'>quam</span> <span class='ocrx_word' id='word_1_207' title='bbox 990 1142 1048 1171; x_wconf 89' lang='lat' dir='ltr'>cito</span> <span class='ocrx_word' id='word_1_208' title='bbox 1062 1140 1189 1180; x_wconf 83' lang='lat' dir='ltr'>Sigillum</span> 
     </span>
     <span class='ocr_line' id='line_1_37' title="bbox 133 1178 1190 1224; baseline -0.001 -13"><span class='ocrx_word' id='word_1_209' title='bbox 133 1190 270 1224; x_wconf 82' lang='lat' dir='ltr'>magnum</span> <span class='ocrx_word' id='word_1_210' title='bbox 284 1181 343 1212; x_wconf 84' lang='lat' dir='ltr'>fieri</span> <span class='ocrx_word' id='word_1_211' title='bbox 362 1182 459 1212; x_wconf 88' lang='lat' dir='ltr'>fecerit</span> <span class='ocrx_word' id='word_1_212' title='bbox 475 1183 508 1213; x_wconf 75' lang='grc' dir='ltr'>ὃς</span> <span class='ocrx_word' id='word_1_213' title='bbox 528 1181 656 1211; x_wconf 89' lang='lat' dir='ltr'>habuerit</span> <span class='ocrx_word' id='word_1_214' title='bbox 672 1205 682 1218; x_wconf 91' lang='lat'>,</span> <span class='ocrx_word' id='word_1_215' title='bbox 699 1180 818 1219; x_wconf 71' lang='lat' dir='ltr'>praesens</span> <span class='ocrx_word' id='word_1_216' title='bbox 832 1180 966 1218; x_wconf 82' lang='lat' dir='ltr'>scriptum</span> <span class='ocrx_word' id='word_1_217' title='bbox 977 1179 1027 1210; x_wconf 89' lang='lat' dir='ltr'>sub</span> <span class='ocrx_word' id='word_1_218' title='bbox 1039 1178 1143 1210; x_wconf 89' lang='lat' dir='ltr'>eodem</span> <span class='ocrx_word' id='word_1_219' title='bbox 1156 1179 1190 1210; x_wconf 89' lang='lat' dir='ltr'>si-</span> 
     </span>
     <span class='ocr_line' id='line_1_38' title="bbox 129 1219 448 1258; baseline 0 -8"><span class='ocrx_word' id='word_1_220' title='bbox 129 1219 201 1258; x_wconf 84' lang='lat' dir='ltr'>gillo</span> <span class='ocrx_word' id='word_1_221' title='bbox 213 1219 297 1251; x_wconf 88' lang='lat' dir='ltr'>faciet</span> <span class='ocrx_word' id='word_1_222' title='bbox 312 1221 448 1253; x_wconf 87' lang='lat' dir='ltr'>innovari.</span> 
     </span>
    </p>
   </div>
   <div class='ocr_carea' id='block_1_9' title="bbox 131 1294 1189 1374">
    <p class='ocr_par' dir='ltr' id='par_1_16' title="bbox 131 1294 1189 1374">
     <span class='ocr_line' id='line_1_39' title="bbox 166 1294 1189 1336; baseline -0.001 -9"><span class='ocrx_word' id='word_1_223' title='bbox 166 1296 276 1327; x_wconf 49' lang='lat' dir='ltr'>Adsum</span> <span class='ocrx_word' id='word_1_224' title='bbox 297 1297 418 1327; x_wconf 90' lang='lat' dir='ltr'>Oleroni</span> <span class='ocrx_word' id='word_1_225' title='bbox 431 1320 441 1336; x_wconf 94' lang='lat'>,</span> <span class='ocrx_word' id='word_1_226' title='bbox 464 1305 540 1327; x_wconf 85' lang='lat' dir='ltr'>anno</span> <span class='ocrx_word' id='word_1_227' title='bbox 554 1321 564 1334; x_wconf 79' lang='lat'>,</span> <span class='ocrx_word' id='word_1_228' title='bbox 591 1295 706 1334; x_wconf 86' lang='lat' dir='ltr'>mense,</span> <span class='ocrx_word' id='word_1_229' title='bbox 728 1296 775 1325; x_wconf 88' lang='lat' dir='ltr'>die</span> <span class='ocrx_word' id='word_1_230' title='bbox 797 1296 830 1327; x_wconf 61' lang='grc' dir='ltr'>ὃς</span> <span class='ocrx_word' id='word_1_231' title='bbox 844 1294 1001 1327; x_wconf 65' lang='lat' dir='ltr'>induitione</span> <span class='ocrx_word' id='word_1_232' title='bbox 1014 1294 1189 1335; x_wconf 67' lang='lat' dir='ltr'>supradiffis,</span> 
     </span>
     <span class='ocr_line' id='line_1_40' title="bbox 131 1334 843 1374; baseline -0.001 -10"><span class='ocrx_word' id='word_1_233' title='bbox 131 1335 311 1372; x_wconf 80' lang='lat' dir='ltr'>praesentibus</span> <span class='ocrx_word' id='word_1_234' title='bbox 325 1335 458 1367; x_wconf 85' lang='lat' dir='ltr'>Testibus</span> <span class='ocrx_word' id='word_1_235' title='bbox 472 1335 543 1365; x_wconf 88' lang='lat' dir='ltr'>infra</span> <span class='ocrx_word' id='word_1_236' title='bbox 557 1334 678 1374; x_wconf 82' lang='lat' dir='ltr'>scriptis,</span> <span class='ocrx_word' id='word_1_237' title='bbox 695 1334 826 1365; x_wconf 90' lang='lat' dir='ltr'>videlicet</span> <span class='ocrx_word' id='word_1_238' title='bbox 833 1356 843 1371; x_wconf 87' lang='lat'>,</span> 
     </span>
    </p>
   </div>
   <div class='ocr_carea' id='block_1_10' title="bbox 163 1410 734 1450">
    <p class='ocr_par' dir='ltr' id='par_1_17' title="bbox 163 1410 734 1450">
     <span class='ocr_line' id='line_1_41' title="bbox 163 1410 734 1450; baseline -0.002 -8"><span class='ocrx_word' id='word_1_239' title='bbox 163 1410 381 1447; x_wconf 68' lang='lat' dir='ltr'>⁴Venerabilibus</span> <span class='ocrx_word' id='word_1_240' title='bbox 394 1411 523 1442; x_wconf 87' lang='lat' dir='ltr'>Patribus</span> <span class='ocrx_word' id='word_1_241' title='bbox 531 1435 541 1450; x_wconf 92' lang='lat'>,</span> <span class='ocrx_word' id='word_1_242' title='bbox 560 1410 619 1442; x_wconf 93' lang='lat' dir='ltr'>Dei</span> <span class='ocrx_word' id='word_1_243' title='bbox 632 1411 734 1450; x_wconf 71' lang='lat' dir='ltr'>gratia,</span> 
     </span>
    </p>
   </div>
   <div class='ocr_carea' id='block_1_11' title="bbox 163 1486 1185 1949">
    <p class='ocr_par' dir='ltr' id='par_1_18' title="bbox 163 1486 720 1527">
     <span class='ocr_line' id='line_1_42' title="bbox 163 1486 720 1527; baseline 0 -10"><span class='ocrx_word' id='word_1_244' title='bbox 163 1490 249 1518; x_wconf 73' lang='lat' dir='ltr'>Petro</span> <span class='ocrx_word' id='word_1_245' title='bbox 263 1487 463 1527; x_wconf 82' lang='lat' dir='ltr'>Archiepiscopo</span> <span class='ocrx_word' id='word_1_246' title='bbox 479 1491 584 1519; x_wconf 81' lang='lat' dir='ltr'>Montis</span> <span class='ocrx_word' id='word_1_247' title='bbox 598 1486 720 1526; x_wconf 78' lang='lat' dir='ltr'>Regalis,</span> 
     </span>
    </p>

    <p class='ocr_par' dir='ltr' id='par_1_19' title="bbox 165 1524 640 1567">
     <span class='ocr_line' id='line_1_43' title="bbox 165 1524 640 1567; baseline 0 -12"><span class='ocrx_word' id='word_1_248' title='bbox 165 1529 266 1556; x_wconf 83' lang='lat' dir='ltr'>Fratre</span> <span class='ocrx_word' id='word_1_249' title='bbox 280 1527 435 1567; x_wconf 85' lang='lat' dir='ltr'>Raymundo</span> <span class='ocrx_word' id='word_1_250' title='bbox 449 1529 583 1565; x_wconf 86' lang='lat' dir='ltr'>Vapiecen.</span> <span class='ocrx_word' id='word_1_251' title='bbox 601 1524 640 1561; x_wconf 67' lang='lat' dir='ltr'>&lt;sy</span> 
     </span>
    </p>

    <p class='ocr_par' dir='ltr' id='par_1_20' title="bbox 166 1564 629 1605">
     <span class='ocr_line' id='line_1_44' title="bbox 166 1564 629 1605; baseline -0.002 -11"><span class='ocrx_word' id='word_1_252' title='bbox 166 1564 284 1595; x_wconf 81' lang='lat' dir='ltr'>Roberto</span> <span class='ocrx_word' id='word_1_253' title='bbox 298 1565 462 1596; x_wconf 80' lang='lat' dir='ltr'>Bathonien.</span> <span class='ocrx_word' id='word_1_254' title='bbox 480 1565 629 1605; x_wconf 75' lang='lat' dir='ltr'>Epzfiopis,</span> 
     </span>
    </p>

    <p class='ocr_par' dir='ltr' id='par_1_21' title="bbox 166 1605 571 1644">
     <span class='ocr_line' id='line_1_45' title="bbox 166 1605 571 1644; baseline 0.002 -12"><span class='ocrx_word' id='word_1_255' title='bbox 166 1605 284 1633; x_wconf 87' lang='lat' dir='ltr'>Domino</span> <span class='ocrx_word' id='word_1_256' title='bbox 298 1607 343 1634; x_wconf 89' lang='lat' dir='ltr'>Ga</span> <span class='ocrx_word' id='word_1_257' title='bbox 367 1615 414 1633; x_wconf 89' lang='lat' dir='ltr'>one</span> <span class='ocrx_word' id='word_1_258' title='bbox 428 1605 459 1633; x_wconf 89' lang='lat' dir='ltr'>de</span> <span class='ocrx_word' id='word_1_259' title='bbox 473 1607 571 1644; x_wconf 79' lang='lat' dir='ltr'>Byern.</span> 
     </span>
    </p>

    <p class='ocr_par' dir='ltr' id='par_1_22' title="bbox 168 1640 503 1681">
     <span class='ocr_line' id='line_1_46' title="bbox 168 1640 503 1681; baseline 0.003 -10"><span class='ocrx_word' id='word_1_260' title='bbox 168 1641 303 1680; x_wconf 83' lang='lat' dir='ltr'>Johanne</span> <span class='ocrx_word' id='word_1_261' title='bbox 335 1653 349 1671; x_wconf 87' lang='lat' dir='ltr'>e</span> <span class='ocrx_word' id='word_1_262' title='bbox 362 1642 448 1681; x_wconf 84' lang='lat' dir='ltr'>Vesci,</span> <span class='ocrx_word' id='word_1_263' title='bbox 465 1640 503 1676; x_wconf 60' lang='grc' dir='ltr'>όν</span> 
     </span>
    </p>

    <p class='ocr_par' dir='ltr' id='par_1_23' title="bbox 167 1679 628 1718">
     <span class='ocr_line' id='line_1_47' title="bbox 167 1679 628 1718; baseline -0.002 -8"><span class='ocrx_word' id='word_1_264' title='bbox 167 1680 302 1710; x_wconf 85' lang='lat' dir='ltr'>Mattheo</span> <span class='ocrx_word' id='word_1_265' title='bbox 316 1681 348 1710; x_wconf 84' lang='lat' dir='ltr'>de</span> <span class='ocrx_word' id='word_1_266' title='bbox 361 1681 457 1710; x_wconf 87' lang='lat' dir='ltr'>Adria</span> <span class='ocrx_word' id='word_1_267' title='bbox 472 1679 628 1718; x_wconf 80' lang='lat' dir='ltr'>Militibus,</span> 
     </span>
    </p>

    <p class='ocr_par' dir='ltr' id='par_1_24' title="bbox 165 1717 1020 1834">
     <span class='ocr_line' id='line_1_48' title="bbox 169 1717 917 1755; baseline -0.003 -7"><span class='ocrx_word' id='word_1_268' title='bbox 169 1720 231 1748; x_wconf 82' lang='lat' dir='ltr'>Nec</span> <span class='ocrx_word' id='word_1_269' title='bbox 242 1729 294 1752; x_wconf 70' lang='lat' dir='ltr'>nost</span> <span class='ocrx_word' id='word_1_270' title='bbox 307 1722 406 1747; x_wconf 80' lang='lat' dir='ltr'>Fratre</span> <span class='ocrx_word' id='word_1_271' title='bbox 420 1717 571 1748; x_wconf 84' lang='lat' dir='ltr'>Guillielmo</span> <span class='ocrx_word' id='word_1_272' title='bbox 585 1718 684 1747; x_wconf 80' lang='lat' dir='ltr'>ordinis</span> <span class='ocrx_word' id='word_1_273' title='bbox 695 1717 917 1755; x_wconf 68' lang='lat' dir='ltr'>praedicatorum,</span> 
     </span>
     <span class='ocr_line' id='line_1_49' title="bbox 165 1753 1020 1794; baseline 0.001 -9"><span class='ocrx_word' id='word_1_274' title='bbox 165 1755 311 1794; x_wconf 81' lang='lat' dir='ltr'>Magistris</span> <span class='ocrx_word' id='word_1_275' title='bbox 324 1755 474 1786; x_wconf 81' lang='lat' dir='ltr'>Guillielmo</span> <span class='ocrx_word' id='word_1_276' title='bbox 489 1754 664 1794; x_wconf 75' lang='lat' dir='ltr'>Thefizurario</span> <span class='ocrx_word' id='word_1_277' title='bbox 676 1759 785 1785; x_wconf 83' lang='lat' dir='ltr'>Domini</span> <span class='ocrx_word' id='word_1_278' title='bbox 798 1759 876 1793; x_wconf 65' lang='lat' dir='ltr'>Regis</span> <span class='ocrx_word' id='word_1_279' title='bbox 891 1753 1020 1793; x_wconf 60' lang='lat' dir='ltr'>Angliae,⁸</span> 
     </span>
     <span class='ocr_line' id='line_1_50' title="bbox 167 1793 768 1834; baseline 0.002 -12"><span class='ocrx_word' id='word_1_280' title='bbox 167 1793 301 1832; x_wconf 80' lang='lat' dir='ltr'>Johanne</span> <span class='ocrx_word' id='word_1_281' title='bbox 315 1795 348 1824; x_wconf 87' lang='lat' dir='ltr'>de</span> <span class='ocrx_word' id='word_1_282' title='bbox 360 1794 442 1833; x_wconf 85' lang='lat' dir='ltr'>Lasci</span> <span class='ocrx_word' id='word_1_283' title='bbox 458 1793 606 1824; x_wconf 86' lang='lat' dir='ltr'>Cancellar.</span> <span class='ocrx_word' id='word_1_284' title='bbox 626 1793 768 1834; x_wconf 79' lang='lat' dir='ltr'>Cycestren.</span> 
     </span>
    </p>

    <p class='ocr_par' dir='ltr' id='par_1_25' title="bbox 166 1833 1185 1949">
     <span class='ocr_line' id='line_1_51' title="bbox 166 1833 945 1871; baseline 0.001 -11"><span class='ocrx_word' id='word_1_285' title='bbox 166 1835 266 1861; x_wconf 81' lang='lat' dir='ltr'>Fratre</span> <span class='ocrx_word' id='word_1_286' title='bbox 281 1834 362 1862; x_wconf 84' lang='lat' dir='ltr'>Petro</span> <span class='ocrx_word' id='word_1_287' title='bbox 378 1835 410 1862; x_wconf 87' lang='lat' dir='ltr'>de</span> <span class='ocrx_word' id='word_1_288' title='bbox 421 1833 598 1863; x_wconf 86' lang='lat' dir='ltr'>Lamana&#39;ono</span> <span class='ocrx_word' id='word_1_289' title='bbox 609 1833 708 1862; x_wconf 84' lang='lat' dir='ltr'>ordinis</span> <span class='ocrx_word' id='word_1_290' title='bbox 716 1833 924 1871; x_wconf 80' lang='lat' dir='ltr'>praedicatorum</span> <span class='ocrx_word' id='word_1_291' title='bbox 935 1854 945 1870; x_wconf 86' lang='lat'>,</span> 
     </span>
     <span class='ocr_line' id='line_1_52' title="bbox 166 1867 964 1910; baseline -0.001 -10"><span class='ocrx_word' id='word_1_292' title='bbox 166 1870 302 1910; x_wconf 86' lang='lat' dir='ltr'>Magistro</span> <span class='ocrx_word' id='word_1_293' title='bbox 314 1869 434 1909; x_wconf 82' lang='lat' dir='ltr'>Goffiido</span> <span class='ocrx_word' id='word_1_294' title='bbox 449 1872 480 1901; x_wconf 82' lang='lat' dir='ltr'>de</span> <span class='ocrx_word' id='word_1_295' title='bbox 495 1869 612 1900; x_wconf 78' lang='lat' dir='ltr'>Loncell.</span> <span class='ocrx_word' id='word_1_296' title='bbox 633 1874 735 1909; x_wconf 85' lang='lat' dir='ltr'>Apten.</span> <span class='ocrx_word' id='word_1_297' title='bbox 749 1870 888 1910; x_wconf 78' lang='lat' dir='ltr'>praepofito</span> <span class='ocrx_word' id='word_1_298' title='bbox 898 1893 907 1907; x_wconf 90' lang='lat'>,</span> <span class='ocrx_word' id='word_1_299' title='bbox 925 1867 964 1904; x_wconf 67' lang='grc' dir='ltr'>ὠ·</span> 
     </span>
     <span class='ocr_line' id='line_1_53' title="bbox 167 1907 1185 1949; baseline 0 -11"><span class='ocrx_word' id='word_1_300' title='bbox 167 1908 303 1948; x_wconf 82' lang='lat' dir='ltr'>Magistro</span> <span class='ocrx_word' id='word_1_301' title='bbox 318 1910 417 1939; x_wconf 86' lang='lat' dir='ltr'>Adam</span> <span class='ocrx_word' id='word_1_302' title='bbox 437 1911 468 1940; x_wconf 86' lang='lat' dir='ltr'>de</span> <span class='ocrx_word' id='word_1_303' title='bbox 484 1910 607 1949; x_wconf 82' lang='lat' dir='ltr'>Duffiaco</span> <span class='ocrx_word' id='word_1_304' title='bbox 627 1909 725 1940; x_wconf 81' lang='lat' dir='ltr'>clerico</span> <span class='ocrx_word' id='word_1_305' title='bbox 744 1907 781 1944; x_wconf 82' lang='lat'><em>&amp;</em></span> <span class='ocrx_word' id='word_1_306' title='bbox 797 1908 956 1948; x_wconf 64' lang='lat' dir='ltr'>Tellaurario</span> <span class='ocrx_word' id='word_1_307' title='bbox 972 1910 1083 1938; x_wconf 84' lang='lat' dir='ltr'>Domini</span> <span class='ocrx_word' id='word_1_308' title='bbox 1102 1910 1185 1939; x_wconf 75' lang='lat' dir='ltr'>Prin-</span> 
     </span>
    </p>
   </div>
   <div class='ocr_carea' id='block_1_12' title="bbox 205 1951 275 1988">
    <p class='ocr_par' dir='ltr' id='par_1_26' title="bbox 205 1951 275 1988">
     <span class='ocr_line' id='line_1_54' title="bbox 205 1951 275 1988; baseline 0.014 -11"><span class='ocrx_word' id='word_1_309' title='bbox 205 1951 275 1988; x_wconf 78' lang='lat' dir='ltr'>cipis.</span> 
     </span>
    </p>
   </div>
   <div class='ocr_carea' id='block_1_13' title="bbox 127 2022 1190 2172">
    <p class='ocr_par' dir='ltr' id='par_1_27' title="bbox 127 2022 1190 2172">
     <span class='ocr_line' id='line_1_55' title="bbox 169 2022 1190 2065; baseline -0.003 -9"><span class='ocrx_word' id='word_1_310' title='bbox 169 2025 209 2056; x_wconf 88' lang='lat' dir='ltr'>Et</span> <span class='ocrx_word' id='word_1_311' title='bbox 231 2025 376 2057; x_wconf 81' lang='lat' dir='ltr'>sciendum</span> <span class='ocrx_word' id='word_1_312' title='bbox 397 2027 476 2065; x_wconf 86' lang='lat' dir='ltr'>quod</span> <span class='ocrx_word' id='word_1_313' title='bbox 520 2028 549 2057; x_wconf 93' lang='lat' dir='ltr'>in</span> <span class='ocrx_word' id='word_1_314' title='bbox 564 2025 707 2064; x_wconf 84' lang='lat' dir='ltr'>praesentia</span> <span class='ocrx_word' id='word_1_315' title='bbox 722 2025 779 2055; x_wconf 88' lang='lat' dir='ltr'>mei</span> <span class='ocrx_word' id='word_1_316' title='bbox 789 2023 923 2061; x_wconf 86' lang='lat' dir='ltr'>Notarii,</span> <span class='ocrx_word' id='word_1_317' title='bbox 941 2024 974 2054; x_wconf 87' lang='lat'>&amp;</span> <span class='ocrx_word' id='word_1_318' title='bbox 989 2022 1101 2053; x_wconf 88' lang='lat' dir='ltr'>testium</span> <span class='ocrx_word' id='word_1_319' title='bbox 1117 2033 1190 2061; x_wconf 81' lang='lat' dir='ltr'>prae-</span> 
     </span>
     <span class='ocr_line' id='line_1_56' title="bbox 127 2050 1185 2106; baseline -0.001 -12"><span class='ocrx_word' id='word_1_320' title='bbox 127 2062 294 2103; x_wconf 66' lang='lat' dir='ltr'>flietorum,</span> <span class='ocrx_word' id='word_1_321' title='bbox 312 2064 461 2103; x_wconf 64' lang='lat' dir='ltr'>praedictus</span> <span class='ocrx_word' id='word_1_322' title='bbox 480 2050 623 2096; x_wconf 80' lang='lat' dir='ltr'>Dominus</span> <span class='ocrx_word' id='word_1_323' title='bbox 644 2064 709 2094; x_wconf 80' lang='lat' dir='ltr'>Rex</span> <span class='ocrx_word' id='word_1_324' title='bbox 726 2063 837 2102; x_wconf 84' lang='lat' dir='ltr'>Angliae</span> <span class='ocrx_word' id='word_1_325' title='bbox 848 2061 982 2106; x_wconf 22' lang='lat' dir='ltr'>¹remisi-tl,</span> <span class='ocrx_word' id='word_1_326' title='bbox 994 2062 1039 2105; x_wconf 39' lang='lat'>¹&amp;</span> <span class='ocrx_word' id='word_1_327' title='bbox 1055 2063 1185 2099; x_wconf 88' lang='lat' dir='ltr'>quittavit</span> 
     </span>
     <span class='ocr_line' id='line_1_57' title="bbox 127 2099 1189 2172; baseline -0.003 -39"><span class='ocrx_word' id='word_1_328' title='bbox 127 2101 345 2172; x_wconf 48' lang='lat' dir='ltr'>ldeidgplrggdiriicsipi</span> <span class='ocrx_word' id='word_1_329' title='bbox 356 2105 544 2143; x_wconf 82' lang='lat' dir='ltr'>juramentum</span> <span class='ocrx_word' id='word_1_330' title='bbox 563 2102 730 2142; x_wconf 74' lang='lat' dir='ltr'>praediCtum</span> <span class='ocrx_word' id='word_1_331' title='bbox 745 2125 756 2139; x_wconf 88' lang='lat'>,</span> <span class='ocrx_word' id='word_1_332' title='bbox 773 2101 907 2132; x_wconf 85' lang='lat' dir='ltr'>omnibus</span> <span class='ocrx_word' id='word_1_333' title='bbox 921 2100 977 2131; x_wconf 88' lang='lat' dir='ltr'>aliis</span> <span class='ocrx_word' id='word_1_334' title='bbox 991 2110 1021 2130; x_wconf 91' lang='lat' dir='ltr'>in</span> <span class='ocrx_word' id='word_1_335' title='bbox 1035 2099 1085 2130; x_wconf 87' lang='lat' dir='ltr'>suo</span> <span class='ocrx_word' id='word_1_336' title='bbox 1098 2101 1189 2131; x_wconf 87' lang='lat' dir='ltr'>robo-</span> 
     </span>
    </p>
   </div>
   <div class='ocr_carea' id='block_1_14' title="bbox 129 2214 1189 2336">
    <p class='ocr_par' dir='ltr' id='par_1_28' title="bbox 129 2214 1189 2336">
     <span class='ocr_line' id='line_1_58' title="bbox 170 2214 1187 2257; baseline 0.001 -10"><span class='ocrx_word' id='word_1_337' title='bbox 170 2217 211 2248; x_wconf 89' lang='lat' dir='ltr'>Et</span> <span class='ocrx_word' id='word_1_338' title='bbox 223 2227 277 2254; x_wconf 69' lang='lat' dir='ltr'>ego</span> <span class='ocrx_word' id='word_1_339' title='bbox 289 2218 325 2249; x_wconf 92' lang='lat' dir='ltr'>N</span> <span class='ocrx_word' id='word_1_340' title='bbox 326 2218 449 2249; x_wconf 88' lang='lat' dir='ltr'>icholaus</span> <span class='ocrx_word' id='word_1_341' title='bbox 462 2217 498 2249; x_wconf 89' lang='lat' dir='ltr'>de</span> <span class='ocrx_word' id='word_1_342' title='bbox 509 2218 589 2249; x_wconf 87' lang='lat' dir='ltr'>Valle</span> <span class='ocrx_word' id='word_1_343' title='bbox 602 2218 723 2256; x_wconf 86' lang='lat' dir='ltr'>Sorana,</span> <span class='ocrx_word' id='word_1_344' title='bbox 740 2217 888 2257; x_wconf 86' lang='lat' dir='ltr'>pupplicus</span> <span class='ocrx_word' id='word_1_345' title='bbox 902 2214 1069 2256; x_wconf 88' lang='lat' dir='ltr'>Apostolica</span> <span class='ocrx_word' id='word_1_346' title='bbox 1086 2216 1187 2248; x_wconf 68' lang='lat' dir='ltr'>austo-</span> 
     </span>
     <span class='ocr_line' id='line_1_59' title="bbox 129 2250 1189 2296; baseline 0.002 -11"><span class='ocrx_word' id='word_1_347' title='bbox 129 2256 210 2286; x_wconf 77' lang='lat' dir='ltr'>ritate</span> <span class='ocrx_word' id='word_1_348' title='bbox 221 2250 376 2295; x_wconf 83' lang='lat' dir='ltr'>Notarius,</span> <span class='ocrx_word' id='word_1_349' title='bbox 394 2256 541 2296; x_wconf 71' lang='lat' dir='ltr'>praedieta,</span> <span class='ocrx_word' id='word_1_350' title='bbox 559 2257 659 2296; x_wconf 86' lang='lat' dir='ltr'>quibus</span> <span class='ocrx_word' id='word_1_351' title='bbox 671 2256 801 2295; x_wconf 83' lang='lat' dir='ltr'>interfui,</span> <span class='ocrx_word' id='word_1_352' title='bbox 819 2263 930 2296; x_wconf 86' lang='lat' dir='ltr'>rogatus</span> <span class='ocrx_word' id='word_1_353' title='bbox 944 2254 1052 2293; x_wconf 80' lang='lat' dir='ltr'>scripsi,</span> <span class='ocrx_word' id='word_1_354' title='bbox 1064 2264 1189 2294; x_wconf 91' lang='lat' dir='ltr'>meoque</span> 
     </span>
     <span class='ocr_line' id='line_1_60' title="bbox 130 2293 432 2336; baseline 0.007 -12"><span class='ocrx_word' id='word_1_355' title='bbox 130 2293 213 2326; x_wconf 87' lang='lat' dir='ltr'>solito</span> <span class='ocrx_word' id='word_1_356' title='bbox 227 2295 306 2336; x_wconf 85' lang='lat' dir='ltr'>signo</span> <span class='ocrx_word' id='word_1_357' title='bbox 321 2296 432 2336; x_wconf 86' lang='lat' dir='ltr'>signavi.</span> 
     </span>
    </p>
   </div>
   <div class='ocr_carea' id='block_1_15' title="bbox 129 2424 1188 2527">
    <p class='ocr_par' dir='ltr' id='par_1_29' title="bbox 129 2424 1188 2527">
     <span class='ocr_line' id='line_1_61' title="bbox 129 2424 1188 2478; baseline -0.004 -14"><span class='ocrx_word' id='word_1_358' title='bbox 129 2429 160 2457; x_wconf 49' lang='grc' dir='ltr'>ἵε</span> <span class='ocrx_word' id='word_1_359' title='bbox 182 2433 351 2478; x_wconf 84' lang='lat' dir='ltr'>Recogm&#39;tio</span> <span class='ocrx_word' id='word_1_360' title='bbox 374 2431 475 2464; x_wconf 77' lang='lat' dir='ltr'>Caroli</span> <span class='ocrx_word' id='word_1_361' title='bbox 501 2433 645 2476; x_wconf 84' lang='lat' dir='ltr'>Principis</span> <span class='ocrx_word' id='word_1_362' title='bbox 670 2429 812 2462; x_wconf 79' lang='lat' dir='ltr'>Salernit.</span> <span class='ocrx_word' id='word_1_363' title='bbox 838 2427 874 2460; x_wconf 85' lang='lat' dir='ltr'>de</span> <span class='ocrx_word' id='word_1_364' title='bbox 891 2424 1046 2469; x_wconf 79' lang='lat' dir='ltr'>Obsidibus</span> <span class='ocrx_word' id='word_1_365' title='bbox 1055 2436 1110 2472; x_wconf 84' lang='lat' dir='ltr'>per</span> <span class='ocrx_word' id='word_1_366' title='bbox 1129 2430 1188 2462; x_wconf 78' lang='lat' dir='ltr'>Re-</span> 
     </span>
     <span class='ocr_line' id='line_1_62' title="bbox 235 2474 1067 2527; baseline -0.006 -15"><span class='ocrx_word' id='word_1_367' title='bbox 235 2492 307 2527; x_wconf 88' lang='lat' dir='ltr'>gem</span> <span class='ocrx_word' id='word_1_368' title='bbox 326 2480 443 2526; x_wconf 77' lang='lat' dir='ltr'>Angliae</span> <span class='ocrx_word' id='word_1_369' title='bbox 460 2482 575 2512; x_wconf 86' lang='lat' dir='ltr'>nomine</span> <span class='ocrx_word' id='word_1_370' title='bbox 590 2479 648 2524; x_wconf 73' lang='lat' dir='ltr'>fito</span> <span class='ocrx_word' id='word_1_371' title='bbox 673 2481 746 2525; x_wconf 84' lang='lat' dir='ltr'>Regi</span> <span class='ocrx_word' id='word_1_372' title='bbox 760 2478 919 2523; x_wconf 80' lang='lat' dir='ltr'>Aragom&#39;ae</span> <span class='ocrx_word' id='word_1_373' title='bbox 935 2474 1067 2508; x_wconf 81' lang='lat' dir='ltr'>traditis.</span> 
     </span>
    </p>
   </div>
   <div class='ocr_carea' id='block_1_16' title="bbox 126 2563 1189 4089">
    <p class='ocr_par' dir='ltr' id='par_1_30' title="bbox 166 2563 613 2596">
     <span class='ocr_line' id='line_1_63' title="bbox 166 2563 613 2596; baseline -0.004 0"><span class='ocrx_word' id='word_1_374' title='bbox 166 2563 203 2596; x_wconf 86' lang='lat' dir='ltr'>N</span> <span class='ocrx_word' id='word_1_375' title='bbox 221 2564 355 2595; x_wconf 82' lang='lat' dir='ltr'>Nomine</span> <span class='ocrx_word' id='word_1_376' title='bbox 370 2563 494 2595; x_wconf 90' lang='lat' dir='ltr'>Domini</span> <span class='ocrx_word' id='word_1_377' title='bbox 509 2563 613 2594; x_wconf 89' lang='lat' dir='ltr'>Amen.</span> 
     </span>
    </p>

    <p class='ocr_par' dir='ltr' id='par_1_31' title="bbox 128 2599 1188 2677">
     <span class='ocr_line' id='line_1_64' title="bbox 196 2599 1188 2641; baseline -0.004 -8"><span class='ocrx_word' id='word_1_378' title='bbox 196 2602 231 2633; x_wconf 92' lang='lat' dir='ltr'>In</span> <span class='ocrx_word' id='word_1_379' title='bbox 246 2603 387 2641; x_wconf 85' lang='lat' dir='ltr'>praesentia</span> <span class='ocrx_word' id='word_1_380' title='bbox 400 2604 473 2641; x_wconf 91' lang='lat' dir='ltr'>mei,</span> <span class='ocrx_word' id='word_1_381' title='bbox 492 2602 605 2633; x_wconf 86' lang='lat' dir='ltr'>Notarii</span> <span class='ocrx_word' id='word_1_382' title='bbox 628 2603 661 2634; x_wconf 67' lang='grc' dir='ltr'>ὃς</span> <span class='ocrx_word' id='word_1_383' title='bbox 679 2600 793 2633; x_wconf 90' lang='lat' dir='ltr'>testium</span> <span class='ocrx_word' id='word_1_384' title='bbox 806 2599 1043 2637; x_wconf 84' lang='lat' dir='ltr'>subscriptorum,</span> <span class='ocrx_word' id='word_1_385' title='bbox 1062 2599 1188 2640; x_wconf 83' lang='lat' dir='ltr'>egregius</span> 
     </span>
     <span class='ocr_line' id='line_1_65' title="bbox 128 2639 1005 2677; baseline -0.006 -5"><span class='ocrx_word' id='word_1_386' title='bbox 128 2642 163 2672; x_wconf 90' lang='lat'>&amp;</span> <span class='ocrx_word' id='word_1_387' title='bbox 178 2641 288 2672; x_wconf 88' lang='lat' dir='ltr'>illustris</span> <span class='ocrx_word' id='word_1_388' title='bbox 302 2642 345 2673; x_wconf 86' lang='lat' dir='ltr'>vir</span> <span class='ocrx_word' id='word_1_389' title='bbox 360 2641 506 2671; x_wconf 87' lang='lat' dir='ltr'>Dominus</span> <span class='ocrx_word' id='word_1_390' title='bbox 519 2641 641 2672; x_wconf 86' lang='lat' dir='ltr'>Karolus</span> <span class='ocrx_word' id='word_1_391' title='bbox 656 2640 792 2677; x_wconf 88' lang='lat' dir='ltr'>Princeps</span> <span class='ocrx_word' id='word_1_392' title='bbox 805 2639 1005 2675; x_wconf 78' lang='lat' dir='ltr'>salernitanus,</span> 
     </span>
    </p>

    <p class='ocr_par' dir='ltr' id='par_1_32' title="bbox 127 2676 1189 2869">
     <span class='ocr_line' id='line_1_66' title="bbox 166 2676 1189 2719; baseline -0.004 -9"><span class='ocrx_word' id='word_1_393' title='bbox 166 2678 387 2719; x_wconf 83' lang='lat' dir='ltr'>Recognoscens</span> <span class='ocrx_word' id='word_1_394' title='bbox 407 2679 433 2709; x_wconf 90' lang='lat' dir='ltr'>se</span> <span class='ocrx_word' id='word_1_395' title='bbox 448 2680 511 2709; x_wconf 87' lang='lat' dir='ltr'>fore</span> <span class='ocrx_word' id='word_1_396' title='bbox 525 2702 535 2717; x_wconf 79' lang='lat'>,</span> <span class='ocrx_word' id='word_1_397' title='bbox 564 2690 612 2717; x_wconf 87' lang='lat' dir='ltr'>per</span> <span class='ocrx_word' id='word_1_398' title='bbox 626 2679 843 2715; x_wconf 84' lang='lat' dir='ltr'>mediationem,</span> <span class='ocrx_word' id='word_1_399' title='bbox 862 2677 1091 2715; x_wconf 85' lang='lat' dir='ltr'>procurationem</span> <span class='ocrx_word' id='word_1_400' title='bbox 1105 2676 1139 2707; x_wconf 90' lang='lat'>&amp;</span> <span class='ocrx_word' id='word_1_401' title='bbox 1153 2686 1189 2706; x_wconf 82' lang='lat' dir='ltr'>o-</span> 
     </span>
     <span class='ocr_line' id='line_1_67' title="bbox 127 2714 1187 2756; baseline -0.003 -9"><span class='ocrx_word' id='word_1_402' title='bbox 127 2727 224 2756; x_wconf 87' lang='lat' dir='ltr'>peram</span> <span class='ocrx_word' id='word_1_403' title='bbox 238 2717 408 2749; x_wconf 84' lang='lat' dir='ltr'>Sereniffimi</span> <span class='ocrx_word' id='word_1_404' title='bbox 424 2717 575 2755; x_wconf 85' lang='lat' dir='ltr'>Principis,</span> <span class='ocrx_word' id='word_1_405' title='bbox 594 2718 715 2747; x_wconf 83' lang='lat' dir='ltr'>Domini</span> <span class='ocrx_word' id='word_1_406' title='bbox 730 2716 880 2753; x_wconf 88' lang='lat' dir='ltr'>Edwardi,</span> <span class='ocrx_word' id='word_1_407' title='bbox 898 2715 957 2745; x_wconf 93' lang='lat' dir='ltr'>Dei</span> <span class='ocrx_word' id='word_1_408' title='bbox 969 2714 1072 2753; x_wconf 71' lang='lat' dir='ltr'>gratia,</span> <span class='ocrx_word' id='word_1_409' title='bbox 1099 2714 1187 2753; x_wconf 87' lang='lat' dir='ltr'>Regis</span> 
     </span>
     <span class='ocr_line' id='line_1_68' title="bbox 129 2752 1185 2796; baseline -0.004 -10"><span class='ocrx_word' id='word_1_410' title='bbox 129 2755 240 2796; x_wconf 79' lang='lat' dir='ltr'>Angliae</span> <span class='ocrx_word' id='word_1_411' title='bbox 261 2756 370 2786; x_wconf 84' lang='lat' dir='ltr'>illustris</span> <span class='ocrx_word' id='word_1_412' title='bbox 386 2780 395 2794; x_wconf 87' lang='lat'>,</span> <span class='ocrx_word' id='word_1_413' title='bbox 420 2756 436 2785; x_wconf 75' lang='lat' dir='ltr'>a</span> <span class='ocrx_word' id='word_1_414' title='bbox 458 2766 569 2786; x_wconf 84' lang='lat' dir='ltr'>carcere</span> <span class='ocrx_word' id='word_1_415' title='bbox 590 2766 619 2785; x_wconf 90' lang='lat' dir='ltr'>m</span> <span class='ocrx_word' id='word_1_416' title='bbox 675 2755 731 2785; x_wconf 73' lang='lat' dir='ltr'>isici</span> <span class='ocrx_word' id='word_1_417' title='bbox 745 2755 897 2794; x_wconf 82' lang='lat' dir='ltr'>Principis,</span> <span class='ocrx_word' id='word_1_418' title='bbox 916 2753 1041 2783; x_wconf 88' lang='lat' dir='ltr'>Domini</span> <span class='ocrx_word' id='word_1_419' title='bbox 1055 2752 1185 2791; x_wconf 85' lang='lat' dir='ltr'>Alfonfi,</span> 
     </span>
     <span class='ocr_line' id='line_1_69' title="bbox 127 2791 1187 2835; baseline -0.005 -10"><span class='ocrx_word' id='word_1_420' title='bbox 127 2794 226 2825; x_wconf 69' lang='lat' dir='ltr'>eadem</span> <span class='ocrx_word' id='word_1_421' title='bbox 239 2795 325 2834; x_wconf 59' lang='lat' dir='ltr'>grati&amp;</span> <span class='ocrx_word' id='word_1_422' title='bbox 338 2794 427 2833; x_wconf 71' lang='lat' dir='ltr'>Regis</span> <span class='ocrx_word' id='word_1_423' title='bbox 442 2794 609 2831; x_wconf 70' lang='lat' dir='ltr'>Aragonuin</span> <span class='ocrx_word' id='word_1_424' title='bbox 621 2795 639 2824; x_wconf 91' lang='lat' dir='ltr'>il</span> <span class='ocrx_word' id='word_1_425' title='bbox 651 2793 746 2830; x_wconf 71' lang='lat' dir='ltr'>nstris,</span> <span class='ocrx_word' id='word_1_426' title='bbox 765 2792 814 2822; x_wconf 92' lang='lat' dir='ltr'>sub</span> <span class='ocrx_word' id='word_1_427' title='bbox 837 2793 918 2835; x_wconf 82' lang='lat' dir='ltr'>certis</span> <span class='ocrx_word' id='word_1_428' title='bbox 937 2792 1042 2835; x_wconf 63' lang='lat' dir='ltr'>padJcis,</span> <span class='ocrx_word' id='word_1_429' title='bbox 1053 2791 1187 2835; x_wconf 71' lang='lat' dir='ltr'>¹ostiagia-</span> 
     </span>
     <span class='ocr_line' id='line_1_70' title="bbox 127 2828 1151 2869; baseline -0.004 -5"><span class='ocrx_word' id='word_1_430' title='bbox 127 2841 227 2864; x_wconf 88' lang='lat' dir='ltr'>mento</span> <span class='ocrx_word' id='word_1_431' title='bbox 241 2835 275 2865; x_wconf 71' lang='grc' dir='ltr'>δε</span> <span class='ocrx_word' id='word_1_432' title='bbox 289 2832 498 2864; x_wconf 85' lang='lat' dir='ltr'>conditionibus</span> <span class='ocrx_word' id='word_1_433' title='bbox 514 2833 661 2863; x_wconf 85' lang='lat' dir='ltr'>liberatum</span> <span class='ocrx_word' id='word_1_434' title='bbox 670 2856 679 2869; x_wconf 92' lang='lat'>,</span> <span class='ocrx_word' id='word_1_435' title='bbox 695 2833 729 2862; x_wconf 89' lang='lat'>&amp;</span> <span class='ocrx_word' id='word_1_436' title='bbox 745 2833 775 2860; x_wconf 94' lang='lat' dir='ltr'>in</span> <span class='ocrx_word' id='word_1_437' title='bbox 789 2831 859 2860; x_wconf 85' lang='lat' dir='ltr'>statu</span> <span class='ocrx_word' id='word_1_438' title='bbox 873 2831 1003 2860; x_wconf 81' lang='lat' dir='ltr'>libertatis</span> <span class='ocrx_word' id='word_1_439' title='bbox 1016 2828 1151 2868; x_wconf 84' lang='lat' dir='ltr'>existere,</span> 
     </span>
    </p>

    <p class='ocr_par' dir='ltr' id='par_1_33' title="bbox 127 2867 1188 3178">
     <span class='ocr_line' id='line_1_71' title="bbox 163 2867 1187 2910; baseline -0.005 -7"><span class='ocrx_word' id='word_1_440' title='bbox 163 2872 237 2903; x_wconf 91' lang='lat' dir='ltr'>Non</span> <span class='ocrx_word' id='word_1_441' title='bbox 259 2872 289 2903; x_wconf 94' lang='lat' dir='ltr'>vi</span> <span class='ocrx_word' id='word_1_442' title='bbox 304 2895 314 2910; x_wconf 94' lang='lat'>,</span> <span class='ocrx_word' id='word_1_443' title='bbox 340 2881 394 2902; x_wconf 88' lang='lat' dir='ltr'>nec</span> <span class='ocrx_word' id='word_1_444' title='bbox 415 2880 493 2902; x_wconf 90' lang='lat' dir='ltr'>metu</span> <span class='ocrx_word' id='word_1_445' title='bbox 508 2872 639 2909; x_wconf 71' lang='lat' dir='ltr'>coac&#39;lzu33</span> <span class='ocrx_word' id='word_1_446' title='bbox 656 2869 702 2901; x_wconf 88' lang='lat' dir='ltr'>sed</span> <span class='ocrx_word' id='word_1_447' title='bbox 717 2868 763 2900; x_wconf 59' lang='lat' dir='ltr'>suci⁴</span> <span class='ocrx_word' id='word_1_448' title='bbox 776 2868 872 2906; x_wconf 55' lang='lat' dir='ltr'>boni,</span> <span class='ocrx_word' id='word_1_449' title='bbox 887 2867 974 2898; x_wconf 72' lang='lat' dir='ltr'>libera</span> <span class='ocrx_word' id='word_1_450' title='bbox 988 2868 1021 2899; x_wconf 91' lang='lat'>&amp;</span> <span class='ocrx_word' id='word_1_451' title='bbox 1036 2867 1187 2906; x_wconf 68' lang='lat' dir='ltr'>spontanea</span> 
     </span>
     <span class='ocr_line' id='line_1_72' title="bbox 127 2910 1188 2989; baseline -0.002 -11"><span class='ocrx_word' id='word_1_452' title='bbox 127 2910 322 2978; x_wconf 58' lang='lat' dir='ltr'>vOlCugiiafteessus</span> <span class='ocrx_word' id='word_1_453' title='bbox 343 2947 384 2978; x_wconf 84' lang='lat' dir='ltr'>est</span> <span class='ocrx_word' id='word_1_454' title='bbox 397 2971 407 2985; x_wconf 91' lang='lat'>,</span> <span class='ocrx_word' id='word_1_455' title='bbox 433 2948 466 2978; x_wconf 91' lang='lat'>&amp;</span> <span class='ocrx_word' id='word_1_456' title='bbox 487 2949 570 2978; x_wconf 84' lang='lat' dir='ltr'>etiam</span> <span class='ocrx_word' id='word_1_457' title='bbox 590 2947 759 2986; x_wconf 85' lang='lat' dir='ltr'>recognovit</span> <span class='ocrx_word' id='word_1_458' title='bbox 774 2969 784 2984; x_wconf 89' lang='lat'>,</span> <span class='ocrx_word' id='word_1_459' title='bbox 803 2945 881 2983; x_wconf 87' lang='lat' dir='ltr'>quod</span> <span class='ocrx_word' id='word_1_460' title='bbox 895 2944 970 2989; x_wconf 84' lang='lat' dir='ltr'>idem</span> <span class='ocrx_word' id='word_1_461' title='bbox 981 2945 1047 2975; x_wconf 83' lang='lat' dir='ltr'>Rex</span> <span class='ocrx_word' id='word_1_462' title='bbox 1060 2944 1188 2984; x_wconf 86' lang='lat' dir='ltr'>Angliae,</span> 
     </span>
     <span class='ocr_line' id='line_1_73' title="bbox 127 2984 1187 3060; baseline -0.003 -6"><span class='ocrx_word' id='word_1_463' title='bbox 127 2984 1060 3058; x_wconf 43' lang='lat' dir='ltr'>{ifficgssffifflemZss‘iffirsiffiuiie‘ssiaerssffifflssfflnci‘issssffi‘issg‘i?</span> <span class='ocrx_word' id='word_1_464' title='bbox 1072 2984 1187 3060; x_wconf 52' lang='lat'>{1¹33}</span> 
     </span>
     <span class='ocr_line' id='line_1_74' title="bbox 129 3034 1184 3102; baseline -0.003 -10"><span class='ocrx_word' id='word_1_465' title='bbox 129 3034 364 3102; x_wconf 57' lang='lat' dir='ltr'>Haeredibus&#39;pcdr</span> <span class='ocrx_word' id='word_1_466' title='bbox 380 3061 470 3099; x_wconf 90' lang='lat' dir='ltr'>ipsum</span> <span class='ocrx_word' id='word_1_467' title='bbox 482 3061 644 3099; x_wconf 86' lang='lat' dir='ltr'>Principem</span> <span class='ocrx_word' id='word_1_468' title='bbox 657 3046 915 3100; x_wconf 63' lang='lat' dir='ltr'>coniplendarum‘}</span> <span class='ocrx_word' id='word_1_469' title='bbox 938 3060 1049 3091; x_wconf 89' lang='lat' dir='ltr'>tradidit</span> <span class='ocrx_word' id='word_1_470' title='bbox 1062 3060 1091 3089; x_wconf 92' lang='lat' dir='ltr'>in</span> <span class='ocrx_word' id='word_1_471' title='bbox 1104 3059 1184 3099; x_wconf 79' lang='lat' dir='ltr'>posse</span> 
     </span>
     <span class='ocr_line' id='line_1_75' title="bbox 128 3097 1184 3141; baseline -0.003 -10"><span class='ocrx_word' id='word_1_472' title='bbox 128 3100 199 3131; x_wconf 73' lang='lat' dir='ltr'>dieti</span> <span class='ocrx_word' id='word_1_473' title='bbox 219 3101 306 3141; x_wconf 87' lang='lat' dir='ltr'>Regis</span> <span class='ocrx_word' id='word_1_474' title='bbox 329 3100 452 3140; x_wconf 27' lang='lat' dir='ltr'>Aragonv</span> <span class='ocrx_word' id='word_1_475' title='bbox 471 3100 500 3130; x_wconf 90' lang='lat' dir='ltr'>in</span> <span class='ocrx_word' id='word_1_476' title='bbox 513 3100 621 3130; x_wconf 87' lang='lat' dir='ltr'>obsides</span> <span class='ocrx_word' id='word_1_477' title='bbox 635 3123 645 3139; x_wconf 91' lang='lat'>,</span> <span class='ocrx_word' id='word_1_478' title='bbox 668 3100 837 3140; x_wconf 84' lang='lat' dir='ltr'>septuaginta</span> <span class='ocrx_word' id='word_1_479' title='bbox 857 3099 933 3130; x_wconf 87' lang='lat' dir='ltr'>viros</span> <span class='ocrx_word' id='word_1_480' title='bbox 947 3106 1030 3138; x_wconf 82' lang='lat' dir='ltr'>,tam</span> <span class='ocrx_word' id='word_1_481' title='bbox 1045 3097 1184 3138; x_wconf 83' lang='lat' dir='ltr'>Batones,</span> 
     </span>
     <span class='ocr_line' id='line_1_76' title="bbox 128 3138 602 3178; baseline -0.002 -9"><span class='ocrx_word' id='word_1_482' title='bbox 128 3140 217 3178; x_wconf 78' lang='lat' dir='ltr'>quarn</span> <span class='ocrx_word' id='word_1_483' title='bbox 231 3139 372 3176; x_wconf 79' lang='lat' dir='ltr'>Nobiles,</span> <span class='ocrx_word' id='word_1_484' title='bbox 390 3140 424 3170; x_wconf 72' lang='grc' dir='ltr'>ὃ(</span> <span class='ocrx_word' id='word_1_485' title='bbox 438 3138 602 3178; x_wconf 83' lang='lat' dir='ltr'>Burgenses,</span> 
     </span>
    </p>

    <p class='ocr_par' dir='ltr' id='par_1_34' title="bbox 128 3175 1184 3255">
     <span class='ocr_line' id='line_1_77' title="bbox 167 3175 1184 3216; baseline -0.002 -9"><span class='ocrx_word' id='word_1_486' title='bbox 167 3177 330 3216; x_wconf 85' lang='lat' dir='ltr'>Volensque</span> <span class='ocrx_word' id='word_1_487' title='bbox 342 3177 419 3207; x_wconf 90' lang='lat' dir='ltr'>idem</span> <span class='ocrx_word' id='word_1_488' title='bbox 431 3176 581 3215; x_wconf 78' lang='lat' dir='ltr'>Princeps,</span> <span class='ocrx_word' id='word_1_489' title='bbox 601 3176 681 3214; x_wconf 90' lang='lat' dir='ltr'>super</span> <span class='ocrx_word' id='word_1_490' title='bbox 692 3175 858 3207; x_wconf 83' lang='lat' dir='ltr'>liberatione</span> <span class='ocrx_word' id='word_1_491' title='bbox 873 3175 1017 3206; x_wconf 65' lang='lat' dir='ltr'>didiorum</span> <span class='ocrx_word' id='word_1_492' title='bbox 1031 3175 1184 3215; x_wconf 87' lang='lat' dir='ltr'>septuagin-</span> 
     </span>
     <span class='ocr_line' id='line_1_78' title="bbox 128 3214 1183 3255; baseline -0.003 -9"><span class='ocrx_word' id='word_1_493' title='bbox 128 3223 157 3246; x_wconf 90' lang='lat' dir='ltr'>ta</span> <span class='ocrx_word' id='word_1_494' title='bbox 171 3215 302 3246; x_wconf 84' lang='lat' dir='ltr'>obfidurn</span> <span class='ocrx_word' id='word_1_495' title='bbox 314 3214 457 3253; x_wconf 60' lang='lat' dir='ltr'>faciendi,</span> <span class='ocrx_word' id='word_1_496' title='bbox 475 3215 604 3246; x_wconf 87' lang='lat' dir='ltr'>securum</span> <span class='ocrx_word' id='word_1_497' title='bbox 619 3215 710 3244; x_wconf 87' lang='lat' dir='ltr'>facere</span> <span class='ocrx_word' id='word_1_498' title='bbox 724 3215 838 3255; x_wconf 87' lang='lat' dir='ltr'>Regem</span> <span class='ocrx_word' id='word_1_499' title='bbox 852 3214 962 3254; x_wconf 84' lang='lat' dir='ltr'>Angliae</span> <span class='ocrx_word' id='word_1_500' title='bbox 976 3223 1183 3251; x_wconf 84' lang='lat' dir='ltr'>memoratum,</span> 
     </span>
    </p>

    <p class='ocr_par' dir='ltr' id='par_1_35' title="bbox 127 3251 1183 3449">
     <span class='ocr_line' id='line_1_79' title="bbox 166 3251 1183 3291; baseline -0.004 -7"><span class='ocrx_word' id='word_1_501' title='bbox 166 3253 299 3284; x_wconf 86' lang='lat' dir='ltr'>Promisit</span> <span class='ocrx_word' id='word_1_502' title='bbox 312 3253 473 3291; x_wconf 82' lang='lat' dir='ltr'>bonafide,</span> <span class='ocrx_word' id='word_1_503' title='bbox 492 3255 525 3285; x_wconf 88' lang='lat'>&amp;</span> <span class='ocrx_word' id='word_1_504' title='bbox 540 3263 588 3290; x_wconf 82' lang='lat' dir='ltr'>per</span> <span class='ocrx_word' id='word_1_505' title='bbox 603 3252 808 3290; x_wconf 90' lang='lat' dir='ltr'>stipulationem</span> <span class='ocrx_word' id='word_1_506' title='bbox 820 3253 1013 3291; x_wconf 87' lang='lat' dir='ltr'>solempnem,</span> <span class='ocrx_word' id='word_1_507' title='bbox 1035 3252 1109 3291; x_wconf 89' lang='lat' dir='ltr'>Regi</span> <span class='ocrx_word' id='word_1_508' title='bbox 1122 3251 1183 3280; x_wconf 87' lang='lat' dir='ltr'>An-</span> 
     </span>
     <span class='ocr_line' id='line_1_80' title="bbox 127 3290 1183 3332; baseline -0.004 -9"><span class='ocrx_word' id='word_1_509' title='bbox 127 3292 193 3332; x_wconf 81' lang='lat' dir='ltr'>gliae</span> <span class='ocrx_word' id='word_1_510' title='bbox 214 3292 360 3330; x_wconf 82' lang='lat' dir='ltr'>praelibato</span> <span class='ocrx_word' id='word_1_511' title='bbox 375 3316 385 3331; x_wconf 94' lang='lat'>,</span> <span class='ocrx_word' id='word_1_512' title='bbox 407 3291 487 3330; x_wconf 89' lang='lat' dir='ltr'>quod</span> <span class='ocrx_word' id='word_1_513' title='bbox 504 3291 621 3322; x_wconf 83' lang='lat' dir='ltr'>fideliter</span> <span class='ocrx_word' id='word_1_514' title='bbox 642 3291 805 3329; x_wconf 80' lang='lat' dir='ltr'>adimplebit</span> <span class='ocrx_word' id='word_1_515' title='bbox 824 3300 908 3329; x_wconf 89' lang='lat' dir='ltr'>atque</span> <span class='ocrx_word' id='word_1_516' title='bbox 922 3290 1040 3322; x_wconf 87' lang='lat' dir='ltr'>servabit</span> <span class='ocrx_word' id='word_1_517' title='bbox 1055 3300 1183 3320; x_wconf 82' lang='lat' dir='ltr'>conven-</span> 
     </span>
     <span class='ocr_line' id='line_1_81' title="bbox 128 3328 1183 3372; baseline -0.004 -10"><span class='ocrx_word' id='word_1_518' title='bbox 128 3332 219 3362; x_wconf 88' lang='lat' dir='ltr'>tiones</span> <span class='ocrx_word' id='word_1_519' title='bbox 233 3331 267 3362; x_wconf 91' lang='lat'>&amp;</span> <span class='ocrx_word' id='word_1_520' title='bbox 277 3329 472 3372; x_wconf 83' lang='lat' dir='ltr'>promissiones</span> <span class='ocrx_word' id='word_1_521' title='bbox 485 3340 602 3367; x_wconf 87' lang='lat' dir='ltr'>omnes,</span> <span class='ocrx_word' id='word_1_522' title='bbox 619 3330 652 3360; x_wconf 68' lang='grc' dir='ltr'>ὃς</span> <span class='ocrx_word' id='word_1_523' title='bbox 666 3329 706 3359; x_wconf 90' lang='lat' dir='ltr'>sin</span> <span class='ocrx_word' id='word_1_524' title='bbox 726 3330 780 3359; x_wconf 83' lang='lat' dir='ltr'>ulas</span> <span class='ocrx_word' id='word_1_525' title='bbox 789 3353 799 3368; x_wconf 95' lang='lat'>,</span> <span class='ocrx_word' id='word_1_526' title='bbox 816 3340 869 3368; x_wconf 86' lang='lat' dir='ltr'>pro</span> <span class='ocrx_word' id='word_1_527' title='bbox 884 3330 983 3368; x_wconf 89' lang='lat' dir='ltr'>quibus</span> <span class='ocrx_word' id='word_1_528' title='bbox 997 3329 1102 3367; x_wconf 87' lang='lat' dir='ltr'>praefati</span> <span class='ocrx_word' id='word_1_529' title='bbox 1123 3328 1183 3365; x_wconf 86' lang='lat' dir='ltr'>sep-</span> 
     </span>
     <span class='ocr_line' id='line_1_82' title="bbox 128 3367 1181 3408; baseline -0.003 -8"><span class='ocrx_word' id='word_1_530' title='bbox 128 3370 252 3408; x_wconf 82' lang='lat' dir='ltr'>tuaginta</span> <span class='ocrx_word' id='word_1_531' title='bbox 273 3368 382 3399; x_wconf 84' lang='lat' dir='ltr'>obsides</span> <span class='ocrx_word' id='word_1_532' title='bbox 404 3368 495 3398; x_wconf 88' lang='lat' dir='ltr'>traditi</span> <span class='ocrx_word' id='word_1_533' title='bbox 514 3368 576 3399; x_wconf 90' lang='lat' dir='ltr'>sunt</span> <span class='ocrx_word' id='word_1_534' title='bbox 593 3369 624 3397; x_wconf 89' lang='lat' dir='ltr'>in</span> <span class='ocrx_word' id='word_1_535' title='bbox 642 3377 681 3405; x_wconf 88' lang='lat' dir='ltr'>po</span> <span class='ocrx_word' id='word_1_536' title='bbox 706 3377 722 3396; x_wconf 90' lang='lat' dir='ltr'>e</span> <span class='ocrx_word' id='word_1_537' title='bbox 740 3367 812 3405; x_wconf 79' lang='lat' dir='ltr'>saepe</span> <span class='ocrx_word' id='word_1_538' title='bbox 832 3368 902 3398; x_wconf 70' lang='lat' dir='ltr'>dieti</span> <span class='ocrx_word' id='word_1_539' title='bbox 914 3368 1002 3407; x_wconf 82' lang='lat' dir='ltr'>Regis</span> <span class='ocrx_word' id='word_1_540' title='bbox 1017 3368 1181 3407; x_wconf 84' lang='lat' dir='ltr'>Aragonum</span> 
     </span>
     <span class='ocr_line' id='line_1_83' title="bbox 127 3406 906 3449; baseline -0.001 -11"><span class='ocrx_word' id='word_1_541' title='bbox 127 3418 178 3449; x_wconf 85' lang='lat' dir='ltr'>per</span> <span class='ocrx_word' id='word_1_542' title='bbox 192 3407 308 3444; x_wconf 87' lang='lat' dir='ltr'>Regem</span> <span class='ocrx_word' id='word_1_543' title='bbox 325 3406 435 3446; x_wconf 81' lang='lat' dir='ltr'>Angliae</span> <span class='ocrx_word' id='word_1_544' title='bbox 448 3406 654 3445; x_wconf 62' lang='lat' dir='ltr'>supradidfflm,</span> <span class='ocrx_word' id='word_1_545' title='bbox 673 3415 738 3443; x_wconf 84' lang='lat' dir='ltr'>quae</span> <span class='ocrx_word' id='word_1_546' title='bbox 749 3406 814 3435; x_wconf 86' lang='lat' dir='ltr'>tales</span> <span class='ocrx_word' id='word_1_547' title='bbox 826 3406 906 3444; x_wconf 88' lang='lat' dir='ltr'>sunt,</span> 
     </span>
    </p>

    <p class='ocr_par' dir='ltr' id='par_1_36' title="bbox 126 3443 1183 3752">
     <span class='ocr_line' id='line_1_84' title="bbox 165 3443 1181 3483; baseline -0.004 -7"><span class='ocrx_word' id='word_1_548' title='bbox 165 3446 199 3477; x_wconf 91' lang='lat' dir='ltr'>In</span> <span class='ocrx_word' id='word_1_549' title='bbox 217 3447 312 3483; x_wconf 89' lang='lat' dir='ltr'>primis</span> <span class='ocrx_word' id='word_1_550' title='bbox 326 3444 457 3475; x_wconf 91' lang='lat' dir='ltr'>videlicet</span> <span class='ocrx_word' id='word_1_551' title='bbox 472 3444 549 3482; x_wconf 88' lang='lat' dir='ltr'>quod</span> <span class='ocrx_word' id='word_1_552' title='bbox 563 3444 617 3483; x_wconf 88' lang='lat' dir='ltr'>ipse</span> <span class='ocrx_word' id='word_1_553' title='bbox 630 3443 765 3480; x_wconf 87' lang='lat' dir='ltr'>Princeps</span> <span class='ocrx_word' id='word_1_554' title='bbox 780 3466 790 3481; x_wconf 96' lang='lat'>,</span> <span class='ocrx_word' id='word_1_555' title='bbox 815 3444 886 3474; x_wconf 88' lang='lat' dir='ltr'>infra</span> <span class='ocrx_word' id='word_1_556' title='bbox 897 3452 950 3474; x_wconf 92' lang='lat' dir='ltr'>tres</span> <span class='ocrx_word' id='word_1_557' title='bbox 966 3444 1086 3482; x_wconf 81' lang='lat' dir='ltr'>menses,</span> <span class='ocrx_word' id='word_1_558' title='bbox 1104 3444 1121 3473; x_wconf 74' lang='lat' dir='ltr'>a</span> <span class='ocrx_word' id='word_1_559' title='bbox 1135 3443 1181 3473; x_wconf 89' lang='lat' dir='ltr'>die</span> 
     </span>
     <span class='ocr_line' id='line_1_85' title="bbox 127 3481 1182 3521; baseline -0.004 -6"><span class='ocrx_word' id='word_1_560' title='bbox 127 3485 297 3516; x_wconf 87' lang='lat' dir='ltr'>liberationis</span> <span class='ocrx_word' id='word_1_561' title='bbox 310 3484 364 3514; x_wconf 88' lang='lat' dir='ltr'>suae</span> <span class='ocrx_word' id='word_1_562' title='bbox 378 3482 585 3520; x_wconf 88' lang='lat' dir='ltr'>computandos</span> <span class='ocrx_word' id='word_1_563' title='bbox 618 3483 710 3512; x_wconf 89' lang='lat' dir='ltr'>mittet</span> <span class='ocrx_word' id='word_1_564' title='bbox 725 3483 759 3512; x_wconf 91' lang='lat'>&amp;</span> <span class='ocrx_word' id='word_1_565' title='bbox 775 3481 862 3512; x_wconf 83' lang='lat' dir='ltr'>tradet</span> <span class='ocrx_word' id='word_1_566' title='bbox 875 3483 903 3512; x_wconf 88' lang='lat' dir='ltr'>in</span> <span class='ocrx_word' id='word_1_567' title='bbox 915 3483 995 3521; x_wconf 84' lang='lat' dir='ltr'>poffe</span> <span class='ocrx_word' id='word_1_568' title='bbox 1009 3483 1077 3513; x_wconf 66' lang='lat' dir='ltr'>dieti</span> <span class='ocrx_word' id='word_1_569' title='bbox 1094 3482 1182 3518; x_wconf 87' lang='lat' dir='ltr'>Regis</span> 
     </span>
     <span class='ocr_line' id='line_1_86' title="bbox 126 3506 1179 3593; baseline -0.002 -40"><span class='ocrx_word' id='word_1_570' title='bbox 126 3524 312 3593; x_wconf 44' lang='lat' dir='ltr'>firagonm,</span> <span class='ocrx_word' id='word_1_571' title='bbox 327 3521 374 3553; x_wconf 90' lang='lat' dir='ltr'>vel</span> <span class='ocrx_word' id='word_1_572' title='bbox 386 3520 543 3552; x_wconf 84' lang='lat' dir='ltr'>Haereduni</span> <span class='ocrx_word' id='word_1_573' title='bbox 555 3506 653 3559; x_wconf 69' lang='lat' dir='ltr'>ipsiuS,</span> <span class='ocrx_word' id='word_1_574' title='bbox 671 3520 876 3559; x_wconf 88' lang='lat' dir='ltr'>Raymundum</span> <span class='ocrx_word' id='word_1_575' title='bbox 898 3520 1057 3559; x_wconf 82' lang='lat' dir='ltr'>Berengarii</span> <span class='ocrx_word' id='word_1_576' title='bbox 1078 3520 1179 3551; x_wconf 90' lang='lat' dir='ltr'>Filium</span> 
     </span>
     <span class='ocr_line' id='line_1_87' title="bbox 139 3572 1182 3638; baseline -0.005 -6"><span class='ocrx_word' id='word_1_577' title='bbox 139 3572 255 3638; x_wconf 40' lang='lat' dir='ltr'>mistim,</span> <span class='ocrx_word' id='word_1_578' title='bbox 275 3599 353 3638; x_wconf 90' lang='lat' dir='ltr'>quod</span> <span class='ocrx_word' id='word_1_579' title='bbox 369 3597 444 3628; x_wconf 88' lang='lat' dir='ltr'>idem</span> <span class='ocrx_word' id='word_1_580' title='bbox 458 3597 593 3638; x_wconf 85' lang='lat' dir='ltr'>Princeps</span> <span class='ocrx_word' id='word_1_581' title='bbox 608 3596 677 3627; x_wconf 90' lang='lat' dir='ltr'>infra</span> <span class='ocrx_word' id='word_1_582' title='bbox 694 3597 807 3628; x_wconf 87' lang='lat' dir='ltr'>eosdem</span> <span class='ocrx_word' id='word_1_583' title='bbox 827 3605 882 3628; x_wconf 88' lang='lat' dir='ltr'>tres</span> <span class='ocrx_word' id='word_1_584' title='bbox 904 3598 1012 3628; x_wconf 88' lang='lat' dir='ltr'>menses</span> <span class='ocrx_word' id='word_1_585' title='bbox 1026 3597 1109 3628; x_wconf 87' lang='lat' dir='ltr'>faciet</span> <span class='ocrx_word' id='word_1_586' title='bbox 1122 3597 1182 3627; x_wconf 86' lang='lat' dir='ltr'>fieri</span> 
     </span>
     <span class='ocr_line' id='line_1_88' title="bbox 126 3634 1182 3678; baseline -0.004 -9"><span class='ocrx_word' id='word_1_587' title='bbox 126 3638 276 3678; x_wconf 87' lang='lat' dir='ltr'>homagia,</span> <span class='ocrx_word' id='word_1_588' title='bbox 291 3648 359 3668; x_wconf 91' lang='lat' dir='ltr'>cum</span> <span class='ocrx_word' id='word_1_589' title='bbox 376 3638 550 3675; x_wconf 83' lang='lat' dir='ltr'>&#39;uramentis,</span> <span class='ocrx_word' id='word_1_590' title='bbox 568 3635 660 3678; x_wconf 88' lang='lat' dir='ltr'>eidem</span> <span class='ocrx_word' id='word_1_591' title='bbox 674 3634 747 3674; x_wconf 82' lang='lat' dir='ltr'>Regi</span> <span class='ocrx_word' id='word_1_592' title='bbox 770 3636 826 3665; x_wconf 87' lang='lat' dir='ltr'>Ara</span> <span class='ocrx_word' id='word_1_593' title='bbox 845 3646 893 3666; x_wconf 92' lang='lat' dir='ltr'>on.</span> <span class='ocrx_word' id='word_1_594' title='bbox 911 3636 958 3667; x_wconf 88' lang='lat' dir='ltr'>vel</span> <span class='ocrx_word' id='word_1_595' title='bbox 979 3637 1036 3675; x_wconf 91' lang='lat' dir='ltr'>ejus</span> <span class='ocrx_word' id='word_1_596' title='bbox 1050 3646 1182 3674; x_wconf 89' lang='lat' dir='ltr'>procura-</span> 
     </span>
     <span class='ocr_line' id='line_1_89' title="bbox 128 3673 1183 3715; baseline -0.002 -8"><span class='ocrx_word' id='word_1_597' title='bbox 128 3679 201 3715; x_wconf 82' lang='lat' dir='ltr'>tori,</span> <span class='ocrx_word' id='word_1_598' title='bbox 219 3687 272 3715; x_wconf 88' lang='lat' dir='ltr'>pro</span> <span class='ocrx_word' id='word_1_599' title='bbox 287 3676 347 3714; x_wconf 89' lang='lat' dir='ltr'>ipso</span> <span class='ocrx_word' id='word_1_600' title='bbox 390 3684 457 3714; x_wconf 89' lang='lat' dir='ltr'>ege,</span> <span class='ocrx_word' id='word_1_601' title='bbox 476 3676 509 3706; x_wconf 68' lang='grc' dir='ltr'>ὃς</span> <span class='ocrx_word' id='word_1_602' title='bbox 525 3674 605 3704; x_wconf 80' lang='lat' dir='ltr'>Haer.</span> <span class='ocrx_word' id='word_1_603' title='bbox 622 3683 695 3712; x_wconf 77' lang='lat' dir='ltr'>eJuS,</span> <span class='ocrx_word' id='word_1_604' title='bbox 710 3683 760 3711; x_wconf 87' lang='lat' dir='ltr'>per</span> <span class='ocrx_word' id='word_1_605' title='bbox 775 3673 803 3703; x_wconf 93' lang='lat' dir='ltr'>C</span> <span class='ocrx_word' id='word_1_606' title='bbox 845 3674 948 3705; x_wconf 83' lang='lat' dir='ltr'>ellanos</span> <span class='ocrx_word' id='word_1_607' title='bbox 965 3674 1124 3706; x_wconf 88' lang='lat' dir='ltr'>castrorum</span> <span class='ocrx_word' id='word_1_608' title='bbox 1140 3675 1183 3712; x_wconf 84' lang='lat' dir='ltr'>ip-</span> 
     </span>
     <span class='ocr_line' id='line_1_90' title="bbox 129 3713 547 3752; baseline -0.01 -6"><span class='ocrx_word' id='word_1_609' title='bbox 129 3715 181 3746; x_wconf 90' lang='lat' dir='ltr'>fius</span> <span class='ocrx_word' id='word_1_610' title='bbox 195 3716 331 3752; x_wconf 81' lang='lat' dir='ltr'>Principis</span> <span class='ocrx_word' id='word_1_611' title='bbox 345 3716 374 3744; x_wconf 92' lang='lat' dir='ltr'>in</span> <span class='ocrx_word' id='word_1_612' title='bbox 389 3713 547 3744; x_wconf 88' lang='lat' dir='ltr'>Provincia.</span> 
     </span>
    </p>

    <p class='ocr_par' dir='ltr' id='par_1_37' title="bbox 129 3749 1184 4017">
     <span class='ocr_line' id='line_1_91' title="bbox 166 3749 1182 3792; baseline -0.001 -8"><span class='ocrx_word' id='word_1_613' title='bbox 166 3752 256 3792; x_wconf 87' lang='lat' dir='ltr'>Item,</span> <span class='ocrx_word' id='word_1_614' title='bbox 274 3752 352 3791; x_wconf 89' lang='lat' dir='ltr'>quod</span> <span class='ocrx_word' id='word_1_615' title='bbox 372 3752 500 3791; x_wconf 83' lang='lat' dir='ltr'>praefatus</span> <span class='ocrx_word' id='word_1_616' title='bbox 521 3751 655 3788; x_wconf 87' lang='lat' dir='ltr'>Princeps</span> <span class='ocrx_word' id='word_1_617' title='bbox 673 3750 756 3780; x_wconf 84' lang='lat' dir='ltr'>faciet</span> <span class='ocrx_word' id='word_1_618' title='bbox 775 3750 853 3788; x_wconf 89' lang='lat' dir='ltr'>quod</span> <span class='ocrx_word' id='word_1_619' title='bbox 867 3749 972 3781; x_wconf 87' lang='lat' dir='ltr'>Sindici</span> <span class='ocrx_word' id='word_1_620' title='bbox 987 3752 1133 3782; x_wconf 88' lang='lat' dir='ltr'>civitatum</span> <span class='ocrx_word' id='word_1_621' title='bbox 1149 3752 1182 3783; x_wconf 90' lang='lat'>&amp;</span> 
     </span>
     <span class='ocr_line' id='line_1_92' title="bbox 129 3789 1183 3830; baseline 0 -10"><span class='ocrx_word' id='word_1_622' title='bbox 129 3790 258 3821; x_wconf 90' lang='lat' dir='ltr'>villarum</span> <span class='ocrx_word' id='word_1_623' title='bbox 271 3814 281 3830; x_wconf 88' lang='lat'>,</span> <span class='ocrx_word' id='word_1_624' title='bbox 306 3792 424 3821; x_wconf 82' lang='lat' dir='ltr'>nomine</span> <span class='ocrx_word' id='word_1_625' title='bbox 443 3790 510 3827; x_wconf 89' lang='lat' dir='ltr'>suo,</span> <span class='ocrx_word' id='word_1_626' title='bbox 526 3790 560 3820; x_wconf 89' lang='lat'>&amp;</span> <span class='ocrx_word' id='word_1_627' title='bbox 580 3790 821 3819; x_wconf 89' lang='lat' dir='ltr'>communitatum</span> <span class='ocrx_word' id='word_1_628' title='bbox 845 3789 1008 3819; x_wconf 85' lang='lat' dir='ltr'>earumdem</span> <span class='ocrx_word' id='word_1_629' title='bbox 1021 3789 1183 3821; x_wconf 83' lang='lat' dir='ltr'>Civitatum</span> 
     </span>
     <span class='ocr_line' id='line_1_93' title="bbox 129 3825 1182 3869; baseline -0.001 -10"><span class='ocrx_word' id='word_1_630' title='bbox 129 3829 164 3859; x_wconf 71' lang='grc' dir='ltr'>δε</span> <span class='ocrx_word' id='word_1_631' title='bbox 179 3829 329 3860; x_wconf 87' lang='lat' dir='ltr'>Villarum:</span> <span class='ocrx_word' id='word_1_632' title='bbox 350 3831 383 3861; x_wconf 85' lang='lat'>&amp;</span> <span class='ocrx_word' id='word_1_633' title='bbox 398 3829 517 3859; x_wconf 85' lang='lat' dir='ltr'>Barones</span> <span class='ocrx_word' id='word_1_634' title='bbox 531 3828 613 3858; x_wconf 85' lang='lat' dir='ltr'>etiam</span> <span class='ocrx_word' id='word_1_635' title='bbox 625 3837 657 3857; x_wconf 83' lang='lat' dir='ltr'>ac</span> <span class='ocrx_word' id='word_1_636' title='bbox 672 3826 778 3856; x_wconf 67' lang='lat' dir='ltr'>Milites</span> <span class='ocrx_word' id='word_1_637' title='bbox 791 3825 826 3855; x_wconf 88' lang='lat' dir='ltr'>de</span> <span class='ocrx_word' id='word_1_638' title='bbox 840 3825 990 3857; x_wconf 89' lang='lat' dir='ltr'>Provincia</span> <span class='ocrx_word' id='word_1_639' title='bbox 1004 3838 1053 3865; x_wconf 90' lang='lat' dir='ltr'>per</span> <span class='ocrx_word' id='word_1_640' title='bbox 1066 3828 1182 3869; x_wconf 88' lang='lat' dir='ltr'>seipsos,</span> 
     </span>
     <span class='ocr_line' id='line_1_94' title="bbox 129 3863 1184 3904; baseline 0.002 -9"><span class='ocrx_word' id='word_1_641' title='bbox 129 3866 201 3896; x_wconf 85' lang='lat' dir='ltr'>infra</span> <span class='ocrx_word' id='word_1_642' title='bbox 216 3868 365 3904; x_wconf 66' lang='lat' dir='ltr'>praedietos</span> <span class='ocrx_word' id='word_1_643' title='bbox 379 3876 433 3898; x_wconf 92' lang='lat' dir='ltr'>tres</span> <span class='ocrx_word' id='word_1_644' title='bbox 448 3866 554 3897; x_wconf 86' lang='lat' dir='ltr'>menses</span> <span class='ocrx_word' id='word_1_645' title='bbox 566 3890 576 3904; x_wconf 87' lang='lat'>,</span> <span class='ocrx_word' id='word_1_646' title='bbox 595 3864 781 3903; x_wconf 69' lang='lat' dir='ltr'>praestabunt,</span> <span class='ocrx_word' id='word_1_647' title='bbox 799 3863 834 3893; x_wconf 87' lang='lat' dir='ltr'>ad</span> <span class='ocrx_word' id='word_1_648' title='bbox 856 3864 956 3895; x_wconf 62' lang='lat' dir='ltr'>Samira</span> <span class='ocrx_word' id='word_1_649' title='bbox 970 3865 1028 3895; x_wconf 89' lang='lat' dir='ltr'>Dei</span> <span class='ocrx_word' id='word_1_650' title='bbox 1043 3865 1184 3904; x_wconf 89' lang='lat' dir='ltr'>Ewaiige-</span> 
     </span>
     <span class='ocr_line' id='line_1_95' title="bbox 129 3901 1184 3945; baseline 0.002 -12"><span class='ocrx_word' id='word_1_651' title='bbox 129 3904 183 3941; x_wconf 86' lang='lat' dir='ltr'>lia,</span> <span class='ocrx_word' id='word_1_652' title='bbox 193 3906 366 3945; x_wconf 87' lang='lat' dir='ltr'>juramenta,</span> <span class='ocrx_word' id='word_1_653' title='bbox 384 3907 418 3937; x_wconf 91' lang='lat'>&amp;</span> <span class='ocrx_word' id='word_1_654' title='bbox 436 3906 599 3945; x_wconf 85' lang='lat' dir='ltr'>obligabunt</span> <span class='ocrx_word' id='word_1_655' title='bbox 621 3903 647 3933; x_wconf 89' lang='lat' dir='ltr'>se</span> <span class='ocrx_word' id='word_1_656' title='bbox 669 3912 736 3933; x_wconf 92' lang='lat' dir='ltr'>cum</span> <span class='ocrx_word' id='word_1_657' title='bbox 760 3901 895 3945; x_wconf 81' lang='lat' dir='ltr'>pupplicis</span> <span class='ocrx_word' id='word_1_658' title='bbox 909 3902 1096 3934; x_wconf 85' lang='lat' dir='ltr'>instrumentis</span> <span class='ocrx_word' id='word_1_659' title='bbox 1107 3905 1184 3941; x_wconf 76' lang='lat' dir='ltr'>Juxta</span> 
     </span>
     <span class='ocr_line' id='line_1_96' title="bbox 131 3939 1184 4011; baseline 0.002 -40"><span class='ocrx_word' id='word_1_660' title='bbox 131 3941 484 4011; x_wconf 57' lang='lat' dir='ltr'>formamhirrlistra&amp;atibus</span> <span class='ocrx_word' id='word_1_661' title='bbox 497 3968 507 3982; x_wconf 92' lang='lat'>,</span> <span class='ocrx_word' id='word_1_662' title='bbox 532 3943 610 3981; x_wconf 88' lang='lat' dir='ltr'>super</span> <span class='ocrx_word' id='word_1_663' title='bbox 633 3941 798 3972; x_wconf 85' lang='lat' dir='ltr'>liberatione</span> <span class='ocrx_word' id='word_1_664' title='bbox 819 3939 888 3970; x_wconf 67' lang='lat' dir='ltr'>dieti</span> <span class='ocrx_word' id='word_1_665' title='bbox 906 3939 1044 3980; x_wconf 83' lang='lat' dir='ltr'>Principis</span> <span class='ocrx_word' id='word_1_666' title='bbox 1066 3942 1184 3980; x_wconf 87' lang='lat' dir='ltr'>habitis,</span> 
     </span>
     <span class='ocr_line' id='line_1_97' title="bbox 132 3989 369 4017; baseline 0.004 -6"><span class='ocrx_word' id='word_1_667' title='bbox 132 3989 249 4017; x_wconf 87' lang='lat' dir='ltr'>compre</span> <span class='ocrx_word' id='word_1_668' title='bbox 269 3990 284 4010; x_wconf 90' lang='lat' dir='ltr'>e</span> <span class='ocrx_word' id='word_1_669' title='bbox 314 3991 369 4012; x_wconf 88' lang='lat' dir='ltr'>am.</span> 
     </span>
    </p>

    <p class='ocr_par' dir='ltr' id='par_1_38' title="bbox 166 4015 1186 4089">
     <span class='ocr_line' id='line_1_98' title="bbox 166 4015 1186 4089; baseline -0.006 -33"><span class='ocrx_word' id='word_1_670' title='bbox 166 4017 258 4086; x_wconf 43' lang='grc' dir='ltr'>Ῑῖῑῖςῐῃ,</span> <span class='ocrx_word' id='word_1_671' title='bbox 267 4020 463 4089; x_wconf 52' lang='lat' dir='ltr'>lqussdltllifkus</span> <span class='ocrx_word' id='word_1_672' title='bbox 484 4020 619 4059; x_wconf 84' lang='lat' dir='ltr'>Princeps</span> <span class='ocrx_word' id='word_1_673' title='bbox 639 4020 733 4051; x_wconf 85' lang='lat' dir='ltr'>mittet</span> <span class='ocrx_word' id='word_1_674' title='bbox 753 4017 787 4050; x_wconf 89' lang='lat'>&amp;</span> <span class='ocrx_word' id='word_1_675' title='bbox 807 4015 920 4056; x_wconf 84' lang='lat' dir='ltr'>tradet,</span> <span class='ocrx_word' id='word_1_676' title='bbox 944 4017 974 4049; x_wconf 87' lang='lat' dir='ltr'>in</span> <span class='ocrx_word' id='word_1_677' title='bbox 986 4017 1112 4057; x_wconf 84' lang='lat' dir='ltr'>obsides,</span> <span class='ocrx_word' id='word_1_678' title='bbox 1129 4019 1186 4060; x_wconf 48' lang='lat' dir='ltr'>pris</span> 
     </span>
    </p>

    <p class='ocr_par' dir='ltr' id='par_1_39' title="bbox 200 4066 416 4088">
     <span class='ocr_line' id='line_1_99' title="bbox 200 4066 416 4088; baseline 0.005 -1"><span class='ocrx_word' id='word_1_679' title='bbox 200 4066 248 4087; x_wconf 82' lang='lat' dir='ltr'>om.</span> <span class='ocrx_word' id='word_1_680' title='bbox 285 4079 291 4086; x_wconf 95' lang='lat'>.</span> <span class='ocrx_word' id='word_1_681' title='bbox 335 4079 341 4086; x_wconf 89' lang='lat'>.</span> <span class='ocrx_word' id='word_1_682' title='bbox 411 4082 416 4088; x_wconf 93' lang='lat'><em>.</em></span> 
     </span>
    </p>
   </div>
   <div class='ocr_carea' id='block_1_17' title="bbox 1253 139 2284 202">
    <p class='ocr_par' dir='ltr' id='par_1_40' title="bbox 1253 139 2284 202">
     <span class='ocr_line' id='line_1_100' title="bbox 1253 139 2284 202; baseline 0.008 -22"><span class='ocrx_word' id='word_1_683' title='bbox 1253 139 1726 189; x_wconf 74' lang='lat' dir='ltr'>PussticA.</span> <span class='ocrx_word' id='word_1_684' title='bbox 2231 161 2284 202; x_wconf 75' lang='lat'>35</span> 
     </span>
    </p>
   </div>
   <div class='ocr_carea' id='block_1_18' title="bbox 1224 227 2283 1143">
    <p class='ocr_par' dir='ltr' id='par_1_41' title="bbox 1226 227 2283 424">
     <span class='ocr_line' id='line_1_101' title="bbox 1228 227 2283 273; baseline 0.01 -20"><span class='ocrx_word' id='word_1_685' title='bbox 1228 227 1387 267; x_wconf 78' lang='lat' dir='ltr'>mogenitos</span> <span class='ocrx_word' id='word_1_686' title='bbox 1406 227 1545 272; x_wconf 68' lang='lat' dir='ltr'>Bai-onum</span> <span class='ocrx_word' id='word_1_687' title='bbox 1561 255 1570 268; x_wconf 85' lang='lat'>,</span> <span class='ocrx_word' id='word_1_688' title='bbox 1596 231 1766 273; x_wconf 76' lang='lat' dir='ltr'>Magnarum</span> <span class='ocrx_word' id='word_1_689' title='bbox 1781 254 1791 271; x_wconf 84' lang='lat'><em>‚</em></span> <span class='ocrx_word' id='word_1_690' title='bbox 1811 231 1955 271; x_wconf 84' lang='lat' dir='ltr'>Militum,</span> <span class='ocrx_word' id='word_1_691' title='bbox 1974 232 2092 264; x_wconf 87' lang='lat' dir='ltr'>Civium</span> <span class='ocrx_word' id='word_1_692' title='bbox 2107 232 2141 264; x_wconf 65' lang='grc' dir='ltr'>δε</span> <span class='ocrx_word' id='word_1_693' title='bbox 2156 232 2283 271; x_wconf 80' lang='lat' dir='ltr'>Burgen-</span> 
     </span>
     <span class='ocr_line' id='line_1_102' title="bbox 1226 264 2281 311; baseline 0.011 -21"><span class='ocrx_word' id='word_1_694' title='bbox 1226 265 1301 306; x_wconf 78' lang='lat' dir='ltr'>iiuni¹</span> <span class='ocrx_word' id='word_1_695' title='bbox 1318 264 1354 293; x_wconf 93' lang='lat' dir='ltr'>de</span> <span class='ocrx_word' id='word_1_696' title='bbox 1376 264 1526 296; x_wconf 75' lang='lat' dir='ltr'>ProvinCia</span> <span class='ocrx_word' id='word_1_697' title='bbox 1540 292 1549 305; x_wconf 93' lang='lat'>,</span> <span class='ocrx_word' id='word_1_698' title='bbox 1574 273 1660 306; x_wconf 77' lang='lat' dir='ltr'>usque</span> <span class='ocrx_word' id='word_1_699' title='bbox 1679 272 1712 300; x_wconf 85' lang='lat' dir='ltr'>ad</span> <span class='ocrx_word' id='word_1_700' title='bbox 1734 282 1885 301; x_wconf 86' lang='lat' dir='ltr'>numerum</span> <span class='ocrx_word' id='word_1_701' title='bbox 1906 272 2057 311; x_wconf 72' lang='lat' dir='ltr'>sexaginta,</span> <span class='ocrx_word' id='word_1_702' title='bbox 2076 274 2104 301; x_wconf 92' lang='lat' dir='ltr'>in</span> <span class='ocrx_word' id='word_1_703' title='bbox 2119 272 2199 311; x_wconf 74' lang='lat' dir='ltr'>polsi:</span> <span class='ocrx_word' id='word_1_704' title='bbox 2212 273 2281 302; x_wconf 77' lang='lat' dir='ltr'>dieti</span> 
     </span>
     <span class='ocr_line' id='line_1_103' title="bbox 1228 300 2282 348; baseline 0.009 -19"><span class='ocrx_word' id='word_1_705' title='bbox 1228 300 1316 339; x_wconf 81' lang='lat' dir='ltr'>Regis</span> <span class='ocrx_word' id='word_1_706' title='bbox 1330 302 1495 346; x_wconf 83' lang='lat' dir='ltr'>Aragonum</span> <span class='ocrx_word' id='word_1_707' title='bbox 1510 307 1554 336; x_wconf 86' lang='lat' dir='ltr'>vel</span> <span class='ocrx_word' id='word_1_708' title='bbox 1570 307 1727 338; x_wconf 75' lang='lat' dir='ltr'>Haeredum</span> <span class='ocrx_word' id='word_1_709' title='bbox 1743 310 1843 346; x_wconf 74' lang='lat' dir='ltr'>ipiius,</span> <span class='ocrx_word' id='word_1_710' title='bbox 1863 320 2019 340; x_wconf 87' lang='lat' dir='ltr'>moraturos</span> <span class='ocrx_word' id='word_1_711' title='bbox 2042 312 2075 340; x_wconf 70' lang='grc' dir='ltr'>ὃ(</span> <span class='ocrx_word' id='word_1_712' title='bbox 2091 311 2282 348; x_wconf 86' lang='lat' dir='ltr'>remansuros,</span> 
     </span>
     <span class='ocr_line' id='line_1_104' title="bbox 1230 338 2283 388; baseline 0.011 -21"><span class='ocrx_word' id='word_1_713' title='bbox 1230 338 1311 383; x_wconf 36' lang='lat' dir='ltr'>loco.</span> <span class='ocrx_word' id='word_1_714' title='bbox 1327 342 1538 386; x_wconf 38' lang='lat' dir='ltr'>przedic‘torum-</span> <span class='ocrx_word' id='word_1_715' title='bbox 1560 344 1651 387; x_wconf 82' lang='lat' dir='ltr'>septua</span> <span class='ocrx_word' id='word_1_716' title='bbox 1673 348 1727 377; x_wconf 87' lang='lat' dir='ltr'>inta</span> <span class='ocrx_word' id='word_1_717' title='bbox 1749 347 1880 377; x_wconf 85' lang='lat' dir='ltr'>obsidum</span> <span class='ocrx_word' id='word_1_718' title='bbox 1895 372 1904 384; x_wconf 93' lang='lat'>,</span> <span class='ocrx_word' id='word_1_719' title='bbox 1930 358 1979 385; x_wconf 86' lang='lat' dir='ltr'>per</span> <span class='ocrx_word' id='word_1_720' title='bbox 2000 348 2147 386; x_wconf 69' lang='lat' dir='ltr'>praefatum</span> <span class='ocrx_word' id='word_1_721' title='bbox 2167 349 2283 388; x_wconf 84' lang='lat' dir='ltr'>Regem</span> 
     </span>
     <span class='ocr_line' id='line_1_105' title="bbox 1228 376 2175 424; baseline 0.011 -19"><span class='ocrx_word' id='word_1_722' title='bbox 1228 376 1355 415; x_wconf 76' lang='lat' dir='ltr'>Angliae,</span> <span class='ocrx_word' id='word_1_723' title='bbox 1372 382 1440 409; x_wconf 81' lang='lat' dir='ltr'>licut</span> <span class='ocrx_word' id='word_1_724' title='bbox 1454 380 1627 422; x_wconf 75' lang='lat' dir='ltr'>praedicitur,</span> <span class='ocrx_word' id='word_1_725' title='bbox 1667 385 1725 414; x_wconf 61' lang='lat' dir='ltr'>icto</span> <span class='ocrx_word' id='word_1_726' title='bbox 1740 384 1815 423; x_wconf 82' lang='lat' dir='ltr'>Regi</span> <span class='ocrx_word' id='word_1_727' title='bbox 1827 385 1989 424; x_wconf 83' lang='lat' dir='ltr'>Aragonum</span> <span class='ocrx_word' id='word_1_728' title='bbox 2002 386 2175 416; x_wconf 84' lang='lat' dir='ltr'>traditorum.</span> 
     </span>
    </p>

    <p class='ocr_par' dir='ltr' id='par_1_42' title="bbox 1224 414 2282 761">
     <span class='ocr_line' id='line_1_106' title="bbox 1264 414 2279 463; baseline 0.01 -19"><span class='ocrx_word' id='word_1_729' title='bbox 1264 414 1353 453; x_wconf 83' lang='lat' dir='ltr'>Item,</span> <span class='ocrx_word' id='word_1_730' title='bbox 1372 416 1453 460; x_wconf 84' lang='lat' dir='ltr'>quod¹</span> <span class='ocrx_word' id='word_1_731' title='bbox 1463 417 1539 448; x_wconf 89' lang='lat' dir='ltr'>idem</span> <span class='ocrx_word' id='word_1_732' title='bbox 1556 419 1688 463; x_wconf 83' lang='lat' dir='ltr'>Princeps</span> <span class='ocrx_word' id='word_1_733' title='bbox 1702 422 1807 460; x_wconf 87' lang='lat' dir='ltr'>solvet,</span> <span class='ocrx_word' id='word_1_734' title='bbox 1825 423 1870 452; x_wconf 92' lang='lat' dir='ltr'>seu</span> <span class='ocrx_word' id='word_1_735' title='bbox 1883 423 1951 454; x_wconf 89' lang='lat' dir='ltr'>solvi</span> <span class='ocrx_word' id='word_1_736' title='bbox 1965 424 2061 461; x_wconf 75' lang='lat' dir='ltr'>faciet,</span> <span class='ocrx_word' id='word_1_737' title='bbox 2082 424 2151 454; x_wconf 87' lang='lat' dir='ltr'>infra</span> <span class='ocrx_word' id='word_1_738' title='bbox 2164 424 2279 455; x_wconf 86' lang='lat' dir='ltr'>eosdem</span> 
     </span>
     <span class='ocr_line' id='line_1_107' title="bbox 1224 454 2279 499; baseline 0.011 -18"><span class='ocrx_word' id='word_1_739' title='bbox 1224 460 1278 496; x_wconf 76' lang='lat' dir='ltr'>tres</span> <span class='ocrx_word' id='word_1_740' title='bbox 1292 454 1414 498; x_wconf 77' lang='lat' dir='ltr'>menses,</span> <span class='ocrx_word' id='word_1_741' title='bbox 1430 456 1522 499; x_wconf 82' lang='lat' dir='ltr'>eidem</span> <span class='ocrx_word' id='word_1_742' title='bbox 1537 456 1609 496; x_wconf 84' lang='lat' dir='ltr'>Regi</span> <span class='ocrx_word' id='word_1_743' title='bbox 1625 459 1806 498; x_wconf 79' lang='lat' dir='ltr'>Aragonum,</span> <span class='ocrx_word' id='word_1_744' title='bbox 1825 461 1871 490; x_wconf 92' lang='lat' dir='ltr'>vel</span> <span class='ocrx_word' id='word_1_745' title='bbox 1891 462 1947 499; x_wconf 87' lang='lat' dir='ltr'>ejus</span> <span class='ocrx_word' id='word_1_746' title='bbox 1968 461 2081 491; x_wconf 55' lang='lat' dir='ltr'>Hered.</span> <span class='ocrx_word' id='word_1_747' title='bbox 2098 472 2147 499; x_wconf 89' lang='lat' dir='ltr'>per</span> <span class='ocrx_word' id='word_1_748' title='bbox 2161 473 2279 493; x_wconf 89' lang='lat' dir='ltr'>manum</span> 
     </span>
     <span class='ocr_line' id='line_1_108' title="bbox 1226 492 2280 539; baseline 0.01 -20"><span class='ocrx_word' id='word_1_749' title='bbox 1226 495 1307 526; x_wconf 72' lang='lat' dir='ltr'>ipsius</span> <span class='ocrx_word' id='word_1_750' title='bbox 1331 492 1417 535; x_wconf 78' lang='lat' dir='ltr'>Regis</span> <span class='ocrx_word' id='word_1_751' title='bbox 1439 492 1549 537; x_wconf 79' lang='lat' dir='ltr'>Angliae</span> <span class='ocrx_word' id='word_1_752' title='bbox 1563 519 1573 538; x_wconf 67' lang='lat'>5,</span> <span class='ocrx_word' id='word_1_753' title='bbox 1598 496 1641 526; x_wconf 91' lang='lat' dir='ltr'>illa</span> <span class='ocrx_word' id='word_1_754' title='bbox 1664 497 1768 534; x_wconf 90' lang='lat' dir='ltr'>septem</span> <span class='ocrx_word' id='word_1_755' title='bbox 1785 498 1868 528; x_wconf 87' lang='lat' dir='ltr'>millia</span> <span class='ocrx_word' id='word_1_756' title='bbox 1883 499 1975 528; x_wconf 77' lang='lat' dir='ltr'>Marc.</span> <span class='ocrx_word' id='word_1_757' title='bbox 1995 501 2116 538; x_wconf 67' lang='lat' dir='ltr'>argenti,</span> <span class='ocrx_word' id='word_1_758' title='bbox 2133 511 2195 538; x_wconf 75' lang='lat' dir='ltr'>quae</span> <span class='ocrx_word' id='word_1_759' title='bbox 2210 502 2280 539; x_wconf 81' lang='lat' dir='ltr'>poni</span> 
     </span>
     <span class='ocr_line' id='line_1_109' title="bbox 1226 529 2280 577; baseline 0.011 -20"><span class='ocrx_word' id='word_1_760' title='bbox 1226 529 1330 559; x_wconf 87' lang='lat' dir='ltr'>debent</span> <span class='ocrx_word' id='word_1_761' title='bbox 1351 540 1381 559; x_wconf 86' lang='lat' dir='ltr'>in</span> <span class='ocrx_word' id='word_1_762' title='bbox 1400 530 1480 568; x_wconf 79' lang='lat' dir='ltr'>posse</span> <span class='ocrx_word' id='word_1_763' title='bbox 1499 532 1568 562; x_wconf 70' lang='lat' dir='ltr'>dieti</span> <span class='ocrx_word' id='word_1_764' title='bbox 1588 533 1675 572; x_wconf 84' lang='lat' dir='ltr'>Regis</span> <span class='ocrx_word' id='word_1_765' title='bbox 1696 535 1819 573; x_wconf 87' lang='lat' dir='ltr'>Aragon.</span> <span class='ocrx_word' id='word_1_766' title='bbox 1838 535 1883 566; x_wconf 89' lang='lat' dir='ltr'>vel</span> <span class='ocrx_word' id='word_1_767' title='bbox 1906 537 2063 567; x_wconf 69' lang='lat' dir='ltr'>Haeredum</span> <span class='ocrx_word' id='word_1_768' title='bbox 2084 538 2164 574; x_wconf 85' lang='lat' dir='ltr'>ipsius</span> <span class='ocrx_word' id='word_1_769' title='bbox 2178 563 2187 577; x_wconf 91' lang='lat'>,</span> <span class='ocrx_word' id='word_1_770' title='bbox 2208 540 2280 569; x_wconf 88' lang='lat' dir='ltr'>infra</span> 
     </span>
     <span class='ocr_line' id='line_1_110' title="bbox 1226 566 2282 613; baseline 0.01 -17"><span class='ocrx_word' id='word_1_771' title='bbox 1226 566 1355 611; x_wconf 54' lang='lat' dir='ltr'>prtefatos</span> <span class='ocrx_word' id='word_1_772' title='bbox 1371 577 1424 599; x_wconf 88' lang='lat' dir='ltr'>tres</span> <span class='ocrx_word' id='word_1_773' title='bbox 1441 570 1563 613; x_wconf 77' lang='lat' dir='ltr'>menses,</span> <span class='ocrx_word' id='word_1_774' title='bbox 1584 581 1636 608; x_wconf 90' lang='lat' dir='ltr'>pro</span> <span class='ocrx_word' id='word_1_775' title='bbox 1651 573 1751 610; x_wconf 86' lang='lat' dir='ltr'>quibus</span> <span class='ocrx_word' id='word_1_776' title='bbox 1766 575 1848 603; x_wconf 89' lang='lat' dir='ltr'>etiam</span> <span class='ocrx_word' id='word_1_777' title='bbox 1864 583 1922 604; x_wconf 91' lang='lat' dir='ltr'>tota</span> <span class='ocrx_word' id='word_1_778' title='bbox 1937 583 2007 604; x_wconf 84' lang='lat' dir='ltr'>terra</span> <span class='ocrx_word' id='word_1_779' title='bbox 2023 576 2123 605; x_wconf 84' lang='lat' dir='ltr'>nobilis</span> <span class='ocrx_word' id='word_1_780' title='bbox 2138 578 2190 607; x_wconf 87' lang='lat' dir='ltr'>viri</span> <span class='ocrx_word' id='word_1_781' title='bbox 2206 577 2282 607; x_wconf 82' lang='lat' dir='ltr'>Gas-</span> 
     </span>
     <span class='ocr_line' id='line_1_111' title="bbox 1227 605 2281 653; baseline 0.009 -18"><span class='ocrx_word' id='word_1_782' title='bbox 1227 614 1299 635; x_wconf 85' lang='lat' dir='ltr'>tonis</span> <span class='ocrx_word' id='word_1_783' title='bbox 1311 605 1499 651; x_wconf 75' lang='lat' dir='ltr'>¹Vicecomitis</span> <span class='ocrx_word' id='word_1_784' title='bbox 1514 608 1616 647; x_wconf 84' lang='lat' dir='ltr'>Bearn,</span> <span class='ocrx_word' id='word_1_785' title='bbox 1632 619 1715 647; x_wconf 82' lang='lat' dir='ltr'>quam</span> <span class='ocrx_word' id='word_1_786' title='bbox 1731 611 1815 641; x_wconf 88' lang='lat' dir='ltr'>habet</span> <span class='ocrx_word' id='word_1_787' title='bbox 1830 611 1857 640; x_wconf 94' lang='lat' dir='ltr'>in</span> <span class='ocrx_word' id='word_1_788' title='bbox 1873 611 2021 642; x_wconf 81' lang='lat' dir='ltr'>Cathalon.</span> <span class='ocrx_word' id='word_1_789' title='bbox 2033 614 2163 653; x_wconf 53' lang='lat' dir='ltr'>(excepto</span> <span class='ocrx_word' id='word_1_790' title='bbox 2177 615 2281 646; x_wconf 86' lang='lat' dir='ltr'>Castro</span> 
     </span>
     <span class='ocr_line' id='line_1_112' title="bbox 1228 644 2281 692; baseline 0.013 -20"><span class='ocrx_word' id='word_1_791' title='bbox 1228 652 1317 687; x_wconf 74' lang='lat' dir='ltr'>veteri</span> <span class='ocrx_word' id='word_1_792' title='bbox 1332 644 1367 688; x_wconf 88' lang='lat' dir='ltr'>de</span> <span class='ocrx_word' id='word_1_793' title='bbox 1382 644 1518 682; x_wconf 75' lang='lat' dir='ltr'>Rosanis)</span> <span class='ocrx_word' id='word_1_794' title='bbox 1535 657 1602 677; x_wconf 88' lang='lat' dir='ltr'>cum</span> <span class='ocrx_word' id='word_1_795' title='bbox 1617 648 1668 678; x_wconf 84' lang='lat' dir='ltr'>suis</span> <span class='ocrx_word' id='word_1_796' title='bbox 1682 650 1806 679; x_wconf 86' lang='lat' dir='ltr'>terminis</span> <span class='ocrx_word' id='word_1_797' title='bbox 1827 651 1860 679; x_wconf 84' lang='lat'>&amp;</span> <span class='ocrx_word' id='word_1_798' title='bbox 1882 652 2069 687; x_wconf 84' lang='lat' dir='ltr'>pertinentiis,</span> <span class='ocrx_word' id='word_1_799' title='bbox 2088 654 2121 681; x_wconf 79' lang='lat' dir='ltr'>ad</span> <span class='ocrx_word' id='word_1_800' title='bbox 2136 662 2232 692; x_wconf 89' lang='lat' dir='ltr'>preces</span> <span class='ocrx_word' id='word_1_801' title='bbox 2246 656 2281 685; x_wconf 87' lang='lat'>&amp;</span> 
     </span>
     <span class='ocr_line' id='line_1_113' title="bbox 1228 681 2282 728; baseline 0.011 -18"><span class='ocrx_word' id='word_1_802' title='bbox 1228 681 1387 726; x_wconf 79' lang='lat' dir='ltr'>instantiam</span> <span class='ocrx_word' id='word_1_803' title='bbox 1404 683 1532 720; x_wconf 64' lang='lat' dir='ltr'>praedidti</span> <span class='ocrx_word' id='word_1_804' title='bbox 1552 684 1639 725; x_wconf 85' lang='lat' dir='ltr'>Regis</span> <span class='ocrx_word' id='word_1_805' title='bbox 1663 687 1774 725; x_wconf 68' lang='lat' dir='ltr'>Angli-ie</span> <span class='ocrx_word' id='word_1_806' title='bbox 1789 711 1799 725; x_wconf 91' lang='lat'>,</span> <span class='ocrx_word' id='word_1_807' title='bbox 1824 687 1940 725; x_wconf 76' lang='lat' dir='ltr'>praefato</span> <span class='ocrx_word' id='word_1_808' title='bbox 1954 688 2029 727; x_wconf 85' lang='lat' dir='ltr'>Regi</span> <span class='ocrx_word' id='word_1_809' title='bbox 2043 688 2166 728; x_wconf 81' lang='lat' dir='ltr'>Aragon.</span> <span class='ocrx_word' id='word_1_810' title='bbox 2183 693 2215 722; x_wconf 94' lang='lat'>&amp;</span> <span class='ocrx_word' id='word_1_811' title='bbox 2229 693 2282 723; x_wconf 87' lang='lat' dir='ltr'>suis</span> 
     </span>
     <span class='ocr_line' id='line_1_114' title="bbox 1228 718 1558 761; baseline 0.012 -13"><span class='ocrx_word' id='word_1_812' title='bbox 1228 718 1399 751; x_wconf 79' lang='lat' dir='ltr'>Haeredibus</span> <span class='ocrx_word' id='word_1_813' title='bbox 1411 721 1558 761; x_wconf 87' lang='lat' dir='ltr'>obligatur.</span> 
     </span>
    </p>

    <p class='ocr_par' dir='ltr' id='par_1_43' title="bbox 1228 757 2283 990">
     <span class='ocr_line' id='line_1_115' title="bbox 1264 757 2281 805; baseline 0.012 -18"><span class='ocrx_word' id='word_1_814' title='bbox 1264 757 1353 796; x_wconf 84' lang='lat' dir='ltr'>Item,</span> <span class='ocrx_word' id='word_1_815' title='bbox 1371 759 1450 796; x_wconf 91' lang='lat' dir='ltr'>quod</span> <span class='ocrx_word' id='word_1_816' title='bbox 1463 762 1591 798; x_wconf 77' lang='lat' dir='ltr'>praefatus</span> <span class='ocrx_word' id='word_1_817' title='bbox 1607 762 1756 800; x_wconf 81' lang='lat' dir='ltr'>Princeps,</span> <span class='ocrx_word' id='word_1_818' title='bbox 1775 763 1793 792; x_wconf 89' lang='lat' dir='ltr'>si</span> <span class='ocrx_word' id='word_1_819' title='bbox 1805 762 1937 801; x_wconf 65' lang='lat' dir='ltr'>praedie&#39;ta</span> <span class='ocrx_word' id='word_1_820' title='bbox 1950 766 2046 794; x_wconf 89' lang='lat' dir='ltr'>omnia</span> <span class='ocrx_word' id='word_1_821' title='bbox 2059 766 2092 796; x_wconf 66' lang='grc' dir='ltr'>ὃς</span> <span class='ocrx_word' id='word_1_822' title='bbox 2105 765 2208 805; x_wconf 87' lang='lat' dir='ltr'>singula</span> <span class='ocrx_word' id='word_1_823' title='bbox 2220 777 2281 799; x_wconf 89' lang='lat' dir='ltr'>nori</span> 
     </span>
     <span class='ocr_line' id='line_1_116' title="bbox 1229 796 2281 843; baseline 0.009 -17"><span class='ocrx_word' id='word_1_824' title='bbox 1229 796 1388 839; x_wconf 81' lang='lat' dir='ltr'>compleat,</span> <span class='ocrx_word' id='word_1_825' title='bbox 1406 805 1452 828; x_wconf 91' lang='lat' dir='ltr'>aut</span> <span class='ocrx_word' id='word_1_826' title='bbox 1470 808 1538 829; x_wconf 89' lang='lat' dir='ltr'>com</span> <span class='ocrx_word' id='word_1_827' title='bbox 1559 800 1616 830; x_wconf 88' lang='lat' dir='ltr'>lere</span> <span class='ocrx_word' id='word_1_828' title='bbox 1636 811 1695 829; x_wconf 90' lang='lat' dir='ltr'>non</span> <span class='ocrx_word' id='word_1_829' title='bbox 1711 799 1812 839; x_wconf 83' lang='lat' dir='ltr'>poffit,</span> <span class='ocrx_word' id='word_1_830' title='bbox 1827 802 1895 831; x_wconf 85' lang='lat' dir='ltr'>infra</span> <span class='ocrx_word' id='word_1_831' title='bbox 1909 802 2022 832; x_wconf 87' lang='lat' dir='ltr'>eosdem</span> <span class='ocrx_word' id='word_1_832' title='bbox 2037 803 2082 832; x_wconf 85' lang='lat' dir='ltr'>sex</span> <span class='ocrx_word' id='word_1_833' title='bbox 2096 805 2219 843; x_wconf 87' lang='lat' dir='ltr'>menses,</span> <span class='ocrx_word' id='word_1_834' title='bbox 2237 817 2281 837; x_wconf 86' lang='lat' dir='ltr'>re-</span> 
     </span>
     <span class='ocr_line' id='line_1_117' title="bbox 1229 834 2282 884; baseline 0.01 -21"><span class='ocrx_word' id='word_1_835' title='bbox 1229 834 1299 865; x_wconf 91' lang='lat' dir='ltr'>dibit</span> <span class='ocrx_word' id='word_1_836' title='bbox 1321 834 1355 864; x_wconf 90' lang='lat' dir='ltr'>ad</span> <span class='ocrx_word' id='word_1_837' title='bbox 1375 844 1516 879; x_wconf 79' lang='lat' dir='ltr'>carcerem</span> <span class='ocrx_word' id='word_1_838' title='bbox 1568 839 1624 878; x_wconf 86' lang='lat' dir='ltr'>egis</span> <span class='ocrx_word' id='word_1_839' title='bbox 1639 839 1762 876; x_wconf 83' lang='lat' dir='ltr'>Aragon.</span> <span class='ocrx_word' id='word_1_840' title='bbox 1783 839 1931 877; x_wconf 67' lang='lat' dir='ltr'>praelibati,</span> <span class='ocrx_word' id='word_1_841' title='bbox 1951 841 1996 871; x_wconf 86' lang='lat' dir='ltr'>vel</span> <span class='ocrx_word' id='word_1_842' title='bbox 2010 840 2168 872; x_wconf 79' lang='lat' dir='ltr'>Haeredum</span> <span class='ocrx_word' id='word_1_843' title='bbox 2182 844 2282 884; x_wconf 64' lang='lat' dir='ltr'>ipsiusg</span> 
     </span>
     <span class='ocr_line' id='line_1_118' title="bbox 1228 872 2283 920; baseline 0.01 -19"><span class='ocrx_word' id='word_1_844' title='bbox 1228 880 1313 916; x_wconf 80' lang='lat' dir='ltr'>prout</span> <span class='ocrx_word' id='word_1_845' title='bbox 1332 872 1484 910; x_wconf 68' lang='lat' dir='ltr'>supradieia</span> <span class='ocrx_word' id='word_1_846' title='bbox 1504 877 1601 906; x_wconf 84' lang='lat' dir='ltr'>omnia</span> <span class='ocrx_word' id='word_1_847' title='bbox 1622 877 1651 905; x_wconf 91' lang='lat' dir='ltr'>in</span> <span class='ocrx_word' id='word_1_848' title='bbox 1672 877 1829 907; x_wconf 63' lang='lat' dir='ltr'>tractatibus</span> <span class='ocrx_word' id='word_1_849' title='bbox 1850 879 1883 908; x_wconf 90' lang='lat'>&amp;</span> <span class='ocrx_word' id='word_1_850' title='bbox 1896 878 1952 908; x_wconf 88' lang='lat' dir='ltr'>aliis</span> <span class='ocrx_word' id='word_1_851' title='bbox 1968 878 2157 910; x_wconf 88' lang='lat' dir='ltr'>instrumentis</span> <span class='ocrx_word' id='word_1_852' title='bbox 2172 883 2283 920; x_wconf 86' lang='lat' dir='ltr'>puppli-</span> 
     </span>
     <span class='ocr_line' id='line_1_119' title="bbox 1229 913 2282 954; baseline 0.012 -15"><span class='ocrx_word' id='word_1_853' title='bbox 1229 919 1285 954; x_wconf 73' lang='lat' dir='ltr'>cis,</span> <span class='ocrx_word' id='word_1_854' title='bbox 1302 920 1387 954; x_wconf 78' lang='lat' dir='ltr'>manu</span> <span class='ocrx_word' id='word_1_855' title='bbox 1403 913 1460 941; x_wconf 91' lang='lat' dir='ltr'>mei</span> <span class='ocrx_word' id='word_1_856' title='bbox 1471 913 1633 951; x_wconf 86' lang='lat' dir='ltr'>infrascripti</span> <span class='ocrx_word' id='word_1_857' title='bbox 1648 914 1781 953; x_wconf 85' lang='lat' dir='ltr'>Notarii,</span> <span class='ocrx_word' id='word_1_858' title='bbox 1799 915 1877 953; x_wconf 87' lang='lat' dir='ltr'>super</span> <span class='ocrx_word' id='word_1_859' title='bbox 1900 916 2063 948; x_wconf 86' lang='lat' dir='ltr'>liberatione</span> <span class='ocrx_word' id='word_1_860' title='bbox 2079 918 2149 949; x_wconf 72' lang='lat' dir='ltr'>dieti</span> <span class='ocrx_word' id='word_1_861' title='bbox 2171 919 2282 952; x_wconf 87' lang='lat' dir='ltr'>Princi-</span> 
     </span>
     <span class='ocr_line' id='line_1_120' title="bbox 1228 948 1710 990; baseline 0.015 -14"><span class='ocrx_word' id='word_1_862' title='bbox 1228 958 1269 986; x_wconf 86' lang='lat' dir='ltr'>pis</span> <span class='ocrx_word' id='word_1_863' title='bbox 1285 948 1396 985; x_wconf 87' lang='lat' dir='ltr'>habitis,</span> <span class='ocrx_word' id='word_1_864' title='bbox 1412 950 1520 987; x_wconf 78' lang='lat' dir='ltr'>plenius</span> <span class='ocrx_word' id='word_1_865' title='bbox 1533 955 1710 990; x_wconf 88' lang='lat' dir='ltr'>continetur,</span> 
     </span>
    </p>

    <p class='ocr_par' dir='ltr' id='par_1_44' title="bbox 1250 985 2282 1034">
     <span class='ocr_line' id='line_1_121' title="bbox 1250 985 2282 1034; baseline 0.012 -19"><span class='ocrx_word' id='word_1_866' title='bbox 1250 985 1324 1030; x_wconf 69' lang='lat' dir='ltr'>⁴Pro</span> <span class='ocrx_word' id='word_1_867' title='bbox 1347 988 1447 1031; x_wconf 82' lang='lat' dir='ltr'>quibus</span> <span class='ocrx_word' id='word_1_868' title='bbox 1466 991 1599 1020; x_wconf 90' lang='lat' dir='ltr'>omnibus</span> <span class='ocrx_word' id='word_1_869' title='bbox 1620 992 1652 1021; x_wconf 90' lang='lat'>&amp;</span> <span class='ocrx_word' id='word_1_870' title='bbox 1667 990 1775 1029; x_wconf 81' lang='lat' dir='ltr'>singulis</span> <span class='ocrx_word' id='word_1_871' title='bbox 1789 989 1866 1028; x_wconf 88' lang='lat' dir='ltr'>supra</span> <span class='ocrx_word' id='word_1_872' title='bbox 1877 992 1981 1030; x_wconf 87' lang='lat' dir='ltr'>scriptis</span> <span class='ocrx_word' id='word_1_873' title='bbox 1996 992 2112 1025; x_wconf 87' lang='lat' dir='ltr'>fideliter</span> <span class='ocrx_word' id='word_1_874' title='bbox 2125 995 2282 1034; x_wconf 82' lang='lat' dir='ltr'>adimplen-</span> 
     </span>
    </p>

    <p class='ocr_par' dir='ltr' id='par_1_45' title="bbox 1227 1024 2282 1104">
     <span class='ocr_line' id='line_1_122' title="bbox 1227 1024 2282 1069; baseline 0.012 -16"><span class='ocrx_word' id='word_1_875' title='bbox 1227 1024 1269 1066; x_wconf 70' lang='lat' dir='ltr'>dis</span> <span class='ocrx_word' id='word_1_876' title='bbox 1290 1024 1380 1054; x_wconf 64' lang='lat' dir='ltr'>didius</span> <span class='ocrx_word' id='word_1_877' title='bbox 1399 1024 1532 1064; x_wconf 88' lang='lat' dir='ltr'>Princeps</span> <span class='ocrx_word' id='word_1_878' title='bbox 1555 1028 1681 1065; x_wconf 85' lang='lat' dir='ltr'>praestitit</span> <span class='ocrx_word' id='word_1_879' title='bbox 1705 1028 1799 1058; x_wconf 88' lang='lat' dir='ltr'>eidem</span> <span class='ocrx_word' id='word_1_880' title='bbox 1821 1029 1898 1067; x_wconf 84' lang='lat' dir='ltr'>Regi</span> <span class='ocrx_word' id='word_1_881' title='bbox 1911 1031 2039 1069; x_wconf 87' lang='lat' dir='ltr'>Aiigliae,</span> <span class='ocrx_word' id='word_1_882' title='bbox 2058 1033 2093 1063; x_wconf 89' lang='lat' dir='ltr'>ad</span> <span class='ocrx_word' id='word_1_883' title='bbox 2107 1034 2208 1065; x_wconf 66' lang='lat' dir='ltr'>Sancta</span> <span class='ocrx_word' id='word_1_884' title='bbox 2222 1034 2282 1066; x_wconf 85' lang='lat' dir='ltr'>Dei</span> 
     </span>
     <span class='ocr_line' id='line_1_123' title="bbox 1230 1061 1629 1104; baseline 0.013 -13"><span class='ocrx_word' id='word_1_885' title='bbox 1230 1061 1389 1101; x_wconf 75' lang='lat' dir='ltr'>Lwangelia</span> <span class='ocrx_word' id='word_1_886' title='bbox 1397 1087 1407 1101; x_wconf 94' lang='lat'>,</span> <span class='ocrx_word' id='word_1_887' title='bbox 1421 1065 1611 1102; x_wconf 85' lang='lat' dir='ltr'>juramentum</span> <span class='ocrx_word' id='word_1_888' title='bbox 1619 1089 1629 1104; x_wconf 93' lang='lat'>,</span> 
     </span>
    </p>

    <p class='ocr_par' dir='ltr' id='par_1_46' title="bbox 1265 1100 1910 1143">
     <span class='ocr_line' id='line_1_124' title="bbox 1265 1100 1910 1143; baseline 0.008 -12"><span class='ocrx_word' id='word_1_889' title='bbox 1265 1100 1303 1132; x_wconf 90' lang='lat' dir='ltr'>Et</span> <span class='ocrx_word' id='word_1_890' title='bbox 1317 1101 1537 1141; x_wconf 76' lang='lat' dir='ltr'>nichilominus,</span> <span class='ocrx_word' id='word_1_891' title='bbox 1555 1104 1590 1135; x_wconf 87' lang='lat' dir='ltr'>ad</span> <span class='ocrx_word' id='word_1_892' title='bbox 1605 1105 1742 1143; x_wconf 80' lang='lat' dir='ltr'>majorem</span> <span class='ocrx_word' id='word_1_893' title='bbox 1755 1105 1910 1143; x_wconf 84' lang='lat' dir='ltr'>cautelam,</span> 
     </span>
    </p>
   </div>
   <div class='ocr_carea' id='block_1_19' title="bbox 1267 1177 1551 1220">
    <p class='ocr_par' dir='ltr' id='par_1_47' title="bbox 1267 1177 1551 1220">
     <span class='ocr_line' id='line_1_125' title="bbox 1267 1177 1551 1220; baseline 0.011 -12"><span class='ocrx_word' id='word_1_894' title='bbox 1267 1177 1441 1210; x_wconf 88' lang='lat' dir='ltr'>Venerabilis</span> <span class='ocrx_word' id='word_1_895' title='bbox 1453 1178 1534 1211; x_wconf 88' lang='lat' dir='ltr'>Pater</span> <span class='ocrx_word' id='word_1_896' title='bbox 1541 1203 1551 1220; x_wconf 85' lang='lat'>‚</span> 
     </span>
    </p>
   </div>
   <div class='ocr_carea' id='block_1_20' title="bbox 1224 1255 2284 1643">
    <p class='ocr_par' dir='ltr' id='par_1_48' title="bbox 1228 1255 2284 1326">
     <span class='ocr_line' id='line_1_126' title="bbox 1228 1255 2284 1326; baseline 0.009 -42"><span class='ocrx_word' id='word_1_897' title='bbox 1228 1257 1556 1326; x_wconf 78' lang='lat' dir='ltr'>Dominus&amp;Raymundus</span> <span class='ocrx_word' id='word_1_898' title='bbox 1580 1255 1718 1297; x_wconf 81' lang='lat' dir='ltr'>Epifiopus</span> <span class='ocrx_word' id='word_1_899' title='bbox 1733 1260 1867 1297; x_wconf 83' lang='lat' dir='ltr'>Wapicen.</span> <span class='ocrx_word' id='word_1_900' title='bbox 1885 1258 1914 1288; x_wconf 89' lang='lat' dir='ltr'>in</span> <span class='ocrx_word' id='word_1_901' title='bbox 1929 1257 2072 1296; x_wconf 51' lang='lat' dir='ltr'>praesentizi¹</span> <span class='ocrx_word' id='word_1_902' title='bbox 2095 1258 2284 1301; x_wconf 83' lang='lat' dir='ltr'>Euvangelio-</span> 
     </span>
     <span class='ocr_line' id='line_1_127' title="bbox 1265 1303 1342 1324; baseline -0.013 0"><span class='ocrx_word' id='word_1_903' title='bbox 1265 1303 1342 1324; x_wconf 84' lang='lat' dir='ltr'>rum:</span> 
     </span>
    </p>

    <p class='ocr_par' dir='ltr' id='par_1_49' title="bbox 1226 1334 2248 1376">
     <span class='ocr_line' id='line_1_128' title="bbox 1226 1334 2248 1376; baseline 0.01 -15"><span class='ocrx_word' id='word_1_904' title='bbox 1226 1334 1328 1362; x_wconf 86' lang='lat' dir='ltr'>Frater</span> <span class='ocrx_word' id='word_1_905' title='bbox 1341 1335 1438 1362; x_wconf 86' lang='lat' dir='ltr'>Petrus</span> <span class='ocrx_word' id='word_1_906' title='bbox 1452 1334 1484 1363; x_wconf 87' lang='lat' dir='ltr'>de</span> <span class='ocrx_word' id='word_1_907' title='bbox 1500 1336 1653 1365; x_wconf 77' lang='lat' dir='ltr'>Lamanon.</span> <span class='ocrx_word' id='word_1_908' title='bbox 1662 1335 1698 1365; x_wconf 92' lang='lat' dir='ltr'>de</span> <span class='ocrx_word' id='word_1_909' title='bbox 1709 1335 1810 1365; x_wconf 88' lang='lat' dir='ltr'>ordine</span> <span class='ocrx_word' id='word_1_910' title='bbox 1822 1335 1950 1366; x_wconf 88' lang='lat' dir='ltr'>Fratrum</span> <span class='ocrx_word' id='word_1_911' title='bbox 1962 1336 2177 1372; x_wconf 71' lang='lat' dir='ltr'>praedicatorum</span> <span class='ocrx_word' id='word_1_912' title='bbox 2185 1363 2195 1376; x_wconf 91' lang='lat'>,</span> <span class='ocrx_word' id='word_1_913' title='bbox 2213 1340 2248 1371; x_wconf 86' lang='lat'>&amp;</span> 
     </span>
    </p>

    <p class='ocr_par' dir='ltr' id='par_1_50' title="bbox 1226 1371 2098 1413">
     <span class='ocr_line' id='line_1_129' title="bbox 1226 1371 2098 1413; baseline 0.006 -14"><span class='ocrx_word' id='word_1_914' title='bbox 1226 1371 1246 1389; x_wconf 68' lang='lat'>²*</span> <span class='ocrx_word' id='word_1_915' title='bbox 1266 1374 1365 1400; x_wconf 85' lang='lat' dir='ltr'>Frater</span> <span class='ocrx_word' id='word_1_916' title='bbox 1379 1373 1537 1402; x_wconf 61' lang='lat' dir='ltr'>Bernartius</span> <span class='ocrx_word' id='word_1_917' title='bbox 1553 1373 1584 1402; x_wconf 81' lang='lat' dir='ltr'>de</span> <span class='ocrx_word' id='word_1_918' title='bbox 1597 1374 1688 1402; x_wconf 86' lang='lat' dir='ltr'>ordine</span> <span class='ocrx_word' id='word_1_919' title='bbox 1701 1373 1854 1413; x_wconf 83' lang='lat' dir='ltr'>Cystercien.</span> <span class='ocrx_word' id='word_1_920' title='bbox 1875 1375 1904 1404; x_wconf 90' lang='lat' dir='ltr'>in</span> <span class='ocrx_word' id='word_1_921' title='bbox 1918 1374 2010 1403; x_wconf 88' lang='lat' dir='ltr'>verbo</span> <span class='ocrx_word' id='word_1_922' title='bbox 2025 1374 2098 1405; x_wconf 84' lang='lat' dir='ltr'>Dei:</span> 
     </span>
    </p>

    <p class='ocr_par' dir='ltr' id='par_1_51' title="bbox 1224 1408 2141 1489">
     <span class='ocr_line' id='line_1_130' title="bbox 1224 1408 2141 1453; baseline 0.004 -14"><span class='ocrx_word' id='word_1_923' title='bbox 1224 1408 1355 1439; x_wconf 89' lang='lat' dir='ltr'>Necnon</span> <span class='ocrx_word' id='word_1_924' title='bbox 1370 1410 1403 1440; x_wconf 90' lang='lat'>&amp;</span> <span class='ocrx_word' id='word_1_925' title='bbox 1419 1410 1550 1451; x_wconf 73' lang='lat' dir='ltr'>Magister</span> <span class='ocrx_word' id='word_1_926' title='bbox 1565 1411 1714 1450; x_wconf 73' lang='lat' dir='ltr'>Gaufridm-</span> <span class='ocrx_word' id='word_1_927' title='bbox 1729 1410 1887 1453; x_wconf 82' lang='lat' dir='ltr'>Praepofitus</span> <span class='ocrx_word' id='word_1_928' title='bbox 1900 1411 2022 1452; x_wconf 77' lang='lat' dir='ltr'>Ecclefiae</span> <span class='ocrx_word' id='word_1_929' title='bbox 2034 1417 2141 1453; x_wconf 68' lang='lat' dir='ltr'>Aptens</span> 
     </span>
     <span class='ocr_line' id='line_1_131' title="bbox 1227 1448 1636 1489; baseline 0.002 -11"><span class='ocrx_word' id='word_1_930' title='bbox 1227 1450 1359 1478; x_wconf 78' lang='lat' dir='ltr'>Dominus</span> <span class='ocrx_word' id='word_1_931' title='bbox 1373 1451 1442 1478; x_wconf 89' lang='lat' dir='ltr'>Otto</span> <span class='ocrx_word' id='word_1_932' title='bbox 1458 1449 1490 1478; x_wconf 87' lang='lat' dir='ltr'>de</span> <span class='ocrx_word' id='word_1_933' title='bbox 1504 1448 1636 1489; x_wconf 77' lang='lat' dir='ltr'>Tuffiaco,</span> 
     </span>
    </p>

    <p class='ocr_par' dir='ltr' id='par_1_52' title="bbox 1228 1489 1711 1519">
     <span class='ocr_line' id='line_1_132' title="bbox 1228 1489 1711 1519; baseline 0.008 -4"><span class='ocrx_word' id='word_1_934' title='bbox 1228 1489 1361 1516; x_wconf 77' lang='lat' dir='ltr'>Dominus</span> <span class='ocrx_word' id='word_1_935' title='bbox 1373 1489 1503 1517; x_wconf 75' lang='lat' dir='ltr'>Riccanus</span> <span class='ocrx_word' id='word_1_936' title='bbox 1517 1489 1548 1518; x_wconf 85' lang='lat' dir='ltr'>de</span> <span class='ocrx_word' id='word_1_937' title='bbox 1562 1490 1711 1519; x_wconf 83' lang='lat' dir='ltr'>Lamenon.</span> 
     </span>
    </p>

    <p class='ocr_par' dir='ltr' id='par_1_53' title="bbox 1227 1523 1777 1565">
     <span class='ocr_line' id='line_1_133' title="bbox 1227 1523 1777 1565; baseline 0.007 -12"><span class='ocrx_word' id='word_1_938' title='bbox 1227 1527 1359 1554; x_wconf 76' lang='lat' dir='ltr'>Dominus</span> <span class='ocrx_word' id='word_1_939' title='bbox 1374 1528 1552 1562; x_wconf 77' lang='lat' dir='ltr'>Berengarius</span> <span class='ocrx_word' id='word_1_940' title='bbox 1568 1527 1724 1565; x_wconf 75' lang='lat' dir='ltr'>Gautelini,</span> <span class='ocrx_word' id='word_1_941' title='bbox 1739 1523 1777 1562; x_wconf 72' lang='lat'>&amp;¹</span> 
     </span>
    </p>

    <p class='ocr_par' dir='ltr' id='par_1_54' title="bbox 1228 1563 1849 1605">
     <span class='ocr_line' id='line_1_134' title="bbox 1228 1563 1849 1605; baseline 0.008 -14"><span class='ocrx_word' id='word_1_942' title='bbox 1228 1565 1361 1592; x_wconf 82' lang='lat' dir='ltr'>Dominus</span> <span class='ocrx_word' id='word_1_943' title='bbox 1374 1563 1506 1593; x_wconf 81' lang='lat' dir='ltr'>Matheus</span> <span class='ocrx_word' id='word_1_944' title='bbox 1519 1565 1551 1594; x_wconf 84' lang='lat' dir='ltr'>de</span> <span class='ocrx_word' id='word_1_945' title='bbox 1567 1566 1663 1594; x_wconf 85' lang='lat' dir='ltr'>Adria</span> <span class='ocrx_word' id='word_1_946' title='bbox 1678 1565 1798 1605; x_wconf 71' lang='lat' dir='ltr'>Milites,</span> <span class='ocrx_word' id='word_1_947' title='bbox 1817 1576 1849 1596; x_wconf 76' lang='lat' dir='ltr'>ae</span> 
     </span>
    </p>

    <p class='ocr_par' dir='ltr' id='par_1_55' title="bbox 1225 1601 1680 1643">
     <span class='ocr_line' id='line_1_135' title="bbox 1225 1601 1680 1643; baseline 0.007 -13"><span class='ocrx_word' id='word_1_948' title='bbox 1225 1601 1362 1642; x_wconf 71' lang='lat' dir='ltr'>Magister</span> <span class='ocrx_word' id='word_1_949' title='bbox 1380 1603 1478 1633; x_wconf 85' lang='lat' dir='ltr'>Adam</span> <span class='ocrx_word' id='word_1_950' title='bbox 1491 1603 1523 1632; x_wconf 88' lang='lat' dir='ltr'>de</span> <span class='ocrx_word' id='word_1_951' title='bbox 1538 1601 1661 1643; x_wconf 83' lang='lat' dir='ltr'>Duffiaco</span> <span class='ocrx_word' id='word_1_952' title='bbox 1670 1628 1680 1642; x_wconf 82' lang='lat'>,</span> 
     </span>
    </p>
   </div>
   <div class='ocr_carea' id='block_1_21' title="bbox 1224 1677 2287 2750">
    <p class='ocr_par' dir='ltr' id='par_1_56' title="bbox 1225 1677 2284 1832">
     <span class='ocr_line' id='line_1_136' title="bbox 1239 1677 2284 1724; baseline 0.007 -16"><span class='ocrx_word' id='word_1_953' title='bbox 1239 1717 1244 1722; x_wconf 37' lang='grc'><em>.</em></span> <span class='ocrx_word' id='word_1_954' title='bbox 1264 1677 1424 1722; x_wconf 80' lang='lat' dir='ltr'>Consiliarii</span> <span class='ocrx_word' id='word_1_955' title='bbox 1443 1681 1476 1712; x_wconf 87' lang='lat'>&amp;</span> <span class='ocrx_word' id='word_1_956' title='bbox 1500 1680 1644 1711; x_wconf 82' lang='lat' dir='ltr'>familiares</span> <span class='ocrx_word' id='word_1_957' title='bbox 1657 1681 1726 1711; x_wconf 64' lang='lat' dir='ltr'>dieti</span> <span class='ocrx_word' id='word_1_958' title='bbox 1739 1678 1874 1720; x_wconf 86' lang='lat' dir='ltr'>Principis</span> <span class='ocrx_word' id='word_1_959' title='bbox 1908 1681 1942 1712; x_wconf 87' lang='lat' dir='ltr'>ad</span> <span class='ocrx_word' id='word_1_960' title='bbox 1955 1682 2059 1713; x_wconf 69' lang='lat' dir='ltr'>saneta</span> <span class='ocrx_word' id='word_1_961' title='bbox 2072 1681 2130 1714; x_wconf 89' lang='lat' dir='ltr'>Dei</span> <span class='ocrx_word' id='word_1_962' title='bbox 2145 1681 2284 1724; x_wconf 83' lang='lat' dir='ltr'>Ewange-</span> 
     </span>
     <span class='ocr_line' id='line_1_137' title="bbox 1225 1706 2284 1763; baseline 0.007 -17"><span class='ocrx_word' id='word_1_963' title='bbox 1225 1716 1277 1760; x_wconf 77' lang='lat' dir='ltr'>lia,</span> <span class='ocrx_word' id='word_1_964' title='bbox 1294 1716 1372 1748; x_wconf 69' lang='lat' dir='ltr'>dieto</span> <span class='ocrx_word' id='word_1_965' title='bbox 1386 1719 1462 1763; x_wconf 85' lang='lat' dir='ltr'>Regi</span> <span class='ocrx_word' id='word_1_966' title='bbox 1478 1718 1523 1749; x_wconf 87' lang='lat' dir='ltr'>An</span> <span class='ocrx_word' id='word_1_967' title='bbox 1544 1719 1586 1749; x_wconf 74' lang='lat' dir='ltr'>11ae</span> <span class='ocrx_word' id='word_1_968' title='bbox 1596 1721 1772 1758; x_wconf 83' lang='lat' dir='ltr'>juraverunt,</span> <span class='ocrx_word' id='word_1_969' title='bbox 1781 1720 1858 1758; x_wconf 89' lang='lat' dir='ltr'>quod</span> <span class='ocrx_word' id='word_1_970' title='bbox 1871 1706 1988 1750; x_wconf 65' lang='lat' dir='ltr'>fideliter</span> <span class='ocrx_word' id='word_1_971' title='bbox 2001 1730 2065 1760; x_wconf 84' lang='lat' dir='ltr'>erga</span> <span class='ocrx_word' id='word_1_972' title='bbox 2077 1722 2187 1752; x_wconf 55' lang='lat' dir='ltr'>dietum</span> <span class='ocrx_word' id='word_1_973' title='bbox 2202 1722 2284 1753; x_wconf 86' lang='lat' dir='ltr'>Prin-</span> 
     </span>
     <span class='ocr_line' id='line_1_138' title="bbox 1226 1756 2284 1824; baseline 0.007 -39"><span class='ocrx_word' id='word_1_974' title='bbox 1226 1765 1326 1824; x_wconf 84' lang='lat' dir='ltr'>cipernl</span> <span class='ocrx_word' id='word_1_975' title='bbox 1342 1756 1445 1787; x_wconf 86' lang='lat' dir='ltr'>facient</span> <span class='ocrx_word' id='word_1_976' title='bbox 1464 1767 1503 1795; x_wconf 96' lang='lat' dir='ltr'>po</span> <span class='ocrx_word' id='word_1_977' title='bbox 1529 1768 1545 1788; x_wconf 88' lang='lat' dir='ltr'>e</span> <span class='ocrx_word' id='word_1_978' title='bbox 1564 1759 1644 1788; x_wconf 88' lang='lat' dir='ltr'>suum</span> <span class='ocrx_word' id='word_1_979' title='bbox 1659 1758 1737 1797; x_wconf 86' lang='lat' dir='ltr'>quod</span> <span class='ocrx_word' id='word_1_980' title='bbox 1751 1758 1885 1796; x_wconf 67' lang='lat' dir='ltr'>praedid&#39;ta</span> <span class='ocrx_word' id='word_1_981' title='bbox 1898 1760 1996 1790; x_wconf 85' lang='lat' dir='ltr'>omnia</span> <span class='ocrx_word' id='word_1_982' title='bbox 2008 1761 2041 1791; x_wconf 87' lang='lat'>&amp;</span> <span class='ocrx_word' id='word_1_983' title='bbox 2057 1760 2160 1800; x_wconf 86' lang='lat' dir='ltr'>singula</span> <span class='ocrx_word' id='word_1_984' title='bbox 2173 1761 2284 1798; x_wconf 84' lang='lat' dir='ltr'>penitus</span> 
     </span>
     <span class='ocr_line' id='line_1_139' title="bbox 1226 1803 1432 1832; baseline 0.005 -8"><span class='ocrx_word' id='word_1_985' title='bbox 1226 1803 1317 1832; x_wconf 90' lang='lat' dir='ltr'>comp</span> <span class='ocrx_word' id='word_1_986' title='bbox 1328 1804 1432 1826; x_wconf 86' lang='lat' dir='ltr'>eantur.</span> 
     </span>
    </p>

    <p class='ocr_par' dir='ltr' id='par_1_57' title="bbox 1224 1832 2284 2066">
     <span class='ocr_line' id='line_1_140' title="bbox 1228 1832 2283 1876; baseline 0.004 -13"><span class='ocrx_word' id='word_1_987' title='bbox 1228 1870 1235 1876; x_wconf 46' lang='lat'><strong>·</strong></span> <span class='ocrx_word' id='word_1_988' title='bbox 1263 1832 1397 1865; x_wconf 88' lang='lat' dir='ltr'>Promisit</span> <span class='ocrx_word' id='word_1_989' title='bbox 1417 1834 1524 1872; x_wconf 90' lang='lat' dir='ltr'>insuper</span> <span class='ocrx_word' id='word_1_990' title='bbox 1544 1834 1636 1865; x_wconf 62' lang='lat' dir='ltr'>dietus</span> <span class='ocrx_word' id='word_1_991' title='bbox 1657 1834 1807 1874; x_wconf 87' lang='lat' dir='ltr'>Princeps,</span> <span class='ocrx_word' id='word_1_992' title='bbox 1824 1835 1875 1866; x_wconf 91' lang='lat' dir='ltr'>sub</span> <span class='ocrx_word' id='word_1_993' title='bbox 1892 1837 1994 1866; x_wconf 89' lang='lat' dir='ltr'>virtute</span> <span class='ocrx_word' id='word_1_994' title='bbox 2017 1836 2145 1873; x_wconf 72' lang='lat' dir='ltr'>praedie‘ti</span> <span class='ocrx_word' id='word_1_995' title='bbox 2168 1837 2283 1875; x_wconf 81' lang='lat' dir='ltr'>praestiti</span> 
     </span>
     <span class='ocr_line' id='line_1_141' title="bbox 1224 1872 2284 1914; baseline 0.007 -14"><span class='ocrx_word' id='word_1_996' title='bbox 1224 1873 1390 1910; x_wconf 76' lang='lat' dir='ltr'>juramenti,</span> <span class='ocrx_word' id='word_1_997' title='bbox 1406 1872 1480 1912; x_wconf 76' lang='lat' dir='ltr'>Regi</span> <span class='ocrx_word' id='word_1_998' title='bbox 1504 1872 1614 1913; x_wconf 80' lang='lat' dir='ltr'>Angliae</span> <span class='ocrx_word' id='word_1_999' title='bbox 1635 1874 1778 1911; x_wconf 85' lang='lat' dir='ltr'>praelibato</span> <span class='ocrx_word' id='word_1_1000' title='bbox 1816 1874 1894 1912; x_wconf 87' lang='lat' dir='ltr'>quod</span> <span class='ocrx_word' id='word_1_1001' title='bbox 1916 1874 2061 1905; x_wconf 86' lang='lat' dir='ltr'>consiliarii</span> <span class='ocrx_word' id='word_1_1002' title='bbox 2082 1875 2121 1905; x_wconf 85' lang='lat' dir='ltr'>sui</span> <span class='ocrx_word' id='word_1_1003' title='bbox 2144 1876 2284 1914; x_wconf 86' lang='lat' dir='ltr'>absentes,</span> 
     </span>
     <span class='ocr_line' id='line_1_142' title="bbox 1225 1897 2284 1954; baseline 0.005 -15"><span class='ocrx_word' id='word_1_1004' title='bbox 1225 1919 1294 1954; x_wconf 83' lang='lat' dir='ltr'>cum</span> <span class='ocrx_word' id='word_1_1005' title='bbox 1307 1910 1341 1940; x_wconf 86' lang='lat' dir='ltr'>ad</span> <span class='ocrx_word' id='word_1_1006' title='bbox 1354 1911 1444 1954; x_wconf 83' lang='lat' dir='ltr'>ipsum</span> <span class='ocrx_word' id='word_1_1007' title='bbox 1457 1913 1601 1949; x_wconf 87' lang='lat' dir='ltr'>venerint,</span> <span class='ocrx_word' id='word_1_1008' title='bbox 1619 1920 1683 1942; x_wconf 87' lang='lat' dir='ltr'>ante</span> <span class='ocrx_word' id='word_1_1009' title='bbox 1696 1897 1921 1950; x_wconf 73' lang='lat' dir='ltr'>compietionern</span> <span class='ocrx_word' id='word_1_1010' title='bbox 1942 1912 2081 1950; x_wconf 84' lang='lat' dir='ltr'>praesentis</span> <span class='ocrx_word' id='word_1_1011' title='bbox 2103 1915 2208 1953; x_wconf 80' lang='lat' dir='ltr'>negotii</span> <span class='ocrx_word' id='word_1_1012' title='bbox 2223 1936 2232 1951; x_wconf 81' lang='lat'>‚</span> <span class='ocrx_word' id='word_1_1013' title='bbox 2250 1914 2284 1944; x_wconf 81' lang='lat' dir='ltr'>fi-</span> 
     </span>
     <span class='ocr_line' id='line_1_143' title="bbox 1226 1948 2282 1988; baseline 0.004 -10"><span class='ocrx_word' id='word_1_1014' title='bbox 1226 1948 1286 1978; x_wconf 83' lang='grc'><strong>111111</strong></span> <span class='ocrx_word' id='word_1_1015' title='bbox 1299 1949 1390 1979; x_wconf 90' lang='lat' dir='ltr'>modo</span> <span class='ocrx_word' id='word_1_1016' title='bbox 1400 1950 1548 1988; x_wconf 78' lang='lat' dir='ltr'>jurabunt,</span> <span class='ocrx_word' id='word_1_1017' title='bbox 1566 1950 1644 1988; x_wconf 88' lang='lat' dir='ltr'>quod</span> <span class='ocrx_word' id='word_1_1018' title='bbox 1658 1949 1774 1980; x_wconf 88' lang='lat' dir='ltr'>fideliter</span> <span class='ocrx_word' id='word_1_1019' title='bbox 1788 1960 1854 1987; x_wconf 87' lang='lat' dir='ltr'>erga</span> <span class='ocrx_word' id='word_1_1020' title='bbox 1867 1951 1979 1981; x_wconf 69' lang='lat' dir='ltr'>dietum</span> <span class='ocrx_word' id='word_1_1021' title='bbox 1994 1950 2158 1988; x_wconf 88' lang='lat' dir='ltr'>Principem</span> <span class='ocrx_word' id='word_1_1022' title='bbox 2179 1952 2282 1984; x_wconf 88' lang='lat' dir='ltr'>facient</span> 
     </span>
     <span class='ocr_line' id='line_1_144' title="bbox 1224 1986 2283 2027; baseline 0.005 -11"><span class='ocrx_word' id='word_1_1023' title='bbox 1224 1986 1306 2025; x_wconf 83' lang='lat' dir='ltr'>posse</span> <span class='ocrx_word' id='word_1_1024' title='bbox 1321 1987 1416 2026; x_wconf 86' lang='lat' dir='ltr'>suum,</span> <span class='ocrx_word' id='word_1_1025' title='bbox 1434 1989 1467 2019; x_wconf 71' lang='grc' dir='ltr'>δε</span> <span class='ocrx_word' id='word_1_1026' title='bbox 1479 1997 1596 2025; x_wconf 89' lang='lat' dir='ltr'>operam</span> <span class='ocrx_word' id='word_1_1027' title='bbox 1609 1987 1717 2019; x_wconf 89' lang='lat' dir='ltr'>dabunt</span> <span class='ocrx_word' id='word_1_1028' title='bbox 1730 1989 1807 2027; x_wconf 88' lang='lat' dir='ltr'>quod</span> <span class='ocrx_word' id='word_1_1029' title='bbox 1821 1989 1876 2027; x_wconf 91' lang='lat' dir='ltr'>ipse</span> <span class='ocrx_word' id='word_1_1030' title='bbox 1890 1988 2025 2027; x_wconf 87' lang='lat' dir='ltr'>Princeps</span> <span class='ocrx_word' id='word_1_1031' title='bbox 2044 1989 2134 2020; x_wconf 88' lang='lat' dir='ltr'>servet</span> <span class='ocrx_word' id='word_1_1032' title='bbox 2148 1990 2181 2021; x_wconf 91' lang='lat'>&amp;</span> <span class='ocrx_word' id='word_1_1033' title='bbox 2198 2000 2283 2021; x_wconf 88' lang='lat' dir='ltr'>com-</span> 
     </span>
     <span class='ocr_line' id='line_1_145' title="bbox 1226 2025 1758 2066; baseline 0.004 -12"><span class='ocrx_word' id='word_1_1034' title='bbox 1226 2025 1299 2063; x_wconf 87' lang='lat' dir='ltr'>pleat</span> <span class='ocrx_word' id='word_1_1035' title='bbox 1314 2027 1412 2056; x_wconf 87' lang='lat' dir='ltr'>omnia</span> <span class='ocrx_word' id='word_1_1036' title='bbox 1426 2027 1459 2057; x_wconf 89' lang='lat'>&amp;</span> <span class='ocrx_word' id='word_1_1037' title='bbox 1472 2026 1575 2066; x_wconf 87' lang='lat' dir='ltr'>singula</span> <span class='ocrx_word' id='word_1_1038' title='bbox 1589 2026 1758 2065; x_wconf 65' lang='lat' dir='ltr'>supradidta3</span> 
     </span>
    </p>

    <p class='ocr_par' dir='ltr' id='par_1_58' title="bbox 1226 2063 2283 2171">
     <span class='ocr_line' id='line_1_146' title="bbox 1264 2063 2283 2132; baseline 0.002 -38"><span class='ocrx_word' id='word_1_1039' title='bbox 1264 2063 1302 2094; x_wconf 86' lang='lat' dir='ltr'>Et</span> <span class='ocrx_word' id='word_1_1040' title='bbox 1316 2064 1395 2102; x_wconf 93' lang='lat' dir='ltr'>quod</span> <span class='ocrx_word' id='word_1_1041' title='bbox 1402 2074 1459 2132; x_wconf 62' lang='lat' dir='ltr'>&lt;per</span> <span class='ocrx_word' id='word_1_1042' title='bbox 1474 2074 1594 2108; x_wconf 79' lang='lat' dir='ltr'>ornnem</span> <span class='ocrx_word' id='word_1_1043' title='bbox 1609 2065 1695 2095; x_wconf 91' lang='lat' dir='ltr'>alium</span> <span class='ocrx_word' id='word_1_1044' title='bbox 1718 2064 1838 2096; x_wconf 92' lang='lat' dir='ltr'>modum</span> <span class='ocrx_word' id='word_1_1045' title='bbox 1861 2065 2063 2096; x_wconf 87' lang='lat' dir='ltr'>nichilominus</span> <span class='ocrx_word' id='word_1_1046' title='bbox 2085 2065 2189 2096; x_wconf 75' lang='lat' dir='ltr'>facient</span> <span class='ocrx_word' id='word_1_1047' title='bbox 2202 2066 2283 2104; x_wconf 85' lang='lat' dir='ltr'>posse</span> 
     </span>
     <span class='ocr_line' id='line_1_147' title="bbox 1226 2102 2283 2146; baseline 0.004 -14"><span class='ocrx_word' id='word_1_1048' title='bbox 1226 2102 1324 2146; x_wconf 84' lang='lat' dir='ltr'>suum,</span> <span class='ocrx_word' id='word_1_1049' title='bbox 1342 2113 1400 2141; x_wconf 92' lang='lat' dir='ltr'>quo</span> <span class='ocrx_word' id='word_1_1050' title='bbox 1439 2112 1538 2134; x_wconf 85' lang='lat' dir='ltr'>omnia</span> <span class='ocrx_word' id='word_1_1051' title='bbox 1559 2103 1628 2142; x_wconf 83' lang='lat' dir='ltr'>alia,</span> <span class='ocrx_word' id='word_1_1052' title='bbox 1646 2104 1679 2135; x_wconf 65' lang='grc' dir='ltr'>ὃς</span> <span class='ocrx_word' id='word_1_1053' title='bbox 1700 2103 1802 2144; x_wconf 84' lang='lat' dir='ltr'>singula</span> <span class='ocrx_word' id='word_1_1054' title='bbox 1817 2104 1995 2142; x_wconf 87' lang='lat' dir='ltr'>superscripta</span> <span class='ocrx_word' id='word_1_1055' title='bbox 2007 2104 2204 2141; x_wconf 84' lang='lat' dir='ltr'>compleantur</span> <span class='ocrx_word' id='word_1_1056' title='bbox 2216 2115 2283 2136; x_wconf 88' lang='lat' dir='ltr'>otn-</span> 
     </span>
     <span class='ocr_line' id='line_1_148' title="bbox 1227 2151 1307 2171; baseline -0.013 0"><span class='ocrx_word' id='word_1_1057' title='bbox 1227 2151 1307 2171; x_wconf 91' lang='lat' dir='ltr'>iiino.</span> 
     </span>
    </p>

    <p class='ocr_par' dir='ltr' id='par_1_59' title="bbox 1224 2178 2285 2288">
     <span class='ocr_line' id='line_1_149' title="bbox 1264 2178 2285 2218; baseline 0.003 -9"><span class='ocrx_word' id='word_1_1058' title='bbox 1264 2178 1298 2209; x_wconf 87' lang='lat' dir='ltr'>In</span> <span class='ocrx_word' id='word_1_1059' title='bbox 1317 2189 1442 2218; x_wconf 89' lang='lat' dir='ltr'>quorum</span> <span class='ocrx_word' id='word_1_1060' title='bbox 1464 2182 1596 2212; x_wconf 89' lang='lat' dir='ltr'>omnium</span> <span class='ocrx_word' id='word_1_1061' title='bbox 1616 2180 1812 2212; x_wconf 78' lang='lat' dir='ltr'>testImonium</span> <span class='ocrx_word' id='word_1_1062' title='bbox 1835 2180 1965 2218; x_wconf 85' lang='lat' dir='ltr'>praefatus</span> <span class='ocrx_word' id='word_1_1063' title='bbox 1986 2179 2121 2218; x_wconf 83' lang='lat' dir='ltr'>Princeps</span> <span class='ocrx_word' id='word_1_1064' title='bbox 2141 2180 2285 2213; x_wconf 81' lang='lat' dir='ltr'>mandavit</span> 
     </span>
     <span class='ocr_line' id='line_1_150' title="bbox 1225 2218 2285 2287; baseline 0.002 -39"><span class='ocrx_word' id='word_1_1065' title='bbox 1225 2227 1279 2287; x_wconf 47' lang='lat' dir='ltr'>pc}</span> <span class='ocrx_word' id='word_1_1066' title='bbox 1292 2228 1356 2257; x_wconf 88' lang='lat' dir='ltr'>me,</span> <span class='ocrx_word' id='word_1_1067' title='bbox 1374 2218 1577 2257; x_wconf 89' lang='lat' dir='ltr'>infrascriptum</span> <span class='ocrx_word' id='word_1_1068' title='bbox 1592 2219 1766 2258; x_wconf 90' lang='lat' dir='ltr'>Notarium,</span> <span class='ocrx_word' id='word_1_1069' title='bbox 1784 2220 1901 2257; x_wconf 82' lang='lat' dir='ltr'>praesens</span> <span class='ocrx_word' id='word_1_1070' title='bbox 1922 2218 2023 2249; x_wconf 84' lang='lat' dir='ltr'>exinde</span> <span class='ocrx_word' id='word_1_1071' title='bbox 2044 2219 2211 2257; x_wconf 85' lang='lat' dir='ltr'>pupplicum</span> <span class='ocrx_word' id='word_1_1072' title='bbox 2224 2219 2285 2250; x_wconf 85' lang='lat' dir='ltr'>fieri</span> 
     </span>
     <span class='ocr_line' id='line_1_151' title="bbox 1224 2266 1458 2288; baseline 0 -1"><span class='ocrx_word' id='word_1_1073' title='bbox 1224 2267 1253 2287; x_wconf 90' lang='lat' dir='ltr'>in</span> <span class='ocrx_word' id='word_1_1074' title='bbox 1281 2266 1458 2288; x_wconf 88' lang='lat' dir='ltr'>rumentum·</span> 
     </span>
    </p>

    <p class='ocr_par' dir='ltr' id='par_1_60' title="bbox 1226 2282 2286 2373">
     <span class='ocr_line' id='line_1_152' title="bbox 1264 2282 2286 2336; baseline 0.001 -10"><span class='ocrx_word' id='word_1_1075' title='bbox 1264 2294 1323 2326; x_wconf 91' lang='lat' dir='ltr'>Cui</span> <span class='ocrx_word' id='word_1_1076' title='bbox 1337 2295 1415 2326; x_wconf 90' lang='lat' dir='ltr'>idem</span> <span class='ocrx_word' id='word_1_1077' title='bbox 1428 2282 1563 2334; x_wconf 81' lang='lat' dir='ltr'>P&#39;rinceps</span> <span class='ocrx_word' id='word_1_1078' title='bbox 1578 2296 1697 2336; x_wconf 77' lang='lat' dir='ltr'>sigillum</span> <span class='ocrx_word' id='word_1_1079' title='bbox 1718 2296 1793 2326; x_wconf 87' lang='lat' dir='ltr'>anuli</span> <span class='ocrx_word' id='word_1_1080' title='bbox 1814 2295 1852 2326; x_wconf 91' lang='lat' dir='ltr'>sui</span> <span class='ocrx_word' id='word_1_1081' title='bbox 1867 2295 2010 2326; x_wconf 81' lang='lat' dir='ltr'>mandavit</span> <span class='ocrx_word' id='word_1_1082' title='bbox 2025 2296 2059 2326; x_wconf 88' lang='lat'>&amp;</span> <span class='ocrx_word' id='word_1_1083' title='bbox 2074 2295 2144 2327; x_wconf 87' lang='lat' dir='ltr'>fecit</span> <span class='ocrx_word' id='word_1_1084' title='bbox 2156 2296 2261 2334; x_wconf 83' lang='lat' dir='ltr'>apponi</span> <span class='ocrx_word' id='word_1_1085' title='bbox 2273 2299 2286 2335; x_wconf 84' lang='lat'>‚&#39;</span> 
     </span>
     <span class='ocr_line' id='line_1_153' title="bbox 1226 2334 2139 2373; baseline -0.002 -8"><span class='ocrx_word' id='word_1_1086' title='bbox 1226 2334 1261 2366; x_wconf 74' lang='grc' dir='ltr'>δε</span> <span class='ocrx_word' id='word_1_1087' title='bbox 1273 2335 1377 2373; x_wconf 88' lang='lat' dir='ltr'>scripsit</span> <span class='ocrx_word' id='word_1_1088' title='bbox 1393 2344 1478 2365; x_wconf 87' lang='lat' dir='ltr'>manu</span> <span class='ocrx_word' id='word_1_1089' title='bbox 1493 2336 1604 2373; x_wconf 86' lang='lat' dir='ltr'>propria</span> <span class='ocrx_word' id='word_1_1090' title='bbox 1617 2335 1731 2373; x_wconf 85' lang='lat' dir='ltr'>sequens</span> <span class='ocrx_word' id='word_1_1091' title='bbox 1746 2334 1867 2365; x_wconf 88' lang='lat' dir='ltr'>verbum</span> <span class='ocrx_word' id='word_1_1092' title='bbox 1885 2336 1974 2364; x_wconf 85' lang='lat' dir='ltr'>CRE</span> <span class='ocrx_word' id='word_1_1093' title='bbox 1983 2336 2055 2363; x_wconf 88' lang='lat' dir='ltr'>DA</span> <span class='ocrx_word' id='word_1_1094' title='bbox 2061 2337 2108 2363; x_wconf 91' lang='lat' dir='ltr'>TI</span> <span class='ocrx_word' id='word_1_1095' title='bbox 2112 2337 2139 2363; x_wconf 86' lang='lat' dir='ltr'>S.</span> 
     </span>
    </p>

    <p class='ocr_par' dir='ltr' id='par_1_61' title="bbox 1226 2372 2287 2527">
     <span class='ocr_line' id='line_1_154' title="bbox 1265 2372 2287 2412; baseline 0 -9"><span class='ocrx_word' id='word_1_1096' title='bbox 1265 2372 1320 2412; x_wconf 90' lang='lat' dir='ltr'>Et,</span> <span class='ocrx_word' id='word_1_1097' title='bbox 1339 2373 1402 2411; x_wconf 86' lang='lat' dir='ltr'>quia</span> <span class='ocrx_word' id='word_1_1098' title='bbox 1421 2374 1550 2404; x_wconf 89' lang='lat' dir='ltr'>nondum</span> <span class='ocrx_word' id='word_1_1099' title='bbox 1570 2373 1660 2404; x_wconf 67' lang='lat' dir='ltr'>dietus</span> <span class='ocrx_word' id='word_1_1100' title='bbox 1679 2373 1814 2409; x_wconf 86' lang='lat' dir='ltr'>Princeps</span> <span class='ocrx_word' id='word_1_1101' title='bbox 1835 2381 1971 2409; x_wconf 85' lang='lat' dir='ltr'>magnum</span> <span class='ocrx_word' id='word_1_1102' title='bbox 2000 2372 2118 2410; x_wconf 83' lang='lat' dir='ltr'>sigillum</span> <span class='ocrx_word' id='word_1_1103' title='bbox 2139 2372 2260 2403; x_wconf 87' lang='lat' dir='ltr'>habebat</span> <span class='ocrx_word' id='word_1_1104' title='bbox 2273 2376 2287 2411; x_wconf 89' lang='lat'>,¹</span> 
     </span>
     <span class='ocr_line' id='line_1_155' title="bbox 1227 2408 2282 2451; baseline -0.002 -9"><span class='ocrx_word' id='word_1_1105' title='bbox 1227 2410 1312 2451; x_wconf 86' lang='lat' dir='ltr'>sigilla</span> <span class='ocrx_word' id='word_1_1106' title='bbox 1331 2411 1569 2442; x_wconf 87' lang='lat' dir='ltr'>Reverendorum</span> <span class='ocrx_word' id='word_1_1107' title='bbox 1586 2411 1703 2441; x_wconf 89' lang='lat' dir='ltr'>Patrum</span> <span class='ocrx_word' id='word_1_1108' title='bbox 1717 2434 1727 2448; x_wconf 91' lang='lat'>,</span> <span class='ocrx_word' id='word_1_1109' title='bbox 1753 2409 1952 2440; x_wconf 88' lang='lat' dir='ltr'>Dominorum</span> <span class='ocrx_word' id='word_1_1110' title='bbox 1969 2409 2110 2439; x_wconf 86' lang='lat' dir='ltr'>Bonifacii</span> <span class='ocrx_word' id='word_1_1111' title='bbox 2129 2408 2282 2440; x_wconf 87' lang='lat' dir='ltr'>Ravenna-</span> 
     </span>
     <span class='ocr_line' id='line_1_156' title="bbox 1226 2447 2282 2487; baseline -0.001 -7"><span class='ocrx_word' id='word_1_1112' title='bbox 1226 2459 1290 2480; x_wconf 88' lang='lat' dir='ltr'>cen.</span> <span class='ocrx_word' id='word_1_1113' title='bbox 1309 2450 1343 2482; x_wconf 89' lang='lat'>&amp;</span> <span class='ocrx_word' id='word_1_1114' title='bbox 1363 2449 1424 2480; x_wconf 87' lang='lat' dir='ltr'>Pet.</span> <span class='ocrx_word' id='word_1_1115' title='bbox 1444 2450 1556 2481; x_wconf 83' lang='lat' dir='ltr'>Montis</span> <span class='ocrx_word' id='word_1_1116' title='bbox 1577 2450 1692 2487; x_wconf 84' lang='lat' dir='ltr'>Regalis</span> <span class='ocrx_word' id='word_1_1117' title='bbox 1713 2448 2000 2486; x_wconf 86' lang='lat' dir='ltr'>Archiepiscoporum</span> <span class='ocrx_word' id='word_1_1118' title='bbox 2015 2470 2026 2486; x_wconf 86' lang='lat'>,</span> <span class='ocrx_word' id='word_1_1119' title='bbox 2042 2447 2076 2478; x_wconf 93' lang='lat' dir='ltr'>ad</span> <span class='ocrx_word' id='word_1_1120' title='bbox 2088 2448 2226 2486; x_wconf 84' lang='lat' dir='ltr'>majorem</span> <span class='ocrx_word' id='word_1_1121' title='bbox 2241 2449 2282 2479; x_wconf 90' lang='lat' dir='ltr'>se-</span> 
     </span>
     <span class='ocr_line' id='line_1_157' title="bbox 1227 2487 1858 2527; baseline -0.005 -8"><span class='ocrx_word' id='word_1_1122' title='bbox 1227 2489 1375 2519; x_wconf 90' lang='lat' dir='ltr'>curitatem</span> <span class='ocrx_word' id='word_1_1123' title='bbox 1390 2489 1498 2527; x_wconf 79' lang='lat' dir='ltr'>rogavit</span> <span class='ocrx_word' id='word_1_1124' title='bbox 1513 2489 1547 2519; x_wconf 91' lang='lat'>&amp;</span> <span class='ocrx_word' id='word_1_1125' title='bbox 1562 2488 1721 2526; x_wconf 87' lang='lat' dir='ltr'>procuravit</span> <span class='ocrx_word' id='word_1_1126' title='bbox 1734 2487 1858 2524; x_wconf 71' lang='lat' dir='ltr'>app0n13</span> 
     </span>
    </p>

    <p class='ocr_par' dir='ltr' id='par_1_62' title="bbox 1225 2523 2282 2634">
     <span class='ocr_line' id='line_1_158' title="bbox 1265 2523 2282 2564; baseline -0.001 -8"><span class='ocrx_word' id='word_1_1127' title='bbox 1265 2526 1327 2564; x_wconf 79' lang='lat' dir='ltr'>Qui</span> <span class='ocrx_word' id='word_1_1128' title='bbox 1343 2527 1457 2564; x_wconf 84' lang='lat' dir='ltr'>quidem</span> <span class='ocrx_word' id='word_1_1129' title='bbox 1472 2527 1599 2564; x_wconf 63' lang='lat' dir='ltr'>praedicti</span> <span class='ocrx_word' id='word_1_1130' title='bbox 1613 2526 1737 2556; x_wconf 91' lang='lat' dir='ltr'>Domini</span> <span class='ocrx_word' id='word_1_1131' title='bbox 1751 2524 1980 2563; x_wconf 86' lang='lat' dir='ltr'>Archiepiscopi,</span> <span class='ocrx_word' id='word_1_1132' title='bbox 1995 2523 2030 2554; x_wconf 91' lang='lat' dir='ltr'>ad</span> <span class='ocrx_word' id='word_1_1133' title='bbox 2066 2534 2143 2556; x_wconf 87' lang='lat' dir='ltr'>reces</span> <span class='ocrx_word' id='word_1_1134' title='bbox 2157 2524 2282 2555; x_wconf 85' lang='lat' dir='ltr'>e&#39;usdem</span> 
     </span>
     <span class='ocr_line' id='line_1_159' title="bbox 1225 2562 2279 2602; baseline 0 -8"><span class='ocrx_word' id='word_1_1135' title='bbox 1225 2563 1363 2602; x_wconf 86' lang='lat' dir='ltr'>Principis</span> <span class='ocrx_word' id='word_1_1136' title='bbox 1377 2589 1387 2602; x_wconf 90' lang='lat'>,</span> <span class='ocrx_word' id='word_1_1137' title='bbox 1419 2565 1536 2602; x_wconf 72' lang='lat' dir='ltr'>praesens</span> <span class='ocrx_word' id='word_1_1138' title='bbox 1564 2564 1731 2602; x_wconf 87' lang='lat' dir='ltr'>pupplicum</span> <span class='ocrx_word' id='word_1_1139' title='bbox 1751 2562 1971 2593; x_wconf 89' lang='lat' dir='ltr'>instrumentum</span> <span class='ocrx_word' id='word_1_1140' title='bbox 1990 2562 2048 2602; x_wconf 82' lang='lat' dir='ltr'>sigil</span> <span class='ocrx_word' id='word_1_1141' title='bbox 2059 2573 2143 2594; x_wconf 90' lang='lat' dir='ltr'>orum</span> <span class='ocrx_word' id='word_1_1142' title='bbox 2176 2573 2279 2595; x_wconf 88' lang='lat' dir='ltr'>uorum</span> 
     </span>
     <span class='ocr_line' id='line_1_160' title="bbox 1225 2604 1608 2634; baseline 0 -2"><span class='ocrx_word' id='word_1_1143' title='bbox 1225 2604 1383 2633; x_wconf 89' lang='lat' dir='ltr'>munimine</span> <span class='ocrx_word' id='word_1_1144' title='bbox 1396 2604 1608 2634; x_wconf 87' lang='lat' dir='ltr'>roboraverunt.</span> 
     </span>
    </p>

    <p class='ocr_par' dir='ltr' id='par_1_63' title="bbox 1226 2639 2281 2750">
     <span class='ocr_line' id='line_1_161' title="bbox 1263 2639 2278 2683; baseline -0.002 -12"><span class='ocrx_word' id='word_1_1145' title='bbox 1263 2640 1302 2672; x_wconf 91' lang='lat' dir='ltr'>Et</span> <span class='ocrx_word' id='word_1_1146' title='bbox 1323 2641 1467 2671; x_wconf 91' lang='lat' dir='ltr'>sciendum</span> <span class='ocrx_word' id='word_1_1147' title='bbox 1489 2640 1530 2671; x_wconf 91' lang='lat' dir='ltr'>est</span> <span class='ocrx_word' id='word_1_1148' title='bbox 1553 2640 1631 2679; x_wconf 89' lang='lat' dir='ltr'>quod</span> <span class='ocrx_word' id='word_1_1149' title='bbox 1651 2640 1770 2677; x_wconf 86' lang='lat' dir='ltr'>superius</span> <span class='ocrx_word' id='word_1_1150' title='bbox 1791 2641 1819 2669; x_wconf 94' lang='lat' dir='ltr'>in</span> <span class='ocrx_word' id='word_1_1151' title='bbox 1836 2648 1871 2675; x_wconf 93' lang='lat'>17</span> <span class='ocrx_word' id='word_1_1152' title='bbox 1900 2639 1971 2669; x_wconf 89' lang='lat' dir='ltr'>linea</span> <span class='ocrx_word' id='word_1_1153' title='bbox 1985 2639 2034 2669; x_wconf 89' lang='lat' dir='ltr'>ubi</span> <span class='ocrx_word' id='word_1_1154' title='bbox 2050 2639 2149 2683; x_wconf 82' lang='lat' dir='ltr'>legitur</span> <span class='ocrx_word' id='word_1_1155' title='bbox 2164 2639 2278 2677; x_wconf 89' lang='lat' dir='ltr'>(instru-</span> 
     </span>
     <span class='ocr_line' id='line_1_162' title="bbox 1226 2677 2281 2718; baseline 0 -9"><span class='ocrx_word' id='word_1_1156' title='bbox 1226 2680 1327 2710; x_wconf 88' lang='lat' dir='ltr'>mentis</span> <span class='ocrx_word' id='word_1_1157' title='bbox 1339 2680 1473 2718; x_wconf 83' lang='lat' dir='ltr'>pupplicis</span> <span class='ocrx_word' id='word_1_1158' title='bbox 1488 2679 1604 2717; x_wconf 91' lang='lat' dir='ltr'>scriptis)</span> <span class='ocrx_word' id='word_1_1159' title='bbox 1620 2678 1727 2709; x_wconf 87' lang='lat' dir='ltr'>Rasum</span> <span class='ocrx_word' id='word_1_1160' title='bbox 1747 2678 1799 2709; x_wconf 89' lang='lat' dir='ltr'>fuit</span> <span class='ocrx_word' id='word_1_1161' title='bbox 1820 2687 1869 2716; x_wconf 89' lang='lat' dir='ltr'>per</span> <span class='ocrx_word' id='word_1_1162' title='bbox 1884 2687 1947 2715; x_wconf 86' lang='lat' dir='ltr'>me,</span> <span class='ocrx_word' id='word_1_1163' title='bbox 1964 2677 2169 2718; x_wconf 78' lang='lat' dir='ltr'>infrascriptum</span> <span class='ocrx_word' id='word_1_1164' title='bbox 2183 2678 2281 2709; x_wconf 88' lang='lat' dir='ltr'>Nota-</span> 
     </span>
     <span class='ocr_line' id='line_1_163' title="bbox 1227 2718 1532 2750; baseline 0.003 -2"><span class='ocrx_word' id='word_1_1165' title='bbox 1227 2719 1299 2748; x_wconf 91' lang='lat' dir='ltr'>rium</span> <span class='ocrx_word' id='word_1_1166' title='bbox 1313 2719 1346 2749; x_wconf 87' lang='lat'>&amp;</span> <span class='ocrx_word' id='word_1_1167' title='bbox 1361 2718 1532 2750; x_wconf 67' lang='lat' dir='ltr'>corretstum.</span> 
     </span>
    </p>
   </div>
   <div class='ocr_carea' id='block_1_22' title="bbox 1225 2791 2283 2949">
    <p class='ocr_par' dir='ltr' id='par_1_64' title="bbox 1225 2791 2283 2949">
     <span class='ocr_line' id='line_1_164' title="bbox 1264 2791 2283 2832; baseline -0.005 -5"><span class='ocrx_word' id='word_1_1168' title='bbox 1264 2796 1373 2827; x_wconf 62' lang='lat' dir='ltr'>Adtum</span> <span class='ocrx_word' id='word_1_1169' title='bbox 1393 2794 1466 2832; x_wconf 88' lang='lat' dir='ltr'>apud</span> <span class='ocrx_word' id='word_1_1170' title='bbox 1488 2794 1646 2824; x_wconf 87' lang='lat' dir='ltr'>Oleronem</span> <span class='ocrx_word' id='word_1_1171' title='bbox 1665 2793 1694 2822; x_wconf 87' lang='lat' dir='ltr'>in</span> <span class='ocrx_word' id='word_1_1172' title='bbox 1714 2793 1803 2824; x_wconf 87' lang='lat' dir='ltr'>Bearn</span> <span class='ocrx_word' id='word_1_1173' title='bbox 1819 2816 1829 2831; x_wconf 93' lang='lat'>,</span> <span class='ocrx_word' id='word_1_1174' title='bbox 1855 2803 1931 2823; x_wconf 88' lang='lat' dir='ltr'>anno</span> <span class='ocrx_word' id='word_1_1175' title='bbox 1953 2793 1968 2822; x_wconf 75' lang='lat' dir='ltr'>a</span> <span class='ocrx_word' id='word_1_1176' title='bbox 1982 2791 2141 2823; x_wconf 87' lang='lat' dir='ltr'>Nativitate</span> <span class='ocrx_word' id='word_1_1177' title='bbox 2159 2792 2283 2823; x_wconf 88' lang='lat' dir='ltr'>Domini</span> 
     </span>
     <span class='ocr_line' id='line_1_165' title="bbox 1230 2830 2282 2868; baseline -0.004 -4"><span class='ocrx_word' id='word_1_1178' title='bbox 1230 2835 1313 2865; x_wconf 85' lang='lat'>1288.</span> <span class='ocrx_word' id='word_1_1179' title='bbox 1338 2833 1498 2865; x_wconf 68' lang='lat' dir='ltr'>Indictione</span> <span class='ocrx_word' id='word_1_1180' title='bbox 1516 2832 1635 2863; x_wconf 90' lang='lat' dir='ltr'>secunda</span> <span class='ocrx_word' id='word_1_1181' title='bbox 1648 2852 1658 2868; x_wconf 87' lang='lat'>‚</span> <span class='ocrx_word' id='word_1_1182' title='bbox 1683 2830 1869 2862; x_wconf 73' lang='lat' dir='ltr'>pontificatus</span> <span class='ocrx_word' id='word_1_1183' title='bbox 1891 2831 2013 2861; x_wconf 90' lang='lat' dir='ltr'>Domini</span> <span class='ocrx_word' id='word_1_1184' title='bbox 2035 2830 2174 2861; x_wconf 87' lang='lat' dir='ltr'>Nicholai</span> <span class='ocrx_word' id='word_1_1185' title='bbox 2197 2831 2282 2868; x_wconf 80' lang='lat' dir='ltr'>Papae</span> 
     </span>
     <span class='ocr_line' id='line_1_166' title="bbox 1225 2868 2280 2910; baseline -0.004 -8"><span class='ocrx_word' id='word_1_1186' title='bbox 1225 2882 1253 2910; x_wconf 93' lang='lat'>4.</span> <span class='ocrx_word' id='word_1_1187' title='bbox 1273 2883 1346 2903; x_wconf 90' lang='lat' dir='ltr'>anno</span> <span class='ocrx_word' id='word_1_1188' title='bbox 1362 2873 1456 2909; x_wconf 89' lang='lat' dir='ltr'>primo</span> <span class='ocrx_word' id='word_1_1189' title='bbox 1470 2894 1480 2909; x_wconf 87' lang='lat'>,</span> <span class='ocrx_word' id='word_1_1190' title='bbox 1505 2872 1582 2901; x_wconf 86' lang='lat' dir='ltr'>tertia</span> <span class='ocrx_word' id='word_1_1191' title='bbox 1603 2869 1648 2899; x_wconf 89' lang='lat' dir='ltr'>die</span> <span class='ocrx_word' id='word_1_1192' title='bbox 1670 2870 1789 2901; x_wconf 86' lang='lat' dir='ltr'>intrante</span> <span class='ocrx_word' id='word_1_1193' title='bbox 1806 2870 1901 2900; x_wconf 87' lang='lat' dir='ltr'>mense</span> <span class='ocrx_word' id='word_1_1194' title='bbox 1912 2869 2097 2908; x_wconf 88' lang='lat' dir='ltr'>Novembri,</span> <span class='ocrx_word' id='word_1_1195' title='bbox 2115 2870 2144 2899; x_wconf 93' lang='lat' dir='ltr'>in</span> <span class='ocrx_word' id='word_1_1196' title='bbox 2157 2868 2280 2899; x_wconf 83' lang='lat' dir='ltr'>Camera</span> 
     </span>
     <span class='ocr_line' id='line_1_167' title="bbox 1227 2907 1722 2949; baseline -0.01 -7"><span class='ocrx_word' id='word_1_1197' title='bbox 1227 2911 1350 2942; x_wconf 84' lang='lat' dir='ltr'>Domini</span> <span class='ocrx_word' id='word_1_1198' title='bbox 1364 2909 1452 2949; x_wconf 88' lang='lat' dir='ltr'>Regis</span> <span class='ocrx_word' id='word_1_1199' title='bbox 1464 2909 1574 2948; x_wconf 76' lang='lat' dir='ltr'>Angliae</span> <span class='ocrx_word' id='word_1_1200' title='bbox 1587 2907 1722 2947; x_wconf 78' lang='lat' dir='ltr'>faepefati,</span> 
     </span>
    </p>
   </div>
   <div class='ocr_carea' id='block_1_23' title="bbox 1262 2983 1820 3022">
    <p class='ocr_par' dir='ltr' id='par_1_65' title="bbox 1262 2983 1820 3022">
     <span class='ocr_line' id='line_1_168' title="bbox 1262 2983 1820 3022; baseline -0.009 -4"><span class='ocrx_word' id='word_1_1201' title='bbox 1262 2986 1446 3018; x_wconf 81' lang='lat' dir='ltr'>Praesentibus</span> <span class='ocrx_word' id='word_1_1202' title='bbox 1461 2984 1665 3017; x_wconf 89' lang='lat' dir='ltr'>venerabilibus</span> <span class='ocrx_word' id='word_1_1203' title='bbox 1676 2983 1803 3015; x_wconf 83' lang='lat' dir='ltr'>Patribus</span> <span class='ocrx_word' id='word_1_1204' title='bbox 1810 3006 1820 3022; x_wconf 89' lang='lat'>,</span> 
     </span>
    </p>
   </div>
   <div class='ocr_carea' id='block_1_24' title="bbox 1256 3057 2072 3409">
    <p class='ocr_par' dir='ltr' id='par_1_66' title="bbox 1260 3057 1964 3141">
     <span class='ocr_line' id='line_1_169' title="bbox 1261 3057 1964 3100; baseline -0.009 -6"><span class='ocrx_word' id='word_1_1205' title='bbox 1261 3066 1384 3094; x_wconf 86' lang='lat' dir='ltr'>Dominis</span> <span class='ocrx_word' id='word_1_1206' title='bbox 1403 3065 1485 3092; x_wconf 83' lang='lat' dir='ltr'>Petro</span> <span class='ocrx_word' id='word_1_1207' title='bbox 1502 3060 1703 3100; x_wconf 77' lang='lat' dir='ltr'>Archiepiscopo</span> <span class='ocrx_word' id='word_1_1208' title='bbox 1718 3063 1825 3090; x_wconf 87' lang='lat' dir='ltr'>Montis</span> <span class='ocrx_word' id='word_1_1209' title='bbox 1838 3057 1964 3096; x_wconf 86' lang='lat' dir='ltr'>Regalis,</span> 
     </span>
     <span class='ocr_line' id='line_1_170' title="bbox 1260 3099 1614 3141; baseline -0.011 -10"><span class='ocrx_word' id='word_1_1210' title='bbox 1260 3102 1411 3141; x_wconf 82' lang='lat' dir='ltr'>Reymundo</span> <span class='ocrx_word' id='word_1_1211' title='bbox 1428 3103 1557 3139; x_wconf 84' lang='lat' dir='ltr'>Vapicen,</span> <span class='ocrx_word' id='word_1_1212' title='bbox 1575 3099 1614 3133; x_wconf 67' lang='grc' dir='ltr'>ὠ·</span> 
     </span>
    </p>

    <p class='ocr_par' dir='ltr' id='par_1_67' title="bbox 1256 3135 2072 3255">
     <span class='ocr_line' id='line_1_171' title="bbox 1259 3135 1952 3174; baseline -0.009 -5"><span class='ocrx_word' id='word_1_1213' title='bbox 1259 3140 1375 3169; x_wconf 87' lang='lat' dir='ltr'>Roberto</span> <span class='ocrx_word' id='word_1_1214' title='bbox 1388 3139 1551 3168; x_wconf 82' lang='lat' dir='ltr'>Bathonien.</span> <span class='ocrx_word' id='word_1_1215' title='bbox 1571 3136 1609 3172; x_wconf 84' lang='lat'><em>&amp;</em></span> <span class='ocrx_word' id='word_1_1216' title='bbox 1624 3136 1736 3166; x_wconf 79' lang='lat' dir='ltr'>Wllen.</span> <span class='ocrx_word' id='word_1_1217' title='bbox 1753 3135 1900 3174; x_wconf 73' lang='lat' dir='ltr'>Epifiopis3</span> <span class='ocrx_word' id='word_1_1218' title='bbox 1921 3145 1952 3163; x_wconf 89' lang='lat' dir='ltr'>ac</span> 
     </span>
     <span class='ocr_line' id='line_1_172' title="bbox 1259 3174 2072 3214; baseline -0.005 -6"><span class='ocrx_word' id='word_1_1219' title='bbox 1259 3177 1417 3208; x_wconf 90' lang='lat' dir='ltr'>Nobilibus</span> <span class='ocrx_word' id='word_1_1220' title='bbox 1432 3177 1506 3207; x_wconf 89' lang='lat' dir='ltr'>Viris</span> <span class='ocrx_word' id='word_1_1221' title='bbox 1520 3176 1656 3206; x_wconf 86' lang='lat' dir='ltr'>Dominis</span> <span class='ocrx_word' id='word_1_1222' title='bbox 1669 3174 1784 3214; x_wconf 82' lang='lat' dir='ltr'>Gastone</span> <span class='ocrx_word' id='word_1_1223' title='bbox 1796 3176 1950 3204; x_wconf 81' lang='lat' dir='ltr'>Vicecomite</span> <span class='ocrx_word' id='word_1_1224' title='bbox 1963 3175 2072 3213; x_wconf 82' lang='lat' dir='ltr'>Bearn,</span> 
     </span>
     <span class='ocr_line' id='line_1_173' title="bbox 1256 3214 1543 3255; baseline -0.003 -10"><span class='ocrx_word' id='word_1_1225' title='bbox 1256 3216 1389 3255; x_wconf 82' lang='lat' dir='ltr'>Johanne</span> <span class='ocrx_word' id='word_1_1226' title='bbox 1404 3217 1436 3246; x_wconf 81' lang='lat' dir='ltr'>de</span> <span class='ocrx_word' id='word_1_1227' title='bbox 1449 3214 1525 3254; x_wconf 82' lang='lat' dir='ltr'>Vescy</span> <span class='ocrx_word' id='word_1_1228' title='bbox 1533 3238 1543 3252; x_wconf 91' lang='lat'>,</span> 
     </span>
    </p>

    <p class='ocr_par' dir='ltr' id='par_1_68' title="bbox 1258 3256 1586 3285">
     <span class='ocr_line' id='line_1_174' title="bbox 1258 3256 1586 3285; baseline -0.009 -1"><span class='ocrx_word' id='word_1_1229' title='bbox 1258 3258 1378 3285; x_wconf 75' lang='lat' dir='ltr'>Ricauno</span> <span class='ocrx_word' id='word_1_1230' title='bbox 1390 3256 1422 3284; x_wconf 87' lang='lat' dir='ltr'>de</span> <span class='ocrx_word' id='word_1_1231' title='bbox 1436 3257 1586 3283; x_wconf 75' lang='lat' dir='ltr'>Lamenon.</span> 
     </span>
    </p>

    <p class='ocr_par' dir='ltr' id='par_1_69' title="bbox 1261 3290 1594 3330">
     <span class='ocr_line' id='line_1_175' title="bbox 1261 3290 1594 3330; baseline -0.012 -7"><span class='ocrx_word' id='word_1_1232' title='bbox 1261 3296 1425 3330; x_wconf 78' lang='lat' dir='ltr'>Berengario</span> <span class='ocrx_word' id='word_1_1233' title='bbox 1439 3290 1594 3321; x_wconf 79' lang='lat' dir='ltr'>Gantelinir</span> 
     </span>
    </p>

    <p class='ocr_par' dir='ltr' id='par_1_70' title="bbox 1262 3314 1703 3365">
     <span class='ocr_line' id='line_1_176' title="bbox 1262 3314 1703 3365; baseline -0.011 -4"><span class='ocrx_word' id='word_1_1234' title='bbox 1262 3331 1378 3361; x_wconf 76' lang='lat' dir='ltr'>Matheo</span> <span class='ocrx_word' id='word_1_1235' title='bbox 1392 3332 1424 3361; x_wconf 79' lang='lat' dir='ltr'>de</span> <span class='ocrx_word' id='word_1_1236' title='bbox 1439 3331 1534 3360; x_wconf 76' lang='lat' dir='ltr'>Adria</span> <span class='ocrx_word' id='word_1_1237' title='bbox 1549 3314 1703 3365; x_wconf 67' lang='lat' dir='ltr'>Militibu55</span> 
     </span>
    </p>

    <p class='ocr_par' dir='ltr' id='par_1_71' title="bbox 1260 3364 2002 3409">
     <span class='ocr_line' id='line_1_177' title="bbox 1260 3364 2002 3409; baseline -0.008 -9"><span class='ocrx_word' id='word_1_1238' title='bbox 1260 3368 1401 3409; x_wconf 81' lang='lat' dir='ltr'>Magistris</span> <span class='ocrx_word' id='word_1_1239' title='bbox 1415 3371 1457 3400; x_wconf 90' lang='lat' dir='ltr'><em>W</em></span> <span class='ocrx_word' id='word_1_1240' title='bbox 1457 3366 1563 3398; x_wconf 83' lang='lat' dir='ltr'>illielmo</span> <span class='ocrx_word' id='word_1_1241' title='bbox 1576 3367 1608 3396; x_wconf 88' lang='lat' dir='ltr'>de</span> <span class='ocrx_word' id='word_1_1242' title='bbox 1620 3367 1721 3404; x_wconf 76' lang='lat' dir='ltr'>Lada,</span> <span class='ocrx_word' id='word_1_1243' title='bbox 1738 3365 1856 3395; x_wconf 83' lang='lat' dir='ltr'>Archid.</span> <span class='ocrx_word' id='word_1_1244' title='bbox 1875 3364 2002 3395; x_wconf 70' lang='lat' dir='ltr'>Dunelm,</span> 
     </span>
    </p>
   </div>
   <div class='ocr_carea' id='block_1_25' title="bbox 1259 3403 1982 3524">
    <p class='ocr_par' dir='ltr' id='par_1_72' title="bbox 1259 3403 1982 3524">
     <span class='ocr_line' id='line_1_178' title="bbox 1259 3403 1982 3474; baseline -0.007 -36"><span class='ocrx_word' id='word_1_1245' title='bbox 1259 3407 1390 3446; x_wconf 86' lang='lat' dir='ltr'>Johanne</span> <span class='ocrx_word' id='word_1_1246' title='bbox 1402 3409 1435 3438; x_wconf 86' lang='lat' dir='ltr'>de</span> <span class='ocrx_word' id='word_1_1247' title='bbox 1448 3405 1534 3474; x_wconf 46' lang='lat' dir='ltr'>Layscy</span> <span class='ocrx_word' id='word_1_1248' title='bbox 1548 3404 1715 3435; x_wconf 76' lang='lat' dir='ltr'>cancellario</span> <span class='ocrx_word' id='word_1_1249' title='bbox 1730 3403 1853 3444; x_wconf 71' lang='lat' dir='ltr'>Ecclefiae</span> <span class='ocrx_word' id='word_1_1250' title='bbox 1871 3403 1982 3444; x_wconf 74' lang='lat' dir='ltr'>Cycestr.</span> 
     </span>
     <span class='ocr_line' id='line_1_179' title="bbox 1259 3446 1513 3485; baseline -0.004 -9"><span class='ocrx_word' id='word_1_1251' title='bbox 1259 3446 1390 3485; x_wconf 83' lang='lat' dir='ltr'>Johanne</span> <span class='ocrx_word' id='word_1_1252' title='bbox 1406 3449 1484 3476; x_wconf 76' lang='lat' dir='ltr'>Low</span> <span class='ocrx_word' id='word_1_1253' title='bbox 1504 3468 1513 3483; x_wconf 84' lang='lat'>‚</span> 
     </span>
     <span class='ocr_line' id='line_1_180' title="bbox 1259 3483 1558 3524; baseline -0.013 -9"><span class='ocrx_word' id='word_1_1254' title='bbox 1259 3485 1360 3515; x_wconf 88' lang='lat' dir='ltr'>Adam</span> <span class='ocrx_word' id='word_1_1255' title='bbox 1375 3485 1407 3514; x_wconf 86' lang='lat' dir='ltr'>de</span> <span class='ocrx_word' id='word_1_1256' title='bbox 1419 3483 1558 3524; x_wconf 85' lang='lat' dir='ltr'>DuJstaco,</span> 
     </span>
    </p>
   </div>
   <div class='ocr_carea' id='block_1_26' title="bbox 1222 3552 2278 3711">
    <p class='ocr_par' dir='ltr' id='par_1_73' title="bbox 1222 3552 2278 3711">
     <span class='ocr_line' id='line_1_181' title="bbox 1259 3552 2173 3595; baseline -0.011 -2"><span class='ocrx_word' id='word_1_1257' title='bbox 1259 3561 1298 3592; x_wconf 88' lang='lat' dir='ltr'>Et</span> <span class='ocrx_word' id='word_1_1258' title='bbox 1310 3560 1451 3593; x_wconf 87' lang='lat' dir='ltr'>nonnullis</span> <span class='ocrx_word' id='word_1_1259' title='bbox 1463 3558 1598 3590; x_wconf 88' lang='lat' dir='ltr'>Testibus</span> <span class='ocrx_word' id='word_1_1260' title='bbox 1613 3558 1648 3589; x_wconf 87' lang='lat' dir='ltr'>ad</span> <span class='ocrx_word' id='word_1_1261' title='bbox 1662 3558 1719 3589; x_wconf 88' lang='lat' dir='ltr'>hoc</span> <span class='ocrx_word' id='word_1_1262' title='bbox 1731 3558 1840 3590; x_wconf 85' lang='lat' dir='ltr'>vocatis</span> <span class='ocrx_word' id='word_1_1263' title='bbox 1852 3555 2002 3595; x_wconf 86' lang='lat' dir='ltr'>specialiter</span> <span class='ocrx_word' id='word_1_1264' title='bbox 2016 3555 2049 3586; x_wconf 91' lang='lat'>&amp;</span> <span class='ocrx_word' id='word_1_1265' title='bbox 2062 3552 2173 3593; x_wconf 79' lang='lat' dir='ltr'>rogatis.</span> 
     </span>
     <span class='ocr_line' id='line_1_182' title="bbox 1258 3627 2277 3678; baseline -0.011 -9"><span class='ocrx_word' id='word_1_1266' title='bbox 1258 3638 1295 3669; x_wconf 91' lang='lat' dir='ltr'>Et</span> <span class='ocrx_word' id='word_1_1267' title='bbox 1308 3648 1363 3678; x_wconf 82' lang='lat' dir='ltr'>ego</span> <span class='ocrx_word' id='word_1_1268' title='bbox 1373 3637 1516 3676; x_wconf 88' lang='lat' dir='ltr'>Johannes</span> <span class='ocrx_word' id='word_1_1269' title='bbox 1536 3634 1630 3665; x_wconf 87' lang='lat' dir='ltr'>Erturi</span> <span class='ocrx_word' id='word_1_1270' title='bbox 1649 3634 1686 3665; x_wconf 91' lang='lat' dir='ltr'>de</span> <span class='ocrx_word' id='word_1_1271' title='bbox 1706 3633 1855 3677; x_wconf 33' lang='lat' dir='ltr'>Cadamo&#39;,</span> <span class='ocrx_word' id='word_1_1272' title='bbox 1876 3629 2143 3675; x_wconf 38' lang='lat' dir='ltr'>Apostolicae&#39;Sedis</span> <span class='ocrx_word' id='word_1_1273' title='bbox 2154 3627 2277 3673; x_wconf 59' lang='lat' dir='ltr'>audieri-</span> 
     </span>
     <span class='ocr_line' id='line_1_183' title="bbox 1222 3667 2278 3711; baseline -0.013 -2"><span class='ocrx_word' id='word_1_1274' title='bbox 1222 3686 1277 3709; x_wconf 88' lang='lat' dir='ltr'>tate</span> <span class='ocrx_word' id='word_1_1275' title='bbox 1291 3676 1427 3708; x_wconf 87' lang='lat' dir='ltr'>Notarius</span> <span class='ocrx_word' id='word_1_1276' title='bbox 1440 3673 1608 3711; x_wconf 87' lang='lat' dir='ltr'>Pupplicus,</span> <span class='ocrx_word' id='word_1_1277' title='bbox 1624 3673 1675 3703; x_wconf 89' lang='lat' dir='ltr'>hiis</span> <span class='ocrx_word' id='word_1_1278' title='bbox 1686 3673 1821 3702; x_wconf 88' lang='lat' dir='ltr'>omnibus</span> <span class='ocrx_word' id='word_1_1279' title='bbox 1834 3670 1963 3707; x_wconf 87' lang='lat' dir='ltr'>interfui,</span> <span class='ocrx_word' id='word_1_1280' title='bbox 1972 3678 2082 3706; x_wconf 86' lang='lat' dir='ltr'>propria</span> <span class='ocrx_word' id='word_1_1281' title='bbox 2095 3676 2179 3698; x_wconf 88' lang='lat' dir='ltr'>manu</span> <span class='ocrx_word' id='word_1_1282' title='bbox 2192 3667 2278 3705; x_wconf 90' lang='lat' dir='ltr'>scrip-</span> 
     </span>
    </p>
   </div>
   <div class='ocr_carea' id='block_1_27' title="bbox 1223 3706 2278 3788">
    <p class='ocr_par' dir='ltr' id='par_1_74' title="bbox 1223 3706 2278 3788">
     <span class='ocr_line' id='line_1_184' title="bbox 1226 3706 2278 3755; baseline -0.01 -9"><span class='ocrx_word' id='word_1_1283' title='bbox 1226 3716 1260 3755; x_wconf 86' lang='lat' dir='ltr'>si,</span> <span class='ocrx_word' id='word_1_1284' title='bbox 1279 3716 1331 3754; x_wconf 90' lang='lat'>&amp;,</span> <span class='ocrx_word' id='word_1_1285' title='bbox 1347 3714 1382 3744; x_wconf 87' lang='lat' dir='ltr'>ad</span> <span class='ocrx_word' id='word_1_1286' title='bbox 1397 3713 1554 3751; x_wconf 88' lang='lat' dir='ltr'>pleniorem</span> <span class='ocrx_word' id='word_1_1287' title='bbox 1569 3710 1739 3754; x_wconf 82' lang='lat' dir='ltr'>evidentiam</span> <span class='ocrx_word' id='word_1_1288' title='bbox 1760 3708 1967 3750; x_wconf 76' lang='lat' dir='ltr'>praemissorum</span> <span class='ocrx_word' id='word_1_1289' title='bbox 1986 3714 2115 3746; x_wconf 85' lang='lat' dir='ltr'>rogatus,</span> <span class='ocrx_word' id='word_1_1290' title='bbox 2138 3706 2197 3737; x_wconf 84' lang='lat' dir='ltr'>mei</span> <span class='ocrx_word' id='word_1_1291' title='bbox 2208 3706 2278 3746; x_wconf 84' lang='lat' dir='ltr'>signi</span> 
     </span>
     <span class='ocr_line' id='line_1_185' title="bbox 1223 3746 1954 3788; baseline -0.014 -3"><span class='ocrx_word' id='word_1_1292' title='bbox 1223 3754 1403 3785; x_wconf 88' lang='lat' dir='ltr'>annotatione</span> <span class='ocrx_word' id='word_1_1293' title='bbox 1416 3752 1445 3781; x_wconf 91' lang='lat' dir='ltr'>in</span> <span class='ocrx_word' id='word_1_1294' title='bbox 1459 3751 1531 3781; x_wconf 89' lang='lat' dir='ltr'>hanc</span> <span class='ocrx_word' id='word_1_1295' title='bbox 1544 3749 1705 3788; x_wconf 84' lang='lat' dir='ltr'>pupphcam</span> <span class='ocrx_word' id='word_1_1296' title='bbox 1717 3749 1841 3780; x_wconf 83' lang='lat' dir='ltr'>formam</span> <span class='ocrx_word' id='word_1_1297' title='bbox 1855 3746 1954 3785; x_wconf 85' lang='lat' dir='ltr'>redegi.</span> 
     </span>
    </p>
   </div>
   <div class='ocr_carea' id='block_1_28' title="bbox 2234 4047 2286 4073">
    <p class='ocr_par' dir='ltr' id='par_1_75' title="bbox 2234 4047 2286 4073">
     <span class='ocr_line' id='line_1_186' title="bbox 2234 4047 2286 4073; baseline -0.019 0"><span class='ocrx_word' id='word_1_1298' title='bbox 2234 4047 2286 4073; x_wconf 69' lang='lat' dir='ltr'>Re⁴</span> 
     </span>
    </p>
   </div>
   <div class='ocr_carea' id='block_1_29' title="bbox 2305 229 2432 336">
    <p class='ocr_par' dir='ltr' id='par_1_76' title="bbox 2305 229 2432 336">
     <span class='ocr_line' id='line_1_187' title="bbox 2307 229 2432 261; baseline 0 -1"><span class='ocrx_word' id='word_1_1299' title='bbox 2307 229 2381 260; x_wconf 84' lang='lat' dir='ltr'>Anii.</span> <span class='ocrx_word' id='word_1_1300' title='bbox 2393 229 2432 261; x_wconf 46' lang='lat' dir='ltr'>Di</span> 
     </span>
     <span class='ocr_line' id='line_1_188' title="bbox 2326 269 2409 299; baseline 0.012 -1"><span class='ocrx_word' id='word_1_1301' title='bbox 2326 269 2409 299; x_wconf 79' lang='lat'>1288.</span> 
     </span>
     <span class='ocr_line' id='line_1_189' title="bbox 2305 310 2418 336; baseline 0 -2"><span class='ocrx_word' id='word_1_1302' title='bbox 2305 310 2371 336; x_wconf 76' lang='lat' dir='ltr'><em>Edv.</em></span> <span class='ocrx_word' id='word_1_1303' title='bbox 2396 317 2418 334; x_wconf 86' lang='lat' dir='ltr'>i.</span> 
     </span>
    </p>
   </div>
   <div class='ocr_carea' id='block_1_30' title="bbox 2304 1367 2434 1404">
    <p class='ocr_par' dir='ltr' id='par_1_77' title="bbox 2304 1367 2434 1404">
     <span class='ocr_line' id='line_1_190' title="bbox 2304 1367 2434 1404; baseline 0 -9"><span class='ocrx_word' id='word_1_1304' title='bbox 2304 1367 2434 1404; x_wconf 58' lang='lat'>*11392-</span> 
     </span>
    </p>
   </div>
  </div>
 </body>
</html>
