2570 4261
0 242 96 276 st

0 268 80 322 1352.
97 266 104 273 ·

0 322 42 350 dv.
57 329 82 349 ι.

0 1465 42 1490 nn.
63 1456 104 1492 D.

0 1507 77 1537 [302.

0 1540 77 1572 πμ),

19 1584 41 1603 1.

0 1616 79 1641 :Au-

0 1660 28 1685 fr.

0 2038 97 2072 ‡1.904.

0 3484 80 3540 '¹30²-

0 3542 83 3575 Tn.30,

0 3597 84 3643 xiia.

0 3662 43 3690 'g'-

566 181 694 225 ET
803 185 1122 228 ACTA

156 262 192 295 Et
213 267 296 297 etiam
319 276 370 306 pro
386 267 437 298 illis
452 268 555 305 viginti
575 268 654 298 doliis
675 270 751 308 vini,
770 278 833 307 quae
848 270 941 300 eidem
955 269 1020 300 fiiiae
1033 270 1134 301 nostrae
1146 271 1179 301 si-

124 303 227 334 militer
241 306 443 344 conceffimus,
462 307 573 343 singulis
593 308 685 345 annis,
704 318 750 344 per
774 318 871 338 manus
889 308 1078 338 vicecomitis
1096 309 1182 339 nostri

125 340 214 373 Sutht.
234 344 281 381 qui
294 354 344 381 pro
357 352 484 382 tempore
497 345 595 382 fuerit,
615 345 792 382 percipienda
806 346 940 383 quamdiu
954 346 1009 384 ipsa
1023 345 1077 377 filia
1095 346 1186 377 nostra

125 379 195 410 infra
210 380 347 418 Regnum
361 382 487 412 nostrum
499 383 611 419 Angliae
626 383 722 420 fuerit,

163 417 360 450 Conceffimus
373 422 399 450 ei
414 419 577 452 Manerium
597 420 632 450 de
651 420 712 450 Cos
715 422 796 458 ham,
814 430 882 451 cum
897 423 1064 458 pertinentiis
1081 423 1109 451 in
1123 421 1185 451 Co-

123 457 222 487 mitatu
243 457 338 488 Wilts.
357 459 387 487 in
412 458 535 488 valorem
554 460 751 496 quaterviginti
769 460 802 490 ὃ(
816 459 919 489 decem
933 460 965 490 Sc
980 459 1084 497 septem
1104 460 1186 490 libra-

127 503 209 524 rum:

158 531 302 571 Burgum,
319 533 450 572 Wilton,
469 534 502 564 &
515 533 660 571 Bereford,
682 545 751 565 cum
765 535 934 572 pertinentiis
953 535 983 564 in
1001 535 1103 565 eodem
1120 535 1181 565 Co-

124 570 222 600 mitatu
235 593 245 609 ,
271 579 368 609 praeter
386 571 544 602 elemosinas
566 572 724 603 constitutas
737 595 746 611 ,
773 573 802 602 in
823 572 946 603 valorem
968 582 1081 611 quatuor
1101 573 1184 604 libra*

123 617 201 638 rum:

157 645 322 677 Manerium
336 646 372 677 de
387 647 518 678 Sherston
533 658 600 678 cum
615 649 798 687 pertinentiis,
816 650 846 679 in
861 649 963 679 eodem
979 648 1139 688 Comitatu3
1154 651 1182 680 in

123 683 249 714 valorem
264 685 401 722 sexaginta
413 687 557 716 librarum:

159 721 323 753 Manerium
333 725 370 754 de
384 723 533 759 Porstoke,
554 732 622 753 cum
638 725 823 763 pertinentiis,
841 726 870 755 in
893 724 1037 756 Comitatu
1053 725 1133 755 Dors.
1152 726 1181 756 in

124 759 250 791 valorem
264 761 367 791 decem
380 762 412 792 &
426 762 496 791 octo
508 761 652 792 librarum:

159 798 323 829 Manerium
336 799 372 828 de
385 799 561 838 Herdecote,
581 810 649 829 cum
665 801 832 837 pertinentiis
847 801 877 830 in
891 799 1037 832 Comitatu
1059 800 1177 831 Somers

122 836 151 866 in
170 837 291 867 valorem
310 837 408 867 decem
425 838 457 868 ὅ(
472 838 574 875 septem
590 838 735 876 librarum,

159 874 196 905 Et
213 871 340 905 Maneria
357 875 391 905 de
409 875 607 907 Freskewauter
621 877 654 906 &
669 875 852 915 Whytefeld,
870 878 898 906 in
912 876 997 907 Insula
1006 878 1179 915 ve&a,cum

122 913 289 949 pertinentiis
303 935 312 949 ,
338 915 366 943 in
392 913 536 945 Comitatu
550 914 637 945 Sutlit.
656 915 686 944 in
709 915 831 944 valorem
846 915 967 952 sexagint
982 916 1015 946 &
1029 915 1129 946 decem
1147 916 1179 945 li-

121 951 230 981 brarum
240 973 248 987 ,
267 951 408 982 tresdecim
421 952 587 989 solidorum,
606 953 638 982 &
654 962 767 990 quatuor
779 952 967 983 denariorum:

159 988 296 1019 Habenda
321 991 354 1020 &
375 991 492 1021 tenenda
514 991 605 1020 eidem
623 991 685 1020 filiae
707 990 824 1028 nostrie,
841 991 874 1021 ad
891 991 1108 1021 sustentationem
1123 990 1180 1022 Ca-

121 1035 205 1056 merae
222 1026 294 1066 sure,
312 1029 444 1066 quamdiu
462 1030 576 1067 vixerit,
593 1030 626 1060 ὃς
650 1028 720 1059 infra
742 1029 877 1067 Regnum
900 1029 1025 1060 nostrum
1042 1029 1121 1060 fuerit
1139 1029 1181 1060 su-

116 1064 281 1102 pradictum.

156 1101 189 1133 In
204 1105 297 1143 cujus,
315 1103 375 1135 &c.

158 1179 245 1211 Teste
259 1189 288 1212 ut
303 1180 387 1219 supra.

162 1309 253 1342 Balla
278 1306 314 1342 de
334 1308 542 1357 dt‘spenfhtione
551 1309 643 1356 fhper
664 1314 867 1344 lldntrimonio
888 1314 965 1344 inter
991 1315 1133 1344 Comitem

190 1357 375 1403 Herefordiae.
402 1362 438 1396 &⁶
459 1359 640 1404 Comitiffam
660 1359 829 1391 Hollana'iae
848 1385 857 1401 ,
884 1359 998 1392 Piliam
1016 1363 1112 1407 Regis.

121 1445 320 1509 BOnifacius
334 1442 485 1484 Episcopus
519 1446 608 1478 servus
622 1446 762 1479 servorum
779 1446 857 1484 Dei,
874 1445 978 1487 dilecto
1002 1448 1077 1486 filio,
1096 1450 1183 1481 nobili

190 1483 278 1523 Viro,
301 1485 458 1523 Humfrido
473 1469 583 1516 domiti
599 1485 794 1516 Herefordensi
807 1508 817 1523 ,
843 1486 876 1515 &
891 1485 1002 1528 dilectae
1019 1488 1047 1516 in
1065 1486 1178 1519 Christo

121 1524 200 1562 filiae,
217 1522 305 1553 nobili
321 1522 452 1562 Mulieri,
470 1523 636 1563 Elizabetae,
654 1533 725 1554 natae
738 1523 866 1554 carissimi
889 1534 918 1553 in
935 1523 1049 1554 Christo
1065 1525 1112 1556 filii
1130 1537 1183 1556 no-

120 1563 166 1593 stri
179 1585 189 1600 ,
214 1561 335 1592 Edvardi
360 1561 448 1600 Regis
471 1562 584 1600 Angliae
604 1562 710 1593 illustris
723 1584 733 1600 ,
751 1561 870 1600 Relidbe
895 1563 1035 1599 quondam
1046 1563 1182 1600 „Iohannis

120 1600 241 1631 Comitis
254 1599 426 1639 Hollandiae,
443 1600 554 1631 mutem
566 1601 599 1631 ὃς
617 1596 809 1639 Apostolidam
824 1600 1059 1631 benediffionem.

157 1639 282 1670 Romani
309 1637 449 1669 Pontificis
472 1639 629 1676 praecellens
654 1639 800 1670 auCtoritas
822 1637 1181 1680 qualitateslnegotiorum,

119 1677 236 1716 statum,
254 1675 443 1715 conditiones,
460 1678 494 1708 &
508 1679 605 1708 merita
619 1677 793 1715 personarum
809 1676 936 1713 diligenti
951 1678 1179 1716 circumspefflo-

118 1726 155 1746 ne
177 1715 356 1754 prospiciens,
376 1716 507 1745 nonnulla
527 1715 664 1745 interdum
686 1716 765 1745 certis
781 1714 915 1753 personis,
933 1725 994 1753 quae
1010 1717 1071 1746 alias
1088 1717 1180 1749 forent

116 1754 227 1793 illicita,
244 1754 374 1784 concedit
387 1753 422 1783 de
436 1753 490 1784 suae
504 1753 672 1791 plenitudine
688 1753 839 1791 potestatis:
858 1761 925 1783 tunc
940 1755 969 1783 in
984 1753 1035 1784 illis
1051 1757 1174 1792 rigorem

111 1791 224 1830 justitiae
244 1789 448 1822 mansuetudine
470 1799 624 1829 temperans
637 1814 648 1830 ,
669 1792 720 1830 &,
738 1791 812 1830 quod
831 1800 933 1828 negant
943 1793 1017 1831 jura,
1040 1793 1076 1824 de
1092 1796 1177 1831 gratia

113 1831 288 1867 benignitatis
298 1829 459 1869 indulgens,
477 1830 626 1868 praesertim
639 1840 705 1861 cum
720 1829 859 1860 necessitas
873 1831 1084 1867 exigit&causa
1098 1833 1180 1863 ratio-

118 1869 215 1899 nabilis
231 1868 260 1898 id
272 1868 402 1906 exposcit.

153 1907 225 1938 Sane
246 1908 360 1945 petitio,
378 1916 428 1944 pro
449 1914 523 1944 parte
541 1906 669 1938 cariffimi
690 1908 719 1936 in
744 1905 858 1937 Christo
873 1905 921 1936 filii
938 1906 1039 1946 nostri,
1057 1908 1177 1939 Edvardi

113 1944 203 1982 Regis
230 1945 341 1981 Angliae
363 1944 486 1983 illustris,
504 1944 588 1976 Patris
607 1947 663 1984 tui,
679 1945 743 1976 filiae
763 1944 888 1976 Elizabet
910 1946 944 1976 &
963 1945 1076 1986 nostrat,
1094 1958 1180 1985 nuper

111 1985 194 2014 nobis
207 1984 340 2022 exhibita,
357 1983 533 2021 continebat,

153 2022 172 2042 θ’(
192 2021 299 2061 Qod,
316 2022 351 2052 ad
367 2021 517 2052 sedandum
532 2022 565 2053 &
581 2020 804 2052 obliviscendum
817 2032 959 2060 rancores,
974 2022 1057 2061 odia,
1073 2022 1180 2054 dissen-

116 2061 218 2099 siones,
236 2061 269 2091 &
289 2060 452 2098 discordias,
471 2070 533 2098 quae
553 2060 589 2090 ab
609 2060 679 2090 olim
701 2061 730 2090 in
754 2060 860 2097 Regno
876 2060 1007 2098 Angli-e,
1025 2063 1094 2091 inter
1107 2072 1177 2099 prte-

115 2100 225 2130 dicium
239 2098 369 2137 Regem,
387 2100 420 2130 ὃς
435 2095 768 2136 qiiondamHumfrediim
777 2097 920 2129 Comitem
929 2098 1176 2139 Herefordens'em,

116 2137 224 2167 Patrem
240 2146 336 2175 tuum,
355 2137 406 2167 Fili
421 2136 544 2175 Comes,
560 2137 629 2166 dum
644 2138 765 2175 viveret,
782 2147 814 2167 ac
828 2136 977 2168 successive
990 2146 1017 2167 te
1029 2138 1176 2176 aliquando

116 2184 284 2214 proventura
298 2185 331 2205 ex
348 2176 512 2214 conjecturis
525 2175 712 2206 verisimilibus
725 2176 904 2205 timebantur:

152 2214 188 2244 Et
204 2214 238 2245 ad
261 2213 490 2244 consolidandum
504 2236 513 2251 ,
536 2215 566 2243 in
581 2213 685 2250 Regno
701 2213 775 2251 ipso,
793 2224 866 2244 verae
880 2215 954 2251 pacis
970 2214 1003 2244 &
1020 2213 1174 2245 dilectionis

116 2253 233 2289 integrae
261 2254 395 2283 unitatem
408 2275 417 2290 ,
444 2253 568 2289 perpetui
589 2252 694 2282 roboris
711 2251 837 2282 firmitate
851 2275 861 2290 ,
887 2251 1039 2283 desideratis
1056 2254 1180 2284 invicem

114 2291 351 2321 matrimonialiter
365 2291 495 2328 copulari.

153 2328 208 2359 Sed
219 2328 413 2359 obsistentibus
428 2328 507 2358 vobis
522 2327 766 2366 tertio-affinitatis,
783 2329 816 2358 &
832 2336 928 2366 quarto
937 2328 1181 2366 consanguinitatis

115 2367 263 2405 gradibus,
281 2367 379 2405 quibus
392 2367 473 2398 vobis
488 2367 611 2396 invicem
624 2367 756 2404 attinetis,
773 2366 801 2396 id
816 2367 880 2398 duci
891 2377 947 2397 non
962 2368 1050 2405 potest
1061 2391 1070 2406 ,
1081 2368 1180 2407 absque

115 2405 313 2444 dispensatione
326 2405 393 2435 sedis
410 2404 600 2441 Apostolicae,
617 2405 646 2434 in
658 2403 800 2434 effectum.

152 2446 247 2483 Qiate
260 2444 336 2474 idem
350 2443 413 2473 Rex
428 2443 461 2473 &
476 2452 526 2472 vos
540 2443 621 2472 nobis
634 2442 974 2485 litimiliterlsupplicfistis,-
989 2451 1019 2474 ut
1036 2444 1180 2481 providere

116 2483 198 2514 vobis
217 2482 294 2520 super
311 2482 367 2512 hoc
382 2481 417 2512 de
432 2488 577 2518 oportunae
596 2479 797 2518 dispensationis
811 2482 896 2518 gratia
916 2482 1125 2512 misericorditer
1138 2483 1180 2512 di-

144 2530 275 2550 naremur.

119 2530 141 2559 g
154 2558 218 2589 Nos
230 2559 314 2595 igitur
327 2556 462 2596 vestram,
480 2557 513 2588 &
530 2556 646 2587 aliorum
661 2555 697 2586 de
713 2555 819 2593 Regno
833 2556 986 2595 praedidto,
1005 2558 1034 2588 in
1047 2568 1103 2596 quo
1115 2564 1182 2595 erga

118 2596 217 2628 Deum
231 2597 264 2627 δε
280 2596 438 2626 Romanam
456 2595 607 2626 Ecclesiam
619 2595 698 2633 plena
712 2596 789 2631 viget
804 2593 933 2634 devotio,
954 2596 1074 2634 quietem
1088 2597 1121 2627 &
1134 2605 1181 2634 pa-

118 2645 184 2666 cem
200 2636 299 2665 merito
312 2633 486 2673 affeetantes3
504 2644 537 2664 ac
551 2633 682 2671 sperantes
698 2632 773 2671 quod
789 2641 822 2662 ex
835 2634 1013 2665 matrimonio
1027 2635 1178 2673 praedicto,

119 2674 141 2704 si
153 2673 213 2712 siat,
231 2672 385 2710 hujusmodi
403 2682 529 2703 rancores
550 2672 582 2702 &
597 2671 661 2702 odia
680 2671 716 2701 de
730 2671 836 2708 Regno
849 2670 907 2708 ipso
921 2672 1047 2704 radicitus
1061 2673 1182 2703 evellen-

119 2719 178 2750 tur,
198 2713 230 2743 &
241 2711 444 2749 prosperitatum
458 2710 495 2740 illi
508 2711 670 2748 provenient
683 2711 939 2752 incrementa,cum
954 2711 1025 2742 nulla
1033 2720 1067 2741 ex
1079 2711 1180 2742 eodem

119 2751 299 2781 matrimonio
312 2758 474 2787 proventura
484 2748 609 2779 scandala
623 2747 820 2785 formidentur,
837 2750 917 2785 ipsius
935 2748 1023 2786 Regis
1037 2750 1070 2780 ὃς
1085 2749 1180 2780 vestris

119 2788 362 2827 supplicationibus
383 2787 529 2825 inclinati,
553 2786 699 2816 vobiscum
713 2809 723 2825 ,
745 2794 789 2824 ut,
806 2785 1008 2823 impedimerito
1027 2787 1181 2825 hujusmodi

123 2828 195 2858 tertii
215 2826 353 2857 affinitatis
376 2826 409 2856 &
435 2827 522 2863 quarti
543 2825 783 2862 consanguinitatis
804 2824 940 2860 graduum
962 2835 1019 2858 non
1040 2826 1165 2857 obstante
1170 2849 1182 2864 ³

122 2866 333 2895 matrimonium
346 2865 470 2895 invicem
485 2864 643 2894 contrahere
660 2863 733 2893 licite
748 2861 870 2900 valeatis,
887 2863 906 2892 si
917 2863 950 2893 ad
962 2864 991 2894 id
1011 2863 1080 2894 dieti
1095 2864 1183 2901 Regis

123 2903 240 2934 accedat
258 2901 388 2941 assensus,
408 2902 568 2933 auctoritate
591 2901 754 2939 Apostolici
767 2900 803 2931 de
824 2900 933 2939 speciali
948 2901 1034 2940 gratia
1049 2902 1183 2941 dispensa-

123 2952 195 2973 mus.

160 2979 240 3009 Nulli
253 2989 323 3016 ergo
337 2980 456 3009 omnino
472 2978 619 3009 hominum
639 2977 720 3008 liceat
733 2977 806 3009 hanc
820 2979 953 3016 paginam
964 2978 1064 3010 nostrae
1075 2978 1183 3017 dispen-

117 3017 229 3048 sationis
241 3017 409 3055 infringere,
425 3017 486 3047 &c.

161 3054 228 3086 Dat.
245 3055 384 3094 Anagniae
400 3064 429 3094 4.
447 3054 488 3085 Id.
506 3054 625 3093 Augusti
638 3077 648 3092 ,
665 3053 846 3086 Pontificatus
859 3054 945 3085 nostri
965 3064 1039 3086 anno
1054 3055 1166 3086 octavo.

575 3130 628 3161 Sub
635 3129 697 3173 filis
706 3129 799 3171 fi‘ricis
809 3131 887 3171 flavi
901 3131 1026 3174 rubeique
1046 3131 1147 3164 coloris.

127 3259 218 3292 Bulla
242 3258 391 3303 Bonifacii
408 3256 581 3304 Glasguenst
595 3255 732 3302 Epifiopo
751 3255 864 3290 diretta
875 3284 884 3300 ‚
905 3268 961 3303 per
979 3270 1072 3304 quam
1090 3261 1182 3304 impo—

171 3311 217 3339 nit
240 3307 292 3351 ipsi
306 3305 387 3352 quod
400 3305 468 3351 fuit
485 3305 649 3351 fhscitator
675 3303 821 3349 distordiae
844 3311 920 3339 inter
937 3309 1048 3354 Regem
1066 3307 1182 3354 Anglie

175 3357 212 3393 ὠ·
236 3357 344 3389 Scotos.

178 3437 324 3470 Onifacius
337 3436 362 3469 E
383 3436 506 3476 iscopus,
524 3437 612 3468 servus
624 3435 760 3467 servorem
775 3437 847 3478 Dei,
866 3439 1013 3471 venerabili
1028 3440 1101 3471 fratri

195 3475 335 3515 Episcopo
354 3448 505 3513 (phagum.
522 3475 642 3506 Salutem
656 3475 689 3506 &
704 3476 896 3513 Apostolicam
911 3479 1145 3522 benedictionem.

164 3515 255 3546 Gravi
270 3515 370 3546 mentis
383 3514 536 3545 turbatione
549 3523 697 3544 movemur
710 3514 744 3544 &
757 3515 914 3547 vehementi
927 3517 1016 3547 cordis
1028 3517 1180 3547 affliCnone

130 3563 295 3592 gravamur,
311 3549 380 3583 cuin
395 3551 430 3582 de
444 3551 562 3596 Praelatis
575 3551 758 3595 Ecclesiarum
771 3552 815 3596 illa
828 3554 925 3598 nostris
939 3556 1045 3586 auribus
1057 3554 1179 3598 referun-

129 3588 1179 3673 ΜριὲἓεῗῖῗἮοξοῗὲίῗέἑὲῐέῗῖἓώξὲἕζῗὲἓὲῗῑ5ὧῖἓὲζὲἑάῗίῗίξὲἶέ

126 3668 193 3707 lapis
213 3667 372 3700 offensionis
384 3689 394 3706 ,
417 3666 451 3698 &
469 3673 543 3704 petra
562 3663 680 3696 scandali
686 3688 696 3704 ,
713 3665 829 3698 Divinae
890 3668 1002 3707 aJestatis
1021 3668 1154 3699 offensam
1170 3692 1180 3707 ,

127 3715 182 3738 tuae
196 3706 282 3738 salutis
301 3707 335 3737 &
347 3705 432 3736 famae
445 3702 636 3742 dispendium,
651 3713 684 3734 ac
698 3703 798 3741 Regni
811 3705 913 3747 Scotiae
928 3717 1011 3744 grave
1024 3707 1179 3745 dampnum

129 3745 164 3777 &
180 3745 333 3783 periculum
352 3754 410 3774 non
423 3743 544 3779 evitans,
560 3743 642 3772 totius
654 3742 831 3781 turbationis,
849 3744 1018 3776 dissentionis
1032 3745 1065 3776 &
1076 3745 1180 3775 discor-

130 3782 203 3822 diae,
242 3794 286 3815 uae
306 3782 376 3820 fuit,
394 3781 427 3812 &
450 3779 490 3811 est
510 3781 580 3810 inter
599 3779 767 3810 carissimum
780 3780 810 3810 in
822 3780 936 3813 Christo
955 3781 1043 3814 filium
1055 3783 1179 3814 nostrum

127 3818 220 3852 Edvar
241 3832 289 3857 um
303 3821 417 3858 Regem
432 3817 545 3856 Angliae
559 3817 705 3856 illustrem,
721 3818 876 3857 &Scotos‚
892 3829 925 3851 ex
941 3821 995 3859 qua
1013 3823 1107 3859 gravia
1122 3824 1180 3852 ani-

129 3867 237 3890 marum
257 3859 431 3895 discrimina,
453 3856 555 3894 strages
566 3855 717 3886 hominurn
735 3857 768 3887 &
786 3856 907 3901 dampna
926 3869 1018 3890 rerum
1037 3860 1181 3890 innumera

129 3896 319 3936 obvenerunt,
334 3895 463 3928 inductor
475 3895 508 3925 δε
521 3893 609 3924 fautor
621 3896 775 3932 praecipuus
787 3895 905 3926 extitisti.

171 3933 277 3966 Vei-um
288 3946 356 3967 cum
369 3943 402 3966 ex
414 3933 466 3964 hiis
479 3932 546 3963 Deo
558 3932 590 3963 &
604 3932 763 3963 hominibus
772 3932 889 3964 reddaris
898 3934 1051 3974 obnoxius,
1067 3935 1147 3966 decet
1154 3944 1183 3966 te

130 3969 267 4002 assumere
279 3974 312 4004 ὃ(
327 3973 403 4012 prose
423 3973 451 4003 ui
462 3970 640 4009 poenitudinis
655 3970 788 4009 Spiritum
801 3970 878 4015 super
888 3973 926 4003 eis
958 3974 992 4004 &
1005 3974 1182 4004 tuaefficaci-

131 4017 172 4039 ter
187 4019 347 4042 convertere
361 4012 403 4042 stu
452 4032 463 4049 ,
479 4009 591 4048 qualiter
603 4008 679 4053 super
697 4016 754 4039 tam
774 4009 910 4054 gravibus·
922 3995 1122 4043 discriminibus
1135 4021 1182 4042 tuo

131 4046 282 4117 sassface?
297 4049 394 4118 {2133
405 4049 536 4087 creatori,
553 4055 584 4078 ut
595 4046 615 4078 fi
627 4045 784 4087 hujusmodi
794 4046 1003 4088 discordiarum,
1022 4050 1056 4082 &
1071 4059 1184 4090 guerra-

1232 185 1810 238 PUBLICA.

1229 283 1292 316 rum
1305 273 1383 316 aCior
1397 278 1528 315 extiteris,
1546 289 1689 316 promotor

1228 319 1280 340 wls
1293 313 1396 356 Viribus
1407 318 1604 353 comproberis.

1267 347 1344 379 Cum
1364 359 1454 396 itaque
1476 364 1541 397 nos,
1558 356 1627 386 inter
1646 356 1756 387 eosdem
1777 357 1891 395 Regem
1908 361 1941 391 &
1960 361 2059 393 Scotos
2076 363 2218 394 reformari
2239 376 2286 405 pa-

1229 396 1311 430 cem,
1328 388 1361 417 &
1373 389 1481 432 ⁸solidati
1492 394 1685 435 ’concordiam
1704 397 1843 432 cupientes
1856 420 1865 435 ,
1888 398 1966 436 super
1985 401 2041 430 hoc
2058 403 2186 432 universis
2206 402 2282 436 Prae-

1227 424 1284 454 latis
1303 425 1406 457 Scotiae
1425 428 1550 466 speciales
1572 431 1674 462 nostras
1695 432 1792 464 litteras
1810 435 1962 472 dirigamus
1974 460 1984 475 ,
2011 439 2190 470 faternitatem
2210 449 2285 474 tuam

1227 472 1387 507 monemuS,
1407 467 1440 496 ὃς
1458 468 1598 499 hortamur
1610 472 1728 508 attente,
1747 482 1793 508 per
1805 474 1965 510 Apostolica
1978 477 2028 506 tibi
2044 477 2141 515 scripta
2159 478 2285 511 districte

1227 503 1415 568 {recipiendo
1439 506 1609 545 mandantes,
1627 510 1749 545 quatinus
1770 514 1939 547 promotioni
1951 524 2047 545 eorum
2058 538 2067 553 ,
2085 527 2147 553 que
2162 518 2229 556 tibi,
2248 520 2288 549 &v

1247 539 1426 584 'raelatisuipsis
1445 545 1484 586 in*
1497 554 1598 581 genere
1617 545 1773 584 scribimus,
1792 557 1836 578 tua
1858 549 1959 589 studia,
1976 553 2010 582 ὃς
2029 556 2198 590 operationes
2212 567 2280 588 cum

1224 576 1489 621 diligentia-summa
1501 592 1679 620 convertenS,
1698 595 1823 621 procures
1833 588 1866 617 ὃς
1877 588 1958 618 facias
1968 591 2041 627 quod
2049 614 2058 629 ,
2075 593 2150 629 juxta
2164 593 2282 630 ipsarum

1225 624 1424 659 continentiam
1439 619 1587 651 litterarum
1598 644 1607 658 ,
1625 621 1721 651 nostris
1741 625 1872 663 monitis,
1889 627 2136 669 exhortationibus,
2153 633 2186 662 &
2207 643 2278 669 praiz<

1226 662 1313 690 ceptis
1329 654 1429 685 devote
1444 659 1476 688 δε
1489 659 1639 692 efficaciter
1652 661 1812 691 intendatur.

2249 214 2299 256 17

1700 282 1734 312 ὃς
1746 280 1910 313 reformator
1925 285 1998 322 pacis
2011 285 2046 317 ὃ(
2060 287 2222 318 concordiae
2236 298 2287 326 pro
2312 269 2390 349 A1n3¹¹5
2392 266 2435 339 Ρ
2435 276 2444 301 4

2311 353 2378 375 Etim.
2399 357 2420 374 ι.

1260 727 1327 759 Dat.
1347 730 1484 770 Anagnia:
1503 734 1544 765 Id.
1563 734 1638 773 Aug.
1658 734 1837 769 Pontificatus
1850 738 1935 770 nostri
1947 751 2019 772 anno
2032 746 2142 776 oc‘tavo.

1953 817 2007 847 Sub
2014 818 2067 859 filo
2081 821 2203 851 canabeoA

1225 932 1244 953 ἢ*
1258 930 1347 962 Bulla
1365 958 1374 973 ,
1405 938 1545 979 nniverfis
1561 938 1706 985 Epgsbopis
1727 943 1843 982 Scotiae,
1870 957 1931 989 qua
1946 944 2085 979 hortatur
2107 946 2152 979 ad
2172 951 2280 982 Pacem
2300 942 2436 983 *Πθθῗε

1271 990 1339 1010 cum
1359 983 1435 1028 Rege
1453 986 1584 1030 Angla,
1611 1000 1646 1019 ne
1662 999 1785 1034 cogatur
1796 992 1883 1023 alind
1898 993 2063 1027 remedium
2082 994 2234 1031 adhibere.

1227 1062 1426 1124 BOnifacius
1445 1066 1611 1112 EpiscopuS,
1628 1070 1716 1103 servus
1731 1073 1869 1106 servorum
1889 1075 1962 1116 Dei,
1979 1081 2176 1112 venerabilibus
2197 1081 2284 1113 fratri-
2304 1096 2330 1128 Α
2395 1097 2426 1127 D

1282 1102 1346 1145 ¹bus
1359 1102 1503 1150 Episcopis'
1516 1117 1563 1143 per
1578 1108 1712 1146 Regnum
1724 1111 1828 1143 Scotiae
1845 1114 2015 1155 constitutis,
2031 1118 2140 1150 salutem
2155 1121 2187 1151 δε
2202 1121 2282 1159 Apo-
2332 1107 2379 1127 ω’
2427 1118 2435 1127 ⁶

1226 1138 1352 1170 stohcam
1365 1141 1599 1183 benedictionem.
2386 1186 2390 1189 ,

1263 1178 1337 1223 inter
1355 1180 1469 1223 assiduas
1492 1193 1567 1227 curas
1580 1206 1590 1223 ,
1613 1186 1646 1216 ὃς
1666 1187 1809 1219 immensas
1827 1189 2041 1231 sollicitudines,
2070 1205 2130 1232 quae
2151 1197 2231 1227 nobis
2248 1208 2282 1228 ex
2303 1178 2410 1238 2111.th

1229 1216 1381 1261 ministerio
1402 1219 1427 1249 A
1449 1219 1573 1265 ostolica:
1593 1223 1725 1254 servitutis
1739 1227 1920 1268 incumbunt,
1937 1230 1972 1260 de
1988 1231 2056 1262 statu
2070 1232 2280 1266 catholicorum
2302 1235 2342 1276 Εἴ
2354 1222 2433 1278 1'4„

1227 1254 1312 1298 Orbis
1332 1264 1409 1300 terrae
1455 1269 1591 1304 rincipum
1610 1262 1652 1306 ὃς.
1663 1262 1829 1300 Regnorum
1842 1267 1955 1298 sollicite
1970 1271 2093 1307 cogitare
2110 1281 2160 1301 nos
2175 1283 2280 1304 conve·
2303 1295 2313 1314 t
2327 1261 2357 1313 {7
2368 1271 2379 1278 ⁴
2401 1261 2409 1277 Ι

1227 1301 1285 1332 nit,
1302 1302 1333 1340 ut
1345 1294 1501 1343 ²¹¹.Regs.¹¹,3,
1511 1299 1588 1342 ipsis,
1606 1302 1717 1339 quietis,
1734 1305 1928 1341 tranquillitatis
1940 1307 1972 1337 ὃς
1987 1310 2060 1345 pacis
2076 1311 2160 1345 gratia
2180 1313 2280 1342 nutria-
2316 1299 2340 1324 ῦὸ
2361 1308 2367 1315 ’

1228 1340 1286 1371 tur,
1302 1343 1356 1376 ne,
1373 1333 1424 1363 illis
1441 1335 1635 1381 dis'iennonum
1651 1340 1759 1370 turbine
1774 1342 1980 1383 fluctuantibus,
1997 1347 2148 1385 animisque
2162 1349 2279 1386 populo-

1228 1380 1289 1400 rum
1310 1381 1383 1402 cnca
1401 1382 1562 1416 exercitium
1584 1386 1741 1419 guerrarum
1761 1381 1884 1419 intentis,
1902 1393 1934 1412 ac
1949 1387 2153 1421 emergentibus
2165 1396 2198 1417 ex
2216 1388 2281 1418 inde

1228 1418 1610 1457 corporugn'animarumque
1635 1415 1802 1457 dispendiis,
1819 1420 1934 1450 devotio
1953 1429 2040 1459 tepeat
2061 1425 2089 1453 in
2111 1424 2228 1464 eisdem,
2245 1427 2278 1457 ὅ(

1227 1447 1315 1478 cultus
1325 1447 1488 1480 Christianae
1502 1451 1566 1483 fidei
1577 1455 1722 1485 minuatur.

1252 1485 1315 1529 ‘Sed
1329 1486 1393 1517 licet
1407 1487 1440 1533 ad
1454 1489 1568 1526 singulas
1581 1491 1737 1532 Regiones,
1754 1494 1803 1525 sub
1815 1496 1934 1535 ejusdem
1947 1497 2112 1536 proseffione
2131 1500 2193 1531 fidei
2208 1512 2278 1532 con-

1225 1523 1340 1568 stitutas,
1348 1535 1446 1557 mentis
1457 1528 1558 1572 'no-strce
1573 1529 1759 1562 diffiindamus
1773 1535 1901 1565 intuitum
1909 1559 1918 1573 ,
1930 1546 2021 1567 tamen
2029 1538 2061 1568 ad
2071 1538 2169 1570 statum
2182 1540 2278 1578 Regni

1224 1562 1327 1607 Scotize
1338 1572 1414 1594 tanto
1434 1575 1566 1609 nimirum
1588 1568 1734 1600 ferventius
1746 1573 1910 1612 excitamur,
1930 1585 2032 1613 quanto
2045 1577 2110 1607 illud
2123 1579 2209 1608 carius
2226 1589 2279 1609 no-

1222 1600 1348 1646 sciturnin·
1359 1602 1471 1647 nostris,
1488 1605 1521 1635 ὃ(
1536 1606 1705 1643 ΑΡοΡεοὶίωε
1716 1608 1782 1639 sedis
1792 1613 1948 1648 praecordiis
1963 1614 2150 1646 constitutum.

1216 1679 1218 1683 ¹
1238 1678 1242 1682 ι
1259 1639 1502 1685 'Nostis—quidem,
1520 1645 1553 1674 ὃ(
1571 1645 1765 1685 plurimorum,
1784 1651 1940 1686 quinimmo
1956 1651 2144 1684 universorum
2158 1654 2214 1684 fere
2227 1665 2280 1685 no-

1223 1685 1281 1707 titia
1293 1688 1351 1708 non
1365 1689 1473 1725 ignorat
1487 1682 1561 1720 quod
1570 1706 1582 1727 ,³
1597 1686 1716 1722 peccatis
1730 1688 1916 1727 exigentibus,
1934 1691 2111 1729 multiplicata
2121 1693 2180 1731 jam
2189 1693 2279 1730 longo

1224 1715 1337 1761 decursu
1355 1726 1486 1756 temporis
1506 1730 1596 1757 gravis
1620 1722 1755 1754 discordia
1773 1726 1841 1756 inter
1859 1738 1908 1757 vos
1922 1751 1931 1765 ,
1955 1729 1988 1759 &
2004 1730 2070 1760 alios
2087 1731 2191 1761 incolas
2207 1732 2278 1762 dieti

1224 1753 1322 1791 Regni
1339 1766 1372 1785 ex
1390 1766 1462 1793 parte
1479 1759 1551 1796 unci,
1564 1760 1597 1790 &
1615 1761 1781 1792 carissimum
1798 1765 1828 1794 in
1846 1764 1960 1796 Christo
1977 1766 2064 1798 filium
2082 1769 2206 1800 nostrum
2220 1769 2279 1800 Ed·—

1223 1793 1347 1837 wardiim
1366 1794 1479 1833 Regem
1491 1819 1500 1834 ,
1524 1797 1558 1827 &
1575 1798 1709 1835 Regnum
1728 1799 1840 1838 Angliae
1857 1803 1988 1841 illustrem
2005 1815 2038 1836 ex
2055 1807 2154 1846 alterii,
2171 1807 2278 1838 dudum

1223 1840 1256 1860 ex
1280 1831 1388 1863 diversis
1411 1835 1548 1878 causarum
1571 1836 1677 1868 suborta
1701 1841 1866 1880 generibus,
1897 1854 2012 1881 quarum
2035 1854 2085 1875 vos
2110 1847 2280 1885 incentores,

1223 1868 1338 1900 fautores
1351 1872 1385 1902 &
1399 1881 1541 1903 nutritores
1560 1877 1712 1913 praecipuos
1732 1882 1891 1910 communis
1913 1890 1985 1912 tenet
2000 1884 2114 1923 opinio,
2132 1892 2278 1922 utrumque

1224 1906 1358 1952 Regnum
1377 1921 1406 1939 in
1428 1921 1585 1948 guerrarum
1604 1914 1762 1946 discrimine
1783 1917 1896 1957 posuit,
1919 1920 1952 1950 ὃς
1971 1930 2103 1958 magnam
2126 1923 2192 1952 hinc
2214 1923 2278 1953 inde

1222 1956 1391 2014 angmarum,
1409 1949 1441 1980 &
1461 1960 1610 1989 corporum
1627 1951 1765 1984 laesionem
1776 1978 1786 1994 ,
1810 1957 1927 1988 utinam!
1948 1968 2006 1990 non
2023 1961 2280 1992 exterminationem

1211 1994 1251 2028 xm·
1273 1994 1336 2015 uxit.

1258 2023 1364 2067 Vemm
1378 2035 1444 2056 curn
1458 2028 1555 2072 ex'liiis
1570 2039 1636 2068 nos,
1653 2030 1686 2060 ὃς
1701 2030 1828 2063 Romana
1844 2033 1936 2065 Mater
1950 2035 2071 2066 Ecclesia
2085 2034 2284 2074 multiplicibus

1223 2061 1378 2094 afficiamur
1391 2065 1537 2104 angustiis,
1555 2067 1587 2097 &
1615 2070 1743 2104 gravibus
1763 2071 1892 2102 molestiis
1912 2075 2100 2111 perturbemur
2106 2098 2116 2113 ,
2133 2076 2166 2106 ὅ(
2183 2076 2280 2105 Teme

1223 2098 1340 2140 sanetae,
1359 2112 1440 2146 quam
1455 2107 1604 2135 mentaneis
1617 2107 1703 2137 oculis
1716 2108 1866 2146 depressam
1877 2134 1885 2149 ,
1902 2113 2021 2143 utinam}
2040 2123 2098 2142 non
2118 2114 2279 2151 prostratam

1224 2147 1291 2169 cum
1304 2149 1435 2171 anxietate
1449 2143 1621 2182 respicimus,
1639 2144 1777 2183 dispendia
1792 2148 1825 2178 ὃς
1845 2150 2008 2182 turbationes
2029 2152 2208 2191 immineant,

1262 2177 1328 2208 Nos
1359 2180 1487 2223 exemplo
1498 2181 1567 2226 illius
1581 2184 1626 2220 qui
1642 2183 1676 2213 de
1690 2186 1795 2223 populo
1806 2186 1853 2217 suo
1888 2188 2030 2219 fomitibus
2042 2190 2172 2220 odiorum
2186 2190 2281 2221 exclu—

1224 2215 1271 2260 sis,
1290 2226 1329 2259 vo
1339 2226 1378 2248 uit
1392 2228 1420 2247 in
1435 2229 1470 2263 eo
1485 2230 1558 2257 paCis
1569 2220 1770 2258 superseminari
1784 2210 1911 2265 consilia,
1929 2226 2140 2258 sollicitudinem
2158 2228 2281 2259 nostram

1224 2254 1339 2285 libenter
1358 2265 1521 2293 exponimus
1538 2281 1547 2295 ,
1570 2259 1604 2289 &
1622 2259 1709 2291 studia
1727 2262 1818 2292 nostra
1842 2263 2020 2296 desideranter
2043 2268 2230 2297 convertimus
2247 2268 2281 2298 ὃς

1223 2293 1343 2332 labores,
1359 2303 1406 2333 ut,
1422 2295 1515 2339 sedatis
1531 2296 1677 2337 scandalis,
1694 2300 1727 2330 δε
1744 2300 1886 2331 discordiis
1902 2305 2062 2342 amputatis,
2080 2314 2142 2335 vera
2160 2314 2228 2344 pax,
2245 2306 2279 2336 &

1224 2331 1304 2369 plena
1321 2334 1471 2364 concordia
1489 2335 1556 2366 hinc
1573 2335 1655 2375 inde,
1672 2336 1753 2368 dante
1770 2338 1918 2379 Domino,
1936 2341 2104 2373 reformetur.

1260 2371 1382 2411 Ideoque
1404 2373 1606 2404 Fraternitatem
1624 2375 1742 2406 vestram
1765 2387 1930 2417 monemus,
1947 2380 1981 2410 δε
2002 2381 2142 2411 hortamur
2162 2381 2282 2421 attente,

1225 2418 1273 2447 per
1293 2410 1454 2448 Apostolica
1474 2412 1554 2442 vobis
1567 2411 1682 2452 scripta,
1704 2415 1733 2444 in
1752 2416 1852 2445 virtute
1871 2417 2054 2456 obedientiae,
2069 2418 2194 2449 districte
2211 2429 2282 2458 prae-

1225 2449 1357 2486 cipiendo
1383 2449 1557 2488 mandantes,
1578 2452 1700 2488 quatinus
1713 2475 1723 2490 ,
1746 2454 1911 2484 attendentes
1932 2456 2007 2493 quod
2017 2479 2026 2495 ,
2043 2456 2111 2487 dum
2127 2467 2177 2487 vos
2191 2466 2282 2488 tanto-

1224 2496 1286 2517 rum
1300 2485 1435 2517 maloriim
1451 2488 1529 2526 culpa
1543 2489 1631 2519 reddit
1644 2491 1798 2529 obnoxios,
1815 2491 1883 2522 dum
1901 2493 2028 2524 Scotium
2042 2494 2281 2534 Populum,cujus

1223 2535 1275 2555 vos
1287 2525 1366 2565 decet
1379 2527 1434 2565 esse
1445 2526 1573 2557 ductores
1584 2528 1731 2568 providos,
1748 2530 1781 2559 δε
1793 2530 1938 2561 salutiferos
1950 2532 2097 2563 diredtores
2104 2556 2114 2571 ,
2131 2534 2199 2564 sicut
2216 2542 2285 2565 oves

1224 2572 1353 2607 errantes,
1370 2570 1417 2602 per
1431 2564 1511 2602 devia
1518 2565 1717 2608 ⁴tempestatum
1730 2567 1886 2607 obducitis,
1904 2570 1937 2600 &
1958 2572 1986 2600 in
2008 2571 2163 2607 angustiam
2178 2572 2282 2603 desola-

1225 2602 1308 2631 tionis
1321 2603 1497 2640 irreparabilis
1515 2604 1649 2643 incitatis,
1669 2605 1789 2635 multum
1810 2606 1891 2637 famae
1912 2608 2008 2639 vestrae
2027 2609 2063 2639 de
2084 2611 2178 2642 erit&
2191 2610 2282 2650 saluti,

1225 2641 1323 2671 oculos
1328 2663 1338 2678 ,
1358 2650 1462 2671 mentes
1475 2643 1508 2672 &
1519 2642 1594 2672 aetus
1607 2642 1709 2673 vestros
1721 2645 1828 2679 erigatis
1842 2655 1993 2676 reverenter
2007 2647 2040 2677 ad
2085 2650 2231 2688 ominum,
2247 2650 2282 2680 &

1225 2678 1260 2708 de
1273 2678 1462 2710 scandalorum
1479 2681 1559 2710 inviis
1579 2690 1644 2719 vos,
1662 2682 1695 2712 &
1710 2682 1875 2719 praedictum
1890 2685 2025 2722 populum
2040 2686 2074 2716 ad
2086 2686 2188 2724 salutis,
2204 2689 2280 2725 pacis

1225 2717 1258 2747 ὃ(
1272 2717 1432 2749 concordiae
1443 2718 1547 2748 semitas
1561 2718 1735 2758 reducentes,
1752 2720 1838 2751 studia
1853 2723 1940 2752 vestra
1959 2723 2104 2761 diligenter
2116 2726 2150 2756 &
2166 2725 2282 2756 sollicite

1226 2757 1405 2794 convertatis,
1422 2765 1468 2793 ut,
1486 2758 1644 2787 rancoribus
1657 2758 1784 2797 exclusis,
1801 2760 1834 2790 &
1846 2760 1916 2790 odiis
1925 2771 1973 2798 ,ac
1988 2761 2124 2793 derelictis
2137 2763 2283 2803 scandalis,

1227 2795 1301 2831 pacis
1312 2797 1467 2832 amaenitas,
1483 2796 1516 2825 ὃς
1529 2795 1724 2834 tranquillitatis
1737 2798 1904 2836 commoda,
1922 2799 2052 2831 Domino
2064 2801 2198 2841 faciente,
2215 2812 2280 2841 pro-

1227 2834 1338 2863 veniant
1350 2835 1501 2872 perpetuis,
1517 2834 1598 2863 dante
1610 2834 1685 2872 ipso,
1702 2836 1872 2872 temporibus
1887 2838 2018 2868 duratura.

1263 2871 1311 2902 Sic
1326 2882 1376 2902 vos
1386 2873 1416 2902 in
1430 2871 1572 2909 praemiffis
1584 2872 1730 2908 diligenter
1742 2874 1775 2904 &
1787 2874 1936 2905 efficaciter
1959 2876 2077 2907 habituri
2109 2878 2186 2916 quod
2202 2878 2281 2910 odire

1226 2910 1359 2948 scandala,
1379 2911 1412 2940 &
1424 2919 1589 2948 promovere
1601 2920 1700 2948 pacem
1714 2922 1763 2941 vos
1776 2912 1908 2943 laudanda
1923 2923 2006 2951 opera
2024 2917 2069 2945 evi
2090 2925 2165 2946 enter
2186 2916 2278 2947 osten·

1226 2949 1306 2987 dant,
1323 2949 1356 2979 ὃς
1369 2959 1419 2978 nos
1433 2949 1635 2985 providentiam
1649 2949 1765 2980 vestram
1780 2951 1878 2981 exinde
1897 2953 2094 2984 commendare
2113 2956 2214 2986 merito
2232 2966 2281 2987 va-

1226 2988 1344 3025 leamus,
1361 2986 1428 3017 Nec
1442 2997 1578 3024 cogamur
1591 2986 1669 3025 super
1683 2987 1736 3018 hiis
1747 2987 1819 3019 aliud
1834 2990 1986 3020 remedium
1999 2991 2138 3023 adhibere.

2326 1145 2408 1174 1302.

1265 3063 1323 3094 Dat
1345 3062 1482 3101 Anagniae
1497 3062 1538 3093 Id.
1557 3063 1634 3102 Aug.
1652 3062 1833 3097 pontificatus
1845 3065 1930 3097 nostri
1945 3077 2019 3099 anno
2031 3068 2145 3101 odbav0.

2163 3143 2226 3185 Jac.
2240 3145 2281 3178 G„

1864 3221 1917 3252 Sub
1928 3220 1980 3264 filo
1999 3220 2123 3253 canabeo.

1228 3348 1472 3379 Procuratorium
1497 3354 1551 3389 pro
1588 3342 1721 3376 Amadeo
1746 3346 1858 3376 Comite
1895 3344 2051 3378 sabaudia
2082 3348 2118 3382 (ῤ’
2142 3344 2213 3376 aliis
2237 3340 2283 3376 ad

1302 3392 1494 3426 trailandum
1513 3392 1548 3424 de
1566 3395 1642 3424 Pace
1662 3396 1738 3424 inter
1755 3396 1844 3439 Reges
1865 3395 1977 3440 Angliae
1992 3397 2028 3430 r&
2048 3395 2187 3426 Franciae.

1224 3476 1344 3535 REX
1362 3474 1664 3520 universis,1praesentes
1676 3477 1775 3507 litteras
1790 3476 1963 3516 inspeffituriS,
1981 3476 2101 3521 salutem,
2157 3522 2159 3524 γ
2176 3515 2180 3520 .
2300 3486 2375 3521 ΑΜ,
2390 3488 2432 3523 ΒΕ,

1318 3517 1440 3548 Noverit
1457 3515 1625 3545 Universitas
1642 3515 1730 3545 vestra
1747 3516 1821 3553 quod
1834 3526 1898 3552 nos,
1915 3515 1950 3544 de
1967 3513 2094 3545 fidelitate
2107 3515 2139 3545 ὅ(
2155 3522 2279 3546 circum*
2328 3538 2360 3558 1,
2366 3537 2404 3559 02

1223 3556 1363 3595 spectione
1374 3555 1540 3585 dilectorum
1554 3553 1587 3584 δε
1601 3552 1723 3584 fidelium
1743 3552 1913 3591 nostrorum,
1931 3552 2084 3584 Nobilium
2100 3554 2223 3586 virorum
2294 3551 2416 3604 An·³3o.’

1261 3631 1383 3663 Amadei
1396 3630 1553 3669 robanda,
2299 3610 2429 3671 {ati-..Ale-

1265 3673 1284 3690 az
1293 3673 1402 3700 Hem-ici
1419 3670 1450 3698 de
1470 3671 1561 3708 Lacy,
1577 3668 1724 3698 Lincolniae
1743 3671 1887 3698 Comitum:
2299 3691 2369 3709 man.
2382 3692 2426 3718 30*

1262 3710 1397 3740 Adomari
1413 3708 1443 3736 de
1462 3706 1602 3745 Valentid,
1621 3705 1898 3744 Consanguineorurn
1912 3703 2079 3737 nostrorum:
2295 3722 2325 3746 13.
2339 3727 2404 3749 hm

1263 3751 1373 3778 Ottonis
1390 3747 1419 3775 de
1438 3743 1618 3784 Grandisono,
2294 3759 2322 3783 ὀὶ

1261 3788 1400 3817 Amanem'
1414 3787 1525 3814 Domini
1555 3784 1586 3813 de
1604 3782 1721 3813 Lebreto
1741 3781 1882 3813 Militum.-
2302 3798 2318 3813 ᾳ
2324 3796 2428 3830 11906.

1264 3823 1390 3863 Magtstri
1410 3820 1545 3851 Wllielmi
1560 3822 1591 3851 de
1605 3821 1752 3859 Grenefeld
1761 3823 1867 3850 Decani
1882 3818 2014 3859 Cicestriae
2049 3819 2088 3856 ὠ»

1264 3861 1391 3901 lilagistri
1405 3860 1513 3891 Roberti
1527 3860 1559 3889 de
1581 3860 1713 3900 Pykering
1729 3863 1850 3890 Canonici
1868 3858 2007 3888 Eboracen
2018 3869 2058 3897 ις,

1265 3937 1378 3968 Plenam
1395 3935 1525 3967 fiduciam
1541 3937 1711 3974 optinentes,
1727 3936 1798 3973 ipsos
1811 3934 1916 3966 nostros
1928 3930 2229 3974 facimus,ordinarnus
2240 3933 2273 3966 δε

1226 3977 1418 4009 constituimus
1431 3985 1509 4005 veros
1522 3975 1556 4005 &
1568 3975 1708 4012 legitimos
1721 3974 1924 4012 Procuratores,
1941 3974 1974 4004 &
1987 3973 2118 4004 Nuncios
2131 3973 2272 4012 speciales:

1266 4015 1370 4045 Dantes
1388 4012 1510 4051 eisdem,
1526 4013 1559 4044 &
1577 4013 1675 4051 majori
1689 4013 1757 4050 parti
1775 4011 1945 4051 eorundem,
1962 4012 2120 4056 generalem
2136 4034 2146 4051 ,
2163 4012 2273 4050 plenam

1227 4054 1260 4086 ὃς
1274 4053 1389 4084 liberam
1410 4050 1573 4090 potestatem
1585 4073 1596 4090 ,
1612 4061 1645 4082 ac
1663 4050 1778 4090 speciale
1800 4049 1963 4119 magiam
1979 4050 2115 4082 tradtandi
2131 4050 2168 4081 de
2185 4049 2278 4117 restog
