2570 4261
0 296 61 334 283.

0 345 25 362 U·
47 342 70 360 1.

0 1074 92 1111 ,1.236.

657 182 769 224 ET
853 181 1120 224 ACTA

0 267 34 288 m·
51 255 81 286 D
105 270 149 293 tur
167 272 195 295 iit
209 276 277 296 cum
291 289 300 304 ‚
318 267 403 297 solitae
418 267 574 298 devotionis
588 268 620 298 δε
635 267 699 298 fidei
710 268 772 298 zelo
783 267 923 298 succensus
936 291 946 306 ,
964 268 998 299 de
1014 269 1102 299 crucis
1120 265 1159 297 as-

106 302 264 347 sumptione
278 305 387 336 vivifice
403 307 572 345 praesignires
584 328 593 343 ,
612 307 644 336 &
665 307 754 337 tastris
767 306 865 336 dolore
879 309 970 337 cordis
984 306 1157 340 intrinsecus,

105 351 138 384 ac
149 350 285 372 animatus
297 344 330 373 :id
345 345 399 381 ejus
413 345 522 381 injurias
537 344 721 381 ulciscendas,
732 354 795 383 quae
807 344 843 374 slc
856 346 949 383 iugiter
963 347 992 375 in
1002 355 1071 375 terra
1086 353 1157 380 prte-

103 378 195 418 di‘sta,
213 389 296 419 prout
309 382 378 411 olim
395 382 508 419 praesens
523 383 592 412 inibi
606 382 741 419 didicisti,
757 383 792 412 ab
806 382 957 412 infidelium
971 383 1077 413 nefariis
1090 382 1157 411 ausi-

105 418 156 447 bus
170 419 323 449 inferuntur
339 442 348 457 ,
365 421 395 448 in
410 421 629 459 promptitudine
642 420 762 461 spiritus,
778 422 893 450 caritatis
912 421 1027 459 ardore,
1047 431 1079 450 ae
1098 420 1155 456 ple-

103 456 230 486 nitudine
249 457 413 495 voluntatis,
431 458 465 487 ad
485 466 571 497 partes
586 459 642 488 illas
656 482 665 497 ‚
684 459 819 496 praedic‘to
837 459 1002 489 adveniente
1022 458 1158 499 passagio,

104 495 177 534 quali
191 494 330 525 laudabilis
345 495 516 532 praecursoris
528 495 656 526 officium
671 505 719 526 exe
741 507 821 535 uens,
839 497 1011 527 convolares.

142 532 233 563 Nosti
246 535 351 562 etenim
361 557 370 572 ,
386 534 476 563 immo
493 535 609 573 propriis
622 535 710 564 oculis
743 535 806 565 1&ae
815 544 893 565 terrae
908 534 1083 565 Calamitates
1095 534 1157 563 uni-

104 570 191 601 versas
211 570 334 610 aspexisti
348 594 357 609 ‚
376 571 475 602 sensisti
493 573 704 602 tribulationum
726 575 781 609 ejus
801 573 930 604 incendia
943 597 952 611 ‚
969 573 1079 610 diraque
1100 572 1158 611 pal-

127 607 177 638 asti
192 609 324 647 vulnera,
344 620 407 647 quae
421 611 486 648 sibi,
505 621 562 640 non
577 611 632 640 sine
641 611 808 641 Christianae
820 613 906 651 gentis
914 612 1084 651 opprobrio,
1098 612 1156 641 sce-

115 646 170 676 esta
182 656 279 677 manus
292 648 415 687 infligere
429 658 488 678 non
503 656 620 678 veretur.

144 684 253 728 Revera
266 709 275 723 ‚
300 686 324 716 si*
337 687 447 716 sollicita
468 686 685 717 consideratione
704 687 852 718 discuteres
871 689 1069 727 multiplicium
1084 687 1159 717 dona

105 723 298 762 carismatum,
315 725 414 762 quibus
426 732 453 754 te
467 726 630 762 praevenisse
649 726 817 762 conspicitur
833 726 953 756 coelestis
972 724 1160 756 munificentia

105 761 256 805 largitoris,
275 772 343 792 cum
359 764 386 792 in
402 770 545 805 te‚¹prout
567 763 623 793 lzeti
638 764 779 793 referimus
794 787 802 800 ‚
820 764 981 795 strenuitatis
995 766 1091 803 vigor,
1108 763 1161 793 dis-

107 801 236 831 cretionis
250 802 351 838 virtus⁷
367 801 529 839 magnitudo
550 801 722 839 prudenti-ae,
739 803 772 832 ὃς
787 804 918 839 potentia:
938 801 1090 833 multitudo
1105 801 1160 831 cla-

109 838 230 876 rescant,
252 839 261 875 (
271 848 300 868 ut
310 838 476 869 diversarum
490 839 706 870 habundantiam
718 840 879 880 facultatum
888 864 897 878 ,
932 842 1011 871 uibus
1025 841 1094 870 inter
1104 849 1164 869 cce-

111 883 182 906 teros
193 877 268 906 orbis
282 885 360 907 terrae
374 877 514 915 Principes
528 879 709 917 praemunitus
721 879 890 917 agnoscere,
906 880 924 909 si
935 879 1012 909 entio
1026 878 1162 914 relinqua-

111 924 174 944 mus
189 914 199 951 )
213 914 324 946 deceret
334 916 427 953 utique
440 916 659 955 magnitudinem
680 916 801 956 Regiam
815 926 844 947 ut
864 918 890 947 se
902 926 1062 955 promptam
1077 916 1109 946 δε
1123 916 1164 945 fa-

111 953 196 983 cilem
211 952 311 983 divinis
320 954 455 993 obsequiis
469 954 618 985 exhiberet.
1123 969 1131 976 ·

150 991 181 1022 Si
195 993 279 1021 eriam
296 992 398 1031 grande
412 993 594 1031 patulumque
615 991 797 1032 miraculum,
813 994 888 1032 quod
904 994 978 1024 circa
997 1001 1025 1023 te
1034 1015 1044 1031 ,
1059 991 1166 1021 dudum

112 1031 141 1060 in
156 1030 293 1068 praedietis
306 1032 426 1068 partibus
439 1031 600 1062 existentem
610 1055 619 1070 ‚
635 1035 655 1061 is
669 1056 678 1070 ‚
697 1033 744 1070 qui
759 1033 824 1062 facit
838 1032 972 1062 mirabilia
987 1039 1104 1069 magna,
1122 1030 1166 1059 so-

111 1069 152 1099 lus
169 1068 291 1108 benigna
302 1071 462 1107 operatione
482 1070 500 1089 *²
521 1072 677 1107 complevit
688 1071 756 1100 dum
772 1071 896 1100 laetiferas
915 1069 1024 1100 inimici
1044 1069 1167 1098 hominis

111 1106 213 1145 asisini,
231 1116 307 1138 tuam
321 1108 435 1145 perdere
450 1109 570 1138 animam
581 1109 739 1148 satagentis,
758 1109 862 1139 insidias
877 1133 886 1146 ,
902 1109 1027 1148 quamvis
1040 1106 1169 1146 gravibus

110 1145 254 1176 confossus
265 1146 422 1176 vulneribus
436 1146 558 1184 evasisti,
570 1147 664 1177 divina
679 1149 780 1177 virtute
796 1147 943 1177 reservatus
955 1146 989 1176 ad
1003 1147 1090 1176 vitam
1099 1167 1108 1181 ‚
1126 1144 1169 1173 di-

110 1184 204 1223 ligenti
218 1185 401 1215 meditatione
412 1185 549 1223 pensareS,
569 1186 622 1222 pati
635 1186 802 1224 aliquatenus
816 1195 876 1215 non
892 1184 1004 1214 deberes
1016 1191 1047 1213 ut
1061 1183 1168 1212 dic‘tam

111 1223 252 1253 decimam
266 1246 275 1261 ,
293 1233 341 1263 per
363 1224 478 1262 cujusvis
498 1224 605 1254 alterius
627 1223 810 1252 ministerium
826 1246 835 1261 ,
853 1223 980 1253 converti
994 1221 1170 1259 contingeret

111 1262 141 1291 in
162 1262 304 1292 servitium
324 1261 397 1299 Jehu
415 1261 518 1292 Christi
533 1286 542 1299 ‚
559 1262 602 1291 sed
623 1261 739 1300 dignum
763 1261 855 1299 potius
869 1261 902 1291 &
916 1260 1088 1290 conveniens
1104 1268 1169 1297 pro-

112 1300 246 1330 culdubio
269 1299 445 1337 nosceretur,
465 1309 493 1329 ut
508 1322 517 1336 ‚
536 1299 702 1338 negligentia
719 1299 839 1336 qualibet
859 1300 967 1328 eminus
982 1298 1116 1337 relegata,
1133 1297 1172 1326 sa-

112 1338 193 1368 lubre
208 1349 278 1368 onus
293 1338 450 1375 hujusmodi
464 1338 587 1375 subiens,
606 1337 634 1366 id
649 1346 697 1375 per
713 1345 740 1366 te
753 1337 841 1374 ipsum
855 1338 968 1366 viriliter
977 1336 1090 1365 duceres
1107 1344 1170 1364 exe-

113 1376 258 1414 quendum
267 1399 277 1415 ,
294 1377 397 1406 debitae
412 1376 541 1405 servitutis
557 1375 670 1411 pensum
681 1374 816 1404 solvendo
823 1374 944 1404 domino
954 1374 1020 1404 Deo
1035 1383 1099 1409 tuO,
1111 1374 1171 1411 qui,

113 1423 144 1445 ut
160 1424 188 1445 te
202 1415 350 1445 redimeret
365 1415 398 1444 &
412 1414 446 1445 de
462 1414 625 1445 venantium
642 1413 740 1452 laqueo
752 1413 894 1451 liberaret,
912 1413 1002 1443 crucis
1016 1411 1106 1442 subire
1119 1421 1169 1451 pa.-

113 1454 236 1484 tibulum
249 1463 308 1483 non
323 1454 442 1489 expavit.

151 1490 288 1530 Regalem
301 1492 393 1528 itaque
412 1490 603 1522 celsitudinem
618 1492 721 1521 attente
741 1490 868 1521 duximus
882 1488 1066 1528 exorandam,
1083 1487 1172 1528 quati-

116 1540 166 1561 nus
181 1539 240 1559 non
256 1530 361 1559 mireris
374 1552 384 1568 ,
402 1538 503 1568 tuaque
517 1530 653 1560 Serenitas
671 1529 790 1560 moleste
805 1540 862 1559 non
884 1529 952 1559 ferat
966 1529 985 1559 si
999 1529 1167 1567 petitionem

115 1567 232 1598 eandem
246 1590 256 1604 ‚
270 1570 395 1605 quamvis
417 1569 535 1598 libenter
556 1570 585 1598 in
601 1569 652 1597 hiis
667 1577 732 1605 quae
753 1578 805 1605 pro
819 1576 947 1608 ternpore
962 1566 1082 1606 postulas
1100 1566 1172 1596 votis

116 1606 212 1646 Regiis
231 1615 384 1636 annuamus
397 1629 406 1644 ‚
424 1606 552 1636 exaudire
569 1606 725 1636 distulimus
741 1618 750 1643 3
764 1615 840 1636 tuam
857 1607 885 1636 in
902 1606 954 1636 hac
970 1614 1047 1643 parte
1058 1604 1172 1635 salutem

117 1653 256 1682 tuumque
275 1644 389 1675 sollicite
410 1646 613 1675 considerantes
631 1645 773 1674 honorem
789 1667 798 1682 ‚
820 1654 851 1674 ac
872 1645 955 1675 etiam
972 1643 1175 1673 comoditatem

118 1684 227 1714 subsidii
243 1705 252 1721 ‚
289 1692 353 1713 uam
373 1684 402 1712 in
423 1683 537 1721 persona
552 1691 597 1713 tua
611 1684 750 1723 petitionis
764 1683 842 1722 ipsius
864 1682 1002 1713 exauditio
1014 1680 1176 1719 ‚vacufiss'et‚

120 1722 172 1752 tibi
185 1722 265 1758 super
298 1722 360 1760 ujus
375 1721 568 1752 conservatore
581 1723 698 1760 negotio
713 1722 816 1751 cautius
829 1721 1011 1751 intendentes.

158 1759 338 1790 Confidimus
350 1760 455 1790 etenim
470 1760 503 1790 &
517 1760 533 1789 s
563 1769 652 1790 ramus
665 1761 694 1789 in
710 1759 859 1797 Domino,
878 1760 955 1797 cujus
968 1759 1114 1798 negotium
1122 1757 1179 1796 agi-

123 1806 186 1836 tur,
204 1798 281 1835 quod
296 1807 364 1828 cum
378 1798 408 1827 in
423 1807 508 1828 manu
556 1799 581 1828 ei
596 1798 711 1837 Regum
725 1798 810 1828 corda
826 1798 976 1828 consistant
986 1821 995 1837 ,
1014 1797 1123 1836 ipseque
1138 1796 1181 1826 illa

123 1847 181 1876 quo
202 1837 234 1867 &
250 1836 362 1875 quando
380 1846 411 1866 ac
425 1844 508 1876 prout
529 1837 589 1868 vult
602 1845 732 1876 potenter
745 1837 875 1874 inclinet,
893 1845 940 1874 tu,
955 1837 1059 1867 divinae
1073 1836 1181 1865 virtutis

122 1884 257 1915 operante
274 1875 417 1915 potentia,
435 1883 610 1913 conceptum
626 1875 799 1912 propositum
813 1874 935 1905 successu
948 1874 1081 1915 temporis
1097 1883 1182 1903 com-

126 1913 271 1951 mutabis,
289 1915 319 1943 in
338 1913 447 1943 fervore
466 1913 573 1952 spiritus
589 1914 735 1950 praefatum
756 1913 949 1953 prosequendo
964 1914 1128 1952 negotium,
1148 1911 1182 1942 ad

127 1953 207 1990 cujus
218 1952 435 1988 assumptionem
450 1959 478 1981 te
491 1952 726 1990 impresentiarum
736 1975 745 1990 ,
758 1952 777 1982 si
791 1951 878 1982 relatis
892 1953 989 1982 veritas
1004 1951 1110 1988 faveat,
1124 1960 1184 1980 non

127 1991 263 2029 disponis:
283 1990 434 2020 Nimirum
449 1999 560 2029 magnae
572 1991 622 2020 tibi
638 1990 722 2021 laudis
733 1991 899 2027 preconium
913 1989 1100 2030 proculdubio
1115 1998 1184 2018 ven-

128 2029 248 2061 dicabis,
268 2029 428 2059 multumve
442 2027 573 2059 comodis
588 2030 707 2066 propriae
721 2029 807 2058 salutis
818 2028 936 2067 adicies,
956 2029 975 2059 si
989 2051 999 2066 ,
1016 2027 1093 2067 quod
1106 2026 1185 2056 sensi-

128 2068 181 2112 bus
191 2067 292 2127 ¹Regiis
306 2077 339 2098 ex
352 2066 454 2098 ari-ectu
470 2067 652 2098 sincerissimo
672 2067 814 2098 suidemus
823 2090 832 2106 ,
849 2068 956 2098 curabis
970 2066 1122 2097 efficaciter
1135 2065 1183 2096 ad-

130 2116 254 2143 impere.

169 2144 415 2175 Consideravimus
447 2144 530 2176 etiam
544 2169 553 2184 ‚
580 2144 785 2176 exauditionem
817 2143 976 2180 huiusmodi
1007 2142 1165 2173 differentes
1180 2165 1189 2181 ,

130 2182 226 2222 quod,
245 2192 313 2214 cum
327 2182 457 2222 passagii,
474 2193 572 2223 utpote
586 2184 714 2214 nondum
729 2182 891 2221 constituti,
909 2181 1051 2212 necessitas
1067 2192 1125 2212 non
1143 2191 1188 2211 ur-

133 2230 225 2261 geret,
243 2231 335 2260 neque
353 2221 437 2252 status
451 2222 548 2253 mundi
563 2223 673 2260 qualitas
686 2221 719 2251 ad
734 2220 910 2252 statuendum
930 2219 999 2250 illud
1016 2222 1045 2250 in
1060 2220 1190 2258 proximo

134 2261 369 2290 commoditatem
385 2262 514 2300 temporis
533 2261 730 2299 repromittat,
758 2259 898 2289 nonnullis
920 2260 996 2289 orbis
1015 2258 1192 2297 Provinciis,

134 2307 218 2337 prout
231 2297 392 2329 intellexisse
411 2307 438 2329 te
458 2299 615 2339 credimus,
634 2299 836 2329 turbationibus
849 2297 958 2336 validis,
976 2297 1057 2327 hoste
1071 2297 1188 2327 humani

134 2338 240 2376 generis
262 2344 445 2377 procurante,
460 2337 617 2376 concussis,
636 2337 743 2368 nullum
765 2344 870 2374 poterat
884 2346 918 2365 ex
931 2336 1070 2376 praemissa
1085 2336 1192 2370 dilatio-

136 2385 173 2406 ne
188 2375 363 2416 dispendium
377 2375 488 2406 exoriri.
875 2397 877 2400 ⁴

176 2414 267 2452 Qod
288 2414 307 2443 si
328 2413 400 2443 forte
413 2437 422 2451 ‚
440 2413 547 2453 prefixo
567 2413 677 2453 passagii
696 2421 843 2450 tempore,
860 2419 889 2441 te
907 2411 999 2450 nolle,
1018 2411 1095 2451 quod
1109 2411 1194 2450 absit,

138 2454 311 2482 transfretare
333 2452 503 2492 contigerit,
528 2452 563 2481 de
583 2461 640 2490 quo
659 2460 719 2481 non
741 2452 842 2491 poterit
861 2450 983 2480 Ecclefia
1004 2460 1062 2479 non
1083 2450 1195 2487 dolere,

139 2497 208 2520 tunc
229 2498 287 2520 tam
310 2489 384 2519 circa
403 2489 550 2527 praefatum
569 2489 717 2519 Comitem
729 2511 739 2527 ,
762 2499 846 2526 quam
866 2489 948 2518 etiam
968 2488 1116 2526 Magnates
1132 2511 1141 2526 ,
1159 2489 1192 2518 ὃς

139 2528 265 2558 Nobiles
286 2527 382 2565 Regni
401 2529 440 2558 tui
456 2550 465 2564 ‚
481 2528 569 2558 taliter
583 2528 618 2557 de
630 2527 740 2557 decima
753 2527 896 2564 disponere
907 2527 1015 2556 curabis
1029 2525 1196 2565 supradifflt,

138 2566 215 2605 quod
234 2566 267 2596 ad
289 2566 399 2595 laudem
423 2565 480 2595 Dei
493 2589 502 2604 ,
521 2574 601 2596 terrae
623 2565 723 2596 sancite
736 2565 894 2596 comodum
909 2587 919 2603 ,
938 2565 970 2595 ὃς
984 2564 1098 2594 lionoris
1112 2564 1196 2603 Regii
1241 2593 1243 2595 ,

139 2604 219 2635 cedat
231 2611 422 2642 augmentum.

180 2684 245 2753 Dar.
266 2684 340 2754 apud
355 2683 596 2716 Urbemveterem
611 2684 638 2715 6.
655 2683 696 2715 Id.
711 2683 826 2724 Januar.
847 2683 1035 2729 Pontificatus
1049 2681 1136 2714 nostri
1151 2693 1199 2713 an-

142 2732 183 2753 no
208 2733 279 2753 ecun
300 2733 328 2752 o.
421 2734 423 2737 i
960 2738 965 2743 Δ

810 2801 864 2833 Sub
869 2800 922 2845 filo
937 2802 1041 2833 canabi.

200 2953 248 2983 De
267 2953 399 2994 auxilio,
419 2962 473 2997 per
490 2951 643 2995 Gastonem
656 2931 695 2985 ¹ase
712 2955 808 2986 Bearn
824 2953 948 2998 Affonsb
964 2955 1035 2999 Regi
1047 2949 1155 2995 Castel-

322 3001 350 3032 [ιε
363 2999 503 3046 prastito,
528 3000 571 3034 ad
588 3000 782 3034 Mandatum
798 3004 885 3048 Regis
899 3002 1026 3049 Angliae.

232 3085 354 3119 Overint
367 3090 502 3127 universi,
515 3088 659 3130 praesentes
673 3091 772 3121 litteras
784 3092 947 3133 inspedturi,
961 3091 1038 3129 quod
1052 3102 1121 3128 nos,
1135 3092 1207 3122 Gas-

244 3134 293 3165 to,
311 3126 371 3156 Dei
385 3127 485 3167 gratia,
503 3128 670 3159 vicecomes
685 3128 720 3158 de
732 3128 818 3160 Bearn
834 3153 844 3170 ‚
861 3130 1006 3161 Dominus
1022 3129 1134 3160 Montis
1148 3130 1204 3160 Ca-

149 3166 226 3197 thani
247 3166 279 3196 &
300 3162 395 3196 Castri
410 3167 508 3196 veteris
521 3189 530 3203 ‚
555 3165 722 3196 confitemur
762 3168 820 3199 uod
839 3170 997 3206 recepimus
1016 3169 1051 3198 ab
1073 3168 1207 3208 Ugolino

151 3204 186 3234 de
202 3204 308 3244 Viquio
322 3227 331 3241 ,
351 3204 477 3235 familiari
497 3204 619 3235 Domini
639 3205 728 3241 nostri
780 3208 836 3247 egis
851 3206 1105 3246 Angliaeillustris,
1124 3208 1205 3237 dante

30 3241 36 3248 '
63 3243 80 3286 J
152 3242 185 3274 &
203 3242 325 3273 solvente
339 3242 374 3286 de
386 3241 506 3282 pecunia
520 3242 643 3273 Domini
657 3242 745 3273 nostri
774 3245 896 3283 raediffi,
914 3246 973 3275 duo
984 3245 1206 3283 milliasducen-

124 3314 135 3320 ,
153 3290 192 3311 tas
207 3282 240 3311 &
252 3281 496 3320 septuagintalibr.
510 3280 623 3311 Turon.
636 3289 688 3319 pro
701 3282 738 3311 sol
759 3292 779 3312 0

155 3328 234 3357 tum,
253 3318 289 3349 de
302 3320 400 3358 quibus
408 3328 491 3363 erasit
503 3319 608 3363 septem
622 3319 758 3350 Banerici.
791 3283 969 3346 quadragmt?
991 3285 1022 3335 ᾃ
1039 3294 1119 3314 umus
1133 3284 1206 3314 mlh-

191 3357 228 3387 Et
250 3367 302 3401 pro
324 3357 401 3388 soldo
422 3358 665 3401 quinquaginn&
688 3367 794 3389 novem
815 3358 996 3391 scuteriorum
1013 3369 1060 3398 per
1078 3361 1206 3400 sexagint.

154 3396 222 3426 duos
244 3398 301 3426 dies
314 3419 323 3434 ‚
341 3397 546 3433 computandos
563 3397 578 3425 a
596 3396 641 3426 die
661 3396 774 3427 Sabbati
793 3398 856 3435 post
869 3398 984 3429 Festum
997 3399 1070 3429 beati
1089 3399 1206 3430 Martini

153 3434 292 3472 Yemalis,
311 3434 397 3472 usque
408 3433 441 3464 ad
456 3434 531 3464 diem
542 3434 623 3472 Jovis
637 3435 667 3463 in
681 3434 798 3465 OCtabis
811 3435 974 3475 Epiphaniae
988 3437 1126 3475 Domini,

192 3472 299 3503 Dando
319 3473 388 3502 octo
408 3472 493 3502 Solid.
515 3473 666 3507 Turonen,
688 3482 740 3509 pro
752 3472 848 3504 Milite
860 3497 868 3511 ,
887 3475 919 3504 &
934 3475 978 3504 sex
991 3475 1078 3506 Solid.
1094 3477 1205 3506 Turon.

153 3521 206 3580 pro
228 3511 354 3542 Scutario
374 3520 483 3550 quaque
502 3509 564 3549 die,
576 3511 654 3549 juxta
672 3511 878 3542 ordinationem
890 3513 1013 3543 Domini
1030 3515 1117 3545 Antii.
1133 3513 1207 3551 ssek,

175 3551 280 3580 abiram
292 3549 369 3589 super
381 3549 453 3579 istis:

193 3588 277 3627 Qios
290 3597 404 3619 centum
418 3588 520 3617 milites
533 3587 566 3618 δε
581 3587 711 3618 scutarios
727 3610 737 3627 ,
753 3588 789 3618 ad
804 3589 966 3620 mandatum
974 3589 1106 3626 Domini
1123 3590 1209 3620 nostri

155 3624 243 3666 Regis
263 3627 373 3697 Atffiliae
391 3626 540 3670 piaedietih,
557 3627 590 3657 &
610 3626 840 3670 amplius'viginti
852 3637 937 3666 equos
957 3637 1075 3659 armatos
1089 3652 1098 3666 ,
1116 3628 1211 3658 nobis-

158 3674 227 3695 cum
247 3667 275 3696 in
313 3665 449 3695 -astellam
467 3664 597 3696 duximus
612 3665 646 3696 ad
665 3665 808 3695 servmum
821 3664 942 3697 Domini
958 3666 1046 3706 Regis
1064 3666 1209 3705 castellae,

158 3703 190 3733 δε
204 3705 343 3735 tenuimus
358 3705 386 3734 in
403 3703 482 3741 ipsius
494 3703 605 3734 servitio
617 3712 665 3741 per
678 3702 735 3734 dies
748 3703 913 3743 praedi&os;

195 3740 244 3772 De
263 3744 369 3782 quibus¹
384 3748 502 3773 centum
520 3742 553 3772 &
567 3742 666 3780 viginti
684 3742 760 3781 equis
781 3741 902 3772 Armatis
918 3743 1072 3774 monstram
1092 3745 1212 3775 fecimus

159 3779 490 3820 apud,Stellam‚,coram
499 3779 538 3814 -Ν
541 3781 628 3810 unciis
640 3779 764 3810 Domini
779 3779 866 3818 Regis
882 3778 1029 3820 Casteliae,
1047 3782 1080 3813 &
1095 3783 1213 3813 Guber-

160 3824 256 3860 natore
272 3817 394 3850 Navarr.
416 3819 449 3850 &
466 3817 556 3849 Scoto
570 3818 650 3849 fratre
661 3817 731 3849 dieci
746 3817 885 3858 Ugolini,
901 3828 934 3848 ac
949 3819 1044 3850 multis
1058 3821 1116 3851 aliis
1131 3821 1215 3851 bonis

156 3865 447 3938 vufiecognoscentes
462 3895 538 3935 quod
554 3918 563 3939 2
580 3895 616 3926 de
635 3894 773 3939 praedici-o
791 3893 887 3932 soldo,
904 3893 1029 3939 ultimam
1046 3896 1215 3928 solutionem

177 3931 321 3975 uindecirn
341 3931 448 3964 dierum
471 3942 626 3972 recepimus
643 3934 692 3965 die
712 3933 805 3964 Lunae
833 3932 896 3972 post
919 3932 1065 3970 praedictas
1091 3934 1216 3966 Oetabas

184 3979 212 4006 pi
233 3969 324 4000 haniae
338 3970 471 4003 Domini.

229 4017 245 4037 e
259 4008 358 4052 quibus
377 4009 487 4040 duobus
509 4010 640 4051 milibus,
654 4010 797 4048 ducentis,
811 4009 845 4041 δί
858 4008 1017 4052 septuagint.
1031 4009 1216 4050 libr‚Tu10n.

161 4055 214 4077 nos
229 4055 350 4084 gerimus
364 4057 418 4084 pro
430 4051 578 4081 contentis.

198 4086 268 4130 Tam.
283 4087 308 4115 I.
324 4086 356 4115 P.
370 4087 412 4117 ΙΙ,

1204 175 1684 224 PUBLICA.

2177 196 2195 224 2
2209 194 2254 235 17

1239 264 1257 282 *
1278 264 1310 293 In
1327 267 1403 301 cujus
1417 269 1455 296 rei
1470 267 1665 299 testimonium
1686 268 1810 308 Sigillum
1830 270 1958 301 nostrum
1975 268 2105 301 duximus
2119 269 2259 306 praescnti-
2275 252 2349 309 Ans·
2364 252 2403 283 D*

1201 301 1253 331 bus
1263 305 1470 341 apponendum.
2277 294 2387 358 13:33}

1240 377 1306 411 Dat.
1323 381 1393 420 apud
1409 381 1573 421 Pampylon.
1586 385 1631 416 die
1648 386 1737 416 Lunae
1750 388 1910 426 praedictae,
1924 398 1999 418 anno
2014 386 2136 418 Domini
2154 388 2235 427 1283.

1301 514 1348 544 De
1364 512 1491 545 emendis
1511 516 1665 559 Equorum
1683 519 1713 547 in
1732 517 1808 549 α’ἰὲἳο
1830 521 1959 550 Servitio
1973 518 2154 563 amiffiirum.

1285 601 1406 631 Overint
1426 600 1560 645 Universi
1574 627 1583 639 ‚
1600 602 1763 640 praesentem
1779 605 1898 635 litteram
1918 606 2066 642 inspet‘turi
2080 628 2090 643 2
2101 606 2185 646 ‘quod
2204 615 2256 636 nos
2273 594 2348 626 Ann-
2366 594 2406 626 D‘

1269 678 1273 682 Ι
1301 639 1408 676 Gasto,
1426 639 1482 669 Dei
1495 641 1594 678 gratia,
1612 641 1781 672 Viceconies
1802 641 1897 673 Bearn.
1916 643 2058 673 Dominus
2074 643 2184 674 Montis
2197 643 2256 674 Ca·
2298 635 2379 673 ¹233·

1198 676 1274 720 thani
1291 678 1322 707 ὃς
1340 677 1431 707 Casiri
1448 678 1551 708 Veteris
1565 702 1573 715 ,
1593 679 1713 709 vidimus
1734 682 1810 721 quod
1834 681 1990 713 llucelinus
2003 682 2039 711 de
2054 681 2159 720 Vilio,
2174 683 2255 712 fami·
2274 677 2315 700 Aa
2348 683 2389 700 ¹¹·

1199 714 1274 781 ξένιε.
1292 715 1399 745 illustris
1418 715 1539 746 Domini
1562 716 1648 756 Regis
1669 718 1779 758 Angli-„e
1794 742 1804 757 ,
1821 720 1857 750 de
1878 699 1971 750 (senar.
1993 720 2115 758 ejusdem
2131 720 2255 750 Domini
2272 716 2301 776 Ξ
2317 721 2379 786 gf

1233 761 1303 791 egis,
2297 770 2302 774 ·
2343 770 2347 775 ·
2377 771 2383 777 ·

1237 791 1328 822 Solvit
1348 791 1506 822 Ramfredo
1526 792 1562 822 de
1578 792 1681 823 Monte
1695 793 1786 823 Pisato
1802 794 1887 825 Militi
1904 819 1912 833 ‚
1929 805 1981 833 pro
1994 796 2118 825 emendis
2131 795 2252 826 duorum
2277 797 2341 823 307·
2357 796 2383 832 {⁴-

1199 837 1336 865 equorum
1349 853 1359 867 ,
1383 840 1451 869 quos
1475 832 1599 860 amiserat
1622 832 1650 860 in
1674 831 1783 861 servitio
1797 855 1805 869 ‚
1826 835 1901 870 quod
1918 834 2011 863 illustri
2026 834 2158 863 Domino
2180 835 2254 873 Regi
2273 830 2342 852 Pium
2357 829 2408 852 ‘3¹²‘

1200 865 1330 909 Castellie
1347 877 1397 906 pro
1413 868 1543 898 Domino
1559 869 1656 899 nostro
1676 869 1756 908 Rege
1771 871 1880 909 Angli-„u
1900 872 2015 902 fecimus
2030 895 2039 910 ,
2059 873 2256 910 quinquaginta
2277 870 2368 891 'mnf'

1200 904 1265 934 libr.
1279 905 1486 936 Morlanorum.
2181 905 2191 912 κ

1241 942 1334 973 Solvit
1348 943 1455 983 insuper
1467 943 1573 974 Garsiae
1586 944 1702 974 Amaldi
1716 945 1848 975 Domino
1859 947 1894 976 de
1908 947 2041 977 Navalles
2057 971 2065 983 ,
2083 948 2181 978 decem
2196 946 2258 977 libr.

1206 980 1294 1010 Mori.
1309 991 1360 1018 pro
1374 982 1494 1011 emend&⁴
1506 983 1586 1011 unius
1598 984 1678 1020 equi,
1695 993 1779 1021 quein
1794 985 1915 1014 amiserat
1929 996 1957 1014 in
1972 987 2077 1016 servitio
2092 986 2259 1023 supradicio:

1235 1018 1292 1062 'De
1332 1018 1410 1049 uibus
1427 1020 1552 1048 emendis
1567 1041 1576 1056 ,
1596 1020 1632 1049 lic
1653 1021 1727 1050 factis
1740 1043 1749 1058 ,
1767 1021 1857 1051 diitus
1881 1023 2037 1061 l-lugc'iinus
2062 1025 2143 1054 habet
2164 1024 2262 1053 litteras

1207 1057 1269 1087 alias
1285 1059 1299 1087 a
1339 1057 1454 1087 lilitibus
1468 1057 1633 1096 supradietis.

1247 1095 1279 1125 ln
1293 1097 1371 1134 cujus
1384 1096 1423 1125 rei
1434 1095 1646 1125 Testimonium
1661 1096 1786 1134 Sigillum
1801 1096 1927 1127 nostrum
1941 1098 2070 1128 duximus
2085 1099 2210 1137 praesenti
2224 1099 2268 1129 lit-
2308 1105 2310 1108 '

1208 1141 1275 1164 terae
1289 1134 1498 1174 apponendum.

1245 1213 1313 1244 Dat.
1327 1208 1521 1253 Pampilonae‚
1540 1214 1586 1244 die
1605 1214 1694 1244 Lunae
1709 1214 1772 1255 post
1788 1214 1904 1245 Festum
1919 1217 1993 1246 beati
2007 1215 2151 1246 Vincenti'i
2166 1216 2266 1246 Marti-

1209 1252 1260 1290 ris,
1276 1262 1351 1282 anno
1368 1249 1491 1282 Domini
1510 1254 1591 1291 1283.

1305 1387 1350 1418 Pe
1371 1380 1501 1428 Subſsdio
1513 1384 1633 1431 petendo
1650 1399 1669 1419 a
1694 1388 1776 1420 Clero
1793 1391 1952 1421 Provitrciie
1970 1384 2167 1432 Ebsritcenfis.

1280 1474 1304 1505 E
1315 1475 1344 1505 X
1364 1475 1565 1505 venerabilibus
1579 1477 1607 1505 in
1622 1476 1738 1507 Christo
1752 1477 1893 1514 Patribus,
1912 1477 2054 1516 Episcopis
2066 1500 2076 1515 ,
2096 1477 2267 1514 Abbaiibus,
2287 1464 2363 1495 Asm-
2377 1465 2408 1496 D

1290 1514 1448 1551 Prioribus,
1466 1514 1589 1544 Dec-mis
1603 1538 1612 1552 ,
1631 1515 1766 1553 Capitulis
1785 1516 1969 1546 Ecclesiaruni
1989 1515 2212 1553 Cathedraliunr‚
2231 1515 2265 1545 δε
2320 1505 2404 1543 1233”

1212 1550 1428 1592 Collegiatarum
1442 1575 1452 1589 ,
1470 1552 1506 1582 de
1525 1552 1675 1583 Provincia
1695 1554 1842 1592 Eborum,
1860 1555 1892 1584 &
1908 1565 2005 1584 eorum
2019 1553 2265 1592 Procurator-ibris,
2282 1546 2335 1570 ’Μ’
2358 1553 2367 1569 ¹
2379 1553 2401 1570 ¹·

1212 1599 1244 1620 ac
1268 1592 1320 1621 toti
1342 1591 1552 1621 Communitari
1573 1591 1650 1621 Cleri
1668 1591 1829 1622 Provincia:
1849 1592 1968 1629 ejusdcm
1984 1605 1993 1630 3
2012 1593 2157 1629 niiiitibm,
2176 1593 2266 1621 liberis
2374 1623 2381 1629 Ι

1213 1628 1388 1667 hominibus⁷
1407 1631 1654 1660 communitatibus
1670 1632 1702 1660 &c
1718 1632 1849 1660 omnibus
1863 1631 1936 1668 alin,
1948 1631 1983 1660 de
1998 1631 2105 1668 lingulis
2118 1630 2268 1660 Comitati-
2285 1623 2368 1668 R'ocm
2377 1617 2420 1645 all*

1215 1667 1265 1697 bus
1281 1691 1290 1706 2
1313 1668 1382 1698 ultra
1400 1668 1537 1698 Trentam
1559 1668 1630 1705 apud
1651 1668 1800 1707 Eborum,
1818 1670 1847 1698 in
1866 1668 2029 1699 instantibus
2043 1668 2161 1699 octabis
2175 1669 2270 1699 SanSti
2286 1667 2336 1683 “¹“-
2358 1666 2398 1683 ¹¹’

1214 1704 1326 1736 Hillarii
1342 1708 1538 1744 conventuris,
1556 1706 1679 1736 salutem.
2288 1700 2317 1722 E.
2339 1704 2361 1722 ¹·

1250 1744 1330 1774 Cum
1346 1755 1418 1783 nos,
1433 1744 1581 1774 occasione
1600 1744 1736 1782 praesentis
1755 1744 1935 1782 expeditionis
1957 1745 2060 1775 nostra:
2074 1745 2189 1775 Wiliiae
2209 1767 2218 1782 ‚
2238 1744 2274 1774 ad
2293 1743 2318 1761 ⁷⁷³
2344 1743 2369 1769 3⁶

1219 1784 1353 1813 malitiam
1373 1784 1405 1813 ὃς
1421 1783 1599 1812 rebellionem
1616 1783 1799 1813 Vl'allensiuni
1816 1784 1999 1814 inimicorum
2013 1783 2173 1813 nostrorum
2194 1784 2278 1821 repri-

1219 1821 1351 1852 mendam
1385 1822 1418 1852 &
1432 1821 1466 1851 ad
1481 1830 1640 1860 perpetuam
1657 1832 1757 1857 pacem
1773 1821 1866 1860 Regni
1882 1821 2030 1859 nostri‚ad
2045 1831 2129 1861 quam
2142 1829 2205 1851 toto
2213 1831 2279 1850 cor-

1219 1859 1255 1890 de
1269 1844 1456 1897 intendimus,
1474 1860 1592 1890 subsidio
1607 1859 1731 1890 fidelium
1745 1859 1908 1890 nostrorum
1923 1860 2019 1899 Regni
2039 1859 2130 1890 nostri
2146 1869 2216 1899 opus
2231 1860 2280 1890 iia*

1221 1899 1335 1928 beamus
1349 1898 1382 1928 ad
1404 1897 1539 1936 priesen33

1256 1936 1325 1967 Nos
1339 1936 1375 1966 de
1390 1936 1584 1966 benevolentia
1596 1936 1758 1966 venerabilis
1771 1935 1857 1966 Patris
1870 1936 1920 1966 W.
1938 1937 2066 1966 Eborum
2084 1935 2279 1974 Archiepisco-

1220 1975 1265 2015 pi,
1285 1975 1394 2014 Anglia:
1415 1975 1542 2004 Priniatis
1556 1997 1564 2012 ,
1583 1975 1615 2004 ὃ(
1630 1974 1665 2004 de
1688 1975 1938 2012 ciro-imspestione
1952 1975 2046 2005 dileffi
2065 1973 2169 2004 Clerici
2185 1978 2216 2006 ὃ(
2230 1975 2280 2004 Se-

1221 2015 1327 2044 cretarii
1349 2012 1435 2043 nostri
1454 2013 1572 2043 Antonii
1591 2012 1661 2043 ssekc
1676 2034 1685 2050 ‚
1705 2013 1904 2043 Arcliidiaconi
1921 2013 2130 2050 Dtineliiieiisis,
2148 2013 2278 2044 fiduciam

1222 2060 1346 2091 gerentes
1361 2051 1524 2091 specialem,
1542 2051 1643 2080 eisdem
1660 2050 1881 2091 Archiepiscopo
1896 2053 1928 2082 &
1943 2051 2088 2089 Antonio,
2103 2060 2200 2082 tenore
2208 2061 2279 2089 pra:-

1223 2091 1359 2127 sentium,
1377 2088 1488 2130 plenam
1503 2090 1599 2119 damus
1614 2088 1798 2127 potestatem,
1814 2090 1925 2127 petendi
1940 2091 1972 2121 ἃ
1988 2089 2171 2129 procui-andi,
2185 2090 2282 2119 nomi-

1225 2139 1261 2159 ne
1276 2128 1391 2166 nostro,
1408 2130 1483 2166 juxta
1497 2128 1636 2165 formam,
1655 2138 1702 2165 per
1721 2138 1773 2157 nos
1786 2128 1822 2156 eis
1837 2128 1902 2158 inde
1917 2128 2044 2158 traditam
2060 2128 2092 2157 δε
2109 2128 2261 2164 injuntsttam
2278 2151 2289 2165 ,

1226 2167 1375 2198 subsidium
1390 2190 1399 2205 ‚
1418 2166 1452 2197 ad
1467 2177 1536 2204 opus
1551 2164 1698 2203 nostrum,
1719 2167 1734 2196 a
1753 2165 1879 2195 fidelibus
1898 2167 1997 2196 nostris
2016 2165 2189 2204 singulorum
2210 2166 2292 2204 Epi-‚

1227 2207 1274 2237 sco
1296 2214 1392 2236 atuum
1408 2206 1441 2235 &
1454 2204 1654 2234 Comitatuum
1670 2204 1765 2243 Regni
1776 2204 1864 2234 nostri
1878 2204 1946 2235 ultra
1957 2204 2111 2234 Trentam:

1264 2215 1301 2275 gt
1316 2244 1380 2274 ideo
1396 2243 1479 2273 vobis
1492 2242 1673 2280 mandamus,
1691 2251 1818 2281 rogantes
1836 2242 1930 2281 quod,
1948 2243 2049 2272 eisdem
2061 2265 2068 2278 a
2087 2241 2282 2281 Archiepisco‹
2308 2264 2310 2269 .

1228 2293 1266 2322 po
1281 2283 1313 2314 δε
1328 2282 1456 2313 Antonio
1472 2283 1501 2311 in
1515 2281 1566 2311 liac
1580 2290 1654 2321 parte
1667 2281 1775 2311 firmam
1790 2280 1876 2310 fidem
1889 2281 2065 2318 adhibentes⁷
2084 2290 2115 2310 ea
2127 2304 2136 2318 ‚
2152 2291 2215 2320 quze
2230 2282 2285 2310 cir-

1229 2332 1262 2351 ca
1276 2320 1411 2361 praemiffii
1425 2320 1505 2351 vobis
1518 2319 1611 2349 dicent
1624 2343 1632 2357 ‚
1655 2319 1746 2349 modis
1766 2319 1900 2349 omnibus
1913 2320 2056 2357 expleatis,
2074 2327 2157 2357 prout
2169 2319 2218 2356 ipsi
2232 2329 2285 2349 vo-

1229 2361 1272 2391 bis
1283 2360 1348 2390 scire
1363 2359 1467 2389 facient
1482 2367 1515 2388 ex
1531 2367 1605 2396 parte
1619 2357 1723 2388 nostra.

1269 2397 1303 2428 In
1318 2398 1411 2436 cujus,
1431 2398 1492 2427 &c.

2286 1591 2362 1607 ul.

1266 2476 1356 2508 Teste
1369 2476 1451 2516 Rege
1463 2476 1535 2514 apud
1549 2475 1699 2507 Rothelan.
1715 2477 1811 2514 primo
1825 2475 1870 2506 die
1891 2473 2039 2506 Februarii.

1286 2626 1336 2657 De
1352 2621 1514 2655 ordinando
1532 2621 1567 2654 de
1578 2622 1715 2667 ftrvi'tiis
1734 2623 1836 2667 Regis,
1860 2618 1984 2662 conceffis
1999 2618 2034 2652 de
2055 2616 2233 2661 Militibus,

1550 2671 1551 2674 ’
1590 2673 1654 2708 ὠς.
1673 2671 1755 2702 ultra
1776 2671 1933 2702 Tremiim.
2114 2670 2116 2673 '

1308 2772 1370 2804 EX
1390 2773 1495 2804 dilectis
1508 2773 1540 2803 ὃς
1557 2770 1682 2801 fidelibus
1697 2769 1764 2807 suis,
1783 2770 1912 2800 chrico
1927 2767 1962 2798 de
1975 2766 2123 2805 Ne-.verk‚
2144 2763 2296 2797 Archidia-'
2307 2759 2382 2793 Ann.
2400 2760 2440 2794 D.

1319 2822 1396 2842 cono
1409 2810 1624 2842 Ricliemundiae
1634 2832 1643 2847 ,
1659 2809 1692 2839 δε
1708 2808 1832 2838 Tliomae
1846 2808 1881 2836 de
1896 2806 2114 2843 Norinanville‚
2131 2805 2253 2835 salutem.
2329 2803 2411 2840 1283.

1276 2850 1372 2880 Sciatis
1392 2850 1468 2888 quod
1489 2849 1681 2887 affignavimus
1704 2856 1754 2876 vos
1775 2848 1809 2878 ad
1822 2845 2011 2876 ordinandum
2025 2845 2057 2874 &
2070 2844 2291 2884 disponendum,
2307 2843 2360 2867 Aft-
2380 2851 2421 2868 ¹1-

1239 2888 1338 2919 nostro
1350 2889 1469 2918 nomine
1482 2911 1491 2925 ‚
1510 2889 1542 2917 &c
1562 2886 1595 2916 ad
1609 2895 1678 2923 opus
1691 2884 1836 2923 nostruin,
1854 2885 1889 2914 de
1903 2883 2032 2924 servitiis,⁴
2045 2882 2245 2920 quaeMilires,
2261 2882 2293 2911 li-
2306 2882 2335 2905 E·
2361 2887 2382 2905 ¹·
2419 2914 2423 2920 ⁴

1240 2928 1299 2957 beri
1314 2928 1459 2964 homines,
1478 2925 1723 2959 communitates,
1741 2924 1774 2954 δε
1787 2932 1885 2953 omnes
1896 2922 1957 2959 alii,
1969 2921 2003 2951 de
2017 2919 2125 2959 lingulis
2140 2920 2296 2950 Comitati-
2311 2915 2443 2944 Rot-Wnllv

1242 2967 1293 2996 bus
1308 2966 1376 2995 ultra
1394 2966 1534 2995 Trentam
1551 2986 1560 3002 ‚
1578 2963 1633 2999 jam
1650 2962 1732 2991 nobis
1752 2961 1786 2991 ad
1801 2968 1928 3000 rogatum
1942 2958 2072 2989 nostrum
2086 2960 2297 2997 concesserunt,
2311 2958 2364 2982 Aa.
2384 2963 2423 2981 ¹¹·

1240 3003 1313 3042 apud
1329 3004 1458 3034 Eborum
1472 3010 1569 3032 coram
1581 3000 1740 3030 Venerabili
1754 2999 1834 3029 Parte
1849 2999 1900 3029 W.
1916 2997 2046 3027 Eborum
2061 2994 2296 3036 Archiepiscopo‚
2313 2996 2340 3019 Ε-
2363 3002 2385 3020 ¹-

1243 3042 1353 3081 Aiigli'ae
1370 3043 1491 3071 Primate
1505 3063 1515 3079 2
1533 3040 1566 3070 &c
1580 3038 1684 3068 dilecto
1699 3037 1814 3068 Clerico
1828 3039 1860 3068 &
1878 3036 2032 3067 Secretario
2049 3035 2147 3065 nostro
2169 3035 2297 3066 Antonio
2310 3039 2346 3057 ⁷²²·
2363 3040 2389 3067 3·

1242 3080 1318 3118 Bek,
1340 3079 1547 3110 Archidiacono
1564 3076 1748 3107 Dunelmensi
1765 3078 1853 3114 (quos
1862 3075 1894 3106 ea
1908 3075 1944 3104 dc
1955 3073 2035 3104 causa
2050 3074 2198 3111 specialiter
2211 3073 2298 3105 desti-

1242 3120 1369 3149 navimus
1389 3117 1512 3153 ibidem)
1531 3115 1563 3145 &
1580 3112 1614 3145 ad
1630 3113 1819 3151 recipiendum
1837 3112 1919 3151 fines,
1938 3113 1956 3142 si
1972 3122 2042 3150 quos
2062 3108 2119 3141 sieri
2134 3111 2296 3151 contingat,

1242 3167 1294 3197 pro
1308 3157 1420 3187 servitiis
1435 3155 1589 3196 praediffls‘,
1604 3153 1623 3172 ’θ
1644 3161 1728 3190 prout
1742 3153 1826 3191 magis
1841 3153 1873 3183 ad
1888 3161 1958 3189 opus
1972 3150 2104 3181 nostrum
2118 3150 2238 3181 videritis
2251 3159 2298 3180 cx-

1265 3195 1354 3225 edire:

1244 3206 1263 3233 p
1281 3234 1317 3264 Et
1327 3233 1401 3263 ideo
1412 3233 1493 3263 vobis
1506 3229 1667 3261 mandamus
1683 3227 1759 3266 quod
1775 3251 1784 3265 ,
1804 3229 1932 3272 quotiens
1949 3237 2020 3266 opus
2033 3226 2171 3264 viderim,
2185 3226 2301 3256 nomine

1242 3272 1341 3303 nostro
1354 3270 1499 3312 praemiffis
1512 3267 1672 3304 intendatis,
1691 3268 1720 3297 in
1736 3267 1827 3297 forma
1840 3266 1979 3306 praedicta.

1280 3310 1312 3340 In
1328 3311 1417 3347 cujus,
1436 3309 1495 3340 &o

2314 3138 2450 3190 *11.238„

1276 3388 1366 3420 Teste
1379 3388 1460 3429 Rege
1474 3386 1546 3427 apud
1564 3385 1717 3417 Rothelan.
1731 3387 1826 3423 primo
1841 3385 1884 3416 die
1900 3383 2051 3415 Februarii.

1330 3537 1419 3570 Bulla
1438 3538 1510 3583 Regi
1528 3532 1809 3566 recommendatam
1820 3544 1874 3579 pro
1893 3531 2008 3565 Ordine
2025 3530 2215 3571 Cluniacenfi.

1332 3626 1444 3656 Artinus
1459 3622 1877 3661 Episcopus,sermis·servorum
1894 3619 1951 3649 Dei
1960 3615 2146 3657 ‚Charislimo
2160 3617 2191 3661 in
2204 3616 2303 3648 Chris·
2318 3615 2394 3647 Ann.
2411 3613 2452 3647 D⁴

1338 3674 1369 3695 to
1473 3663 1531 3693 filio
1546 3662 1623 3701 Regi
1638 3660 1749 3700 Angiiae
1761 3660 1854 3691 illustri
1868 3659 1981 3689 salutem
1993 3658 2025 3687 ὃς
2041 3655 2236 3693 Apostolicam
2250 3657 2301 3687 be-
2337 3656 2419 3692 1283.

1248 3703 1448 3734 nedit‘tionem.
1901 3735 1905 3739 ¹
2060 3719 2062 3722 .
2125 3733 2130 3738 Π
2231 3732 2236 3738 ¹
2321 3697 2371 3721 Asi.
2391 3702 2431 3719 11.

1286 3742 1417 3771 Libenter
1438 3739 1616 3770 Excellentiae
1632 3737 1734 3776 Regiae
1747 3737 1789 3767 illa
1804 3737 1970 3775 suggerimus
1982 3741 2045 3777 quae
2057 3730 2301 3776 salunprpficiunr‚
2321 3737 2348 3759 Ε.
2368 3741 2388 3759 ι,

1249 3782 1352 3812 frimam
1368 3789 1415 3810 am
1437 3780 1519 3814 liant,
1539 3776 1639 3806 statum
1655 3775 1830 3815 prosperitate
1842 3780 2042 3815 communiunt
2056 3771 2089 3801 &
2102 3777 2275 3802 conservant.
2318 3775 2343 3797 Μ
2359 3772 2437 3811 Tzur-¹

1289 3820 1378 3856 Hiec,
1397 3787 1435 3847 fili
1451 3813 1634 3852 Charissime‚
1650 3820 1710 3843 non
1721 3812 1886 3842 estdubium
1896 3834 1905 3849 ,
1922 3819 1955 3839 ex
1968 3818 2074 3847 pietatis
2088 3810 2219 3846 operibus
2254 3820 2300 3840 ro-
2319 3811 2353 3834 Ex
2364 3810 2436 3842 Ονιι·

1249 3859 1343 3890 venire
1359 3880 1368 3895 ‚
1386 3857 1456 3885 inter
1475 3863 1539 3894 quae
1553 3862 1612 3882 non
1628 3850 1668 3881 est
1688 3852 1838 3880 minimum
1851 3847 2048 3891 extimendum·
2058 3846 2212 3891 Religiosos
2236 3858 2304 3878 ⁴ivo-

1251 3896 1370 3927 rabiliter
1391 3892 1517 3931 prosequi
1530 3914 1540 3930 ‚
1558 3890 1709 3930 praesertim
1730 3887 1916 3928 propulsando
1928 3895 2027 3917 eorum
2041 3887 2170 3927 injurias,
2187 3886 2303 3925 &ipsos

1253 3937 1284 3966 in
1297 3935 1348 3964 suis
1358 3933 1465 3972 juribus
1479 3927 1666 3961 defendendo.
1967 3963 1973 3970 .
2244 3963 2248 3967 ι
2306 3933 2311 3936 <

1292 3969 1409 4011 Qanta
1422 3979 1491 4001 vero
1501 3970 1572 3998 inter
1588 3966 1748 4006 Religiones
1764 3973 1875 3995 caeteras
1888 3962 2077 3994 Cluniacensis
2089 3961 2173 3993 Ordo
2187 3962 2307 3992 claritate

1254 4010 1424 4048 resplendeat
1440 4017 1484 4038 tua
1504 4006 1652 4037 sublimitas
1672 4006 1731 4034 no'n
1749 4004 1874 4043 ignorat3
1891 4002 2007 4043 propter
2017 4001 2095 4046 quod
2109 4000 2232 4043 eundem
2247 3999 2315 4042 Or-⁴

1257 4050 1357 4080 dinem
1377 4046 1522 4079 Serenitati
1536 4044 1657 4083 Regiae3
1675 4052 1707 4075 ut
1729 4041 1757 4073 id
1773 4042 1826 4110 tgii
1839 4041 1918 4074 cedat
1932 4040 1967 4072 ad
1980 4040 2069 4072 salutis
2082 4048 2253 4078 praemium,
2271 4047 2316 4104 ei}

1823 4090 1839 4110 e
1876 4104 1879 4105 γ
2262 4085 2299 4113 qu
