2570 4261
2 353 3 360 ,
17 327 94 366 Arm.
109 332 149 364 D.

39 380 122 412 1304.

18 411 84 439 nv.
95 421 120 438 1.

0 3035 133 3072 PII-95²·

597 216 631 264 E
683 219 724 263 T
833 223 872 263 A
927 223 965 265 C
1017 222 1058 264 T
1113 224 1151 266 A

411 306 562 350 Moubray,
577 304 702 338 Milites.-
721 306 764 339 Et

203 307 343 347 Johannes
361 308 392 338 de

405 348 546 388 Bemstede
554 372 564 385 ,
576 346 690 377 Clericus
698 357 708 383 ,-

201 348 341 385 Johannes
359 349 390 376 de

162 460 180 491 s
201 422 638 491 Deiigoffl‘ilssfixcellentiffimi
656 422 811 462 Principis,
828 422 949 453 Domini
967 421 1091 460 ERegis
1108 422 1222 460 Angliae

175 472 191 491 u
213 472 239 491 ra
299 472 309 490 i
352 473 368 492 u
406 472 441 491 is:

193 471 275 529 p[nter
292 509 361 537 quos
379 501 473 530 habito
493 500 608 530 consilio
624 498 752 536 aliquali,
778 499 861 528 iidem
978 497 1105 529 Comites
1128 498 1222 529 Glou-

167 537 275 568 cestriae
294 538 328 568 &
347 537 476 568 Ultoniae
490 539 524 568 ad
542 538 627 568 dicstae
647 546 733 574 portae
750 536 911 574 repagulum
934 537 1059 574 praefatos
1080 537 1221 567 Dominos

165 574 347 605 Eustachium
364 576 397 606 ὃς
428 577 569 607 ohannem
586 577 611 606 le
629 575 769 615 Moubray
787 576 897 605 mittere
912 575 1090 612 ordinarunt,

200 613 263 650 Ut,
283 622 330 650 per
347 624 394 644 eos
461 616 539 644 mino
556 613 716 644 Willielmo
734 613 850 653 Olyfard
870 613 956 643 milite
967 636 977 651 ,
1000 621 1066 643 tunc
1085 623 1135 650 pro
1152 613 1221 651 ejus-

162 651 229 681 dem
249 650 338 682 Castri
359 652 568 682 Constabulario
588 651 614 681 se
629 660 739 688 gerente
756 652 841 689 inibi,
858 659 992 689 evocato,
1011 652 1130 682 valerent
1149 662 1218 682 cum

162 699 217 727 eo,
232 689 265 720 &
280 690 358 728 ipsius
376 690 465 721 Castri
483 690 616 728 aliquibus
635 689 804 727 colloquium
823 690 964 727 obtinere,
977 688 1010 719 ad
1034 689 1178 719 sciendum
1199 690 1218 719 si

161 727 231 765 ipse,
251 738 284 758 ac
301 729 330 758 in
348 728 407 767 ipso
425 727 525 758 Castro
542 729 634 758 caeteri
653 727 808 766 existentes,
825 729 854 757 in
873 727 972 757 eadem
991 727 1219 765 perseveraverint

163 766 319 804 voluntate,
343 768 371 797 in
386 766 438 804 qua
450 777 496 796 eos
510 766 652 796 dicebatur
670 766 793 804 primitus
809 766 920 795 extitere
930 787 939 802 ,
954 765 1028 803 quod
1042 765 1066 795 se
1082 765 1218 803 ipsos,sua

160 814 295 842 corpora,
312 805 345 835 &
362 804 491 834 Castrum
506 805 672 842 praedic‘tum
688 804 817 834 Domino
830 803 906 840 Regi
920 803 1093 842 praescripto,
1113 803 1166 834 alte
1184 804 1218 834 &

161 842 254 880 basse,
268 843 302 872 &
317 842 371 872 fine
386 843 465 872 omni
481 843 642 873 conditione
657 843 770 872 reddere
784 842 903 872 voluere.

199 879 347 917 Progreffis
359 881 450 918 itaque
463 881 545 911 dieiis
556 881 664 912 duobus
679 881 809 910 militibus
822 880 904 917 usque
920 879 954 910 ad
969 879 1131 917 repagulum
1147 889 1216 917 prae-

158 926 284 949 notatum
292 940 303 956 ,
317 929 350 949 ac
364 919 469 949 ibidem
484 919 562 950 dieto
578 918 788 949 Constabulario
803 918 973 956 proclamato
988 941 998 956 ,
1022 918 1077 955 ipse
1091 917 1216 955 postmo-

157 956 245 994 dum,
263 956 362 987 eadem
380 958 595 995 proclamatione
613 957 704 988 audita
720 980 729 995 ,
759 967 827 987 cum
851 956 980 987 Domino
1003 956 1163 986 Willielmo
1180 955 1216 985 de

157 994 256 1032 Duppl
276 1005 294 1024 n
309 1018 319 1032 ,
335 996 414 1033 ipsius
433 996 633 1027 Constabularii
656 995 871 1032 Consanguineo
919 994 1023 1033 milite,
1045 1004 1078 1024 ac
1099 993 1216 1024 Thema

158 1032 247 1073 Lillay
257 1004 385 1072 Vallem,
399 1034 492 1072 aperta
509 1034 588 1072 porta
606 1033 858 1076 praefata,eundem
874 1019 1004 1076 Castrum
1020 1033 1112 1063 exivit.
1129 1071 1134 1076 ι

197 1070 275 1102 Cum
298 1073 394 1110 quibus
409 1072 552 1110 colloquio
565 1072 658 1103 habito
671 1071 777 1110 aliquali
793 1094 802 1109 ,
831 1071 915 1101 iidem
933 1081 1054 1109 quinque
1077 1070 1167 1100 statim
1181 1070 1215 1100 ad

153 1109 249 1179 ἓᾙὲὶὲε
266 1109 410 1149 Comites,
434 1111 467 1142 &
481 1111 515 1142 ad
529 1111 600 1142 dieti
616 1110 737 1141 Domini
753 1109 839 1147 Regis
854 1109 1000 1140 consilium
1020 1109 1144 1139 invicem
1167 1108 1216 1139 de-

167 1158 218 1179 cen
239 1158 325 1180 erunt.

195 1186 301 1218 Coram
316 1188 414 1226 quibus
427 1188 503 1219 idem
517 1186 757 1225 Constabularius,
771 1192 827 1216 tam
841 1187 956 1216 nomine
972 1185 1037 1224 suo,
1056 1186 1141 1224 quam
1164 1195 1216 1215 no-

158 1226 235 1255 minc
250 1228 380 1256 omnium
395 1227 511 1257 alioruin
527 1228 559 1258 &
580 1225 750 1262 singulorum
760 1246 769 1263 ,
783 1225 957 1255 existentium
980 1225 1008 1254 in
1031 1223 1131 1254 Castro
1147 1234 1217 1261 prae-

156 1263 236 1294 dieto
244 1287 254 1302 ,
270 1264 379 1295 dicebat
394 1265 420 1295 se
435 1266 468 1296 &
481 1265 546 1295 alios
555 1287 564 1303 ,
577 1266 605 1294 in
619 1263 720 1293 eadem
734 1262 873 1293 voluntate
889 1261 1043 1300 persistere,
1057 1263 1086 1291 in
1103 1264 1157 1299 qua
1168 1272 1217 1291 an-

155 1302 200 1331 tea
217 1303 385 1341 extitere,ad
400 1303 572 1333 reddendum
587 1302 630 1339 se,
645 1311 762 1338 corpora
774 1300 836 1339 sua,
849 1302 882 1331 &
898 1300 1027 1330 Castrum
1041 1300 1217 1338 praediffum,

155 1340 228 1379 alte,
243 1341 334 1379 basse,
350 1343 433 1378 pure,
448 1340 605 1378 simpliciter
620 1340 653 1370 &
668 1339 768 1376 absque
783 1339 944 1369 conditione
961 1348 1140 1376 quacunque,
1163 1349 1216 1368 vo-

155 1378 251 1409 luntati
266 1379 388 1408 Domini
404 1379 491 1416 Regis
505 1377 692 1416 praedicsti,de
706 1379 781 1415 cujus
798 1376 983 1407 misericordia
1001 1376 1111 1407 dicebat
1133 1378 1215 1406 etiam

155 1416 182 1446 se
198 1416 318 1447 multum
337 1415 495 1455 confidere,
511 1418 544 1448 ὃς
558 1417 641 1454 ideo,
653 1417 727 1453 juxta
741 1414 949 1452 promiffionem
965 1437 975 1453 ,
999 1425 1080 1452 quarn
1102 1415 1217 1445 Nobilis

155 1454 226 1493 Vir,
244 1454 387 1485 Dominus
403 1455 540 1486 Henricus
556 1455 593 1486 de
614 1455 701 1492 Lazi,
723 1453 832 1484 Comes
856 1452 1010 1483 Lincolniae
1026 1475 1036 1491 ,
1070 1453 1118 1483 sibi
1139 1453 1216 1490 super

154 1493 229 1530 hoc,
243 1500 273 1522 ut
288 1494 373 1530 dixit,
391 1493 567 1532 promiserat,
587 1493 724 1531 requisivit
743 1490 818 1530 quod
841 1491 885 1521 illa
905 1490 1022 1521 redditio
1042 1501 1136 1522 coram
1158 1491 1216 1533 ipso

153 1530 241 1567 Rege
254 1529 310 1561 esse
326 1532 443 1570 valeret,
458 1534 493 1563 ita
511 1532 587 1570 quod
604 1532 692 1569 ipsos,
709 1532 742 1562 δε
762 1529 881 1568 ipsorum
900 1528 1108 1560 Contritionem
1125 1531 1215 1567 pollet

154 1569 331 1608 conspicere,
346 1580 429 1608 quarn
445 1571 473 1600 in
489 1570 654 1601 immensum
671 1569 812 1606 gestabant
826 1569 854 1598 in
868 1568 998 1606 penore,
1012 1576 1041 1599 ut
1057 1568 1175 1598 dicebat.

190 1607 279 1645 Super
303 1609 435 1646 petitione
450 1609 621 1648 cujusmodi,
639 1608 723 1639 iidem
738 1607 865 1638 Comites
880 1606 1010 1637 dicebant
1022 1606 1048 1637 se
1063 1606 1132 1638 velle
1145 1617 1215 1637 con-

150 1645 235 1676 sulere
250 1646 341 1684 ipsum
356 1646 386 1677 R
420 1657 475 1677 ern.

193 1685 306 1724 Quibus
319 1684 354 1716 ad
368 1687 397 1723 ip
408 1696 456 1716 um
472 1696 538 1717 cum
552 1685 630 1716 dieto
644 1684 812 1717 Eustachico
826 1684 1034 1723 accedentibus,
1051 1694 1083 1715 ac
1100 1684 1215 1714 demum

151 1724 261 1753 reversis
274 1723 307 1753 ad
323 1724 468 1755 confilium
485 1733 688 1762 memoratum,
704 1724 845 1760 dixerunt,
863 1723 911 1760 ipsi
928 1723 1058 1753 Domino
1072 1723 1148 1760 Regi
1158 1723 1214 1760 pla-

151 1771 232 1800 cere,
257 1762 334 1799 quod
351 1762 407 1800 ipse
432 1761 668 1801 Constabularius,
695 1773 764 1793 curri
788 1761 950 1801 quibusdam
967 1762 1117 1792 valentibus
1145 1772 1214 1799 quos

150 1799 246 1830 secum
261 1799 397 1831 adducere
409 1800 445 1830 de
459 1801 517 1839 ipso
533 1799 632 1831 Castro
647 1801 773 1839 voluerit)
783 1800 914 1838 adipsum
921 1799 1036 1830 accedat
1046 1799 1130 1830 confe
1156 1802 1214 1838 im,

150 1837 190 1868 set
206 1838 322 1876 reliquos
336 1838 478 1878 populares
493 1841 522 1870 in
534 1839 635 1870 eodem
652 1838 752 1871 Castro
765 1839 848 1879 usque
864 1840 893 1869 'm
909 1837 1068 1869 Crastinum
1077 1839 1162 1870 voluit
1170 1848 1213 1868 re-

150 1885 271 1907 manere.

192 1915 304 1955 Qiibus
318 1926 366 1954 per
377 1916 467 1955 ipsum
482 1912 724 1948 ConstabularIurn
740 1916 900 1954 intelleffls,
916 1916 1014 1955 viginti
1022 1917 1143 1953 quinque
1151 1925 1212 1953 per-

150 1953 229 1984 sonas
243 1954 278 1985 de
292 1956 349 1993 ipso
365 1955 465 1986 Castro
476 1956 571 1987 secum
588 1956 680 1987 eduxit
697 1957 826 1995 (quorum
834 1965 902 1985 unus
935 1954 1211 1984 ordinissancriDo-

153 1993 254 2022 minici
276 1993 508 2033 praedicatorum,
532 1996 566 2026 &
579 1994 644 2025 alius
659 1995 695 2025 de
710 1996 798 2024 domo
809 1993 844 2024 de
860 1977 929 2023 Kel's
931 1992 1005 2031 hou,
1023 1992 1107 2036 fuere)
1125 2003 1210 2031 quos,

153 2029 298 2068 (Clavibus
313 2041 453 2070 portarum
469 2032 560 2064 Castri
573 2032 696 2071 ejusdem
710 2033 834 2070 primitus
849 2031 917 2062 ultra
930 2030 1050 2061 Murum
1058 2031 1137 2068 ipsius
1146 2041 1210 2068 pro-

148 2069 247 2107 jeffls,
273 2080 306 2100 ac
329 2071 430 2101 traditis
450 2082 497 2109 per
515 2071 638 2102 eundem
658 2071 749 2101 Castri
771 2069 1010 2100 Constabulariurn
1031 2069 1133 2099 Nobili
1148 2070 1210 2100 viro

153 2107 287 2138 Domino
296 2109 415 2147 johanni
436 2110 524 2141 Lovel
540 2109 627 2140 Militi
663 2109 863 2140 Constabularii
880 2108 989 2147 Angliae
1000 2107 1099 2138 locum
1112 2116 1211 2138 teneri-

150 2147 190 2188 tit,
214 2148 357 2184 recipienti
372 2148 479 2178 easdem
494 2149 609 2178 nomine
622 2132 709 2185 Regis
723 2148 834 2184 Angliae
849 2146 1003 2189 supradiffi)
1021 2147 1103 2184 usque
1116 2146 1151 2177 ad
1165 2154 1209 2176 tu-

148 2193 224 2214 nicas
235 2184 397 2224 denudatos,
414 2189 492 2217 zonis
505 2187 634 2225 projectis
651 2187 744 2223 (dietis
756 2185 1043 2223 Religiosisexceptis)
1055 2195 1140 2223 quos,
1153 2185 1208 2215 una

151 2232 219 2252 cum
243 2223 316 2262 aliis,
340 2225 430 2262 sparsis
453 2226 587 2263 crinibus,
605 2225 680 2255 flexis
697 2224 829 2263 genibus,
845 2225 879 2255 ὃ(
893 2233 991 2254 eorum
1003 2223 1104 2261 junctis
1119 2224 1208 2253 mani-

147 2261 218 2298 bus,
234 2262 267 2292 &
282 2272 378 2293 coram
396 2263 498 2293 eodem
514 2263 598 2300 Rege
612 2265 694 2294 etiam
708 2263 834 2301 elevatis,
851 2263 905 2292 una
918 2262 1012 2292 secum
1028 2261 1104 2292 suam
1113 2261 1207 2292 eidem

150 2297 228 2336 Regi
249 2300 297 2330 suo
319 2300 451 2331 Domino
471 2302 540 2338 ligio
562 2301 723 2332 confitentes
741 2301 872 2339 culpam,
895 2299 1045 2338 offensam,
1063 2300 1207 2338 injuriam,

148 2337 364 2369 inobedientiam
385 2340 418 2370 &
439 2348 561 2378 reatum,
577 2340 708 2371 tremulos
722 2340 755 2371 &
767 2340 840 2377 quasi
853 2349 920 2369 curn
935 2339 1074 2377 lacrimis,
1092 2337 1208 2376 praesen-

148 2377 231 2414 tavit,
249 2376 362 2407 reddens
377 2378 404 2407 se
418 2378 510 2408 eidem
525 2378 601 2415 Regi
615 2388 648 2408 ac
661 2379 793 2409 voluntati
806 2378 902 2416 ipsiuS,
919 2388 952 2407 ac
968 2378 1034 2408 alios
1049 2376 1207 2415 praesentes,

148 2424 260 2444 necnon
275 2425 373 2445 omnes
386 2416 451 2445 alios
466 2417 499 2447 &
515 2416 652 2454 singulos,
668 2418 698 2446 in
712 2416 812 2446 Castro
827 2424 963 2446 morantes
978 2415 1130 2453 praedicto,
1147 2424 1207 2445 tari-

147 2462 233 2489 quam
257 2452 422 2490 Capitaneus
433 2454 615 2493 eorumdem,
631 2465 743 2485 necnon
758 2454 852 2491 &ipsi
866 2453 1006 2491 praesentes
1017 2453 1042 2482 se
1055 2453 1125 2490 ipsos
1139 2453 1207 2483 sicut

146 2491 182 2521 &
202 2491 246 2520 alii
268 2501 335 2521 cum
357 2493 506 2528 gemitibus
529 2493 562 2523 &
586 2491 697 2530 suspiriis
717 2492 910 2530 reddiderunt,
934 2493 971 2521 ita
988 2491 1116 2521 videlicet
1131 2491 1206 2528 quod

147 2528 225 2558 idem
242 2528 382 2560 Dominus
396 2529 476 2568 Rex,
493 2538 522 2560 ut
539 2530 679 2561 Dominus
693 2531 773 2567 ligius
788 2531 969 2568 eorumdem,
986 2529 1020 2560 de
1036 2529 1112 2567 ipfis,
1129 2529 1206 2560 &de

146 2568 310 2604 corporibus
329 2578 439 2606 eorem,
463 2579 575 2599 necnon
588 2569 624 2599 de
638 2570 728 2607 terris,
746 2568 909 2607 redditibus,
924 2569 1027 2606 juribus
1063 2567 1205 2605 poffeffio-

146 2606 227 2636 nibus
240 2628 250 2644 ,
273 2606 352 2636 rebus
375 2606 523 2637 mobilibus
546 2608 578 2638 δε
594 2607 801 2645 immobilibus,
817 2616 877 2637 tam
892 2616 964 2637 extra
980 2591 1044 2647 illud
1058 2606 1205 2644 Castrum,

145 2644 234 2682 quam
247 2646 276 2674 in
288 2645 390 2675 eodem
399 2644 499 2675 Castro
506 2645 678 2676 existentibus
686 2645 903 2684 quibuscumque
912 2668 922 2684 ,
940 2644 1027 2683 posset
1034 2644 1086 2675 alte
1094 2667 1104 2683 ,
1116 2644 1205 2683 basse,

146 2683 234 2720 pure,
257 2681 432 2722 simpliciter,
456 2683 577 2714 absolute
591 2685 624 2715 &
639 2684 693 2715 sirie
707 2685 786 2714 omni
801 2683 960 2714 conditione
973 2683 1111 2721 ordinare,
1128 2682 1206 2713 dice-

147 2730 198 2764 re,
220 2721 253 2751 &
277 2721 367 2751 facere
390 2722 465 2764 quod
485 2722 539 2753 suae
552 2722 670 2762 placeret
684 2722 786 2759 Regiae
800 2722 949 2759 voluntati,
965 2722 1053 2759 ipsum
1067 2721 1206 2752 humiliter

147 2758 323 2796 1mplorando
334 2769 363 2790 ut
379 2761 464 2798 ipiam
480 2760 662 2792 redditionem
677 2761 715 2791 sic
724 2760 804 2791 vellet
812 2760 974 2798 admittere,
991 2760 1205 2797 &largitionem

149 2797 188 2827 eis
205 2797 315 2841 alicujus
329 2800 408 2836 partis
422 2798 475 2829 suae
491 2800 601 2838 gratiae,
620 2809 702 2838 quarn
716 2799 742 2830 se
756 2809 814 2830 non
826 2800 924 2829 mereri
937 2799 1085 2838 dicebant,
1103 2798 1204 2829 miseri-

149 2835 267 2866 corditer
282 2845 316 2866 ex
332 2837 500 2874 benignitate
515 2837 609 2874 Regia
624 2838 763 2876 impertiri.

187 2873 295 2913 Unde,
312 2876 463 2910 commotis
476 2875 623 2907 visceribus
638 2876 733 2915 Regiis
746 2876 823 2914 super
835 2885 899 2913 eos,
916 2873 991 2906 idern
1006 2875 1086 2914 Rex,
1104 2885 1151 2914 per
1163 2875 1206 2906 lo-

149 2912 392 2981 cgffodMarescalli
413 2922 574 2954 tenentem,
600 2916 731 2954 praecepit
747 2915 858 2946 eosdem
872 2913 973 2953 absque
986 2915 1102 2945 vinculis
1114 2915 1206 2946 ferreis

148 2960 166 2981 c
249 2962 289 2982 iri.

182 2989 312 3020 Nomina
332 2991 513 3030 eorumdem,
532 2992 617 3031 quise
633 2993 762 3023 Domino
777 2991 855 3030 Regi
871 2990 1065 3030 praesentarunt
1080 2990 1201 3030 praescri-

150 3035 215 3066 pt0,
231 3028 265 3059 &
277 3028 389 3068 eidem,
406 3038 435 3061 ut
451 3032 636 3071 praemittitur,
653 3031 842 3070 reddiderunt,
858 3031 918 3061 sunt
930 3031 1009 3069 haec,
1026 3030 1045 3050 ἦ*

146 3104 311 3179 DOBgiNJ
320 3129 331 3145 ,
355 3105 508 3137 Willielmus
522 3107 657 3149 Olyfard,
693 3107 860 3177 Gohdefridusl
866 3106 890 3137 le
904 3107 1020 3137 Botiller
1027 3129 1037 3147 ,

716 3159 730 3177 o
750 3158 833 3178 annes
859 3158 872 3176 e
887 3149 936 3175 Na
953 3156 982 3175 er

147 3182 306 3214 Wllielmus
320 3183 352 3213 de
368 3186 430 3222 Dup
448 3182 509 3223 lyn,
534 3183 657 3215 Milites.-
693 3149 854 3216 lJlelielmus
866 3184 890 3214 le
904 3189 934 3214 Sc
955 3169 1044 3223 ereire,

146 3225 246 3259 Fergus
267 3223 299 3252 de
313 3192 468 3262 Ardroffgn
482 3222 520 3258 ὠ
695 3226 774 3261 Hugo
789 3224 813 3254 le
827 3222 942 3254 Botiller
952 3245 963 3262 ,

146 3261 263 3291 Robinus
279 3261 311 3290 de
325 3260 480 3300 Ardroffizn
480 3260 578 3301 frater
584 3262 640 3301 ejus
648 3285 658 3301 ‚
694 3263 834 3300 Johannes
847 3264 878 3292 de
892 3261 1012 3299 Kulgas,

147 3296 305 3328 Wllielmus
322 3299 353 3328 de
369 3298 529 3340 Ramiss’ya,
697 3300 855 3331 I‘leielmus
870 3301 901 3330 de
917 3305 1038 3338 Anant,

146 3339 225 3373 Hugo
241 3337 272 3365 de
289 3336 449 3377 Rame’ſs’ya,
695 3338 826 3368 Robertus
840 3340 871 3369 de
883 3338 992 3378 Ranfru
1001 3361 1010 3376 ,

148 3374 284 3415 Radulfus
297 3376 328 3405 de
340 3376 527 3415 Haleburton,
696 3376 833 3407 Walterus
847 3377 955 3418 Taylleu
963 3400 973 3415 ,

146 3412 264 3443 Thomas
278 3413 310 3442 de
325 3413 498 3454 Knellhulle,
695 3418 783 3444 Simon
802 3418 949 3445 Larmerer
959 3438 970 3454 ,

695 3458 789 3483 Frater
813 3453 972 3483 Wllielmus
995 3454 1025 3483 de
1046 3451 1120 3482 Keth
1133 3452 1203 3480 orali-⁴

768 3495 810 3521 nis
822 3490 915 3529 fimuffi
930 3494 1064 3521 Dominici
1071 3490 1204 3529 praedica-

769 3536 872 3568 torum,
889 3530 928 3566 &-

697 3571 791 3598 Frater
819 3570 917 3598 Petrus
947 3569 978 3598 de
1007 3566 1150 3607 Edereston
1172 3568 1204 3596 de

773 3606 846 3636 domo
869 3607 901 3636 de
912 3607 1011 3647 Keffim
1029 3609 1127 3637 ordinis
1134 3606 1204 3645 fim-

769 3645 808 3674 eli
821 3646 961 3676 Benedirffi.
983 3653 986 3662 “

147 3451 265 3481 Thomas
280 3451 378 3490 Lyllay
385 3475 395 3490 ,

149 3493 284 3529 Patricius
297 3490 328 3519 de
344 3490 521 3520 Polleworche
528 3512 539 3529 ,

148 3531 228 3566 Hugo
245 3527 366 3569 Olyfard

149 3566 289 3597 Walterus
303 3551 435 3606 Olyfard,

148 3604 308 3635 Wllielmus
323 3603 456 3644 Gyffizrd‚

149 3643 263 3674 Alanus
277 3644 309 3674 de
322 3646 358 3683 Vy
376 3649 440 3681 ont,

146 3683 280 3719 ,Andreas
294 3684 356 3721 Wyc
375 3682 443 3720 ard,

186 3758 258 3802 Aeta
272 3757 349 3796 sunt,
372 3765 403 3802 ut
415 3758 604 3802 praemittitur,
622 3754 796 3797 suprascripta
809 3759 881 3798 apud
893 3759 1095 3802 Stryvelinum,
1111 3770 1185 3792 anno
1194 3783 1205 3800 ‚

148 3794 312 3836 Indietone,
327 3797 361 3829 ὃς
376 3796 439 3835 die,
455 3796 624 3835 praescriptis.

581 3872 757 3905 Praesentibus
764 3897 774 3913 ,

390 3928 543 3962 Nobilibus
555 3929 630 3962 Viris
642 3931 761 3962 discretis
775 3931 809 3963 δε
824 3929 971 3972 Dominis,

147 3979 272 4017 'Aymaro
282 3983 315 4013 de
327 3983 452 4015 Valentia
459 4008 470 4025 ,
694 3987 776 4015 Petro
789 3986 821 4015 de
834 3984 1014 4026 Colyngeburn
1021 4009 1032 4025 ‚

148 4019 309 4050 Marchione
327 4023 360 4051 de
377 4026 605 4061 Montemartini,
624 4034 657 4052 ac
692 4024 819 4062 Johanne
833 4024 865 4053 de
878 4023 981 4054 oblum·
995 4036 1028 4054 ac

147 4056 274 4096 Galfrido
287 4059 318 4088 de
333 4063 446 4098 Segreve
459 4061 587 4091 militibus
596 4084 606 4100 ,
693 4062 858 4094 Alexandro
879 4063 912 4094 de
926 4063 1063 4103 Bykenore
1085 4064 1201 4096 clericis.

149 4097 261 4125 Necnon
284 4096 402 4129 Waltero
423 4100 455 4131 de
469 4100 656 4141 Bedewyna'e,

165 4135 238 4165 Tem.
253 4136 280 4165 Ι.
297 4136 332 4167 Ρ.
345 4138 393 4175 W,

1259 192 1836 272 PuBLICA.

1303 309 1435 341 Testibus
1452 311 1486 342 ad
1503 312 1564 343 liaec
1580 314 1684 344 vocatis
1696 314 1844 352 specialiter
1856 315 1890 347 &
1904 317 2015 355 rogatisss

2269 236 2328 286 35

2341 329 2415 360 Arm.
2429 328 2471 360 D.

1308 385 1344 416 Et
1356 396 1412 423 ego
1424 386 1570 425 johannis,
1586 388 1676 420 dietus
1690 389 1781 421 Bouhs
1792 391 1827 422 de
1842 391 1994 424 Londoniis
2010 416 2019 431 ,
2044 391 2167 423 Domini
2179 392 2263 431 Papce
2275 402 2323 424 au-
2339 375 2449 437 Εῇἐῗζ

1264 423 1389 454 &oritate
1405 425 1536 455 Notarius
1552 426 1696 470 Publicus,
1713 430 1780 459 actis
1793 431 1902 461 omibus
1910 431 2019 462 interfui
2027 431 2222 470 suprascriptis,
2232 431 2326 469 &‚de

1263 462 1634 508 maridato'Excellentii'sirni
1656 465 1807 505 Principis,
1834 468 1953 499 Domini
1976 469 2008 499 E.
2034 469 2090 500 Dei
2111 470 2214 508 gratia,
2234 470 2321 508 Regis

1263 500 1372 542 Angliae
1391 500 1511 539 illustris,
1533 502 1623 545 scripsi
1637 505 1732 547 omnia
1745 515 1907 545 praenotata,
1925 518 1957 539 ac
1970 509 2052 539 etiam
2066 508 2222 547 publicavi,
2238 518 2319 538 meo-

1262 548 1316 576 que
1331 542 1410 576 ilgnO
1424 540 1553 571 consueto
1567 544 1671 579 iignaw
1683 551 1801 580 rogatus.

1510 663 1567 697 Ad
1581 667 1691 711 Regem
1707 667 1838 698 Francia
1858 665 1894 699 de
1913 668 2079 704 Credentia.

1261 752 1331 814 M
1342 745 1475 791 Agriifico
1494 747 1634 788 Principi,
1658 748 1787 781 Domino
1808 750 1841 781 &
1864 750 2079 789 Consanguineo
2097 755 2145 786 suo
2166 756 2322 795 carissimo,
2338 748 2413 780 Ann-
2427 749 2468 782 D-

1350 783 1482 829 Domino
1498 786 1644 825 Philippo,
1662 787 1721 818 Dei
1737 789 1841 826 gratia,
1858 788 1934 826 Regi
1950 790 2118 822 Francorum
2133 794 2243 833 illustri,
2261 794 2320 825 Ed-
2367 797 2451 828 1304·

1259 821 1388 866 warduS,
1406 825 1505 854 eadem
1522 826 1621 864 gratia,
1643 825 1706 855 Rex
1720 827 1851 865 Angliae,
1869 827 2010 859 Dominus
2025 829 2187 870 Hiberniae,
2203 834 2236 863 &
2251 833 2318 864 Dux
2338 829 2390 853 ²¹⁷¹·
2404 837 2447 863 32·

1260 859 1432 902 Aquitaniae,
1449 863 1560 893 salutem
1573 864 1606 894 &
1621 864 1760 901 prosperos
1775 865 1808 894 ad
1825 873 1887 895 vota
1903 865 2047 897 successus.
2337 868 2367 891 E.
2390 874 2413 891 ¹·

1298 897 1440 929 Mittimus
1460 900 1493 930 ad
1512 901 1631 931 vestram
1644 902 1813 939 praesentiam
1826 903 1942 934 dileetos
1954 905 1986 935 &
2001 904 2092 936 fideles
2102 906 2209 937 nostros
2222 930 2232 945 ,
2256 908 2318 939 Ge·
2334 906 2389 931 Rot.
2406 903 2448 931 Cl-

1257 935 1366 978 tardum
1380 937 1496 978 Salveyn
1510 938 1633 969 Militem
1642 962 1651 978 ,
1667 940 1700 970 ὃ(
1716 939 1883 976 Magistrum
1896 941 2044 979 Rogerum
2053 944 2089 974 de
2098 944 2240 975 Aselertoii
2249 945 2313 976 Cle-
2340 949 2383 975 32·

1257 983 1364 1012 ricum,
1386 975 1494 1042 erlmstros
1509 976 1639 1008 Nuncios
1652 977 1794 1016 speciales,
1811 979 1844 1008 ad
1861 980 1987 1016 quaedam
2000 983 2080 1012 vobis
2094 983 2189 1013 nostro
2203 985 2318 1015 nomine
2335 982 2363 1042 Ξ·
2375 987 2397 1043 ἃ·
2414 987 2449 1006 m·

1258 1021 1385 1048 exponen
1405 1024 1432 1042 a·
2360 1036 2364 1041 ·
2394 1036 2400 1042 ·

1279 1037 1635 1095 „Vestrar'nilExcellentiam
1652 1053 1771 1092 Regiam
1788 1053 1976 1094 deprecantes,
1994 1059 2116 1095 quatinus
2123 1058 2226 1089 eisdem
2234 1059 2320 1090 Nun-

1258 1097 1311 1132 cus¹
1322 1088 1419 1132 nostris
1432 1100 1462 1119 in
1475 1090 1542 1128 hiis,
1560 1101 1623 1130 quae
1638 1093 1718 1121 vobis
1730 1102 1763 1121 ex
1775 1101 1848 1129 parte
1861 1093 1953 1123 nostra
1968 1095 2143 1132 exprefferint
2157 1097 2223 1127 viva
2229 1108 2320 1137 voce,

1259 1126 1346 1156 velitis
1357 1126 1595 1170 sidemcredulam
1610 1129 1756 1169 adhibere,
1772 1131 1805 1162 δί
1820 1131 1901 1161 nobis
1914 1131 1976 1162 inde
1990 1133 2142 1172 fignificare
2157 1135 2254 1167 vestrae
2268 1137 2317 1167 be·-

1259 1164 1394 1202 neplacita
1410 1165 1563 1197 voluntatis.

1296 1239 1362 1272 Dat.
1379 1241 1451 1279 apud
1467 1242 1588 1275 Horton.
1605 1244 1727 1276 secundo
1741 1245 1787 1277 die
1797 1246 1973 1285 Septembris.

1259 1366 1307 1397 De
1322 1367 1548 1412 Procuratorm,
1573 1367 1618 1401 ad
1635 1371 1823 1415 Homagium
1836 1396 1845 1412 ‚
1869 1373 1985 1403 nomine
2003 1372 2108 1417 Regis,
2130 1382 2185 1418 pro
2212 1375 2318 1406 Duca-

1575 1426 1610 1449 tu
1626 1419 1798 1462 Aquitaniae
1809 1417 2001 1462 faciendum.

1258 1497 1384 1556 REX
1404 1501 1533 1532 universis
1544 1524 1555 1540 ,
1578 1501 1721 1540 praesentes
1738 1502 1835 1534 litteras
1855 1501 2012 1541 inspecturis
2033 1504 2077 1535 vel
2090 1504 2233 1545 audituris,
2250 1506 2317 1539 salu·
2334 1540 2380 1571 An
2422 1531 2454 1572 D

1329 1546 1396 1568 tem.
2381 1551 2407 1571 n.
2455 1566 2462 1572 .

1293 1575 1418 1620 Noverit
1432 1575 1600 1608 Univerfitas
1612 1579 1701 1610 vestra
1716 1579 1813 1618 quod,
1829 1581 1858 1610 in
1874 1579 2068 1611 reformatione
2076 1583 2166 1621 pacis,
2182 1584 2253 1614 inter
2259 1583 2315 1614 Ex-
2354 1589 2437 1619 1304-

1256 1613 1479 1656 cellentilfimum
1502 1614 1678 1655 Principem,
1697 1617 1855 1649 Dominum
1872 1618 2047 1658 Philippum,
2065 1620 2177 1657 Regem
2193 1621 2316 1654 Franciae
2333 1622 2384 1645 Aa.
2402 1629 2449 1655 32-

1254 1651 1402 1691 illustrem,
1425 1652 1671 1691 Consanguineum
1691 1656 1815 1687 nostrum
1836 1656 2019 1695 cariffimum,
2043 1667 2077 1689 ex
2099 1667 2173 1696 parte
2193 1660 2266 1698 unfi,
2282 1662 2316 1692 ὅ(
2334 1660 2363 1682 E.
2385 1666 2407 1683 ¹·

1257 1699 1308 1720 nos
1321 1701 1356 1721 ex
1367 1691 1466 1729 altera,
1484 1702 1570 1729 nuper
1583 1694 1658 1724 initae
1671 1694 1704 1724 &
1719 1694 1848 1732 firmatae,
1865 1696 1935 1725 inter
1950 1704 2047 1726 caetera
2060 1698 2249 1737 contineatur,
2332 1698 2391 1721 ΡΜ·
2402 1704 2446 1730 32·

1277 1768 1282 1772 ¹
1296 1729 1385 1772 Qod
1397 1740 1463 1768 nOS,
1481 1731 1589 1761 redditis
1602 1732 1635 1762 &
1650 1732 1774 1763 restitutis
1786 1734 1867 1763 nobis
1882 1734 1915 1764 ὃς
1928 1735 2011 1763 etiam
2020 1734 2193 1773 hominibus,
2212 1737 2315 1767 aosub-
2331 1736 2360 1760 E.
2375 1743 2396 1759 1-
2406 1742 2441 1761 ⁷1³·-

1255 1765 1316 1797 ditis
1332 1767 1443 1807 nostris,
1462 1767 1644 1808 Civitatibus,
1662 1769 1781 1809 Castris,
1800 1771 1913 1809 Burgis,
1931 1771 2026 1810 Villis,
2043 1773 2155 1811 Terris,
2172 1775 2205 1805 &
2219 1774 2274 1805 aliis
2289 1778 2317 1806 in
2334 1780 2363 1806 4·

1255 1803 1369 1850 Ducatu
1392 1807 1528 1844 praedidio
1541 1829 1550 1845 ,
1575 1818 1637 1846 quae
1650 1831 1660 1847 ,
1684 1810 1828 1840 occasione
1852 1819 1975 1848 guerrae,
1994 1811 2063 1840 inter
2078 1811 2186 1842 dietum
2200 1812 2314 1850 Regem

1256 1843 1378 1874 FranCiae
1398 1846 1430 1876 &
1451 1845 1516 1875 Nos
1537 1845 1643 1876 dudum
1666 1856 1766 1886 motae,
1783 1849 1811 1877 in
1824 1848 1903 1886 ipsius
1919 1847 2004 1887 Regis
2017 1850 2143 1879 manibus
2155 1851 2316 1890 extiterunt,

1254 1881 1438 1921 legitimoque
1451 1883 1651 1921 impedimento
1667 1884 1802 1924 cessante,

1291 1920 1324 1964 Iri
1342 1921 1421 1951 Festo
1438 1921 1593 1952 Nativitatis
1607 1924 1693 1964 beatae
1707 1923 1846 1961 Virginis,
1869 1925 2000 1961 proximo
2014 1925 2076 1963 post
2090 1925 2316 1959 reformationem

1253 1966 1327 1995 paCis
1340 1960 1479 1997 praedidtae
1487 1983 1496 1998 ,
1513 1961 1734 1992 convenissemus
1747 1972 1814 1992 cum
1827 1963 1907 1993 dicto
1921 1963 2001 2002 Rege
2015 1965 2135 1995 Franciae
2144 1964 2315 2003 personaliter

1253 1996 1404 2035 Ambiani,
1429 1998 1463 2028 ad
1487 1999 1689 2037 complendum
1705 2001 1737 2030 &
1750 2000 1914 2031 firmandum
1923 2024 1933 2039 ,
1950 2002 2003 2031 ursa
2017 2012 2083 2032 cum
2097 2004 2199 2034 eodem
2213 2004 2314 2043 Rege,

1252 2045 1284 2078 ea
1304 2046 1367 2074 quae
1381 2036 1414 2067 ad
1429 2036 1651 2068 reformationem
1667 2040 1800 2075 pertinent
1813 2039 1897 2068 dietae
1910 2041 1997 2076 pacis:
2017 2039 2052 2070 Et
2067 2041 2101 2070 ad
2114 2041 2274 2073 faciendum
2291 2044 2310 2063 *Ε
2325 2056 2341 2072 ο
2351 2057 2378 2084 11
2390 2064 2407 2091 9
2410 2059 2451 2092 53.

1250 2073 1342 2104 eidem
1356 2074 1432 2112 Regi
1446 2076 1629 2114 homagium,
1646 2085 1776 2115 tanquam
1782 2076 1849 2107 Dux
1858 2078 2049 2116 Aquitanniae,
2065 2079 2098 2109 &
2108 2078 2160 2110 Par
2169 2079 2310 2120 Franciae,
2382 2076 2388 2083 “
2448 2077 2456 2085 ”

1250 2121 1302 2149 pro
1316 2112 1428 2144 Ducatu
1442 2113 1593 2151 praedieco:
2123 2146 2125 2149 .

1288 2150 1341 2194 Vel
1355 2152 1429 2189 quod
1443 2153 1549 2182 mittere
1563 2160 1717 2189 teneremur
1725 2153 1891 2185 cariffimum
1897 2153 1982 2185 filium
1988 2153 2112 2186 nostrum
2120 2155 2289 2188 Edwardum
2299 2182 2310 2197 ,

1250 2187 1409 2232 Principem
1430 2190 1556 2229 Walliae,
1580 2191 1726 2222 Comitem
1748 2191 1863 2223 Cestriae
1884 2194 1917 2223 &
1931 2192 2058 2231 Pontivi,
2075 2194 2110 2224 ad
2124 2194 2220 2225 locum
2235 2198 2307 2233 prae-

1249 2227 1374 2271 diCtum,
1398 2228 1432 2258 ad
1454 2229 1622 2266 praesentiam
1641 2230 1709 2260 dieti
1731 2230 1837 2268 Regis,
1862 2241 1929 2260 curn
1949 2231 2095 2262 sufficienti
2108 2233 2257 2271 mandato,
2273 2235 2306 2266 &

1248 2265 1367 2303 plenaria
1390 2267 1536 2304 potestate,
1561 2267 1715 2299 fidelitatem
1737 2268 1815 2299 dieto
1835 2268 1930 2307 Regi,
1957 2279 2009 2307 pro
2025 2269 2138 2301 Ducatu
2155 2272 2308 2311 praedicio,

1249 2303 1345 2334 nostro
1359 2306 1474 2335 nomine
1484 2305 1619 2336 faciendi:
2157 2338 2160 2340 ,

1286 2341 1322 2372 Et
1342 2343 1461 2373 similiter
1481 2344 1641 2381 perficiendi
1659 2346 1693 2376 ὃς
1708 2345 1886 2384 complendi,
1903 2356 1956 2384 pro
1969 2346 2050 2377 nobis
2060 2347 2094 2377 δε
2106 2347 2201 2378 nostro
2214 2350 2308 2379 nomi-

1249 2391 1284 2424 ne
1293 2403 1303 2418 ,
1320 2391 1351 2411 ea
1366 2392 1428 2419 quae
1441 2381 1474 2412 ad
1487 2382 1709 2413 reformationem
1723 2386 1797 2421 pacis
1812 2385 1953 2422 praedictae
1966 2386 2118 2423 pertinent,
2136 2386 2155 2416 si
2172 2385 2245 2416 forte
2259 2396 2310 2416 nos

1249 2429 1279 2448 in
1294 2420 1344 2450 hac
1358 2429 1432 2457 parte
1447 2422 1622 2458 contingeret
1634 2422 1777 2460 impediri,
1795 2431 1877 2460 prout
1891 2422 1920 2451 in
1935 2422 2028 2452 litteris
2041 2422 2120 2460 super
2137 2423 2309 2455 reformatio-

1249 2466 1285 2487 ne
1300 2459 1373 2494 pacis
1386 2458 1543 2497 prceditstae,
1560 2460 1626 2489 hinc
1640 2460 1704 2490 inde
1718 2460 1870 2498 confestis,
1889 2460 1995 2497 plenius
2006 2463 2178 2491 continetur:

1286 2495 1331 2525 Ac
1353 2506 1403 2526 nos
1418 2497 1548 2527 haitenus
1560 2497 1707 2536 fuerimus,
1724 2499 1757 2529 ὃ(
1771 2499 1860 2529 adhuc
1876 2499 1956 2529 simus
1967 2499 2169 2536 impedimento
2182 2500 2311 2537 legitimo

1248 2532 1370 2576 detenti,
1387 2545 1444 2572 quo
1460 2536 1549 2565 minus
1562 2536 1596 2566 ad
1612 2536 1706 2566 locum
1720 2536 1903 2574 praedicltum,
1919 2536 1953 2566 ad
1967 2535 2310 2577 praerniffafacienda,po-

1249 2579 1364 2610 tuimuS,
1381 2573 1425 2603 vel
1442 2573 1573 2611 possimus
1587 2574 1758 2611 personaliter
1771 2585 1821 2604 nos
1836 2574 1990 2604 transferre:

1286 2610 1417 2641 Volentes
1429 2621 1476 2649 ea,
1494 2621 1555 2649 quae
1569 2613 1598 2641 in
1613 2612 1699 2643 dietae
1714 2614 1787 2650 pacis
1802 2612 1998 2643 reformatione
2012 2614 2204 2652 continentur,
2221 2625 2307 2653 quan-

1247 2654 1306 2678 turri
1322 2649 1356 2679 ad
1371 2653 1421 2679 nos
1435 2652 1586 2687 pertinent,
1604 2648 1716 2681 firmiter
1731 2653 1758 2680 iii
1765 2651 2053 2689 omnibusobscrvari,
2072 2651 2308 2688 praefatumfilium

1247 2686 1371 2730 nosti-um
1384 2698 1481 2718 verum
1496 2689 1529 2719 δε
1544 2688 1701 2725 legitimum
1718 2688 1925 2719 Procuratorem
1934 2688 2057 2720 nostrum
2066 2690 2308 2729 facimus‚consti-

1247 2733 1365 2764 ruimus,
1385 2727 1417 2757 δὲ
1431 2727 1514 2756 etiam
1529 2726 1701 2757 ordinamus:

1282 2763 1386 2794 Dantes
1402 2764 1494 2795 eidem
1514 2765 1623 2803 plenam
1644 2766 1677 2796 &
1691 2766 1806 2796 liberam
1819 2765 1997 2804 potestatem,
2014 2776 2047 2797 ac
2062 2766 2176 2804 speciale
2192 2768 2307 2799 manda-

1247 2809 1323 2841 tum,
1348 2802 1505 2834 fidelitatem
1527 2813 1579 2844 pro
1592 2804 1670 2834 dicto
1686 2804 1798 2834 Ducam
1810 2804 1925 2842 praefato
1939 2802 2014 2841 Regi
2028 2805 2100 2842 apud
2116 2805 2307 2846 Ambianum,

1247 2840 1275 2870 in
1288 2840 1378 2871 form&
1390 2841 1542 2879 praemissa,
1560 2852 1610 2880 pro
1624 2843 1706 2872 nobis
1720 2843 1753 2873 ὃ(
1766 2843 1860 2872 nostro
1875 2844 2006 2881 nomine,
2024 2842 2159 2873 faciendi:
2169 2843 2214 2874 Ac
2221 2846 2306 2875 etiarn

1247 2879 1389 2917 quodlibet
1412 2890 1499 2917 genus
1520 2880 1589 2911 liciti
1611 2880 1794 2919 sacramenti,
1824 2881 1858 2911 ad
1880 2881 1963 2911 dietae
1979 2881 2052 2918 pacis
2065 2881 2305 2913 confirmationem

1246 2917 1403 2956 necessarii,
1420 2919 1448 2948 in
1461 2920 1583 2948 animam
1596 2919 1716 2949 nostram
1732 2918 1889 2957 praestandi,
1905 2929 2016 2949 necnon
2031 2920 2125 2949 omnia
2140 2919 2190 2949 alia
2203 2920 2236 2950 &
2252 2920 2306 2950 firi-

1247 2956 1309 2996 gula
1321 2955 1456 2994 faciendi,
1474 2967 1536 2994 quae
1547 2956 1581 2986 ad
1594 2956 1751 2987 firmitatem
1764 2958 1797 2988 &
1811 2957 2064 2988 corroborationem
2079 2958 2152 2995 pacis
2165 2957 2306 2995 praedietae

1247 3004 1358 3032 quoque
1372 2995 1460 3024 modo
1476 3003 1602 3032 poterunt
1614 2996 1755 3032 pertinere.

1282 3032 1385 3063 Ratum
1400 3033 1532 3069 habituri,
1549 3033 1582 3062 &
1597 3032 1724 3071 firmum,
1742 3044 1792 3071 pro
1808 3032 1886 3063 nobis
1901 3032 2096 3064 &haeredibus
2103 3032 2304 3072 nostris,quic-

1246 3071 1312 3109 quid
1328 3081 1374 3108 per
1387 3071 1553 3108 praedidtum
1567 3070 1652 3101 filiurn
1666 3073 1805 3110 nostrum,
1822 3071 1934 3109 adium,
1952 3070 2062 3107 gestum
2075 3071 2239 3110 &fa&um‚
2256 3072 2303 3104 seu

1247 3118 1422 3148 procuratum
1435 3107 1515 3139 fuerit
1530 3109 1559 3138 in
1574 3109 1733 3148 praemissis,
1750 3111 1782 3140 &
1800 3110 1923 3147 quolibet
1937 3107 2153 3147 praemissorum.

1281 3146 1316 3177 Et
1329 3148 1384 3178 hoc
1399 3148 1543 3184 omnibus,
1562 3154 1679 3184 quorum
1694 3147 1818 3185 interest,
1836 3147 1880 3178 vel
1894 3145 2019 3178 interesse
2031 3147 2138 3187 potest,
2163 3155 2209 3178 aut
2223 3156 2303 3186 pote-

1247 3187 1282 3216 rit
1295 3187 1323 3215 in
1339 3185 1446 3224 futuro,
1463 3185 1646 3222 significamus
1659 3195 1706 3223 per
1721 3187 1767 3216 lias
1779 3186 1875 3216 litteras
1887 3184 1988 3216 nostras
2002 3194 2137 3224 patentes,
2153 3185 2232 3224 sigilli
2240 3186 2302 3217 nost

1246 3225 1281 3255 tri
1296 3225 1454 3254 munimine
1466 3224 1611 3254 roboratas.

1280 3279 1346 3310 Dat.
1368 3279 1439 3317 apud
1463 3278 1535 3310 Akle
1556 3287 1604 3316 27.
1625 3277 1671 3308 die
1694 3277 1880 3317 Septembris,
1903 3288 1977 3309 anno
1989 3278 2078 3310 Dom.
2099 3288 2183 3320 1304.
2201 3279 2298 3316 Regni

1247 3321 1318 3350 vero
1333 3318 1419 3349 nostri
1436 3327 1480 3358 32.

1327 3446 1377 3477 De
1392 3440 1552 3486 Palefridis
1568 3443 1605 3479 ὠ*
1621 3441 1777 3487 Εκμιςβς,
1801 3452 1856 3488 pro
1872 3440 2028 3475 Edwardo
2040 3432 2108 3485 filio
2125 3442 2220 3487 Regis.

1320 3527 1384 3559 EX
1397 3526 1503 3558 dilectis
1518 3526 1583 3566 sibi,
1601 3526 1823 3557 BertoPenuchii
1833 3549 1842 3564 ,
1861 3524 1957 3556 Stoldo
1964 3525 2000 3555 de
2010 3523 2188 3556 Friscobaldis
2213 3522 2296 3563 Cop-
2316 3526 2390 3566 Ann-
2406 3527 2445 3565 D]

1330 3577 1367 3604 po
1383 3565 1527 3602 Cotenue,
1544 3565 1577 3595 &
1592 3564 1672 3595 sociis
1687 3565 1737 3596 suis
1757 3564 1983 3607 Mercatoribus,
2000 3562 2036 3593 de
2053 3563 2180 3593 societate
2188 3546 2295 3594 f'risco-
2336 3582 2421 3612 1304,

1247 3604 1393 3635 baldorum
1407 3602 1441 3633 de
1457 3602 1610 3640 Florentia,
1628 3603 1757 3632 London.
1775 3602 2014 3632 commorantibus
2047 3600 2166 3631 salutem.
2315 3615 2367 3638 An,
2382 3621 2428 3648 3²-

1281 3642 1360 3673 Cnm
1376 3640 1545 3679 Edwardus,
1561 3640 1694 3678 Princeps
1709 3640 1836 3678 Walliae,
1852 3640 1886 3670 &
1900 3638 2005 3683 Comes
2012 3623 2147 3677 Cestriae,
2165 3638 2295 3683 Pontivi,
2315 3653 2337 3676 Ε
2374 3659 2397 3676 1,

1247 3682 1280 3712 &
1297 3679 1474 3716 Monstrolli,
1491 3678 1559 3709 filius
1574 3679 1667 3709 noster
1683 3677 1834 3709 karissimus
1867 3687 1918 3715 pro
1934 3676 2094 3714 quibusdam
2108 3676 2198 3708 arduis
2205 3688 2295 3716 nego·
2314 3690 2374 3715 Pat.
2399 3691 2446 3724 32:

1246 3721 1306 3757 tiis,
1320 3729 1380 3787 fnos
1393 3719 1426 3749 &
1440 3716 1528 3754 ipsum
1542 3717 1732 3755 tangentibus,
1749 3700 1857 3747 necesse
1872 3716 1969 3745 habeat
1984 3714 2019 3745 ad
2034 3723 2121 3752 partes
2134 3714 2257 3747 Franciae
2268 3715 2294 3746 sse
2314 3729 2342 3751 E.
2361 3734 2383 3752 ι,
2402 3735 2439 3753 ψ,

1246 3766 1318 3789 trans
1331 3766 1399 3787 erre.
2336 3785 2341 3789 ,

1282 3796 1371 3826 Vobis
1393 3792 1570 3831 mandamus,
1587 3800 1715 3829 rogantes
1729 3793 1852 3831 quatinus
1865 3790 1957 3821 eidem
1973 3789 2030 3820 filio
2044 3789 2140 3822 nostro
2155 3801 2207 3829 pro
2221 3791 2295 3830 pale-
2314 3773 2331 3797 4

1245 3833 1339 3871 fn'dis,
1355 3834 1388 3864 ὃ(
1402 3832 1457 3861 aliis
1472 3832 1599 3869 minutis,
1617 3831 1714 3869 quibus
1729 3830 1852 3867 indiget,
1868 3838 1978 3859 necnon
1994 3829 2293 3866 proexpensissuisver-

1246 3872 1288 3903 sus
1304 3880 1389 3909 partes
1402 3869 1562 3906 praedictas,
1579 3869 1661 3906 usque
1674 3868 1709 3898 ad
1724 3868 1862 3898 suminam
1873 3866 1997 3910 duorum
2001 3867 2112 3898 milium
2118 3877 2292 3907 marcarum,

1246 3910 1346 3947 absque
1359 3908 1519 3939 difficultate
1551 3907 1650 3937 ualibet
1664 3908 1779 3936 nomine
1792 3913 1881 3949 mutui
1892 3905 2023 3935 liberetis:
2078 3943 2089 3950 >.

1283 3948 1319 3978 Et
1333 3957 1382 3977 nos
1397 3947 1478 3977 vobis
1486 3945 1521 3975 de
1558 3945 1612 3975 icta
1626 3944 1734 3975 summa
1750 3953 1891 3981 pecuniae,
1908 3952 1974 3973 curn
1989 3952 2051 3973 mm
2065 3943 2291 3981 eiliberaveritis,

1245 3987 1280 4018 &
1294 3986 1374 4016 nobis
1390 3984 1453 4014 inde
1469 3982 1637 4021 constiterit,
1652 3981 1800 4013 satisfacere
1815 3980 1955 4019 volumus,
1974 3989 2004 4012 ut
2019 3989 2151 4013 tenemur.

1282 4023 1316 4054 In
1333 4024 1409 4053 cu'us
1442 4023 1502 4053 &c.

1281 4033 1461 4099 TesteJRdge
1473 4059 1546 4099 apud
1561 4058 1779 4089 Northalverton
1788 4080 1797 4095 ,
1814 4058 1910 4094 primo
1924 4055 1969 4088 die
1983 4057 2130 4095 octobris,

1560 4099 1614 4128 Per
1627 4097 1709 4128 breve
1722 4097 1754 4128 de
1762 4099 1877 4165 pgivzato
1886 4093 1979 4136 figillo‚
2251 4133 2295 4163 Β.
