2570 4261
228 172 284 220 96

85 353 212 383 *1.280.
235 344 263 371 >k
290 340 402 377 Adhuc
429 338 490 371 dies
511 347 581 368 cum
609 335 760 370 Lewelino
783 338 919 381 Principe
946 331 1122 367 Norwalliae
1148 337 1293 376 proroga·-

730 393 793 416 tur.

85 475 162 506 Ann.
172 475 213 505 D.
234 474 347 532 REX
363 471 513 503 Lewelino
525 468 651 507 Principi
664 467 838 499 Norwalliae
851 466 975 497 salutem.
1158 500 1163 505 ι

113 522 195 552 1225.
326 513 405 543 Cum
419 509 555 540 Nuncios
567 508 679 539 nostros
692 507 849 544 solempnes
864 505 898 535 ad
912 505 1052 544 Legatum
1065 501 1191 543 Franciae
1203 506 1294 534 nuper

86 558 148 580 hen.
171 564 196 589 3.
234 550 404 587 miserimus,
422 558 474 586 pro
488 548 606 578 tiaeratu
622 547 695 584 pacis
708 547 779 576 inter
792 554 844 574 nos
850 566 860 582 ,
878 545 911 574 &
926 543 1040 579 Regem
1055 540 1078 569 F
1080 547 1181 583 raneiae
1201 537 1293 566 refor-

85 595 181 624 A12-9-
234 590 344 620 mand-„e
378 598 450 626 quos
471 586 587 624 quidem
609 585 644 615 ad
665 594 717 613 nos
736 582 875 619 reversos,
893 580 975 611 simul
995 588 1063 622 curn
1087 578 1161 620 aliis,
1179 574 1293 619 necesse

86 633 113 656 H
144 639 168 662 3-
234 613 370 659 habemu's
384 628 413 656 in
428 625 590 661 Franciarn,
606 633 659 661 pro
674 621 754 651 ἀίέὶο
770 620 904 659 negotio,
919 620 948 648 in
968 619 1048 647 breVi
1062 623 1227 660 remittere,
1248 623 1293 643 m-

84 667 173 703 Claus.
189 676 215 702 9-
238 667 290 697 stet
304 667 368 704 quia
379 665 461 695 nobis
476 662 598 701 provisio
610 659 737 691 facienda
749 658 785 688 de
800 665 900 697 gente,
918 657 951 687 ὃς
967 664 1085 698 pecunia
1099 663 1150 692 pro
1165 652 1293 682 Ricardo

87 709 121 732 H·
142 714 165 735 2-
182 715 217 731 m·
235 706 319 736 fratre
339 703 455 741 nostro,
479 704 508 731 in
530 699 715 730 Wasconiarn
735 696 885 739 profe&o,
910 696 944 726 &
967 698 1004 724 lic
1025 701 1155 737 oporteat
1174 700 1244 728 nOS,
1259 690 1294 721 ad

91 737 175 777 ¹731·
239 743 372 781 praesens,
390 740 512 779 partibus
535 738 679 768 maritimis
698 735 838 772 insistere,
857 742 888 777 ut
906 732 942 763 de
961 731 1101 769 praedidhs
1112 739 1249 775 unacum
1261 728 1295 758 fi-

237 781 345 812 delibus
365 779 466 810 nostris
485 776 680 814 disponamus,
697 784 758 804 non
779 781 934 815 poterimus
956 770 1014 813 effe
1028 769 1102 817 apud
1110 770 1295 813 wigorniam

236 820 272 850 ad
285 820 363 850 diem
375 820 446 848 inter
461 826 513 846 nos
527 816 560 845 ὃς
574 824 626 845 vos
642 812 774 844 statutum
783 835 793 851 ,
810 809 942 842 videlicet
956 819 972 839 a
985 807 1031 839 die
1043 808 1140 839 bandh
1157 807 1296 846 johannis

235 857 365 896 Baptistae
380 857 409 887 in
425 853 587 894 quindecim
599 852 665 883 dies.

277 937 319 965 Et
334 935 450 972 deinceps
460 940 508 971 per
522 933 610 961 omnia
618 928 689 970 ficut
697 927 819 968 fiiperiur
833 927 864 956 de
880 926 921 956 die
929 925 1097 964 prorogando
1109 923 1187 963 ufique
1199 923 1239 952 ad
1252 933 1297 952 as-

230 973 408 1013 fiaemptionem
422 971 509 1000 beatae
531 972 633 999 Mariae
645 991 655 1007 ,
673 969 751 1008 usque
765 966 804 995 ad
813 965 883 995 hanc
898 962 1044 1003 claufiilam
1057 973 1112 994 nec
1127 973 1180 994 nos
1193 961 1296 1000 absque

234 1013 315 1051 gravi
328 1009 471 1049 dispendio
478 1032 488 1048 ,
504 1010 565 1041 &c.

272 1087 363 1120 Teste
376 1087 460 1128 Rege
472 1085 546 1125 apud
557 1082 865 1119 westmonasterium,
886 1089 923 1121 30
939 1079 985 1110 die
993 1080 1079 1119 Junii.

258 1155 1269 1177 ,Μ

314 1218 436 1250 Littera
451 1215 538 1260 Regis
557 1209 602 1244 ad
619 1213 735 1256 Papam
752 1207 787 1241 dc
802 1205 1025 1254 Archiepiftopo
1046 1208 1219 1240 Auxitano.

86 1299 164 1329 'Ann
175 1298 215 1329 D.
287 1298 459 1331 Anfflffimo
476 1298 506 1327 iri
526 1294 646 1327 Christo
663 1294 750 1332 patri,
768 1293 903 1324 Domino
919 1291 968 1322 suo
984 1290 1143 1330 karissimo,
1161 1291 1297 1323 Domino

115 1346 199 1376 1225.
298 1338 452 1375 Honorio,
470 1335 528 1366 Dei
542 1335 643 1375 gratia,
661 1334 774 1364 summo
796 1329 946 1367 Pontifici,
963 1329 1124 1368 Hemicus,
1142 1330 1241 1361 eadem
1261 1332 1296 1362 &

84 1380 139 1405 An.
153 1387 181 1411 9.
237 1380 277 1410 sui
311 1379 390 1415 tatia,
408 1376 469 1406 &c-
797 1408 812 1414 .,
858 1408 863 1413 .
964 1407 969 1413 .

85 1419 122 1442 Η.
144 1425 168 1451 3.
276 1388 372 1453 gum,
386 1416 414 1444 in
428 1414 495 1444 meis
509 1413 543 1443 ὅ(
558 1420 692 1442 meorum
708 1416 826 1449 negotiis
836 1431 845 1445 ,
856 1417 885 1437 in
901 1407 984 1438 vobis
998 1407 1032 1438 &
1045 1406 1215 1438 sacrosansta
1230 1407 1295 1439 Ro-

84 1457 126 1480 Ex
147 1457 217 1480 Run-

85 1492 134 1519 del.
142 1493 198 1518 Lit-

83 1537 198 1556 terarum

84 1569 111 1595 ὶη
125 1571 201 1594 Turre

84 1606 192 1635 London.

238 1466 320 1486 mana
334 1452 457 1485 Ecclesia
470 1451 528 1489 spes
543 1460 606 1480 mea
621 1448 752 1479 consistat
765 1448 799 1478 &
815 1445 931 1484 fiducia,
946 1455 999 1483 pro
1023 1446 1092 1483 hiis,
1111 1446 1225 1490 quando
1245 1456 1296 1476 ne-

238 1493 344 1525 cessitas
363 1491 510 1528 imminet,
527 1489 562 1520 ad
583 1487 716 1519 auxilium
736 1486 831 1527 gratiae
850 1483 950 1515 vestrae
971 1494 1086 1515 recurro
1098 1484 1240 1516 humiliter
1261 1486 1295 1517 &

237 1532 355 1600 deffiffe
369 1568 410 1599 est
444 1565 502 1598 uod
517 1565 551 1596 ad
565 1563 648 1603 pedes
661 1563 807 1594 sanctitatis
826 1561 928 1592 vestrae
961 1560 1079 1592 latorem
1080 1561 1296 1630 Cpraesentium,

1110 1610 1118 1629 1

239 1608 411 1652 Magistrum
439 1606 583 1636 ohannem
618 1602 731 1633 fidelem
744 1600 892 1643 nostrum,
948 1601 1067 1644 unciurn
1109 1601 1198 1643 ⁵vium
1214 1600 1297 1630 Baio-

237 1651 381 1684 nenlium,
395 1644 519 1676 fidelium
535 1626 698 1672 nossrorum
715 1641 799 1683 (quos
809 1637 966 1682 'Auxitanus
978 1637 1233 1682 ArchiepiscopuS,
1248 1639 1296 1670 ad-

237 1686 370 1717 versarius
390 1685 424 1715 δε
443 1682 573 1713 inimicus
595 1679 690 1710 noster
708 1677 844 1721 capitalis,
862 1685 993 1716 aggravat
1007 1686 1037 1706 in
1050 1676 1151 1707 odium
1165 1678 1296 1710 nostrum

237 1723 431 1762 multipliciter
444 1721 478 1753 &
491 1718 632 1755 molestat)
646 1716 846 1760 transmittens·
999 1753 1004 1758 .
1149 1755 1155 1760 .

274 1762 385 1799 Omni,
404 1770 458 1798 qua
480 1757 611 1797 possum,
628 1762 781 1793 paternitati
799 1739 1045 1797 vestrae-,supplico
1058 1752 1215 1799 devotione
1228 1766 1297 1795 qua,

237 1810 335 1839 renuS,
352 1801 360 1830 i
381 1800 440 1830 surn
451 1798 574 1836 benigne
588 1796 769 1832 recipientes,
785 1792 864 1835 super
877 1792 946 1830 hiiS,
965 1801 1028 1835 quae
1039 1802 1058 1835 'a
1071 1792 1213 1824 saneutate
1234 1805 1297 1826 ves-

235 1849 277 1871 tra
291 1849 344 1877 pro
378 1836 519 1868 efensione
530 1834 655 1864 fidelium
674 1831 839 1862 nostrorum
853 1829 927 1869 Juste
947 1839 1073 1869 petierit,
1091 1832 1241 1863 consilium
1261 1835 1297 1865 &

235 1878 369 1908 auxilium
383 1874 508 1907 vestrum
523 1871 686 1911 impendatis
695 1895 704 1908 ,
721 1868 876 1900 secundum
890 1867 969 1907 quod
983 1868 1074 1899 vestra
1092 1870 1178 1910 pietas
1198 1870 1297 1905 viderit

265 1926 271 1933 ’
353 1925 376 1945 e.

237 1926 271 1948 ek
290 1915 406 1992 teadguod
419 1962 470 1982 nos
483 1961 498 1980 a
513 1949 614 1980 nostris
627 1947 736 1979 aemulis
748 1956 809 1977 non
823 1945 1050 1986 confundemur,
1067 1946 1107 1978 ser
1127 1946 1163 1978 de
1181 1957 1297 1987 protec-

236 1995 316 2026 tione
328 1992 396 2023 sedis
411 1989 585 2029 Apostolicae
600 1987 765 2027 gloriemur.

274 2072 339 2100 fere
350 2072 379 2099 in
393 2067 501 2098 eundem
515 2065 620 2096 modum
633 2061 822 2094 cardinalibus
835 2060 973 2102 univerfis.

271 2204 320 2236 De
338 2197 575 2245 instruHionibus
593 2200 631 2236 &⁸
646 2199 773 2242 pecnnia
792 2194 879 2238 miffi‘s
893 2194 938 2228 ad
952 2197 1086 2231 Nuncios
1103 2199 1208 2246 Regios
1220 2204 1253 2233 in

540 2247 705 2293 longinquis
715 2242 855 2290 partibus
875 2254 1001 2292 agentes.

206 2373 213 2379 ⁶
235 2335 350 2396 REX
370 2334 521 2367 venerabili
540 2330 611 2371 patri
630 2332 660 2362 in
679 2329 797 2362 Christo
818 2330 871 2361 W.
891 2329 1064 2363 Carleolenfi
1083 2331 1246 2372 Episcopo,
1262 2335 1298 2366 &

85 2353 162 2383 ΑΜ·
171 2349 204 2381 D
308 2375 413 2406 diiecto
426 2375 459 2405 sc
473 2372 546 2403 fideii
560 2369 709 2402 Nicholao
724 2369 760 2400 de
776 2369 867 2400 Moiis
881 2369 1006 2400 saiutem.

108 2397 190 2427 ¹²25'
274 2413 377 2445 Grates
392 2412 474 2444 vobis
488 2410 654 2448 multiplices
667 2408 814 2438 referimus
826 2407 863 2438 de
882 2409 1006 2446 expensis
1016 2433 1026 2447 ,
1042 2409 1185 2441 laboribus
1198 2412 1233 2443 &
1246 2421 1296 2442 an-

85 2433 137 2459 An.
153 2438 182 2464 9·
235 2452 333 2490 gustiis
367 2461 437 2490 quos
452 2450 542 2481 subire
558 2458 618 2479 non
630 2446 771 2485 desistitis,
789 2456 843 2484 pro
856 2447 976 2486 negotiis
986 2446 1087 2478 nostris
1120 2450 1149 2479 in
1173 2451 1297 2488 partibus

84 2472 171 2542 gia}
188 2513 205 2539 9
237 2476 419 2529 longinzquis3
444 2490 478 2520 &
498 2488 581 2518 nobis
601 2484 764 2530 mandamus
786 2494 913 2525 rogantes
935 2486 1061 2523 quatinus
1082 2471 1133 2517 illis
1151 2489 1298 2520 immorari

86 2549 114 2571 H
164 2525 189 2571 ᾗ,
210 2527 215 2532 “
237 2540 297 2560 non
312 2528 463 2566 omittatis,
482 2526 594 2566 negotia
605 2524 700 2555 nostra
712 2534 741 2554 in
753 2523 824 2567 statu
836 2532 978 2568 tenentes,
995 2525 1030 2556 &
1043 2526 1220 2564 expestantes
1240 2537 1297 2559 mg.

85 2554 199 2618 9J3107s
237 2568 322 2609 ponsa
334 2567 456 2598 Domini
470 2564 665 2606 Imperatoris,
685 2563 718 2594 &
733 2562 824 2592 Ducis
836 2562 966 2592 Austriae.

275 2606 330 2645 Et,
348 2606 368 2636 si
386 2605 507 2643 acceptis
526 2612 627 2634 eorum
648 2601 799 2639 responsiS,
816 2600 954 2631 audieritis
975 2601 1053 2639 quod
1075 2612 1134 2633 non
1148 2602 1175 2634 se
1187 2606 1298 2642 capient

237 2643 313 2675 dieta
333 2644 446 2684 negotia
463 2641 574 2679 nostra,
592 2641 688 2671 dicatis
709 2638 788 2677 quod
805 2639 929 2683 'molest-e
948 2639 1069 2684 feramus
1081 2650 1145 2671 rern
1157 2642 1297 2674 effectum

236 2692 299 2751 1333
312 2687 733 2759 massanensis&
743 2677 928 2746 ἓῧὲἓῗέἓξ
941 2677 1215 2757 ἒέἳῗὲἰῖὶἒέἕξεὲ(
1228 2691 1297 2750 ἓὲἒῐ

237 2768 310 2790 tram
322 2759 389 2789 inde
401 2759 483 2789 vobis
497 2757 710 2794 rescripserimus
725 2754 910 2785 voluntatem.
956 2793 961 2798 ·

274 2797 354 2828 Cum
372 2798 448 2828 enirn
466 2796 529 2827 haec
547 2805 627 2825 mora
644 2793 735 2824 vestra
753 2802 865 2833 magnas
883 2800 1004 2836 requirat
1022 2794 1150 2831 expensas
1188 2794 1297 2834 Johan-

236 2845 285 2865 nes
303 2836 340 2866 de
353 2836 501 2866 Woburn.
527 2833 608 2864 Civis
627 2832 742 2876 quidam
759 2831 964 2862 Londonienlis
977 2855 987 2869 ,
1011 2833 1094 2863 vobis
1106 2857 1116 2871 ,
1141 2819 1298 2874 Efpiscope,

238 2874 374 2910 sexaginta
388 2874 516 2911 Marcas,
534 2874 568 2904 &
583 2872 650 2909 tibi,
668 2870 814 2901 Nicholae
823 2894 833 2907 ,
854 2879 890 2908 30
904 2869 1016 2900 Marcas
1030 2870 1133 2902 habere
1146 2871 1246 2912 faciet,
1261 2874 1298 2905 de

240 2920 383 2949 praecepto
397 2911 512 2949 nostro,
531 2910 603 2949 apud
618 2909 732 2947 Gaunt,
749 2908 783 2939 ad
799 2908 927 2947 expensas
942 2908 1053 2940 vestras.

276 2986 366 3018 Teste
382 2986 462 3027 Rege
475 2986 549 3025 apud
563 2984 872 3024 westmonasterium,
891 2993 908 3023 7
922 2984 968 3015 die
977 2984 1054 3023 Julii.

88 3123 104 3139 n
119 3122 143 3149 1.
154 3120 217 3149 281.
296 3107 324 3135 ³¹*
350 3110 397 3143 De
414 3112 525 3157 negotio
543 3106 802 3153 Confoederationis
819 3112 896 3142 inter
914 3110 1021 3156 Regem
1039 3112 1075 3149 (ᾐ-
1093 3113 1240 3145 Comitem

689 3155 832 3200 Tholtfiae·

89 3249 215 3281 Amal),
238 3243 352 3302 REX
372 3243 583 3287 consanguineo
600 3241 652 3286 suo
673 3241 711 3285 R..
732 3241 810 3285 Duci
830 3241 1012 3274 Narbonensi
1028 3268 1037 3282 ,
1056 3243 1168 3290 Comiti
1181 3246 1297 3292 Tholo-

115 3298 199 3326 1225.
311 3283 373 3321 fiae,
390 3285 424 3314 &
441 3282 607 3312 Marchiom
621 3280 801 3318 ProvinCiae‚
818 3280 949 3320 salutem,
965 3283 998 3313 &
1012 3283 1126 3314 sincerae
1139 3284 1298 3316 dilectionis

260 3320 451 3352 lenitudinem.

241 3330 260 3358 P
278 3358 312 3388 In
327 3369 462 3397 quantum
479 3368 531 3397 pro
545 3358 627 3389 vobis
640 3357 827 3387 laboraverint
841 3356 953 3387 Nuncii
963 3358 1052 3388 nostri
1074 3361 1104 3389 in
1125 3359 1214 3392 Curia
1233 3362 1300 3393 Ro-

244 3396 343 3435 mana,
360 3408 409 3435 per
424 3397 559 3428 Nuncios
571 3395 678 3427 vestros
693 3396 741 3433 qui
756 3394 947 3434 interfuerint,
966 3397 999 3426 ὃς
1014 3398 1042 3426 in
1057 3407 1194 3436 quantum
1214 3401 1299 3431 etiam

244 3433 356 3465 Nuncii
370 3436 473 3473 nostri,
493 3436 594 3465 ultimo
606 3433 680 3464 missi
692 3432 727 3463 ad
742 3433 880 3471 Legatum
901 3433 1041 3472 Franciae,
1059 3446 1113 3473 pro
1134 3438 1300 3469 commodi-

244 3480 300 3502 tate
313 3473 402 3503 vestra
415 3474 615 3511 laboraverint,
631 3482 680 3510 per
692 3471 829 3502 Nuncios
842 3470 949 3502 vestros
961 3473 1067 3503 ibidem
1082 3475 1228 3512 praesentes
1240 3477 1300 3508 satis

244 3510 347 3549 poterit
359 3512 440 3541 vobis
455 3511 512 3542 esse
528 3511 715 3541 manifestum.

282 3546 361 3577 Cum
373 3558 466 3579 autem
478 3550 537 3580 satis
551 3550 633 3580 vobis
649 3548 776 3586 constet,
794 3548 828 3579 δε
841 3547 971 3579 constare
984 3548 1085 3580 debeat
1103 3551 1159 3588 qua
1179 3552 1299 3592 diligen-

243 3584 298 3623 tifi,
316 3587 349 3616 &
363 3588 461 3624 quibus
473 3589 577 3618 viribus
591 3587 614 3617 F
615 3588 770 3626 rancigenae
782 3585 1004 3627 praesumpserint
1026 3589 1212 3621 anteceffores
1233 3601 1300 3622 nos-

243 3633 303 3654 tros
319 3624 353 3654 &
364 3624 470 3655 vestros
484 3626 611 3656 infestare
627 3627 660 3657 ὃς
672 3626 845 3663 deprimere,
864 3625 956 3655 immo
972 3627 1005 3657 δεῖ
1018 3636 1071 3656 nos
1084 3628 1118 3658 ὃς
1135 3628 1244 3660 vosmet
1257 3631 1301 3667 ip-

244 3662 305 3699 sos,
320 3660 393 3690 istud
407 3662 513 3700 semper
525 3672 590 3694 ante
602 3664 701 3694 oculos
716 3663 880 3693 reducentes
895 3664 977 3694 vobis
990 3667 1182 3704 praecaveatis,
1196 3677 1233 3696 ne
1248 3678 1302 3697 un-

243 3709 332 3737 quam
348 3708 399 3729 vos
411 3702 553 3740 contingat
565 3712 665 3733 eorum
680 3702 879 3732 circumveniri
892 3701 1105 3740 deceptionibus
1127 3705 1160 3735 &
1180 3704 1301 3744 astutiis,

244 3747 282 3767 ne
302 3736 338 3766 ad
356 3746 408 3767 nos
431 3738 463 3767 δε
483 3748 535 3768 vos
558 3740 737 3778 separandos,
756 3748 828 3776 quos
840 3739 991 3771 fortissimo
1007 3740 1164 3773 dilefflonis
1184 3744 1301 3774 vinculo

243 3775 417 3844 {onigilrlidlos
434 3783 528 3806 tenere
547 3776 631 3810 debet
651 3778 779 3809 debiturn
797 3777 933 3816 sanguinis
947 3803 957 3816 ,
988 3789 1113 3818 unquam
1136 3782 1302 3819 praevaleant

271 3824 304 3843 au
355 3822 441 3843 enter.

282 3851 354 3882 Hoc
370 3860 464 3881 autem
479 3859 509 3881 ut
523 3853 672 3884 confirmet
687 3854 720 3884 ὃ(
735 3853 904 3884 corroboret
917 3864 1004 3885 nexus
1022 3857 1139 3896 fortior,
1158 3856 1302 3888 mandavi-

245 3899 308 3920 mus
323 3889 432 3919 dileffls
444 3890 478 3920 &
500 3888 625 3920 fidelibus
640 3892 739 3921 nostris
752 3890 877 3922 Ricardo
892 3890 1002 3923 Comiti
1018 3896 1151 3927 Pietaviae
1175 3898 1208 3927 ὃς
1226 3897 1303 3928 fratri

244 3927 360 3966 nostro,
379 3926 540 3957 Willielmo
560 3927 670 3959 Comiri
691 3931 789 3960 Sarum
823 3930 856 3959 &
878 3929 1009 3968 Philippo
1030 3934 1066 3964 de
1084 3934 1251 3972 Albiniac03
1270 3944 1301 3965 ut

243 3966 283 3995 hii
298 3966 394 4003 simul,
413 3966 459 3996 vel
472 3965 562 3995 dietus
574 3965 716 4004 Philippus
731 3968 765 3998 de
787 3954 951 4005 Albiniaco,
970 3969 990 3999 fi
1010 3973 1132 4010 reliquos
1152 3973 1224 4004 duos
1244 3973 1302 4013 spa-

244 4004 311 4033 tiosa
325 4003 381 4032 loci
396 4003 561 4041 disjunistio,
577 4004 623 4033 vel
637 4006 791 4041 periculum
806 4004 982 4042 impedierit,
999 4010 1034 4039 ad
1049 4021 1102 4041 vos
1120 4012 1301 4049 accedentes,

243 4042 300 4072 una
312 4051 381 4072 cum
397 4042 574 4080 praesentibus
589 4042 727 4082 Nunciis,
745 4043 852 4074 dileffis
866 4043 899 4073 &
912 4042 1037 4078 fidelibus
1050 4048 1301 4088 nostris‚A1exan-

87 3330 140 3355 An.
159 3338 187 3362 9.

87 3374 176 3440 Ciajfi
193 3413 220 3439 9.

87 3444 124 3469 H.
145 3450 170 3476 3.
187 3452 224 3470 m.

649 146 1451 199 CONVENTIONES,
1500 146 1905 216 xLITERAE,

1331 234 1384 263 dro
1400 231 1436 262 de
1451 231 1643 270 Basfingbum.
1662 234 1696 264 &
1713 232 1855 272 Magistro
1869 232 2030 264 Willielmo
2042 232 2080 264 de
2098 232 2397 277 Tomounscriptum
2414 234 2490 266 Ann.
2501 234 2546 271 DL

1332 270 1584 301 confoederationis
1594 272 1628 303 &
1641 272 1821 310 obligationis
1834 272 1956 310 nostrae,
1973 272 2052 310 quod
2066 282 2151 311 penes
2171 272 2199 302 se
2216 273 2326 309 pridem
2347 274 2396 305 ha-
2433 283 2518 316 1225.

1333 309 1471 347 buerunt,
1489 309 1571 339 vobis
1595 319 1656 339 non
1675 309 1808 341 differant
1828 311 1962 349 liberare,
1979 312 2144 349 recipientes
2165 320 2182 341 a
2205 311 2288 342 vobis
2307 311 2397 344 simile
2415 319 2477 343 lien.
2496 328 2523 356 ς,

1331 347 1465 384 scriptum
1481 347 1667 386 obligationis.

1371 386 1450 427 Qiae
1467 393 1561 415 tamen
1578 385 1637 416 duo
1654 386 1752 454 scrffta
1769 388 1798 416 in
1815 387 1884 418 loco
1902 387 2098 425 religiosorum
2112 412 2122 425 ,
2145 394 2209 418 tuto
2226 387 2261 419 &
2278 387 2396 428 securo,

1331 425 1406 461 quali
1424 423 1474 454 sub
1492 425 1643 454 communi
1657 434 1694 455 cu
1720 425 1786 456 odia
1800 449 1810 463 ,
1836 424 1932 456 nostra
1949 427 1983 457 &
2001 425 2092 457 vestra
2105 450 2116 463 ,
2141 434 2332 464 reponantur,
2357 437 2393 457 0-

1331 470 1456 505 portuno
1468 486 1478 500 ,
1504 462 1525 491 si
1549 462 1640 499 placet
1655 486 1665 500 ,
1689 472 1819 501 tempore
1843 473 1894 508 ex*
1918 464 2010 495 nenda
2022 486 2033 504 ,
2055 464 2088 508 ᾅε
2107 472 2208 495 mutuo
2225 464 2394 508 reddenda,

1331 500 1667 581 gilscitilldlgnf'orfisssffisgebn
1681 512 1741 571 ἰιιξῑθι
1746 526 1759 578 ²,
1765 512 1946 571 tlijiillcorenorlgis1
1947 502 2394 581 Se’mpekrllg'gggegounru’nffigcjtsbg:

1329 584 1407 605 oriri.
1845 606 1847 608 ,

1369 613 1444 651 Vel,
1462 614 1483 643 fi
1496 614 1530 644 ad
1545 615 1603 646 hoc
1618 616 1796 653 aspiraveritis
1809 617 1887 656 quod
1900 618 2035 656 scripturn
2049 616 2179 647 nostrum
2195 616 2289 648 statim
2310 621 2393 652 vobis

1332 651 1468 689 tradatur,
1487 652 1592 683 satisfiat
1604 655 1741 685 voluntati
1753 654 1854 686 vestrae
1863 656 1914 694 3&
1929 665 2071 686 remaneat
2085 656 2167 686 nobis
2181 655 2316 693 scripturn
2330 668 2393 689 ves—

1333 698 1426 728 trum,
1445 690 1478 721 &
1493 690 1625 722 nostrum
1637 693 1719 724 vobis
1736 703 1894 733 remaneat,
1912 704 1963 733 per
1984 704 2082 725 manus
2103 693 2306 732 praedictorum
2323 694 2395 728 fide-

1331 728 1402 758 lium
1415 728 1589 759 nostrorum.

1348 807 1352 811 Ι
1370 766 1552 811 Consulimus
1566 767 1681 811 quidem
1694 769 1771 800 bona
1782 770 1838 801 fide
1852 770 1999 802 dileffioni
2012 770 2130 810 vestrae,
2143 771 2221 810 quod
2234 779 2294 803 tota
2306 773 2395 807 affec-

1333 814 1413 836 tione
1423 805 1543 850 totisque
1556 807 1677 846 ViribuS,
1694 808 1729 838 ad
1740 809 1926 846 optinendam
1943 809 2146 841 Ecclesiasticae
2166 811 2240 848 pacis
2258 813 2395 854 gratiam,

1334 843 1525 875 efficaciffime
1537 844 1668 875 laboretis
1704 847 1738 877 ὅ(
1753 857 1823 886 nos,
1835 858 1885 885 per
1901 848 1958 878 Dei
1969 849 2102 888 gratiam,
2114 849 2145 878 in
2161 856 2298 886 quantum
2312 861 2394 890 pote-

1334 884 1438 921 rimus,
1456 884 1484 913 in
1499 882 1625 913 vestrum
1639 869 1810 929 assurgemus
1823 887 1857 917 ὃς
1870 887 2003 917 auxilium
2016 888 2049 918 &
2066 887 2213 917 honorem.

1374 921 1465 960 Qod
1484 929 1579 952 autem
1600 921 1802 960 solempniorec
1819 924 1853 954 ad
1876 935 1928 955 vos
1948 924 2085 956 Nuncios
2096 925 2131 955 ad
2146 925 2209 956 haec
2223 927 2394 970 complenda

1333 970 1396 1030 gon
1410 960 1535 991 misimus
1548 959 1582 990 ad
1596 960 1732 1000 praesenS,
1751 961 1801 992 soli
1815 963 1925 994 viarum
1938 964 2065 1002 periculo
2078 963 2232 996 decernatis
2252 975 2395 1004 imputan-

1356 1008 1414 1029 um.

1372 1076 1463 1108 Teste
1476 1077 1583 1116 meipso
1594 1077 1667 1116 apud
1678 1077 1987 1118 Westmonasterium,
2007 1088 2046 1119 14
2059 1079 2106 1110 die
2119 1079 2247 1119 Augusti.

1415 1206 1466 1238 De
1477 1202 1618 1251 potestate
1632 1203 1792 1238 exhibendi
1805 1208 1842 1243 (j-
1864 1204 2023 1251 recipi'endl
2034 1205 2152 1252 firipta
2164 1203 2316 1250 praediHa.

1335 1286 1451 1347 REX
1465 1288 1593 1320 Ricardo
1608 1288 1721 1321 Comiti
1733 1289 1867 1321 Pietaviae
1880 1289 1955 1320 fratri
1970 1289 2020 1320 suo
2045 1289 2206 1322 willielmo
2221 1289 2335 1322 Comici
2349 1290 2399 1324 Sa·
2415 1305 2492 1339 Am
2503 1306 2537 1338 D

1408 1327 1554 1367 resberiae,
1573 1329 1607 1360 &
1619 1328 1752 1366 Philippo
1764 1330 1798 1360 ὃ(
1812 1328 1979 1366 Albiniaco,
1997 1314 2121 1359 sal’utem.
2438 1354 2449 1375 Ι
2474 1355 2492 1375 2
2537 1334 2547 1341 '

1371 1365 1451 1396 Cum
1470 1365 1506 1396 de
1525 1367 1641 1406 negotio
1660 1367 1911 1397 confoederationis
1934 1367 1968 1397 ὃς
1979 1367 2174 1411 obligationis,
2188 1368 2260 1399 inter
2275 1378 2345 1408 nOS,
2362 1369 2397 1401 &
2414 1355 2472 1412 Αἰ
2485 1354 2521 1419 95'

1335 1403 1509 1435 kariffimum
1522 1405 1762 1445 consanguineum
1776 1405 1906 1436 nostrum
1928 1405 1968 1435 R.
1984 1404 2136 1436 Comitem
2155 1406 2276 1437 Tholos.
2293 1407 2398 1438 facien-
2415 1427 2443 1450 H
2460 1408 2466 1413 ”
2507 1406 2514 1413 ‘

1335 1442 1398 1481 dae,
1413 1442 1544 1474 nondum
1556 1443 1723 1487 completae,
1742 1443 1827 1482 poffit
1840 1445 1942 1488 nobis,
1959 1444 2038 1481 quod
2051 1444 2138 1488 absit,
2152 1444 2328 1483 dispendium
2342 1447 2398 1476 im·
2416 1433 2522 1490 lbidffria.

1336 1482 1445 1512 minere
1461 1491 1510 1519 per
1522 1481 1632 1512 astutias
1646 1481 1840 1520 Francorum,
1860 1483 1910 1520 qui
1922 1481 2013 1519 ipsum
2027 1492 2042 1512 a
2055 1482 2138 1513 nobis
2158 1491 2284 1514 avertere
2303 1485 2398 1515 nitun-

1335 1527 1398 1558 tur,
1416 1521 1498 1550 vobis
1520 1519 1686 1550 mandamus
1708 1528 1740 1551 ut
1760 1530 1862 1550 omnes
1881 1519 1979 1558 simul,
1997 1520 2047 1550 nifi
2067 1520 2193 1551 distantia
2210 1521 2269 1552 loci
2288 1523 2399 1560 grandis

1335 1558 1738 1632 Peliffflifiiieiissffiema‘ss‘
1748 1558 1902 1636 ‚Ehisslsssse‘
1919 1558 2400 1637 ἓῗὲέᾞὲἰὲἒῖᾚζῇξᾱ

1337 1635 1426 1666 nostri
1447 1635 1547 1666 adeatis
1560 1661 1570 1674 ,
1602 1622 1649 1666 ad’
1658 1636 1778 1666 exhiberi
1799 1645 1848 1667 um
1867 1636 1893 1666 ei
1911 1635 2045 1673 scriptum
2063 1635 2242 1675 obligationis
2268 1636 2373 1668 nostrae
2386 1662 2399 1677 ,

1337 1674 1418 1712 quod
1430 1674 1541 1711 pridem
1555 1675 1695 1712 recepistis
1713 1674 1775 1713 (nisi
1788 1675 1863 1713 prius
1874 1673 1943 1704 illud
1957 1674 2147 1712 exhibueritis)
2163 1675 2198 1707 δί
2213 1676 2350 1713 recipiatis
2361 1676 2399 1708 ab

1336 1722 1373 1743 eo
1387 1713 1566 1753 obligationis
1578 1714 1634 1744 suae
1647 1713 1779 1757 scriptum
1792 1711 1950 1757 consimile.
1967 1751 1972 1757 ⁸
1996 1751 2002 1756 .

1376 1751 1454 1791 Qiae
1476 1760 1572 1782 tamen
1593 1751 1653 1782 duo
1673 1751 1724 1782 scri
1745 1760 1771 1782 ta
1790 1762 1821 1781 in
1840 1750 1910 1781 loco
1923 1750 2138 1790 religiosorum,
2154 1759 2219 1782 tuto
2233 1752 2268 1783 &
2282 1751 2398 1793 securo,

1336 1790 1412 1828 quali
1434 1790 1486 1820 sub
1507 1790 1657 1821 communi
1675 1800 1692 1820 c
1737 1789 1820 1827 odia,
1834 1788 1931 1820 nostra
1950 1790 1985 1821 δε
1997 1789 2058 1827 sua,
2075 1798 2247 1827 reponantur
2260 1789 2312 1822 suo
2323 1799 2399 1823 tem-

1337 1838 1409 1865 pore
1429 1827 1612 1866 publicanda,
1631 1830 1712 1866 quia,
1730 1828 1751 1858 fi
1768 1827 1990 1872 publicarentur,
2007 1828 2085 1866 hoc,
2101 1836 2133 1858 ut
2151 1827 2307 1868 credimus,
2323 1838 2399 1861 tem-

1335 1876 1407 1911 pore
1425 1866 1518 1904 poffet
1535 1866 1602 1898 inde
1620 1866 1901 1905 dispendium,nullo
1914 1866 2000 1897 nobis
2011 1873 2133 1905 optento
2143 1868 2399 1907 commodo,sub-

1356 1915 1411 1935 nri.

1335 1915 1356 1935 o
1374 1943 1446 1982 Vel,
1464 1944 1485 1974 si
1497 1942 1574 1974 idern
1589 1942 1700 1974 Comes
1713 1942 1835 1975 Tholos.
1854 1942 1888 1973 ad
1906 1943 1964 1974 hoc
1986 1942 2145 1982 aspiraverit
2165 1944 2246 1982 quod
2263 1943 2398 1983 scriptum

1334 1981 1464 2013 nostrum
1485 1983 1511 2012 ei
1532 1981 1625 2012 statim
1644 1981 1784 2021 tradatur,
1801 1981 1908 2013 satisfiat
1925 1982 2064 2014 voluntati
2083 1982 2157 2022 suae,
2173 1984 2208 2015 &
2221 1984 2240 2003 ²¹⁴
2257 1992 2398 2016 remaneat
2414 1990 2433 2010 ⁴⁵
2445 1989 2469 2022 1.
2483 1991 2549 2021 282:

1336 2021 1388 2052 sibi
1404 2021 1539 2058 scriptum
1555 2019 1704 2060 nostrum,
1722 2021 1756 2052 ὃς
1773 2022 1870 2060 suum,
1884 2030 1969 2059 penes
1987 2031 2058 2065 vos,
2074 2021 2109 2065 ad
2123 2031 2196 2062 opus
2207 2021 2339 2065 nostrum
2353 2032 2398 2053 re-

1334 2060 1467 2128 tinegtis3
1494 2069 1532 2090 ne
1552 2058 1735 2090 occafionem
1755 2059 1858 2090 habere
1877 2058 1962 2097 poffit
1987 2060 2191 2100 obligationem
2210 2060 2286 2090 illam
2314 2059 2398 2093 diffe-

1334 2108 1385 2129 ren
1416 2121 1423 2128 .

1374 2136 1419 2167 Ex
1433 2135 1604 2167 habundanti
1616 2146 1688 2167 vero
1703 2137 1839 2169 mittimus
1852 2136 1935 2169 vobis
1946 2135 2126 2177 obligationis
2140 2135 2246 2168 nostrae
2263 2136 2399 2177 scriptum

1335 2174 1411 2209 aliud
1423 2175 1454 2206 in
1466 2174 1570 2206 eisdem
1583 2175 1683 2208 verbis.

1372 2251 1463 2284 Teste
1476 2261 1507 2284 ut
1521 2253 1607 2292 supra.

1337 2378 1458 2413 Ultimae
1484 2376 1684 2422 instructiones
1704 2380 1788 2426 miffie
1811 2380 1950 2427 Epiftopo
1981 2380 2172 2425 Carleolenli',
2197 2380 2287 2413 alteri
2303 2381 2398 2414 Nun·

1668 2432 1785 2461 ciorum
1793 2428 2050 2476 fitpradib‘lorum.

1336 2512 1451 2571 REX
1467 2512 1611 2552 Episcopo
1623 2512 1796 2545 Carleolenfi
1808 2514 1932 2546 salutem.
2419 2513 2495 2544 Ann·
2505 2512 2550 2544 D:

1429 2552 1479 2582 De
1492 2551 1675 2583 sollicitudine
1688 2555 1823 2584 continua
1837 2554 1871 2585 &
1884 2553 2033 2593 laudabili,
2050 2556 2098 2586 cui
2114 2554 2260 2595 vigilanter
2281 2552 2400 2584 insistitis
2448 2560 2533 2591 1225.

1335 2588 1370 2619 ad
1385 2590 1529 2621 honorem
1543 2589 1673 2622 nostrum
1687 2591 1914 2631 procurandum,
1931 2594 1962 2623 in
1976 2594 2098 2630 partibus
2110 2593 2271 2633 longinquis
2285 2602 2397 2623 moram
2417 2595 2471 2620 An.
2490 2601 2519 2627 9-

1336 2627 1484 2667 facientes,
1499 2629 1529 2658 in
1542 2629 1653 2667 labore,
1669 2631 1703 2661 &
1716 2630 1819 2669 taedio,
1836 2632 1866 2660 in
1877 2631 2033 2669 sumptibus
2047 2641 2108 2662 non
2121 2630 2399 2670 modicis‚dile6h·o-
2417 2635 2454 2658 H·
2474 2639 2501 2667 3·

1336 2675 1405 2696 nem
1419 2667 1540 2697 vestram
1554 2666 1708 2698 affectuose
1721 2668 1802 2705 prose
1824 2670 1916 2699 uimur
1932 2679 2002 2699 cum
2015 2671 2165 2708 gratiarum
2182 2670 2312 2708 actione,
2328 2679 2399 2701 cum
2417 2668 2503 2706 Claus.
2519 2670 2551 2703 9:

1335 2713 1448 2743 autem,
1466 2713 1501 2735 ex
1520 2705 1677 2736 nanstniffis
1698 2706 1781 2736 nobis
1835 2707 1927 2737 omini
1947 2706 2145 2746 coloniensis,
2162 2709 2197 2740 &
2217 2707 2259 2738 H.
2277 2707 2314 2738 de
2334 2708 2399 2739 Zu-
2417 2712 2452 2735 H·
2470 2716 2496 2743 3-
2511 2715 2548 2735 m·

1336 2741 1466 2781 dentorp.
1489 2742 1601 2781 litteris,
1618 2752 1687 2787 acce
1708 2745 1827 2782 erimus,
1845 2744 1925 2783 quod
1936 2745 1971 2776 &
1983 2745 2066 2776 nobis
2077 2745 2138 2776 satis
2150 2744 2192 2776 est
2206 2744 2400 2785 manifestum,
2417 2745 2445 2773 8-
2463 2745 2489 2773 d·

1337 2781 1416 2819 quod
1436 2780 1518 2819 ipsius
1537 2781 1661 2813 Domini
1736 2782 1866 2813 lonienfis
1900 2783 1970 2814 sicut
1988 2783 2023 2815 &
2045 2783 2205 2814 multorum
2227 2783 2263 2813 de
2278 2784 2400 2821 partibus

1337 2820 1406 2858 illis,
1423 2820 1539 2859 gratiam
1552 2821 1728 2858 optinueritis
1739 2820 1774 2851 ad
1788 2807 1895 2859 agentia
1909 2820 2006 2852 nostra
2018 2820 2208 2865 efficacius&
2223 2821 2330 2853 facilius
2351 2831 2402 2853 ex-

1338 2858 1489 2897 pedienda,
1507 2858 1590 2889 vobis
1612 2859 1778 2890 mandamus
1798 2868 1927 2900 rogantes
1949 2868 2085 2898 quatenus
2102 2861 2225 2899 pambus
2238 2860 2290 2891 'illis
2307 2860 2402 2892 adhuc

1336 2898 1481 2929 immorari
1503 2906 1564 2927 non
1584 2898 1728 2928 omittatis.
1772 2896 1947 2936 Inquirentee
1966 2906 2061 2929 mmen
2075 2922 2085 2936 ,
2120 2897 2207 2937 usque
2224 2897 2259 2928 ad
2283 2898 2401 2930 Festum

1337 2935 1434 2966 Sanciti
1453 2934 1622 2974 Michaelis,
1641 2935 1701 2966 tam
1720 2935 1882 3004 diliggnter,
1895 2937 1988 2980 *quam
2007 2936 2176 2976 prudenter,
2194 2936 2216 2967 fi
2237 2946 2307 2981 cum
2324 2937 2403 2968 bona

1337 2973 1498 3012 voluntate,
1514 2974 1548 3004 &
1561 2973 1667 3005 affensu
1682 2974 1763 3013 ipsius
1810 2975 1902 3005 omini
1916 2974 2111 3014 Colonienfis,
2129 2976 2163 3007 &
2178 2985 2302 3006 maxrme
2315 2986 2352 3007 ne
2366 2985 2402 3007 ex

1337 3012 1447 3043 receffu
1459 3011 1555 3044 vestro
1571 3012 1730 3051 injunctum
1742 3013 1826 3045 vobis
1842 3014 1989 3053 negotium
2003 3014 2098 3052 rumpi
2121 3015 2286 3054 contingat,
2302 3025 2318 3046 a
2338 3024 2403 3053 par-

1336 3052 1411 3082 tibus
1422 3050 1474 3080 illis
1486 3049 1617 3081 recedere
1632 3050 1746 3089 poffitis.

1374 3088 1412 3119 Et
1425 3090 1444 3119 fi
1458 3089 1492 3119 ad
1503 3089 1643 3120 recessum
1657 3089 1784 3120 vestrum
1798 3089 1872 3121 sorte
1883 3091 2006 3122 cucurrit
2015 3090 2093 3122 bona
2104 3090 2234 3123 voluntas
2255 3091 2290 3123 &
2308 3089 2400 3122 afferi-

1337 3128 1379 3158 sus
1394 3127 1476 3165 ipfius
1488 3126 1612 3158 Domini
1628 3127 1824 3168 Colonienfis,
1841 3139 1910 3160 cum
1924 3130 1971 3168 spe
1981 3130 2087 3168 negotii
2115 3129 2205 3160 nostri
2225 3139 2401 3167 promoven-

1337 3166 1380 3204 di,
1399 3176 1452 3197 nos
1471 3166 1551 3205 super
1570 3166 1623 3196 hiis
1645 3167 1797 3206 omnibus,
1812 3168 1893 3198 simul
1915 3177 1984 3199 cum
2005 3168 2123 3198 consilio
2144 3167 2262 3206 nostro,
2280 3167 2400 3199 reddatis

1336 3204 1505 3242 instrue‘tos3
1525 3213 1556 3235 ut
1578 3213 1682 3235 extunc
1726 3205 1790 3244 uid,
1805 3207 1835 3236 in
1854 3206 1907 3237 hac
1929 3215 2023 3245 parte,
2040 3206 2124 3237 nobis
2143 3206 2250 3245 placeat
2263 3206 2344 3238 simul
2363 3206 2399 3238 &

1336 3243 1481 3282 expediat,
1496 3242 1656 3273 discretioni
1669 3216 1769 3274 vellrae
1789 3245 1978 3276 rescribamus.

1373 3319 1464 3350 Teste
1478 3318 1563 3359 Rege
1575 3319 1648 3357 apud
1663 3319 1970 3361 Westmonasteriurn,
1985 3330 2024 3359 27
2040 3321 2087 3352 die
2100 3320 2230 3363 Augusti.

1336 3446 1428 3479 Bulla
1443 3445 1480 3478 de
1496 3445 1647 3493 Lewelyno
1665 3446 1776 3480 Walliae
1795 3448 1930 3493 Principe
1948 3444 2253 3487 excommunicando,
2279 3448 2316 3484 ὠ·
2336 3455 2400 3478 ter-

1383 3498 1426 3527 ris
1442 3494 1509 3540 fitis
1538 3493 1766 3537 interdicendis,
1791 3505 1847 3542 pro
1866 3506 1982 3542 guerra
2012 3507 2106 3542 quam
2124 3493 2203 3539 fecit
2231 3496 2307 3541 Regi
2328 3494 2401 3541 An-

1378 3544 1456 3590 gliae.

1341 3626 1549 3689 HOnorius
1561 3627 1734 3668 Episcopus,
1753 3628 1845 3661 servus
1860 3629 2005 3660 servorum
2020 3627 2095 3670 Dei,
2112 3626 2326 3671 Venerabilibus
2346 3623 2402 3655 fra·
2420 3637 2496 3667 Ann-
2511 3635 2552 3668 D.

1432 3667 1520 3696 tribus
1536 3665 1758 3706 Archiepiscopo
1771 3668 1942 3699 Eboracensi
1955 3668 1989 3699 &
2004 3665 2192 3707 suffraganeis
2205 3665 2275 3703 suis,
2286 3663 2401 3694 salutem
2442 3683 2527 3714 1225.

1340 3706 1374 3736 &
1390 3703 1588 3742 Apostolicarn
1604 3705 1842 3737 benedietionem.
2156 3742 2161 3748 ,
2184 3742 2191 3748 ‚
2251 3741 2257 3746 ,
2291 3740 2297 3746 ,
2360 3741 2365 3746 ,
2420 3719 2471 3743 An.
2494 3723 2523 3750 9.

1379 3741 1432 3772 Fre
1454 3753 1537 3780 uens,
1557 3743 1625 3774 sicut
1640 3745 1844 3784 intelleximus,
1862 3744 1963 3775 nobilis
1975 3744 2030 3774 viri
2042 3742 2209 3778 Lewelhm,
2229 3739 2299 3784 dl&
2318 3738 2402 3770 Psln·
2422 3758 2456 3781 Η.
2476 3761 2503 3789 3.

1341 3752 2401 3853 seniensisgr-vacavisse&“essaeus-¹¹s
2423 3796 2464 3820 2*

1341 3857 1412 3887 sicut
1425 3857 1514 3887 salutis
1527 3858 1560 3888 &
1574 3858 1657 3888 farnae
1674 3845 1813 3898 prodigo,
1828 3861 1887 3897 jam
1901 3869 1961 3889 non
1975 3856 2066 3896 poffit.
2181 3841 2191 3855 ²
2256 3894 2261 3899 ι
2329 3894 2335 3899 ,
2392 3841 2402 3855 ’

1379 3895 1453 3925 Sane
1467 3896 1537 3925 inter
1549 3896 1599 3926 alia
1613 3896 1767 3928 katiffimus
1780 3899 1808 3928 in
1824 3896 1943 3928 Christo
1958 3896 2027 3926 filius
2038 3892 2154 3936 noster,
2169 3891 2313 3937 Henricus
2327 3893 2404 3937 illus-

1341 3934 1390 3963 tris
1412 3932 1477 3963 Rex
1498 3934 1608 3974 Angliae
1628 3946 1716 3973 nuper
1738 3936 1821 3966 nobis
1834 3935 1974 3972 exposuit,
1993 3931 2071 3970 quod
2079 3930 2188 3975 nobilis
2203 3930 2261 3975 ipse
2276 3933 2324 3976 qui
2343 3941 2403 3977 ejus

1341 3972 1433 4001 homo
1454 3971 1534 4011 ligius
1557 3972 1614 4003 effe
1635 3973 1737 4011 debet,
1750 3984 1766 4004 a
1785 3974 1883 4011 primis
1905 3971 2020 4008 diebus,
2037 3969 2139 4013 quibus
2150 3968 2296 4014 *dominari
2310 3977 2403 4014 coeP¹S

1341 4011 1370 4039 in
1392 4009 1465 4040 terra
1482 4010 1628 4049 praediera,
1646 4013 1728 4042 clarae
1749 4011 1915 4048 memoriae,
1931 4008 2056 4048 Johanm
2078 4006 2158 4046 Regi
2177 4007 2307 4048 Anghae,
2331 4016 2403 4047 patu

1341 4047 1391 4079 suo
1399 4070 1410 4088 ,
1427 4057 1488 4080 non
1501 4050 1595 4083 timuit
1608 4050 1751 4082 rebellare.
2324 4083 2387 4121 Qui

2322 4119 2327 4123 ,
2395 4104 2405 4121 5
