2570 4261
106 173 184 204 Ann.
203 172 244 204 D.

105 221 211 288 1132357‘

85 2107 141 2141 ‚⁹1-
159 2108 229 2145 623,

261 95 315 132 26

266 175 349 216 ipsas,
366 185 399 207 ex
419 176 483 207 zelo
501 174 627 207 naturalis
646 174 779 213 affeetus,
797 176 872 204 circa
893 183 924 203 ea
945 183 1010 213 quae
1029 182 1211 213 augmentum
1230 174 1314 205 status

267 216 355 246 'nostri
375 216 538 254 respiciunt,
556 223 614 243 non
634 212 779 243 immerito
791 211 961 243 confidimus
973 212 1028 242 esse
1039 213 1166 244 sollicitas
1179 214 1212 243 &
1225 221 1315 243 atten-

268 255 318 292 tas)
337 263 385 295 per
404 253 531 283 Nuntios
544 252 653 282 nostr0s
664 252 697 281 &
710 251 809 281 litteras
823 250 996 282 libentissimi
1010 251 1122 289 tripudii
1136 251 1224 282 nostri
1241 251 1315 281 deri-

263 301 379 330 vamus,
404 291 563 321 arbitrantes
581 291 610 319 iri
633 289 715 319 nobis
737 298 807 320 tunc
827 298 978 329 augmenta
996 290 1145 330 congaudii
1164 290 1314 329 geminari,

261 341 329 361 cum
342 340 408 367 vos,
433 338 517 367 quem
530 336 687 366 reputamus
700 329 855 365 preciosam
868 329 994 365 corporis
1006 338 1131 369 partem,
1155 328 1314 359 senserimus

256 379 273 399 a
284 368 449 408 gaudiorum
460 365 622 396 nostrorum
655 367 782 404 articipio
792 377 852 397 non
867 367 997 397 exclusos.

298 406 375 444 Qise
389 404 578 449 proculdubio
598 375 757 436 desestaffec
771 415 823 436 nos
838 407 931 446 potius
946 404 1094 436 vobiscum
1110 404 1314 442 praesentialiter

259 444 406 475 celebrasse
442 452 525 481 quam
536 444 690 482 interpretis
703 444 843 483 scripturae
858 444 1012 474 ministerio
1029 444 1177 479 nunciare,
1195 450 1226 473 ut
1240 452 1314 482 prae-

259 483 350 513 sentiae
370 466 469 511 vestrae
489 482 614 512 vicinitas
631 482 777 519 iocundius
795 484 884 523 patrui
904 482 1068 512 desiderium
1086 481 1222 511 refecisset
1236 503 1247 520 ‚
1278 481 1313 511 &

260 520 363 551 nostrae
375 520 573 550 sublimationis
587 520 710 552 diffusius
723 521 873 560 generasset
887 520 1039 559 tripudium
1051 521 1082 549 in
1094 527 1205 558 nepote.

298 557 420 597 Verum,
440 568 507 588 cum
521 569 552 588 ea
564 559 626 590 laeta
637 561 671 591 &
684 560 754 598 pros
784 570 828 598 ra,
847 569 911 598 quae
928 560 1002 589 circa
1016 568 1067 588 nos
1082 558 1142 587 asta
1155 557 1215 587 sunt
1228 556 1268 600 ab·
1275 566 1312 587 eo

258 601 404 636 ternpore,
448 607 485 627 uo
504 597 541 628 de
559 599 681 634 partibus
700 597 814 637 Angiae
835 597 1012 635 receffimus,
1037 606 1097 639 non
1119 596 1151 626 sit
1170 594 1314 635 possibile,

258 635 309 667 nisi
329 635 410 665 vobis
427 607 534 666 (suerint
552 637 692 674 intimata,
711 636 892 666 dilectionem
915 635 1034 666 vestram
1046 638 1131 673 scire,
1148 633 1313 677 praesentem

258 674 388 714 paginam
413 675 545 705 omnium
557 683 710 705 eventuum
723 673 884 704 nostrorum
899 674 1081 711 ostensivam,
1091 673 1171 702 vobis
1184 672 1314 715 duximus

257 697 469 781 destina‘nd’am3
487 721 518 744 ut
532 712 567 743 ad
582 723 633 743 vos
645 713 726 751 plena
739 713 889 744 earundem
901 720 1055 743 eventuum
1064 734 1074 750 ,
1099 712 1132 743 &
1145 719 1222 742 certa
1237 719 1313 741 noti-

255 759 293 782 tia
329 761 356 781 er
369 761 466 782 eratur.

292 761 447 821 gominica
466 789 559 828 enim,
578 789 704 829 proxima
730 788 794 830 post
815 788 916 819 festum
931 788 1025 819 Sanffi
1042 788 1138 818 Marci
1155 786 1312 828 Evangelis-

253 835 309 865 tae,
327 828 409 858 nobis
427 838 528 859 navem
548 838 615 858 cum
637 836 695 858 tora
715 828 807 858 nostra
828 828 1078 858 conscendentibus
1090 828 1227 857 comitiva
1243 850 1252 865 ,
1277 827 1311 857 &

252 874 327 896 extra
348 875 464 904 portum
482 867 518 896 de
538 865 718 896 Gernemuth
738 866 913 896 venientibus
933 867 1061 896 occurrit
1084 874 1183 896 ventus
1198 874 1311 896 contra-

252 905 322 943 riu-53
335 906 384 945 qui
405 906 439 936 ad
458 904 602 944 figendum
620 905 792 944 anchoram,
809 906 838 936 in
858 906 961 936 vicinia
973 905 1070 936 littoris
1084 905 1253 944 Anglicani,
1270 903 1310 934 sui

254 944 295 973 im
315 953 373 974 etus
386 943 519 974 violentis
535 954 586 973 nos
600 944 705 974 artavit,

311 983 344 1013 ed
358 984 388 1012 in
401 982 523 1021 sequenti
537 981 597 1019 die,
617 982 746 1020 prospero
758 990 847 1012 vento
859 981 960 1014 nostris
973 981 1145 1021 processibus
1159 982 1310 1024 aspirante,

252 1021 306 1050 iter
328 1022 512 1061 navigationis
535 1021 741 1059 assumpsimus,
758 1023 791 1053 ὃ(
810 1031 949 1052 continuo
971 1022 1130 1052 navioantes
1145 1021 1192 1051 die
1207 1019 1310 1050 Martis

274 1060 384 1089 mii-imo
397 1060 582 1098 subsequenti,
600 1060 629 1089 in
647 1059 718 1089 festo
730 1059 850 1090 fidelicet
863 1061 1009 1091 bmtorum
1024 1045 1230 1098 Kpostolomm
1243 1057 1311 1102 Phi-

262 1098 320 1135 ippi
332 1100 365 1129 δε
378 1097 498 1138 Jacobi,
517 1099 592 1128 circa
605 1107 710 1128 noriam
718 1121 728 1137 ,
754 1098 830 1129 salvis
842 1100 977 1129 omnibus
990 1100 1023 1129 ὃ(
1036 1097 1153 1136 nostris,
1179 1099 1212 1128 &
1226 1104 1310 1140 totius

249 1135 355 1167 nostrae
369 1137 482 1167 familiae
491 1160 500 1176 ,
515 1147 549 1167 ac
562 1137 646 1167 etiam
660 1136 817 1167 Comitivae
831 1138 951 1174 personis
986 1137 1020 1168 &
1035 1137 1132 1175 rebus,
1151 1137 1206 1167 sani
1219 1136 1252 1166 &
1265 1134 1309 1165 hi-

250 1174 318 1205 lares
338 1177 521 1216 applicuimus
538 1175 610 1216 apud
630 1175 798 1213 Durdrech,
817 1176 847 1204 in
867 1160 1003 1215 Oppido,
1030 1175 1178 1213 videlicet,
1192 1174 1226 1205 ad
1246 1172 1310 1204 Oo-

251 1213 382 1244 miratum
401 1214 572 1255 Hoylandiae
590 1215 762 1252 pertinente,
778 1214 844 1252 ubi,
862 1213 925 1252 post
948 1222 992 1245 tot
1015 1214 1145 1245 laborum
1166 1214 1199 1245 ὅ(
1213 1213 1308 1243 turba-

249 1253 363 1282 tionum
384 1252 542 1291 molestias,
557 1263 623 1320 (lgm
643 1253 673 1283 in
697 1254 765 1283 mari
786 1252 967 1291 pertulimuS,
984 1253 1109 1294 requiem
1124 1250 1309 1294 capessenteS,

249 1299 361 1321 moram
374 1293 557 1330 protraximus
592 1290 727 1321 iduanam.

286 1328 370 1367 inde,
388 1330 433 1360 die
449 1330 531 1359 tertio
542 1329 719 1367 recedentes,
734 1329 842 1368 aliisque
855 1329 951 1360 diebus
962 1329 1210 1371 sequentibuS,per
1224 1328 1309 1369 Hoy-

248 1367 347 1397 landiae
361 1370 395 1399 &
410 1367 517 1398 Gelriae
531 1366 691 1398 Comitatus
703 1367 806 1407 gressus
819 1368 931 1399 nostros
946 1369 1060 1400 feliciter
1073 1370 1234 1409 dirigentes,
1259 1368 1305 1399 die

246 1405 362 1436 Veneris
377 1430 386 1445 ,
412 1407 539 1446 proxima
559 1415 622 1436 ante
644 1405 745 1437 festum
767 1406 941 1439 Ascenlionis
962 1407 1148 1446 Dominicae,
1177 1408 1308 1438 venimus

248 1444 469 1482 Aquisgranum3
484 1445 684 1475 occurentibus
698 1445 796 1483 nobis,
814 1446 843 1475 in
857 1444 942 1475 diet-„e
956 1445 1085 1477 Civitatis
1098 1447 1228 1484 introitu,
1250 1445 1307 1476 cle-

245 1484 309 1513 ricis
331 1477 365 1513 &
387 1483 478 1520 laicis,
492 1482 632 1513 nobilibus
645 1484 679 1514 δε
693 1484 861 1523 ignobilibus
875 1506 884 1522 ,
911 1484 1043 1515 militibus
1057 1485 1091 1515 ὃς
1105 1485 1162 1515 aliis
1176 1485 1307 1515 universis

246 1521 352 1552 civibus
373 1520 508 1558 ejusdem,
527 1523 575 1559 qui
593 1531 660 1561 nos,
680 1532 748 1552 cum
768 1522 878 1552 honore
901 1532 1024 1562 magno,
1049 1524 1083 1554 &
1104 1524 1200 1562 amplo
1220 1524 1307 1561 tripu-

244 1559 311 1597 dio,
330 1559 386 1590 laeti
407 1560 441 1591 &
462 1558 574 1598 hilares,
589 1559 644 1591 sine
660 1560 807 1599 cujussibet
819 1560 990 1592 difficultatis
1002 1561 1167 1602 obstaculo,
1185 1561 1307 1602 suscepe-

245 1606 319 1630 runt.

280 1636 352 1668 Nec
365 1637 522 1678 credimus,
541 1638 782 1677 quemadmodum
795 1638 913 1679 vulgaris
929 1640 962 1671 δε
977 1641 1140 1671 communis
1154 1640 1239 1670 famae
1253 1648 1307 1671 tes-

245 1684 318 1706 tatur
331 1678 522 1716 praeconium,
540 1678 638 1718 quod,
655 1687 669 1707 a
681 1677 810 1708 ducentis
823 1677 912 1710 Annis
928 1680 961 1709 &
977 1680 1062 1716 citra,
1083 1680 1179 1718 aliquis
1194 1678 1306 1709 Praede-

246 1714 386 1745 cessorum
408 1715 569 1746 nostrorum
591 1714 812 1756 Imperatorum,
826 1717 871 1747 vel
885 1716 1000 1756 Regum
1016 1717 1176 1756 (videlicet,
1194 1717 1305 1748 Roma-

245 1755 364 1791 norum)
384 1755 413 1785 in
427 1753 483 1785 suae
496 1755 624 1786 novitatis
636 1756 776 1795 principio
792 1756 886 1793 (nobis
900 1755 1031 1786 duntaxat
1044 1757 1176 1796 exceptis)
1196 1756 1305 1787 didkam

246 1790 403 1835 Civitatem
423 1793 594 1831 Aquiensem
617 1794 674 1824 sine
692 1795 781 1834 gravis
803 1792 981 1834 offensioniS,
1006 1794 1052 1826 seu
1070 1794 1304 1826 contradiffionis

244 1831 330 1860 obice
345 1835 374 1861 lit
388 1833 527 1872 ingressus.

282 1867 417 1909 Cumque
438 1870 530 1912 nostra
549 1870 673 1902 serenitas
694 1881 803 1902 moram
826 1872 853 1902 in
868 1881 900 1902 ea
919 1872 1111 1912 contraheret,
1128 1872 1216 1903 ecce!
1241 1871 1305 1902 laeta

243 1917 335 1946 nova,
353 1907 453 1938 nostris
467 1909 594 1940 aflec‘tata
606 1910 759 1949 desideriis,
775 1918 977 1949 occurrerunt,
994 1911 1143 1951 videlicet,
1161 1910 1238 1950 quod
1252 1920 1302 1941 ve-

242 1946 370 1976 narabilis
390 1947 496 1978 Archie
517 1948 623 1986 iscopus
643 1948 885 1988 Maguntinensis,
903 1949 1020 1980 dilectus
1041 1950 1175 1988 Princeps
1189 1948 1302 1988 noster,

242 1986 369 2024 egregius
383 1985 446 2016 fidei
455 1996 495 2017 no
522 1997 560 2018 rae
581 1987 690 2026 cultor,
709 1987 743 2018 &
757 1986 919 2018 nostrorum
939 1988 1084 2019 rebellium
1097 1988 1176 2018 serius
1190 1989 1304 2030 impug-

243 2032 324 2054 nator
338 2023 472 2061 (adhibita
484 2026 534 2056 sibi
548 2035 582 2057 ex
596 2026 694 2056 nostris
707 2025 831 2056 fidelibus
844 2027 872 2056 in
893 2027 951 2056 enti
965 2027 1049 2067 copia
1062 2027 1240 2064 bellatorum)
1255 2027 1301 2057 die

243 2060 401 2102 Mercurii,
419 2065 545 2104 proxima
566 2064 630 2103 post
645 2064 749 2095 festum
760 2064 856 2096 saneti
866 2034 1004 2104 fohannis
1018 2073 1080 2095 ante
1096 2065 1211 2095 Portam
1225 2065 1303 2096 Lati-

241 2110 328 2141 nam,
347 2111 414 2132 cum
435 2101 660 2143 Archiepiscopo
681 2103 865 2141 Treverensi,
887 2106 902 2121 ⁴*
925 2102 1014 2134 nostri
1035 2104 1165 2134 culminis
1183 2104 1302 2135 inimico

244 2140 319 2180 (qui,
337 2142 366 2170 in
387 2139 475 2171 nostri
495 2142 619 2172 nominis
641 2143 674 2172 &
689 2141 806 2172 honoris
818 2142 1009 2182 dispendium,
1028 2153 1096 2173 cum
1111 2152 1142 2173 m
1159 2151 1212 2172 vna
1227 2143 1301 2173 mul-

243 2179 360 2209 titudine
373 2187 543 2209 armatorum
552 2203 562 2218 ,
589 2180 711 2210 castrum
723 2179 852 2211 nostrum
866 2181 899 2212 &
913 2179 1048 2212 Palatium
1063 2181 1152 2219 Bopar
1183 2181 1302 2212 vallave-

242 2225 299 2254 rat,
316 2217 349 2248 &
369 2216 403 2246 ad
423 2220 660 2263 expugnationem
679 2219 760 2258 ipsius
780 2219 878 2249 multas
895 2219 1036 2250 machinas
1051 2219 1220 2257 instaurarat)
1239 2220 1302 2260 glo-

240 2256 312 2286 riose
325 2256 488 2295 congressus
500 2267 528 2287 in
543 2258 762 2296 praelio,contra
775 2267 841 2287 eum
855 2258 979 2289 obtinuit
993 2259 1145 2289 victoriam
1160 2259 1301 2289 &trium-

239 2295 330 2334 phum
349 2306 359 2333 ;
385 2295 436 2333 δε,
463 2295 524 2332 ipso
546 2295 769 2335 Archiepiscopo
786 2296 969 2336 Treverensi,
993 2307 1062 2328 cum
1081 2295 1246 2336 quibusdam
1267 2307 1301 2328 ex

238 2333 308 2370 suis,
327 2334 374 2366 vix
395 2343 443 2372 per
463 2333 642 2367 dedecorosae
662 2334 736 2374 fugae
756 2333 914 2372 praesidium
936 2335 1089 2375 evadente,
1104 2346 1137 2366 ac
1158 2336 1301 2367 nonnullis

238 2371 351 2411 occisis,
374 2372 477 2403 multos
489 2382 523 2404 ex
535 2373 586 2404 suis
598 2372 750 2412 militibus,
768 2372 802 2405 &
815 2373 924 2405 famulis
933 2397 942 2412 ,
967 2374 1001 2405 &
1015 2375 1070 2405 aliis
1083 2374 1135 2405 suis
1149 2374 1299 2414 complici-

237 2411 289 2441 bus
301 2412 459 2451 captivavit.

274 2447 366 2480 Ecce!
387 2460 471 2489 quam
491 2452 628 2483 animosos
650 2452 684 2484 &
704 2451 849 2483 bellicosos
871 2451 1107 2491 Archiepiscopos
1120 2452 1254 2484 habemus
1268 2454 1298 2483 in

238 2487 421 2528 Alemannia,
438 2499 497 2520 nori
518 2492 639 2521 multum
662 2491 743 2521 vobis
762 2491 859 2521 inutile
873 2500 1028 2529 reputantes
1042 2491 1059 2521 si
1073 2491 1136 2522 tales
1150 2493 1179 2521 in
1195 2490 1298 2531 Anglia

238 2535 414 2567 crearentur,
432 2538 555 2569 quorum
578 2528 792 2560 ministerio'uti
812 2529 924 2569 possetis
939 2530 1032 2561 secure
1046 2538 1145 2561 contra
1160 2531 1299 2571 importu-

237 2575 291 2596 nos
306 2567 454 2597 rebellium
468 2567 626 2597 vestrorum
643 2569 773 2598 incursus.

274 2603 425 2645 Denique,
443 2607 451 2635 i
474 2604 503 2635 so
526 2605 645 2642 Castro,
664 2616 713 2644 per
734 2606 865 2636 auxilium
886 2606 1031 2638 ἀίἂοωιη
1053 2606 1217 2637 nostrorum
1231 2606 1299 2637 fide-

242 2642 330 2683 lium,
339 2644 374 2673 ab
388 2643 449 2673 obsi
469 2645 576 2674 entium
585 2645 851 2685 &impugnantium
860 2645 1002 2676 insultibus
1016 2645 1269 2684 liberato,ipsoque
1284 2655 1300 2675 a

237 2680 319 2711 dieto
343 2681 562 2721 Archiepiscopo
576 2682 613 2713 M
650 2684 788 2714 untinenli
801 2684 967 2714 vietualibus
982 2683 1092 2722 aliisque
1106 2684 1237 2714 omnibus
1249 2693 1299 2713 ne-

239 2719 374 2759 cessariis,
392 2731 425 2751 ac
447 2720 564 2751 strenuis
582 2720 618 2751 de
630 2721 789 2761 ensoribus,
806 2730 889 2762 prout
910 2721 943 2752 ad
964 2721 1087 2752 securam
1108 2721 1299 2752 defensionem

240 2759 321 2797 ipsius
341 2767 535 2799 opportunum
553 2761 658 2799 extitit,
673 2761 875 2798 communito,
891 2760 967 2791 idern
983 2759 1216 2800 Archiepiscopus
1232 2759 1299 2790 Ma-

239 2798 370 2836 guntinus
383 2798 455 2838 apud
471 2798 672 2838 Aquisgranum
688 2799 721 2828 ad
736 2798 907 2832 praesentiam
921 2799 1045 2828 nostram
1059 2799 1152 2837 venit,

279 2834 363 2874 Ubi,
388 2838 417 2867 in
437 2836 509 2867 festo
534 2837 706 2868 Ascensionis
725 2833 892 2868 Dominicae
907 2860 917 2875 ,
942 2838 1001 2874 ipso
1023 2847 1055 2867 a:
1078 2837 1299 2878 Archiepiscopo

241 2872 406 2905 Coloniensi
419 2874 613 2914 praesentibus,
630 2876 663 2906 ὃς
678 2875 734 2906 aliis
749 2875 841 2906 multis
853 2874 1299 2915 Comitibus,Baronibus,Mag-

242 2913 351 2942 natibus
366 2914 398 2943 &
411 2913 567 2944 Nobilibus
581 2914 682 2944 nostris
694 2913 836 2952 fidelibus,
861 2915 888 2943 iii
903 2913 964 2944 sede
978 2915 1071 2953 magni
1085 2913 1180 2945 Caroli
1195 2937 1205 2952 ,
1230 2924 1298 2945 cum

242 2948 416 2980 solemnitate
437 2962 491 2990 qua
511 2953 622 2990 decuit,
640 2954 669 2982 in
688 2952 761 2982 illius
781 2953 915 2992 nomine,
934 2954 982 2991 qui
1001 2953 1029 2983 su
1050 2953 1133 2983 erbos
1154 2953 1248 2991 dejicit
1266 2953 1299 2984 &

242 2989 324 3028 ponit
346 2988 462 3019 humiles
480 2993 509 3019 in
530 2991 657 3028 sublimi,
674 2990 750 3021 Sacri
767 2990 895 3021 Romani
916 2991 1011 3031 Regni
1053 3000 1182 3029 ceptrum
1194 2992 1301 3031 recepi-

241 3036 305 3057 mus
318 3026 352 3056 &
364 3026 511 3058 Coronam
527 3051 536 3067 ‚
560 3029 695 3059 carissima
709 3029 838 3061 consorte
852 3029 947 3061 nostra
962 3031 1084 3061 similiter
1097 3040 1134 3061 eo
1146 3030 1190 3061 die
1205 3030 1300 3061 nobis-

241 3074 311 3095 cum
321 3064 481 3096 solemniter
495 3076 638 3098 coronata.

279 3103 472 3146 Dilec'tionem
494 3105 613 3135 vestram
633 3114 758 3144 rogantes
777 3108 906 3138 attentius
926 3117 1077 3148 quatenuS,
1095 3108 1178 3138 nobis
1196 3108 1246 3147 piis
1259 3107 1301 3138 af-

241 3141 361 3172 secribus
378 3143 604 3182 congaudentes,
623 3146 749 3175 attentius
768 3146 898 3176 altissimo
919 3148 997 3185 super
1009 3147 1060 3178 hiis
1091 3148 1168 3176 ratias
1179 3145 1301 3176 exsolva-

241 3181 291 3218 tis,
306 3179 396 3220 ipsum
409 3180 567 3220 suppliciter
581 3191 723 3213 exorantes
737 3191 785 3222 ut,
803 3186 865 3224 qui,
883 3195 916 3215 ex
930 3185 985 3216 suae
999 3186 1074 3216 abun
1094 3184 1166 3215 antia
1179 3185 1301 3224 pietatis,

245 3220 344 3249 merita
358 3219 514 3259 supplicum
526 3220 685 3250 excedentis
698 3222 732 3252 &
747 3230 812 3252 vota
820 3231 948 3261 ,aetatem
962 3224 1082 3254 vestram
1095 3232 1169 3254 tanta
1185 3223 1302 3253 felicita-

243 3265 271 3286 te
287 3257 397 3296 beavit,
414 3258 491 3296 quod
507 3258 541 3288 ad
555 3267 684 3295 patruum
697 3259 818 3290 vestrum
833 3261 959 3293 Romani
974 3263 1068 3302 Regni
1083 3262 1223 3301 sceptrum
1239 3271 1301 3302 per-

243 3294 337 3333 duxit,
356 3296 391 3326 ad
406 3296 547 3326 honorem
561 3297 600 3327 sui
611 3299 734 3328 nominis
746 3298 861 3329 feliciter
874 3299 969 3340 dirigat
983 3301 1086 3341 gressus
1098 3301 1217 3330 nostros.

284 3333 368 3365 Festo
389 3336 480 3375 itaque
503 3335 704 3366 Coronationis
722 3336 826 3366 nostrae
838 3337 1010 3379 solemniter,
1028 3347 1112 3380 prout
1125 3339 1235 3376 decuit,
1253 3348 1302 3369 ce-

246 3370 367 3411 lebrato,
386 3373 468 3403 ecce!
489 3373 655 3414 Principum
674 3375 707 3405 &
725 3375 844 3405 aliorum
869 3376 992 3408 fidelium
1007 3378 1167 3408 nostrorum
1182 3376 1260 3416 super
1271 3387 1301 3408 a-

246 3410 341 3451 gendis
355 3411 454 3442 nostris
467 3414 683 3443 communicato
697 3413 831 3451 consilio,
857 3415 961 3446 viribus
974 3416 1075 3446 nostris
1085 3418 1102 3446 ὲ
1114 3415 1225 3453 diversis
1240 3425 1301 3453 par-

249 3446 321 3477 tibus
342 3449 507 3489 instauratis,
522 3451 557 3481 ad
579 3451 804 3482 humiliationem
825 3452 986 3484 nostrorum
1007 3455 1152 3485 rebellium
1170 3462 1299 3493 potenter

244 3483 282 3527 ὃς
294 3494 417 3525 patenter
436 3489 605 3520 intendimus
624 3489 741 3529 dirigere
752 3490 837 3520 castra
851 3491 962 3530 nostra,
978 3493 1011 3523 ὃς
1025 3493 1169 3533 praecipue
1181 3492 1216 3522 ad
1229 3502 1302 3522 con-

250 3521 392 3567 fringenda
414 3527 480 3557 elata
499 3527 711 3568 Archiepiscopi
731 3538 835 3559 cornua
848 3529 1041 3570 Treverenfis,
1057 3539 1105 3570 ut,
1122 3531 1191 3561 sicut
1204 3530 1230 3560 se
1245 3532 1301 3570 pri-

253 3568 334 3603 mum
355 3572 383 3590 in
403 3565 502 3597 nostris
512 3568 649 3606 negotiis,
668 3577 728 3598 non
743 3575 800 3597 tam
813 3567 931 3607 justum,
967 3580 1030 3600 uam
1045 3570 1236 3600 voluntarium
1249 3579 1302 3609 po-

252 3596 304 3627 suit
324 3599 511 3646 turbatorem,
526 3606 563 3634 ita
583 3606 676 3642 primo
697 3606 847 3644 experiatur
866 3607 899 3637 &
922 3607 948 3637 d'
962 3616 1005 3638 cat
1018 3608 1100 3648 quid,
1118 3610 1152 3639 &
1165 3617 1301 3648 quantum

254 3642 352 3666 contra
367 3646 432 3666 eum
444 3642 527 3677 possit
541 3643 574 3672 &
587 3644 675 3673 valeat
687 3653 784 3675 manus
797 3643 897 3674 nostra.

258 3710 264 3716 ,
291 3672 340 3704 De
361 3673 417 3703 hoc
437 3686 526 3720 autem
546 3683 686 3719 praecipue
706 3691 796 3712 certos
809 3682 864 3713 eise
877 3693 928 3713 vos
940 3684 1087 3723 volumus,
1106 3683 1183 3725 quod
1197 3691 1303 3715 tantam

252 3720 327 3750 jain,
346 3720 378 3740 ex
393 3714 491 3744 auxilio
504 3716 627 3748 fidelium
639 3719 799 3750 nostrorum
812 3722 845 3752 &
858 3721 999 3752 fautorum
1013 3724 1043 3753 in
1059 3722 1243 3760 Alemannia‚
1254 3722 1304 3753 ha-

257 3750 323 3778 bere
337 3749 504 3793 confidimus
520 3756 682 3792 potestatem
692 3781 700 3795 ,
716 3758 808 3797 quod,
831 3760 868 3789 eis
881 3761 909 3789 in
921 3760 985 3791 fidei
999 3761 1102 3791 nostrae
1115 3761 1208 3798 cultu,
1227 3761 1261 3792 &
1273 3761 1304 3791 in

255 3787 414 3817 devotionis
426 3789 527 3822 nostrae
540 3793 605 3823 zelo

269 3826 274 3830 ‚
384 3825 388 3829 ,
617 3795 777 3829 durantibus
787 3820 797 3837 ,
822 3798 922 3830 nullius
934 3800 1052 3831 viventis
1065 3800 1097 3831 sit
1109 3799 1192 3830 nobis
1202 3808 1305 3839 poten-

254 3832 291 3856 tia
305 3824 487 3857 formidanda.

292 3899 367 3933 Data
381 3901 558 3944 Aquisgrani‚
579 3907 612 3935 18
627 3908 672 3940 die
685 3910 773 3950 Maii,
791 3921 867 3943 anno
882 3912 980 3954 Regni
989 3914 1076 3947 nostri
1088 3915 1190 3956 primo.

706 86 1505 143 CONVENTIONES,
1561 91 1954 147 LITERAE,

1361 265 1410 297 De
1436 263 1574 310 Judaeis,
1593 276 1713 311 propter
1734 267 1901 312 ftrvitium
1918 265 2050 300 Ricardo
2063 293 2072 309 ‚
2096 270 2127 299 in
2142 269 2251 314 Regem
2268 271 2419 302 Romano·

1501 324 1571 344 rum
1588 314 1673 347 είεὲἶο
1684 341 1694 358 ,
1721 316 1882 362 impenfitm
1895 342 1905 358 ,
1929 327 1949 348 a
1969 315 2108 362 Tallagio
2123 319 2276 363 quietatis.

1358 398 1413 453 R
1421 396 1446 428 E
1454 396 1484 427 X
1501 398 1635 429 omnibus
1643 421 1653 436 ,
1669 399 1730 431 δίε.

1358 673 1411 693 nos
1425 667 1642 706 pertinentibus,
1660 677 1712 706 pro
1725 679 1781 698 una
1795 668 1889 698 marcii
1901 669 1959 699 auri
1973 669 2006 699 δε
2020 669 2149 707 dimidia;

1381 702 1532 746 ’Videlicet
1544 705 1620 735 idem
1635 705 1732 736 Creffe
1746 716 1798 746 pro
1810 706 1926 738 dimidia
1941 717 2034 738 marca
2049 709 2124 746 auri,
2143 708 2176 738 &
2190 707 2338 747 praedietus
2350 707 2413 740 Ha-

1357 749 1438 780 ginus
1457 752 1508 786 pro
1529 753 1584 774 una
1603 753 1696 775 marca
1719 746 1802 787 auri„
1831 755 1876 775 uas
1897 745 2005 776 solvent
2026 747 2053 776 in
2074 746 2243 776 Garderoba
2258 747 2367 785 nostra,
2381 756 2432 778 u-·

1357 789 1424 848 giam
1437 780 1540 850 sciliceit
1550 782 1825 850 Ir)n}dlietaternaclie1
1861 793 1892 814 m
1904 784 2000 815 Sanffi
2014 784 2163 816 Michaelis
2176 807 2185 822 ,
2210 786 2244 816 &
2256 786 2336 817 aliani
2352 796 2414 818 rne-

1378 827 1488 849 ietatem
1502 831 1518 850 a
1574 832 1588 850 a
1599 831 1616 851 c
1625 831 1660 851 ia.

1394 856 1427 888 In
1443 860 1518 896 cujus
1533 859 1592 890 &c.

1391 933 1480 965 Teste
1492 935 1575 976 Rege
1587 935 1660 976 apud
1673 936 1766 967 west.
1786 947 1825 968 20
1838 938 1884 968 die
1897 937 1980 969 Maii.

1357 1059 1384 1087 ’ἦ
1396 1063 1473 1108 Regi
1485 1071 1643 1108 ,praetextu
1658 1064 1752 1109 Regni
1771 1062 1875 1095 Siciliae
1887 1090 1896 1105 ‚
1912 1067 2031 1110 emungi
2050 1065 2177 1098 ulterius
2193 1067 2341 1112 recusanti
2363 1072 2411 1100 in-

1395 1109 1500 1154 fensics
1515 1113 1599 1157 Papa
1617 1109 1795 1145 Alexander
1806 1138 1816 1155 ‚
1833 1109 2044 1155 stomachatur
2058 1138 2068 1154 ,
2092 1115 2128 1151 θ’*
2145 1114 2256 1147 ultima
2273 1119 2411 1148 intermi-

1406 1168 1509 1192 natur.

1429 1284 1516 1324 gistro
1534 1285 1702 1324 Rostando,

1354 1320 1443 1352 intem
1457 1323 1489 1354 &
1506 1323 1700 1364 Apostolicam
1714 1324 1953 1356 benediffionem.
2103 1356 2106 1359 Α

1357 1399 1363 1404 .
1393 1360 1510 1405 Litteras
1521 1371 1579 1392 tuas
1593 1362 1669 1392 solita
1681 1364 1850 1402 benignitate
1862 1365 2018 1402 recepimus
2032 1387 2042 1402 ‚
2068 1364 2102 1395 ὃ(
2116 1374 2179 1405 quae
2191 1366 2410 1397 continebantur

1355 1407 1386 1428 in
1400 1409 1438 1429 eis
1449 1401 1630 1431 intelleximus
1643 1401 1796 1441 diligenter.

1389 1437 1478 1476 Sane,
1497 1449 1530 1469 ex
1546 1440 1697 1469 litterarum
1718 1440 1836 1477 ipsarum
1857 1448 1972 1479 tenore,
1989 1441 2151 1480 collegimus
2167 1442 2244 1481 quod
2258 1441 2412 1474 cariffimus

1354 1476 1383 1506 in
1403 1475 1521 1507 Christo
1538 1477 1631 1507 noster
1762 1478 1870 1508 illustris
1889 1479 1952 1508 Rex
1972 1479 2099 1519 Angliae,
2123 1481 2189 1519 tibi,
2208 1481 2257 1511 sub
2278 1483 2409 1520 gravibus

1352 1516 1462 1554 poenis,
1479 1516 1600 1546 inhibuit
1617 1517 1654 1546 ne
1666 1516 1703 1546 de
1715 1514 1825 1548 decima
1838 1516 2088 1548 ecclesiasticorum
2102 1527 2293 1557 proventuum
2305 1521 2409 1558 aliquid

1353 1553 1469 1584 solveres
1490 1555 1710 1594 mercatoribus,
1732 1563 1779 1585 aut
1818 1555 2019 1596 uibuscumque
2038 1556 2159 1604 personis
2178 1557 2250 1595 aliis,
2277 1558 2322 1588 sed
2342 1568 2410 1589 oin-

1352 1602 1420 1622 nem
1440 1595 1588 1631 pecuniam
1602 1616 1612 1632 ,
1639 1594 1698 1623 t'arn
1717 1602 1750 1623 ex
1773 1595 1801 1634 ip
1814 1605 1829 1624 a
1849 1595 1959 1625 decima
1973 1617 1983 1633 ,
2004 1604 2089 1632 quam
2108 1595 2219 1626 aliunde
2240 1596 2389 1628 concitam
2398 1599 2414 1637 ,‘

1352 1631 1398 1661 vel
1418 1632 1626 1670 coliioendam,
1645 1632 1674 1662 in
1693 1641 1772 1662 novo
1791 1632 1919 1672 Templo
1942 1632 2123 1663 Londonien.
2145 1632 2315 1672 deponeres,
2341 1636 2410 1673 adji-

1353 1671 1430 1700 ciens
1448 1657 1646 1701 nidhilominus
1663 1670 1740 1710 quod
1758 1671 1862 1702 nullam
1884 1672 2032 1708 pecuniam
2052 1672 2253 1702 mercatoribus
2266 1673 2336 1704 solvi
2346 1685 2410 1714 per-

1351 1709 1491 1748 mitteret,
1507 1710 1600 1740 donec
1622 1708 1658 1739 de
1669 1718 1772 1740 eventu
1786 1710 1893 1750 negotii
1907 1709 2003 1750 Regni
2018 1709 2122 1741 Siciliae
2136 1710 2251 1741 haberer.
2263 1713 2407 1743 certitudi-

1352 1757 1420 1778 nem
1431 1748 1595 1786 pleniorem.

1389 1785 1515 1825 Verum,
1533 1788 1553 1818 fi
1573 1787 1638 1818 Rex
1653 1787 1729 1818 idern
1750 1787 1796 1819 dili
1817 1796 1894 1819 enter
1905 1786 2060 1819 adverteret
2073 1786 2188 1819 diversas
2199 1789 2232 1820 ὃς
2247 1790 2410 1821 innumera-

1352 1824 1420 1855 biles
1439 1827 1550 1865 gratias,
1567 1837 1633 1864 quas
1655 1827 1786 1857 Romana
1832 1828 1930 1857 eclesia
1943 1827 2008 1864 sibi,
2026 1837 2088 1857 non
2102 1827 2190 1857 solum
2204 1828 2278 1858 circa
2291 1838 2410 1859 conces-

1352 1863 1460 1894 sionem
1479 1865 1559 1904 ipsius
1580 1865 1690 1904 Regni,
1709 1865 1743 1896 &
1762 1864 1928 1896 effusionem
1950 1865 2126 1905 sumptuum,
2151 1875 2237 1906 qu03,
2254 1866 2317 1905 post
2337 1877 2409 1897 cori-

1351 1902 1505 1933 ceffionem
1517 1903 1649 1941 eandem,
1663 1913 1717 1948 pro
1731 1904 1811 1943 ipsius
1824 1904 1920 1944 Regni
1935 1903 2143 1934 manutenendo
2157 1905 2287 1944 negotio,
2309 1905 2409 1945 subiit,

1349 1940 1395 1972 sed
1410 1942 1495 1972 etiam
1509 1943 1584 1973 circa
1595 1943 1707 1972 termini
1741 1943 1950 1983 rorogationem
1963 1965 1974 1981 ,
1998 1943 2031 1973 &
2047 1943 2209 1981 quamplura
2221 1942 2272 1973 alia
2285 1953 2348 1983 quae
2362 1952 2409 1975 tua

1368 1980 1434 2011 lene
1448 1982 1529 2012 novit
1544 1980 1693 2020 industria,
1722 1981 1804 2011 ecisse
1825 1981 1994 2020 dinoscitur,
2014 1982 2151 2012 inveniret
2162 1982 2257 2021 utique
2272 1983 2348 2020 quod
2363 1992 2410 2013 ea-

1368 2028 1414 2049 em
1429 2018 1554 2051 Ecclesia
1568 2020 1626 2050 hoc
1638 2029 1812 2060 nequaquam
1827 2020 1961 2050 meruerit
1971 2020 2044 2060 apud
2059 2020 2242 2064 ipsum3cum
2254 2021 2337 2052 velud
2349 2031 2410 2052 ma-

1348 2064 1407 2096 ter,
1425 2059 1530 2088 intenta
1552 2058 1645 2089 eidem
1665 2058 1757 2098 Regi,
1773 2059 1863 2089 sinum
1884 2058 1983 2088 favoris
1996 2058 2157 2088 omnimodi
2171 2068 2256 2088 manu
2271 2059 2406 2091 munifica

1348 2096 1541 2137 explicaverit,
1559 2098 1588 2127 in
1609 2097 1662 2128 hac
1685 2105 1760 2135 parte
1778 2096 1816 2126 nil
1837 2097 1872 2127 de
1887 2097 2115 2141 contingentibus
2127 2097 2324 2135 obmittendo,
2341 2098 2407 2129 licet

1388 2134 1478 2166 tuisset
1492 2136 1560 2174 sibi,
1574 2135 1653 2173 super
1665 2134 1802 2173 praedisto
1815 2136 1895 2172 ipsius
1907 2135 2002 2174 Regni
2011 2136 2146 2173 negotio,
2157 2143 2271 2174 propter
2282 2134 2405 2174 ejusdem

1347 2143 1387 2205 ff
1415 2174 1436 2203 is
1446 2174 1641 2214 negligentiam
1657 2174 1690 2204 &
1703 2173 1846 2207 defedhim
1855 2196 1865 2212 ,
1882 2173 1958 2204 aliter
1972 2172 2126 2210 providere.

1421 2222 1487 2252 uper
1501 2214 1585 2243 etiam
1600 2213 1630 2242 in
1640 2211 1695 2243 diae
1707 2211 1808 2242 Caenae
1821 2211 1947 2250 domini,
1965 2211 2068 2242 astante
2081 2220 2152 2242 tunc
2166 2221 2266 2251 magna
2280 2211 2405 2244 fidelium

1344 2251 1564 2291 congregatione
1584 2250 1740 2289 catholica,
1759 2249 1942 2281 Mansredum
1962 2250 2107 2289 quondam
2120 2249 2281 2290 Principem
2294 2251 2404 2282 Taren-

1346 2290 1395 2320 tin.
1415 2291 1445 2320 in
1467 2289 1547 2330 ipsius
1569 2288 1656 2330 Regis
1677 2289 1803 2319 favorem
1818 2311 1828 2327 ,
1851 2289 2084 2319 denunciavimus
2101 2290 2404 2320 excommunicationis

1344 2328 1510 2359 innodatum
1522 2329 1639 2358 vinculo
1648 2351 1657 2366 ,
1680 2328 1714 2358 ὅ(
1728 2326 1888 2367 Principatu
1900 2327 2047 2357 Tarentin.
2067 2327 2175 2357 honore
2189 2328 2293 2357 montis
2307 2328 2404 2360 Sanffl

1343 2367 1463 2407 Angeli,
1478 2366 1642 2404 cunctisque
1658 2365 1846 2396 Comitatibus
1862 2366 1896 2396 ὃς
1910 2365 2065 2395 honoribus
2077 2365 2229 2406 apostolica
2240 2366 2404 2397 au&oritate

1363 2406 1500 2443 rivatum,
1518 2406 1551 2436 δε
1573 2406 1635 2435 alias
1655 2405 1740 2434 etiam
1758 2403 1942 2441 processimus
1961 2412 2060 2435 contra
2073 2413 2156 2443 eum,
2176 2413 2261 2442 prout
2276 2415 2324 2445 per
2340 2406 2405 2437 alias

1357 2445 1445 2474 ’ttetas
1458 2443 1565 2474 nostras
1577 2445 1627 2474 tibi
1642 2442 1771 2473 duximus
1787 2442 1983 2473 intimandum.

1380 2482 1451 2513 Sunt
1468 2492 1504 2513 ne
1523 2482 1572 2512 ista
1592 2482 1702 2520 speratae
1719 2482 1906 2512 retributionis
1918 2483 2050 2522 praemia,
2066 2492 2129 2522 quae
2143 2480 2193 2522 ipsi
2207 2481 2334 2513 ecclesiae
2349 2492 2403 2521 pro

1343 2527 1387 2552 tot
1408 2521 1536 2561 impensis
1558 2520 1699 2551 beneficiis
1720 2520 1930 2560 recompensat,
1955 2531 1987 2551 ut
2007 2521 2072 2550 velit
2091 2530 2153 2550 eam
2171 2521 2222 2551 sub
2240 2520 2403 2552 debitorum

1342 2559 1526 2590 succumbere
1542 2559 1659 2597 sarcina,
1679 2569 1742 2597 quae
1755 2569 1806 2599 pro
1820 2559 1895 2599 ips0,
1913 2568 1946 2589 ac
1961 2560 2016 2597 ejus
2028 2559 2139 2590 honore
2153 2560 2290 2590 contraxit
2303 2559 2315 2589 ?
2351 2559 2405 2590 Est

1343 2600 1380 2628 ne
1401 2598 1450 2628 ista
1471 2606 1545 2638 grata
1565 2599 1598 2629 &
1620 2597 1713 2628 debita
1733 2598 1814 2627 nobis
1834 2596 1995 2627 vicissitudo
2016 2597 2133 2635 favoris,
2148 2607 2179 2628 ut
2191 2599 2332 2637 permittat
2348 2608 2402 2628 nos

1345 2638 1437 2666 vexari
1450 2647 1465 2666 a
1481 2637 1699 2674 mercatoribus,
1716 2635 1750 2666 &
1764 2645 1862 2665 eorum
1875 2636 2057 2674 querimoniis
2068 2634 2144 2665 affici
2157 2635 2353 2667 taediosis?Est
2363 2646 2403 2667 rie

1344 2675 1392 2705 hic
1412 2685 1441 2705 m
1478 2685 1522 2705 nae
1544 2674 1702 2705 devotionis
1721 2673 1853 2712 affectus,
1876 2683 1963 2711 quem
1981 2674 2016 2702 ad
2037 2682 2144 2712 patrem
2163 2674 2233 2704 filius
2251 2674 2278 2704 se
2298 2675 2401 2705 habere

1344 2722 1449 2751 praeten
1473 2715 1507 2752 't,
1527 2721 1557 2743 ut
1575 2723 1635 2742 non
1653 2712 1774 2742 attendat
1796 2719 1931 2750 quantum
1952 2719 1986 2740 ex
1999 2710 2056 2740 hoc
2069 2710 2164 2740 noster
2179 2713 2279 2741 debeat
2291 2713 2401 2743 animus

1343 2752 1517 2795 perturbari?
1535 2750 1623 2782 Certe
1641 2760 1701 2780 non
1720 2750 1778 2779 hoc
1799 2750 1834 2780 ab
1855 2749 1914 2789 ipso
1930 2748 2140 2788 expectavimus
2159 2748 2293 2780 haetenus
2308 2773 2320 2788 ,
2343 2760 2399 2780 nec

1342 2791 1509 2830 speravimus
1521 2800 1587 2819 eum
1601 2789 1703 2819 debere
1716 2788 1797 2818 nobis
1810 2797 1862 2828 pro
1877 2795 1919 2817 tot
1934 2788 2041 2827 gratiis,
2063 2794 2107 2818 tot
2119 2786 2275 2826 favoribus,
2301 2796 2400 2829 totque

1343 2828 1482 2860 munificis
1496 2828 1703 2867 largitionibus,
1718 2826 1804 2856 taliter
1817 2824 1990 2863 respondere.

1382 2867 1462 2898 Cum
1481 2867 1566 2906 igitur
1587 2867 1652 2897 totis
1672 2864 1809 2896 desideriis
1827 2865 1971 2902 cupiamus
1985 2871 2016 2894 ut
2027 2863 2140 2902 praefata
2152 2863 2265 2895 ecclesia
2278 2865 2315 2895 ab
2328 2864 2400 2904 ipso-

1344 2916 1409 2937 rum
1427 2905 1589 2936 debitorum
1610 2914 1696 2934 onere
1715 2904 1823 2942 peninis
1840 2903 1873 2934 &
1887 2902 2011 2933 celeriter
2022 2902 2169 2941 liberetur,
2186 2902 2319 2934 volumus
2332 2926 2344 2942 ,
2365 2904 2400 2935 δε

1344 2944 1520 2983 praesentium
1533 2944 1585 2974 tibi
1602 2943 1781 2979 auctoritate,
1798 2942 1828 2972 in
1841 2941 1943 2971 virtute
1953 2940 2124 2972 obedientiae
2133 2964 2143 2980 ,
2160 2940 2286 2972 distridste
2300 2943 2402 2981 praeci-

1344 2982 1448 3025 piendo
1470 2981 1633 3012 mandamus
1649 2981 1794 3020 quatinus,
1818 2979 1986 3010 inhibitione
2007 2980 2080 3018 regia
2098 2989 2159 3012 nori
2179 2979 2325 3018 obstante,
2339 2989 2402 3011 me-

1345 3030 1483 3053 moratam
1496 3019 1637 3051 decimam
1684 3028 1798 3050 necnon
1810 3018 1844 3049 &
1857 3028 1956 3048 omnes
1969 3017 2174 3058 redemptiones
2187 3026 2324 3049 votorum
2337 3028 2403 3050 cru-

1344 3060 1564 3100 cesignatorum,
1581 3069 1639 3089 cun
1669 3067 1738 3098 aque
1754 3057 1839 3096 legata
1858 3056 2037 3095 indistinete,
2053 3066 2087 3087 ac
2128 3056 2269 3088 eneraliter
2281 3067 2402 3089 omnem

1345 3099 1514 3137 pecuniam,
1533 3097 1730 3136 undecumque
1749 3096 1784 3126 &
1806 3095 2079 3135 quomodocumque
2097 3095 2106 3124 i
2126 3105 2190 3133 am,
2209 3095 2265 3125 sive
2285 3095 2403 3135 nostr0,

1346 3138 1402 3169 sive
1427 3135 1553 3174 praediffl
1566 3135 1654 3175 Regis
1666 3134 1782 3165 nomine
1795 3134 1829 3164 ad
1843 3143 1941 3166 manus
1954 3142 2013 3165 tuas
2027 3134 2175 3172 contigerit
2189 3132 2321 3165 devenire
2335 3157 2348 3174 ‚
2370 3135 2403 3166 in

1345 3175 1501 3207 eorundem
1514 3173 1676 3204 debitorum
1687 3172 1852 3203 solutionem
1867 3182 2032 3203 convertere
2044 3181 2103 3201 non
2117 3172 2257 3202 obmittas.

1383 3212 1614 3244 Contradietores
1626 3221 1674 3251 per
1685 3210 1829 3241 censuram
1843 3210 2072 3249 ecclesiasticam,
2090 3210 2271 3250 appellatione
2285 3210 2405 3251 postpo-

1346 3252 1409 3292 sita,
1427 3250 1654 3289 compescendo,
1668 3259 1701 3279 ac
1720 3250 1813 3288 aperte
1833 3248 2054 3287 praenunciando
2066 3248 2141 3287 Regi
2155 3248 2293 3288 praedicto
2305 3249 2399 3289 quod,

1345 3292 1366 3322 fi
1383 3290 1500 3330 amplius
1518 3289 1685 3319 solutionem
1704 3287 1868 3318 eorumdem
1882 3289 2041 3319 debitorum
2054 3287 2270 3327 quomodolibet
2282 3288 2400 3327 impedi-

1345 3330 1433 3368 verit,
1449 3328 1533 3366 quiri,
1551 3327 1587 3357 de
1598 3326 1708 3357 decima
1721 3326 1753 3357 &
1769 3326 1824 3356 aliis
1837 3327 1990 3366 praedic'tis,
2007 3325 2224 3364 mercatoribus,
2242 3326 2340 3364 quibus
2353 3336 2401 3357 ea·

1344 3368 1412 3398 dem
1432 3375 1540 3397 tenetur
1559 3365 1688 3403 ecclesia,
1706 3365 1825 3402 plenarie
1845 3366 1968 3404 satisfiat,
1984 3374 2054 3403 nOS,
2071 3372 2317 3408 quantumcunque
2335 3373 2399 3404 per-

1347 3406 1442 3436 sonam
1455 3405 1511 3443 ejus
1523 3403 1643 3441 quadam
1654 3404 1836 3443 praerogativa
1845 3404 1966 3444 specialis
1978 3402 2180 3434 benevolentiae
2193 3402 2400 3442 prosequamur,

1345 3445 1496 3475 obmittere
1523 3451 1698 3486 nequaquam
1717 3443 1871 3479 poterimus
1889 3444 1956 3483 quin
1975 3440 2109 3484 adversus·
2120 3449 2186 3483 eum
2208 3440 2242 3471 &
2263 3440 2399 3479 Regnum

1346 3483 1472 3523 Angliae,
1489 3481 1554 3512 licet
1572 3481 1655 3511 inviti
1671 3480 1705 3512 δε
1717 3481 1827 3519 coniti,
1843 3490 1929 3519 prout
1941 3480 2069 3527 expedire
2082 3478 2248 3517 Viderimus,
2265 3477 2400 3516 proceda·-

1345 3532 1417 3553 mus.

1384 3559 1531 3590 Caeterum
1551 3557 1630 3597 super
1647 3567 1683 3588 eo
1706 3557 1783 3597 quod
1804 3558 1988 3589 intelleximus
2001 3565 2044 3594 te,
2062 3554 2176 3599 dimissis
2188 3566 2209 3586 n
2242 3554 2330 3598 otii-52,
2355 3561 2399 3596 [¹33

1348 3599 1378 3630 in
1399 3596 1501 3636 Anglia
1524 3596 1576 3626 tibi
1596 3598 1802 3635 commisimus,
1820 3598 1875 3635 jam
1899 3597 1967 3626 eitra
1979 3604 2056 3626 mare
2071 3593 2190 3631 venisse,
2208 3603 2223 3624 a
2243 3599 2331 3622 mirati
2355 3600 2399 3621 ui-

1348 3646 1412 3667 mus
1430 3634 1627 3672 vehementer,
1646 3645 1715 3665 cum
1736 3645 1881 3673 nunquam
1899 3632 2036 3665 debuisses
2048 3642 2063 3662 a
2075 3632 2212 3676 praedicto
2223 3631 2326 3673 Regno
2337 3628 2399 3661 An-

1349 3675 1412 3715 gliae
1425 3672 1554 3704 recedere
1568 3673 1667 3714 absque
1678 3673 1811 3705 mandato
1823 3673 1891 3705 sedis
1903 3671 2066 3710 apostolicae
2075 3669 2191 3712 speciali.

1386 3749 1454 3787 Dat.
1472 3748 1610 3787 viterbii,
1628 3757 1643 3788 3
1658 3748 1742 3781 Non.
1755 3749 1852 3791 junii,
1870 3747 2055 3782 Pontificatfis
2067 3745 2156 3779 nostri
2169 3752 2244 3774 anno
2257 3744 2349 3774 tertio.

2041 3829 2153 3873 Subfilo
2163 3825 2270 3859 canabi.

1362 471 1367 476 ⁸
1445 435 1556 473 sciatis,
1574 437 1668 476 quod,
1683 438 1717 468 ad
1738 437 1896 469 instantiam
1917 437 2045 469 karissimi
2064 438 2151 469 fratris
2169 438 2257 470 nostri
2278 439 2410 478 Ricardi,
2459 403 2570 481 1257D'

1359 480 1388 501 in
1403 471 1516 512 Reg'em
1531 473 1734 506 Romanorum
1745 476 1853 515 Electi,
1871 477 2058 508 concessimus
2069 476 2182 515 Cresse,
2208 477 2266 508 filio
2282 478 2411 519 Magistri
2433 483 2485 508 An.
2500 491 2549 517 4¹.

1359 507 1454 554 Mosei
1469 512 1554 550 Judei
1574 512 1709 544 London.
1730 516 1763 546 &
1782 515 1905 553 Hageno
1922 515 1995 545 fratri
2014 517 2084 554 ejus,
2100 516 2148 555 qui
2170 517 2199 545 in
2212 515 2321 547 servitio
2336 527 2408 561 prae-
2430 522 2466 545 H.
2487 528 2514 556 3.

1359 546 1427 578 dieb
1445 549 1536 592 fratris
1553 551 1640 582 nostri
1660 553 1813 590 plurimum
1825 554 1997 592 laborarunt,
2014 554 2092 594 quod
2104 564 2120 583 a
2133 553 2224 593 vigilia
2237 554 2411 587 Ascenlionis
2432 561 2489 585 Pat.
2501 567 2548 594 4¹·

1358 584 1498 626 Domini,
1516 599 1592 619 anno
1615 590 1710 630 Regni
1730 591 1817 621 nostri
1837 600 1873 630 41
1884 615 1894 630 ,
1911 592 2036 631 usquein
2048 592 2170 632 quinque
2183 601 2269 622 annos
2279 596 2410 637 proximo
2433 599 2468 623 H.
2487 605 2514 632 3.

1358 623 1499 671 sequentes
1510 628 1684 667 completos,
1701 631 1787 670 quieti
1799 630 1851 660 sint
1865 630 1901 660 de
1913 631 2046 661 omnibus
2057 631 2170 670 tallagiis
2182 631 2215 661 ὃς
2229 631 2352 671 auXilii's,
2375 633 2411 664 ad
2432 643 2460 663 n.
2480 643 2490 661 i
2499 643 2525 664 i.

2436 1033 2455 1054 ⁴*
2467 1035 2489 1063 1.
2499 1036 2564 1074 624.

1357 1243 1558 1301 ALexander
1578 1245 1748 1316 Episcopug3
1766 1247 1857 1278 servus
1878 1247 2021 1278 servorum
2036 1247 2117 1293 Dei,
2136 1248 2240 1294 dileffiio
2261 1247 2320 1294 filio
2341 1247 2410 1281 Ma-
2432 1213 2566 1291 Αιῐξὲγα

1749 1287 1872 1325 apellano
1892 1287 1925 1317 &
1938 1285 2063 1318 Nuncio
2077 1286 2175 1318 nostro
2188 1298 2218 1318 in
2231 1287 2350 1328 Anglia‚
2370 1289 2409 1320 fii-
2425 1295 2543 1367 gri-341-
