2570 4261
92 178 169 211 Ann.
178 179 219 211 D.

119 228 204 258 1290.

92 259 157 287 Edv.
180 268 204 288 Ι.

65 2786 82 2804 *
92 2784 199 2821 11498.

63 2909 140 2939 Ann.
156 2909 196 2941 D.

86 2957 168 2987 1290.

63 2991 115 3015 An.
137 2997 177 3022 ¹9·

64 3068 103 3090 Ex
120 3067 177 3092 Au·

65 3109 127 3138 mgr.

243 97 296 145 76

599 208 645 239 En
656 209 681 239 13
696 209 826 248 presence
833 233 844 248 ,

238 289 353 331 Johan,
371 299 419 327 par
431 288 456 318 la
469 296 551 327 grace
557 286 593 317 de
600 286 749 325 Deu‚Er-
786 289 845 316 Sire
858 287 945 315 Emon
949 282 1028 324 frere
1041 282 1065 312 le
1079 285 1133 323 Rey
1142 304 1151 320 ,
1277 321 1281 326 ⁴

277 328 383 359 ceveske
398 327 429 356 de
441 325 600 365 Canterbiry
610 336 619 354 :
785 329 843 354 sire
856 325 946 353 Henri
959 324 991 352 de
1005 325 1080 362 Lacy
1088 326 1188 351 Counte
1201 320 1295 349 deNi-

239 368 340 397 Robert
350 369 374 395 E
377 365 456 394 veske
465 365 496 393 de
503 367 566 392 Baa
577 375 589 392 e
597 364 628 393 de
639 362 747 402 Wlles,
821 362 892 392 chale
899 373 908 391 .·

237 404 340 445 Jahan
351 403 460 432 Eveske
475 403 507 432 de
522 402 690 442 Wynczstre,
784 404 842 432 Sire
856 405 924 431 Otes
938 400 969 430 de
982 397 1138 437 Grauntson
1145 420 1165 440 ’.

237 447 383 482 Auntoyne
397 441 506 470 Eveske
519 441 550 470 de
563 444 702 480 Durame,
783 444 842 470 Sire
857 442 896 469 W
896 439 997 468 illiame
1011 439 1043 468 de
1055 439 1166 474 Breque
1174 457 1184 473 ‚

201 506 205 512 .
235 483 316 510 Peres
330 479 438 509 Eveske
450 480 482 509 de
494 479 632 519 Egecrstre
640 503 649 519 ,
782 483 840 508 Sire
853 477 954 517 Johan
968 477 999 506 de
1014 480 1094 516 Seynt
1107 473 1224 512 Johan,

235 518 366 558 Godefrey
382 518 492 548 Eveske
506 520 538 548 a'e
551 517 726 558 Wirecestre:
783 521 833 547 Me
858 527 886 546 re
902 518 944 545 W
944 514 1046 544 illiame
1063 514 1094 542 de
1108 515 1184 549 Lue,

234 560 292 625 ὅτε
313 556 454 586 lVilliame
469 557 501 587 de
518 555 630 587 Valence
637 580 649 596 ,
662 555 745 586 Uncle
782 558 809 585 Ε
822 555 922 594 johan
936 554 969 583 de
982 551 1133 591 Berewyk,

278 606 291 624 θ
305 598 361 633 Εἴ]
369 618 379 634 ²

270 672 337 710 Ke,
357 672 377 703 si
390 673 409 703 il
424 673 534 704 aveneit
546 672 602 711 (ke
617 671 686 702 Deu
703 671 840 709 defende)
861 670 897 701 ke
911 669 979 700 Deu
1000 666 1063 698 feist
1084 666 1135 697 son
1155 670 1293 696 6010300-

231 710 349 742 dement
364 711 400 742 de
414 711 510 742 nostre
526 711 652 753 Seygnur
666 711 692 740 le
707 710 773 750 Rey
798 720 867 751 moy
880 711 1013 744 vivaunt3
1027 706 1066 745 Jo
1081 706 1158 736 bone
1172 704 1217 743 fey
1225 711 1293 746 por-

230 757 306 818 tersay
317 761 336 818 ἓ
347 750 558 819 ωο1ὲ81ῗγ301οζ1
570 748 694 780 hdward
708 749 758 818 130
772 735 811 779 liz
820 773 829 787 ,
848 757 935 780 come
947 757 962 777 a
979 755 1049 776 niun
1070 744 1198 783 Seygnur
1218 742 1273 780 lige
1281 761 1291 777 ,

231 798 250 818 e
274 799 302 818 es
338 800 367 819 re
387 798 396 819 t
428 798 444 818 e
468 799 509 818 on
554 797 653 818 eaume
686 798 714 817 ar
735 798 780 818 era
801 812 806 818 .

266 826 335 865 Ou,
354 799 455 857 hyDeu
470 825 541 866 feyst
554 825 604 856 sun
616 797 857 857 congiaundegnent
870 825 906 855 de
919 833 1046 868 meymes
1066 821 1127 860 cely
1150 820 1211 850 Sire
1230 816 1290 847 Ed-

229 865 323 903 ward,
340 865 424 896 saunz
439 864 520 904 Heyr
532 864 568 895 de
584 866 633 896 sun
649 864 725 896 Cors
738 862 898 903 engendre,
915 871 1030 893 Vivaunt
1042 869 1119 906 autre
1140 859 1197 889 fetz
1218 864 1290 887 mon

230 902 361 943 Seygnur
376 904 402 934 le
417 903 481 942 Rey
494 904 663 944 avauntdyt3
678 903 718 943 1ο
731 914 746 934 3
759 913 885 943 meymes
899 901 979 940 celuy
994 899 1061 937 fitz,
1080 909 1097 929 e
1113 908 1140 928 as
1153 897 1246 936 Heyrs
1254 893 1290 924 de

230 941 279 972 sun
296 942 388 981 Cors,
406 942 595 981 engendretz,
613 944 633 973 ii
646 943 684 973 les
699 952 762 982 cyr,
780 943 858 973 bone
873 941 918 980 fey
932 948 1077 979 porteray,
1096 946 1182 968 come
1195 943 1288 965 amun

229 979 268 1011 Se
288 991 378 1019 unur,
398 991 414 1011 e
427 981 482 1011 ausi
497 991 584 1012 come
598 981 623 1011 al
637 991 727 1012 autre:

266 990 310 1057 1113,
329 1020 348 1050 11
363 1029 498 1050 aventure
511 1028 646 1060 aveneyt,
664 1021 700 1051 ke
716 1021 783 1051 Deu
799 1019 843 1050 fist
857 1019 906 1050 sun
920 1015 1141 1048 comandement
1161 1013 1198 1044 de
1220 1021 1287 1043 nos-

229 1065 271 1088 tre
286 1058 413 1099 Seygnur
434 1058 461 1089 le
481 1058 562 1098 Rey,
579 1069 595 1089 e
614 1059 650 1089 de
672 1059 711 1090 ses
732 1059 799 1097 fitz,
818 1057 859 1088 issi
875 1058 910 1087 ke
922 1057 941 1086 11
953 1054 1091 1086 n’eussent
1103 1053 1184 1090 Heyr
1193 1051 1230 1081 de
1242 1051 1286 1081 lur

229 1096 322 1136 Cors,
341 1098 454 1128 vivante
468 1097 564 1128 Darne
578 1097 694 1128 Alianor
726 1108 813 1136 eynee
832 1096 886 1126 filie
901 1105 972 1125 mon
987 1093 1113 1135 Seygnur
1127 1092 1153 1122 le
1168 1091 1233 1130 Rey
1255 1099 1285 1119 a—

228 1135 373 1174 113000105
389 1135 429 1175 Jo
444 1146 460 1166 a
474 1146 599 1176 meymes
612 1137 657 1167 cel
670 1121 818 1175 Alianore,
837 1137 854 1166 e
868 1146 895 1165 as
910 1133 1004 1172 Heyrs
1018 1133 1054 1162 de
1066 1134 1115 1162 100
1139 1129 1215 1160 Cors
1235 1137 1286 1158 en-

226 1175 384 1212 gendretz,
403 1175 479 1205 bone
493 1175 540 1214 fey
554 1185 702 1215 porterey,
720 1186 757 1205 ne
774 1185 811 1206 en
825 1174 892 1205 nule
913 1181 1044 1210 manere,
1063 1181 1099 1213 ne
1118 1179 1166 1207 par
1186 1168 1284 1205 force,

224 1223 264 1244 ne
283 1223 330 1251 par
346 1223 455 1254 engyn,
471 1214 514 1244 101
535 1213 615 1253 dreyt
636 1225 672 1244 ne
687 1213 847 1244 desturbera
874 1237 883 1251 ,
896 1211 934 1242 ke
948 1210 1007 1248 616,
1026 1214 1116 1240 06163
1131 1208 1179 1237 He
1199 1217 1239 1244 rs,
1258 1206 1285 1236 se

225 1251 270 1282 ele
284 1254 322 1284 les
336 1261 397 1292 eyt,
415 1262 452 1282 ne
467 1261 552 1291 eyunt
565 1253 592 1283 le
606 1252 740 1284 Reaume
753 1223 900 1292 d’Engiete
915 1260 962 1287 re,
981 1260 997 1279 e
1011 1249 1035 1279 la
1049 1257 1106 1279 tere
1121 1246 1156 1276 de
1193 1245 1284 1275 rlaun-

223 1287 277 1329 de,
295 1291 384 1331 solum
402 1290 428 1320 le
446 1290 517 1321 orde
536 1300 652 1322 nement
674 1291 770 1322 nostre
791 1291 919 1330 Seygnur
938 1288 964 1318 lc
986 1287 1051 1326 Rey
1073 1284 1241 1323 avauntdyt3
1258 1283 1285 1313 le

226 1329 293 1368 quel
308 1327 511 1367 orHeynem’ent
525 1329 566 1360 est
578 1327 615 1361 tel
651 1341 706 1361 ceo
718 1330 759 1361 est
771 1330 878 1367 asaver,
1094 1364 1099 1368 Ι

265 1368 314 1398 Κ6
330 1368 426 1397 001116
438 1368 565 1408 Seygnur
581 1369 607 1399 le
623 1355 688 1409 Rey
707 1377 777 1408 voyt
795 1370 812 1398 6
831 1366 958 1406 ordeyne
971 1365 1023 1403 ke,
1042 1364 1061 1394 si
1071 1363 1130 1394 Sire
1144 1361 1283 1399 Edward,

222 1405 273 1436 sun
294 1405 360 1444 fitz,
377 1416 416 1436 ou
437 1416 513 1437 autre
530 1406 596 1446 fitz,
615 1407 650 1438 ke
670 1408 689 1438 il
711 1417 808 1445 avem,
827 1414 959 1445 morgent
981 1404 1057 1448 sauns
1078 1401 1158 1441 Heyr
1180 1400 1216 1431 de
1238 1399 1282 1430 lur

223 1455 288 1475 cors
300 1444 457 1484 engendre3
477 1445 569 1476 Dunk
585 1457 661 1484 apres
677 1447 702 1476 13
716 1455 793 1476 mort
806 1447 831 1476 16
847 1445 913 1482 Rey
926 1441 1085 1480 avauntdit,
1104 1441 1132 1484 le¹
1152 1439 1282 1470 Reaume

220 1483 416 1522 d'Englerere,
433 1494 449 1514 6
464 1483 489 1513 la
502 1484 580 1515 Tere
592 1485 627 1515 de
641 1484 770 1515 Irlaunde
784 1484 920 1523 demurge
934 1492 949 1512 a
972 1482 1068 1513 Dame
1088 1480 1238 1515 Alianore,
1255 1477 1282 1507 sa

222 1521 278 1552 filie
290 1532 377 1561 eyne,
396 1524 413 1552 e
428 1533 455 1552 as
472 1522 564 1561 Heyrs
577 1523 613 1553 de
626 1523 675 1554 sun
689 1534 753 1554 cors
767 1522 954 1564 engendretz,

258 1560 302 1599 E,
320 1561 340 1591 si
359 1571 484 1600 meymes
506 1562 567 1592 cele
588 1561 685 1592 Dame
703 1562 805 1592 Alinor
823 1570 922 1600 mur-ge
943 1560 1026 1590 saunz
1045 1568 1093 1597 eyr
1104 1556 1139 1587 de
1153 1555 1201 1585 sun
1217 1565 1282 1585 cors

221 1600 378 1639 engendre,
397 1600 502 1630 dunkes
526 1601 551 1632 le
572 1600 702 1632 Reaume
717 1625 728 1639 ,
746 1611 762 1631 e
779 1601 804 1631 la
823 1609 880 1631 tere
902 1598 1060 1630 avauntdite
1079 1596 1246 1634 demurgent
1265 1603 1282 1623 a

220 1637 319 1708 Dargre
333 1638 445 1678 Johan,
462 1638 516 1671 filie
537 1639 564 1670 16
586 1639 651 1679 Rey
666 1639 817 1679 avauntdyt
827 1662 836 1678 ‚
855 1640 872 1669 e
884 1648 911 1667 as
927 1637 1020 1676 lieyrs
1033 1635 1069 1666 de
1083 1635 1132 1666 sun
1148 1643 1212 1664 cors
1229 1641 1281 1662 en-

242 1687 277 1707 en
311 1686 365 1708 etz.

220 1686 240 1715 g
258 1716 303 1756 E,
322 1717 342 1747 11
362 1726 488 1756 106γο163
507 1716 567 1748 6616
587 1717 683 1749 Darne
699 1717 812 1757 Johane
833 1725 932 1748 murve
945 1714 1031 1747 saunz
1045 1722 1092 1752 eyr
1105 1710 1142 1742 de
1154 1711 1202 1755 su,n
1215 1720 1280 1741 <30rs

220 1754 382 1794 engendre,
399 1758 534 1795 demurge
547 1757 572 1787 16
585 1757 730 1794 Reaume,
747 1769 763 1788 e
776 1757 801 1787 la
815 1765 872 1787 tere
885 1756 904 1786 d
914 1753 1041 1785 lrlaunde
1053 1749 1204 1793 avauntdit-
1217 1759 1231 1779 3
1253 1749 1280 1779 sa

219 1794 281 1832 plus
297 1796 461 1834 procheyne
473 1795 547 1833 seur3
566 1797 583 1826 ὲ
597 1796 638 1826 1111
652 1796 688 1826 de
702 1796 757 1826 11116
770 1806 806 1826 611
822 1794 894 1832 filie,
910 1797 926 1824 e
940 1793 975 1823 de
989 1802 1036 1831 cyr
1052 1799 1088 1820 60
1102 1799 1167 1828 cyr,
1186 1791 1206 1818 11
1227 1798 1279 1818 60-

218 1842 268 1863 016
281 1834 422 1864 avaunrdir.
437 1833 479 1864 611
494 1834 542 1864 des
557 1834 735 1874 avauntditz,
754 1834 848 1864 Darne
863 1834 978 1870 Alinor‚
997 1842 1013 1861 e
1027 1829 1123 1859 Darne
1132 1827 1261 1866 Johane,

257 1870 301 1910 E,
316 1882 332 1901 a
351 1871 438 1902 cestes
457 1871 554 1903 choses
574 1872 717 1904 leaument
737 1874 807 1904 tenir
825 1883 841 1903 e
863 1871 976 1907 ο(11(161,
989 1869 1029 1908 10
1042 1878 1090 1898 me
1102 1867 1204 1897 sutmet
1218 1876 1233 1895 a
1246 1865 1279 1908 *ia

214 1910 395 1949 Jurisdidtion
408 1920 425 1941 6
439 1910 463 1940 h
477 1910 613 1942 destresce
626 1912 661 1942 de
673 1911 849 1952 l'Apostoyle
862 1897 898 1941 de
910 1910 1026 1940 Roume
1035 1931 1045 1944 ,
1064 1917 1080 1937 e
1099 1905 1135 1936 de
1149 1905 1174 1935 la
1189 1903 1280 1948 Eglise

220 1949 256 1980 de
272 1949 384 1981 Rome:
405 1959 421 1979 e
435 1959 450 1979 a
463 1949 678 1993 laJurisdi't-Ction
691 1962 707 1982 e
720 1950 824 1981 destres
837 1950 873 1981 de
888 1946 1060 1999 Efceveskes
1072 1946 1108 1976 de
1119 1943 1277 2012 1&Cantarbi-

218 1987 625 2064 313110131331
635 1986 1108 2067 1113151311111101
1122 1990 1277 2059 sarm

255 2064 280 2094 E
301 2075 337 2094 en
355 2065 589 2106 testmoynaunce
608 2066 644 2096 de
666 2067 754 2099 cestes
775 2066 889 2104 choses,
902 2066 936 2104 jo
957 2073 990 2103 ay
1015 2072 1067 2093 mis
1080 2059 1183 2092 366116
1196 2060 1276 2090 lettre

216 2113 288 2135 mon
303 2103 371 2141 scel,
390 2114 406 2134 6
412 2127 428 2143 ,.
438 2114 453 2134 a
468 2113 514 2134 ma
527 2104 671 2144 requeste‚

255 2183 299 2211 Le
317 2179 464 2248 homerizble
484 2182 552 2212 Pere
570 2181 685 2221 Johan,
702 2192 751 2221 pai·
772 2182 797 2212 la
819 2190 902 2222 grace
918 2178 955 2211 de
974 2177 1060 2216 Deu,
1078 2175 1229 2207 Erceve-fke
1242 2175 1274 2206 de

291 2223 397 2249 Cantar
416 2224 441 2249 ir

254 2258 363 2288 Roberd
375 2231 483 2288 Evefk’e
497 2259 529 2288 de
544 2262 607 2288 Baa
622 2271 636 2289 e
651 2261 683 2289 de
699 2258 813 2297 asellos,

252 2297 353 2336 Johan
366 2297 474 2326 Eveske
488 2298 520 2326 de
534 2298 697 2339 Iffnecestre
705 2322 715 2338 ,

253 2339 352 2366 Aunto
369 2347 400 2364 ne
413 2335 523 2366 Eveske
534 2336 565 2366 de
581 2340 700 2366 Dur-eme

252 2376 328 2403 Peris
343 2345 452 2404 ἔταξε
465 2375 496 2403 de
510 2375 661 2416 Egecqstre,
708 2359 718 2376 '

251 2414 279 2442 E
295 2411 426 2454 Godefrey
440 2413 549 2443 Eveske
563 2414 595 2444 de
609 2413 786 2454 Wyreaestre,

250 2488 278 2519 A
293 2489 381 2521 cestes
394 2489 488 2521 lettres
502 2500 554 2522 unt
567 2492 619 2522 mis
632 2491 673 2522 lur
689 2491 771 2522 secus.

249 2566 338 2597 Done
357 2577 372 2596 a
402 2566 625 2607 Aumbresbyrie
645 2568 670 2598 16
700 2567 803 2607 Lundy
814 2567 931 2637 19106116
951 2577 970 2597 0
997 2566 1120 2597 devaunt
1139 2564 1171 2610 la⁶
1191 2563 1273 2609 Feste

213 2605 470 2683 {tetffirtieAIPhege’
488 2607 514 2637 16
535 2617 569 2637 30
589 2607 627 2637 (10
647 2607 748 2646 Regne
769 2607 794 2637 16
846 2617 879 2645 6γ
900 2606 925 2637 Ε
946 2606 1022 2638 ward
1043 2604 1186 2636 avauntdit
1203 2604 1273 2634 dise

215 2765 242 2793 ᾖ
265 2768 353 2801 Bulla
377 2771 450 2815 Regi
475 2771 591 2818 Angh'ae
613 2782 668 2817 pro
693 2767 812 2816 benigne
835 2767 995 2815 recipiendo
1018 2768 1155 2801 Nuncios
1183 2767 1271 2811 Regis

640 2820 854 2854 Tartarorum.

298 2904 405 2936 1601303
426 2905 450 2936 Ε
461 2906 600 2944 11160903,
616 2904 708 2935 servus
727 2902 873 2933 servorum
895 2901 953 2932 1361
962 2899 1128 2944 ,carissimo
1140 2901 1170 2930 10
1185 2900 1271 2931 Chri-

309 2943 353 2973 sto
368 2944 425 2974 filio
439 2917 597 2982 fidmrdo,
613 2942 689 2980 Regi
705 2941 815 2981 Angli-ae
831 2939 946 2979 illustri,
965 2940 1077 2971 salutem
1093 2941 1126 2971 &
1142 2939 1270 2978 Aposto-

213 2981 298 3012 licam
308 2982 547 3013 benedic-“tionem-

249 3020 330 3051 Csim
350 3020 444 3050 dilecti
467 3021 533 3059 filii,
551 3020 660 3051 nobiles
678 3019 757 3057 Viri,
776 3018 917 3056 Andreas,
935 3017 1044 3048 dudum
1063 3016 1153 3059 didius
1176 3016 1269 3056 Zaga-

214 3069 265 3089 nus
281 3059 341 3097 (qui
356 3069 442 3096 nuper
454 3061 470 3089 a
487 3059 620 3089 Domino
634 3057 791 3096 inspiratus,
810 3058 864 3087 0113
880 3067 949 3087 6001
964 3056 1085 3093 Nepote
1098 3058 1146 3085 100
1162 3055 1269 3086 Domi-

214 3099 298 3136 nico,
318 3097 428 3136 pridem
450 3105 554 3128 vocato
575 3097 688 3134 Gorgi,
706 3107 720 3126 a
742 3096 779 3126 ud
800 3094 893 3125 sedem
914 3094 1129 3132 Apostolicam,
1148 3104 1197 3132 per
1209 3104 1269 3124 ma-

213 3146 266 3166 nus
278 3135 441 3166 venerabilis
455 3136 544 3165 fratris
559 3134 650 3165 nostri
665 3135 700 3164 L.
749 3133 852 3164 stiensis
867 3133 970 3172 Episco
992 3134 1019 3171 i,
1036 3133 1152 3172 gratiam
1166 3133 1270 3164 lavacri

217 3174 383 3212 baptismalis
404 3175 524 3211 accepit)
545 3173 578 3204 &
598 3173 758 3204 Bascarellus
778 3171 814 3202 de
836 3172 948 3202 Gisulfo
961 3143 1215 3214 810313006010,
1233 3182 1268 3202 ac

216 3212 362 3244 Moracius
374 3237 383 3251 ,
405 3211 548 3252 magnifici
568 3213 622 3243 viri
643 3211 764 3251 Argonis
779 3233 788 3248 ,
821 3210 907 3250 Regis
927 3211 1116 3241 Tartarorum
1137 3210 1246 3240 illustris
1259 3233 1269 3248 ,

214 3250 341 3319 Ngncii,
358 3251 458 3282 latores
477 3251 671 3291 praesentium,
686 3249 720 3280 ad
743 3258 819 3280 tuam
839 3249 1012 3286 praesenrinn
1032 3247 1208 3279 confidenter
1220 3259 1268 3280 ac-

213 3299 247 3319 ce
267 3299 329 3321 ant:

252 3328 457 3359 Celiitudinem
473 3327 595 3367 Regiam
609 3326 760 3366 rogandam
774 3334 878 3357 attente
891 3326 1020 3357 duximus
1034 3326 1068 3357 &
1087 3324 1269 3365 hortandam,

212 3367 357 3406 quatinus,
377 3377 430 3405 pro
451 3367 573 3404 Q'usdem
594 3365 661 3396 sedis
683 3375 716 3396 ac
735 3364 830 3395 nostra
850 3367 1017 3403 reverentia,
1032 3363 1167 3394 Nuncios
1180 3365 1269 3403 ipsos,

215 3405 335 3443 benigne
359 3406 494 3443 recipiens
514 3407 547 3436 86
569 3404 754 3442 9601361303,
773 3403 918 3440 diligenter
938 3404 1030 3434 audias
1045 3412 1109 3441 quae
1121 3413 1219 3434 coram
1241 3412 1269 3434 te

216 3441 345 3475 duxerint
357 3443 557 3482 proponenda:
577 3442 699 3473 studium
713 3451 796 3481 prout
810 3442 968 3473 commode
985 3442 1089 3480 poteris
1103 3441 1269 3479 impenden-

214 3478 260 3521 do*
273 3480 420 3512 sollicitum
440 3481 474 3511 ad
494 3480 702 3520 expeditionem
723 3480 846 3510 celerem
865 3481 1050 3518 eorumdem,
1069 3479 1106 3510 sic
1127 3488 1155 3510 te
1168 3482 1196 3510 10
1212 3481 1270 3510 1106

214 3517 363 3548 efficaciter
378 3521 535 3559 habiturus,
553 3529 585 3550 ut
599 3519 785 3551 devotionern
799 3518 922 3558 Regiam
937 3519 1037 3550 exinde
1048 3528 1108 3549 non
1123 3519 1270 3549 immerito

217 3558 461 3589 commendemus.

256 3592 323 3622 Nos
342 3597 416 3625 enim
439 3596 473 3627 ad
497 3596 646 3635 praefatum
662 3596 795 3635 Regem,
812 3605 880 3626 cum
895 3595 1019 3626 Nunciis
1032 3595 1111 3634 ipsis,
1127 3596 1156 3624 in
1172 3604 1272 3625 eorum

216 3629 251 3697 {id
274 3640 325 3660 nos
346 3634 432 3664 reditu
445 3659 454 3673 ,
479 3635 617 3667 destinare
638 3635 825 3674 proponimus
843 3634 972 3665 nostrum
993 3634 1028 3665 N
1032 3635 1149 3666 uncium
1170 3633 1274 3672 specia-

228 3677 284 3697 em.
1131 3694 1135 3697 .

233 3779 243 3788 ἢ
256 3741 322 3773 Dat.
334 3746 405 3788 apud
419 3747 536 3779 Urbem
551 3750 689 3782 Veterem
703 3758 802 3790 quarto
817 3750 902 3782 Non.
916 3749 1105 3789 Decembris,
1120 3747 1273 3780 Pontifica-

216 3788 262 3814 tus
275 3781 363 3815 nostri
375 3793 448 3816 anno
459 3788 548 3818 tertio.

913 3865 967 3896 Sub
973 3864 1028 3907 filo
1043 3863 1165 3895 canabeo.

687 71 1486 129 CONVENTIONES‚
1554 77 1941 132 Li‘rizRAE,⁴

2423 200 2499 235 Ann.
2510 203 2565 238 Di»

2442 251 2529 283 1290.
2550 259 2556 287 g

1368 251 1427 281 Pro
1443 245 1562 295 benigne
1576 250 1738 297 recipiendo
1753 249 1905 284 Saabedin
1922 248 2068 284 Archaon
2080 276 2091 292 ,
2118 252 2280 284 Nuncium
2296 255 2383 301 Regis
2420 283 2477 310 Edv
2511 293 2522 312 Ι

1760 299 1977 333 Tartarorum.

1352 380 1382 441 [ς
1398 381 1404 441 Ι
1424 379 1532 425 1601303
1543 381 1718 423 Episcopus,
1730 382 1823 416 servus
1837 381 1981 415 servorum
1996 384 2070 422 Dei,
2089 384 2230 416 cariffimo
2244 387 2273 416 in
2281 386 2401 419 Christo
2419 389 2470 416 An.
2490 400 2536 426 19..

1436 420 1497 450 Filo
1510 419 1673 464 Eduardo,
1690 423 1765 462 Regi
1783 422 1896 462 Angliae
1915 423 2030 461 illustri,
2047 423 2181 463 salutem,
2199 425 2232 455 &
2253 422 2402 463 Apostoli-
2418 428 2448 452 E·
2471 436 2493 455 1.

1339 469 1404 490 cam
1420 458 1662 491 benedic‘tionem.
2419 467 2460 491 Ex
2474 471 2531 496 Au-

1377 497 1458 528 Cum
1479 498 1581 528 nobilis
1602 499 1654 530 Vir
1689 498 1827 530 Saabedin
1849 499 2000 538 Archaon,
2019 500 2163 539 magnifici
2182 502 2235 532 viri
2257 502 2382 542 Argonis
2417 510 2482 541 togr.
2560 504 2564 507 ”

1339 534 1428 575 Regis
1443 523 1764 579 ν13031010101111111113,
1782 537 1934 577 Nuncius,
1951 539 1998 569 has
2020 539 2071 569 tibi
2085 539 2185 570 litteras
2202 539 2348 582 deferens,
2363 527 2401 575 ad

1344 574 1519 618 praesennarn
1531 573 1651 615 Regiam
1665 576 1840 607 confidenter
1852 578 1983 609 accedat:

1376 612 1581 643 Cellitudinem
1592 613 1715 654 Regiam
1728 614 1885 654 rogandam
1897 617 2003 648 attente
2015 615 2146 647 duximus
2158 617 2192 648 &
2210 617 2380 650 hortandam
2388 645 2399 660 ,

1339 652 1555 695 quatinus,.pro
1568 653 1664 684 nostri
1678 654 1711 685 &
1725 653 1901 691 Apostolicae
1913 654 1980 688 sedis
1992 655 2162 693 reverentia,
2181 655 2336 688 Nuncium
2355 660 2399 696 19-

1335 689 1415 733 sum,
1433 691 1554 730 benigne
1573 693 1727 731 recipiens,
1741 693 1775 723 &
1795 691 1952 723 affeetuose
1970 694 2158 733 9601361303,
2180 694 2326 734 diligenter
2347 708 2398 728 au-

1337 727 1393 759 dias
1417 739 1480 767 quae
1502 739 1601 759 coram
1622 738 1650 760 te
1669 740 1722 768 pro
1743 739 1821 768 parte
1835 731 1922 770 Regis
1935 731 2057 769 ejusdem
2072 731 2181 763 duxerit
2190 734 2397 774 proponenda,

1338 766 1389 805 &,
1405 775 1542 805 quantum
1558 778 1627 798 cum
1641 768 1726 806 Deo,
1744 770 1778 800 &
1793 768 1871 800 Fidei
1891 768 2059 800 Christianae
2081 771 2228 811 91016610,
2246 782 2279 803 36
2300 773 2397 814 Regia:

1336 804 1487 873 gignimus
1511 806 1623 837 honore
1644 808 1770 845 poteris,
1798 808 1855 847 ejus
1877 807 2002 839 honestis
2025 810 2204 847 petitionibus
2224 811 2398 843 condescen-

1357 853 1392 874 33.

1372 918 1441 966 Dat.
1460 920 1532 966 apud
1546 921 1665 952 Urbem
1679 922 1814 954 Veterem
1826 923 1950 956 secundo
1963 923 2104 956 Kalendas
2119 925 2258 966 Januarii,
2276 927 2395 960 Pontifi-

1334 967 1414 990 catus
1427 959 1516 990 nostri
1526 970 1602 991 anno
1617 962 1710 993 tertio.

1976 1040 2031 1071 Sub
2041 1040 2094 1083 filo
2111 1041 2236 1071 canabeo.

1674 1165 1723 1197 De
1739 1163 1849 1196 orando
1862 1175 1918 1210 pro
1937 1166 2062 1211 Regina.

1396 1247 1474 1288 EX,
1487 1248 1657 1280 venerandae
1675 1248 1833 1290 Religionis
1847 1249 1937 1289 Viro,
1955 1250 2058 1281 Abbati
2074 1249 2394 1291 Cluniacenfi,salutem
2414 1258 2531 1291 AnnJ)

1413 1288 1447 1318 &
1463 1287 1689 1318 (11166110060110
1705 1287 1823 1319 Christo
1836 1289 1982 1320 sinceram.
2432 1307 2517 1339 1291.
2532 1285 2540 1292 ”

1367 1324 1462 1368 Deus,
1480 1327 1613 1357 omniurn
1627 1325 1773 1358 Conditor
1788 1328 1821 1358 &
1837 1326 1976 1367 Creator,
1994 1328 2042 1366 qui
2056 1328 2179 1359 coelestis
2199 1328 2391 1367 profunditate
2410 1341 2461 1366 An.
2480 1350 2524 1375 ¹9-

1331 1362 1451 1395 Consilii
1465 1364 1593 1403 ordinat,
1609 1374 1712 1404 vocat,
1729 1365 1869 1405 disponit,
1885 1367 1919 1398 &
1931 1376 2047 1397 revocat
2059 1366 2193 1398 sub'edtas
2217 1367 2272 1398 suae
2292 1370 2390 1406 provi·
2408 1381 2437 1404 E.
2461 1388 2484 1406 ι,

1329 1401 1432 1433 dentiae
1452 1412 1588 1434 creaturas
1603 1426 1614 1442 ,
1646 1403 1843 1434 sereniffimam
1863 1404 2035 1436 Consortem
2054 1416 2094 1436 no
2121 1416 2180 1436 ram
2201 1406 2366 1437 Alianorain
2381 1430 2392 1447 ,
2409 1416 2496 1452 Clauf.

1330 1441 1478 1478 quondam
1491 1441 1519 1472 R
1558 1443 1633 1473 inam
1647 1442 1774 1482 Angliae,
1788 1452 1823 1473 ex
1837 1442 1937 1512 Rffiali
1947 1453 2039 1475 ortam
2052 1444 2209 1484 Progenie,
2220 1453 2322 1483 quarto
2329 1445 2391 1477 Ka-
2415 1463 2456 1490 ¹9·
2471 1460 2501 1482 Ε,
2518 1465 2539 1485 ,,

1328 1478 1402 1510 160(1.
1428 1480 1542 1511 Decem
1564 1481 1599 1511 ris
1617 1480 1653 1511 de
1672 1481 1800 1519 praesenti
1822 1481 1866 1512 sec
1897 1492 1932 1521 ο,
1949 1482 2028 1520 quod
2048 1484 2132 1514 vobis
2153 1493 2214 1514 non
2229 1483 2286 1514 1106
2300 1485 2390 1516 multa
2410 1503 2446 1522 m,
2466 1495 2541 1522 ΗΛ,

1329 1520 1432 1549 mentis
1446 1519 1630 1551 amaritudine
1644 1521 1829 1559 nunciamus,
1844 1520 1914 1552 ficut
1927 1520 1976 1551 sibi
1990 1521 2110 1559 placuit,
2128 1523 2269 1553 evocavit.

1367 1556 1448 1588 Cum
1462 1559 1555 1596 itaque
1568 1557 1677 1589 dietam
1691 1558 1866 1590 Consortem
1880 1558 2024 1599 00111301,
2043 1570 2128 1598 quam
2141 1561 2238 1592 vivam
2259 1562 2324 1592 care
2346 1561 2390 1592 di-

1326 1594 1462 1635 leximus,
1481 1606 1626 1628 mortuam
1640 1607 1700 1628 non
1715 1596 1872 1629 desinamus
1887 1607 1996 1638 amare,
2010 1609 2044 1630 ac
2059 1608 2131 1637 opus
2149 1598 2276 1630 sanetum
2297 1601 2331 1631 &
2351 1599 2390 1631 sa-

1327 1633 1424 1673 lubre,
1437 1637 1516 1674 juxta
1529 1636 1633 1666 divinae
1643 1635 1784 1676 scripturae
1795 1636 1976 1676 sententiam,
1990 1636 2133 1669 censeatur
2154 1648 2208 1676 pro
2231 1637 2389 1678 defunctis,

1329 1682 1359 1704 ut
1376 1674 1391 1704 3
1406 1684 1590 1712 peccatorum
1604 1674 1745 1706 solvantur
1759 1675 1891 1714 nexibus,
1908 1685 2039 1714 exorare,

1365 1711 1513 1744 Paternam
1530 1715 1674 1744 caritatem
1690 1714 1811 1745 vestram
1827 1714 1986 1746 affectuosis
2002 1715 2134 1753 precibus
2156 1714 2287 1746 duximus
2311 1717 2388 1747 exci-

1326 1751 1457 1791 tandam,
1475 1753 1510 1784 &
1534 1751 1680 1784 instantius
1702 1753 1930 1792 implorandam,
1955 1761 2107 1792 quatenus,
2133 1754 2215 1794 ipsius
2239 1753 2390 1786 Consortis

1326 1789 1431 1820 nostrae
1456 1792 1602 1830 exequias,
1617 1801 1687 1822 curn
1712 1793 1795 1822 omni
1819 1791 1974 1823 devotione
1998 1791 2181 1830 solempniter
2197 1791 2385 1832 celebrantes,

1324 1830 1449 1859 animai-n
1466 1830 1522 1869 ejus
1532 1853 1542 1869 ,
1557 1839 1626 1861 cum
1642 1829 1837 1862 decantatione
1852 1830 2016 1870 missarum,
2034 1832 2068 1862 &
2083 1831 2139 1861 aliis
2163 1830 2320 1862 Ecclesiast.
2337 1831 2389 1862 Sa-

1325 1876 1412 1897 cram.
1432 1867 1502 1899 Deo
1525 1869 1596 1899 vivo
1611 1893 1620 1907 ,
1645 1870 1694 1907 qui
1717 1869 1804 1901 aufert
1831 1870 1850 1890 *²
1874 1869 2001 1908 spiritum
2031 1868 2198 1907 Principum
2233 1869 2386 1915 specialiter

1325 1906 1553 1946 commendetis,
1578 1907 1738 1943 adjuvantes
1761 1908 1899 1947 eandem,
1924 1918 1958 1939 36
1983 1908 2070 1939 etiam
2096 1908 2229 1939 facientes
2245 1919 2262 1938 a
2277 1907 2385 1939 Priori-

1325 1943 1394 1982 bus,
1416 1945 1591 1985 Monachis,
1605 1946 1724 1977 Clericis
1741 1947 1775 1978 &
1791 1947 1866 1986 aliis,
1885 1947 2037 1986 brevibus,
2056 1946 2169 1978 subditis
2185 1948 2216 1977 in
2231 1947 2387 1978 sacramen-

1324 1990 1422 2014 torum
1439 1984 1592 2024 suffragiis,
1610 1985 1786 2025 elemosinis,
1803 1985 1964 2025 caeterisque
1980 1986 2114 2024 operibus
2129 1985 2248 2016 caritatis
2272 1986 2388 2017 salubri-

1323 2029 1366 2051 ter
1383 2022 1522 2061 adjuvari:
1543 2032 1590 2063 ut,
1610 2023 1698 2062 siquid
1716 2025 1853 2063 maculae,
1872 2034 1932 2054 non
1949 2033 2073 2062 purvatae
2089 2025 2119 2054 in
2134 2023 2211 2062 1913,
2222 2024 2313 2054 forsan
2330 2026 2386 2055 ob-

1323 2059 1438 2092 livionis
1462 2062 1576 2093 defectu
1612 2063 1659 2093 vel
1683 2063 1740 2094 alio
1765 2063 1875 2102 modo,
1893 2048 2039 2100 1610311111,
2061 2073 2110 2101 961
2127 2063 2204 2093 utilia
2220 2064 2384 2094 orationum

1321 2099 1478 2168 Restrarurn
1495 2101 1574 2139 praesi
1594 2103 1638 2140 ia,
1651 2102 1730 2140 juxra
1744 2101 1851 2134 divinae
1869 2101 2069 2133 misericordiae
2093 2100 2318 2142 plenitudinem,
2335 2102 2384 2132 ab—

1347 2147 1464 2177 ergatur.

1361 2178 1533 2217 Qiaesumus
1550 2179 1636 2218 igitur
1653 2187 1683 2210 ut
1698 2179 1736 2210 de
1753 2178 1897 2210 mistarum
1911 2179 1943 2210 &
1960 2179 2081 2210 aliorum
2106 2178 2306 2219 suffragiorum
2328 2179 2382 2210 hu-

1315 2216 1443 2255 jusmodi
1466 2227 1587 2248 numero
1632 2227 1696 2256 quae
1721 2229 1774 2256 pro
1798 2217 1911 2257 praefata
1937 2217 2069 2248 consorte
2085 2217 2184 2248 nostra
2201 2217 2385 2249 decreveritis

1319 2255 1467 2295 facienda,
1486 2265 1536 2300 per
1552 2242 1655 2287 vestras
1671 2257 1773 2288 litteras
1791 2267 1842 2287 nos
1859 2258 1962 2288 curetis
1989 2256 2103 2287 reddere
2127 2256 2278 2294 certiores,
2295 2265 2325 2287 ut
2349 2266 2383 2286 ex

1319 2293 1378 2324 hoc
1403 2296 1494 2325 metiri
1519 2294 1673 2333 possimus,
1691 2295 1725 2326 ad
1750 2296 1843 2334 quales
1866 2295 2035 2334 quantasque
2057 2302 2144 2334 grates
2160 2295 2193 2326 &
2209 2296 2325 2334 gratias,
2343 2295 2385 2326 ob

1317 2332 1479 2372 praemiffa,
1496 2333 1646 2365 devotioni
1663 2333 1762 2365 vestrae
1778 2335 1866 2366 teneri
1883 2335 1989 2365 merito
2005 2333 2166 2364 debeamus.

2406 1882 2421 1899 *
2431 1883 2541 1922 Π·499;

1357 2408 1426 2440 Dat.
1444 2408 1518 2448 apud
1533 2409 1675 2451 Asiherug
1692 2418 1792 2450 quarto
1809 2410 1856 2442 die
1867 2410 1999 2450 Januarii.

1319 2543 1410 2576 Bulla
1432 2554 1488 2591 per
1513 2557 1607 2591 quam
1626 2543 1774 2591 respondet
1792 2547 1867 2591 Regi
1882 2542 2033 2578 Edvardo
2051 2542 2097 2577 ad
2106 2544 2207 2590 plures
2226 2547 2380 2577 Petitiones

1441 2592 1571 2627 decimas
1589 2597 1626 2633 (ῤ’
1646 2597 1796 2641 negotium
1815 2595 1911 2627 Terrae
1920 2594 2028 2639 fimstae
2048 2603 2257 2626 concernentes.

1317 2676 1390 2739 N
1404 2677 1513 2710 Icolaus
1528 2678 1635 2725 Episco
1655 2689 1704 2718 us,
1722 2679 1812 2709 servus
1829 2677 1975 2708 servorum
1992 2676 2050 2708 Dei
2059 2676 2221 2716 ,cariffimo
2237 2678 2268 2706 in
2279 2676 2381 2707 Chris·
2400 2676 2477 2708 Ann.
2487 2678 2528 2709 D.

1412 2726 1444 2748 to
1460 2717 1518 2748 filio
1534 2718 1629 2748 Edvar
1648 2727 1687 2756 0,
1705 2717 1781 2756 Regi
1797 2715 1912 2754 Angliae
1927 2714 2044 2754 illustri,
2063 2715 2178 2746 salutem
2193 2716 2227 2746 &
2252 2714 2380 2753 Aposto-
2418 2725 2502 2756 1291.

1316 2757 1400 2788 licam
1416 2755 1655 2786 benedistionem.
2394 2759 2447 2783 An.
2467 2765 2509 2790 19.

1355 2795 1500 2826 Ferventis
1514 2793 1642 2825 desiderii
1658 2791 1845 2832 magnitudo,
1860 2801 1946 2831 quam
1961 2790 1997 2822 de
2020 2791 2208 2829 recuperanda
2231 2791 2376 2830 celeriter,
2397 2798 2426 2822 Ε.
2447 2804 2469 2821 1.

1317 2833 1354 2864 de
1370 2834 1497 2864 manibus
1513 2832 1758 2871 persequentium,
1774 2831 1868 2862 Terra
1882 2830 1974 2861 sancta
1990 2830 2194 2869 concepimus,
2213 2830 2299 2870 pulsat
2315 2831 2376 2861 301-
2395 2836 2434 2859 Ex
2448 2836 2506 2860 Au-

1317 2882 1417 2911 mum,
1435 2879 1619 2910 mentemque
1642 2870 1787 2908 sollicitat,
1804 2878 1836 2900 ut
1859 2869 1930 2908 tibi,
1947 2869 2014 2908 qui,
2031 2868 2109 2900 velut
2132 2868 2234 2899 athleta
2251 2868 2378 2908 Christi,
2393 2878 2457 2908 togr.

1320 2912 1354 2942 &
1371 2909 1581 2942 Christianitatis
1596 2918 1789 2949 propugnator
1841 2908 1928 2947 regius
1944 2930 1955 2946 ,
1981 2916 2041 2937 non
2059 2907 2116 2937 fine
2140 2906 2229 2938 divini
2252 2908 2378 2938 numinis

1315 2948 1412 2989 grandi
1435 2948 1515 2979 dono
1556 2948 1589 2980 &
1604 2948 1710 2979 sonoro
1724 2946 1809 2978 laudis
1846 2956 1956 2977 umanae
1979 2945 2144 2984 praeconio,
2169 2945 2253 2983 ipsius
2276 2946 2378 2977 Terrae

1317 2988 1466 3028 negotium
1490 2971 1675 3025 assumpfisti,
1691 2986 1724 3017 &
1747 2985 1859 3025 gratiosi
1882 2984 1986 3016 favoris
2008 2984 2204 3023 impendamus
2225 2984 2378 3024 auxilium,

1317 3027 1350 3058 &
1388 3026 1547 3056 etitionibus
1562 3027 1635 3063 tuis,
1653 3033 1790 3064 quantum
1806 3034 1875 3054 cum
1892 3022 1961 3054 Deo
1977 3022 2142 3061 possumuS,
2159 3032 2321 3054 annuamus.

1384 3066 1507 3095 enientec
1524 3064 1662 3102 siquidem
1678 3063 1712 3093 ad
1730 3061 1928 3101 Apostolicam
1944 3062 2038 3093 sedern
2054 3060 2150 3092 dilecti
2167 3061 2233 3100 filii,
2250 3061 2378 3092 Nobiles

1316 3103 1379 3135 Viri
1418 3103 1555 3139 Iohannes
1571 3102 1608 3133 de
1623 3102 1729 3133 sancto
1742 3101 1891 3140 johanne,
1909 3111 1942 3132 ac
1959 3100 2101 3140 Rogerius
2124 3099 2216 3130 (116103
2242 3098 2376 3130 Lestran—

1314 3152 1368 3182 ge,
1385 3127 1513 3180 Milites,
1530 3141 1644 3180 Regalis
1661 3139 1869 3178 Magnitudinis
1885 3139 1921 3171 N
1923 3139 2016 3178 uncii,
2034 3147 2093 3171 tuas
2108 3138 2191 3168 nobis
2216 3137 2316 3169 litteras
2338 3138 2376 3169 de

1315 3180 1458 3212 credentia
1473 3179 1687 3221 praesentarunt:

1353 3219 1420 3249 Nos
1444 3227 1556 3255 autem,
1575 3218 1640 3248 licet
1664 3226 1721 3248 tam
1745 3216 1855 3254 grandia
1879 3218 1913 3249 &
1937 3216 2037 3254 ardua,
2054 3223 2169 3254 tamque
2194 3216 2306 3255 gravia,
2323 3215 2374 3246 sub

1315 3258 1410 3289 litteris
1425 3256 1461 3287 de
1477 3256 1636 3295 credentia,
1654 3256 1728 3286 mitti
1744 3257 1789 3287 vel
1805 3257 1881 3295 peti,
1901 3255 1958 3286 fine
1973 3254 2082 3293 speciali
2097 3254 2176 3284 causa
2191 3255 2325 3285 mittentis
2340 3255 2375 3286 &

1314 3296 1492 3337 recipientis,
1509 3305 1542 3326 ac
1558 3295 1741 3334 negotiorum
1758 3295 1886 3333 qualitate
1909 3293 2035 3332 pensata,
2052 3303 2114 3324 non
2137 3292 2252 3336 deceat,
2269 3302 2302 3323 ac
2325 3292 2375 3332 id,

1315 3336 1350 3366 &
1374 3335 1479 3365 merito
1498 3357 1508 3371 ,
1534 3334 1608 3364 votis
1633 3343 1693 3364 non
1717 3333 1860 3364 accesserit
1883 3331 1987 3363 nostris
2011 3340 2140 3372 gratum,
2166 3330 2372 3361 nichilominus

1315 3373 1451 3404 Nuncios
1475 3371 1547 3410 ipsos
1572 3373 1606 3403 &
1630 3372 1730 3402 litteras
1754 3371 1908 3403 affectione
1932 3379 2045 3409 paterna
2060 3371 2218 3408 recepimus
2255 3369 2289 3401 &
2313 3378 2371 3400 tam

1316 3422 1381 3450 quae
1398 3421 1495 3442 coram
1512 3411 1596 3440 nobis
1611 3411 1645 3442 &
1662 3411 1789 3441 fratribus
1805 3410 1907 3441 nostris
1923 3418 1958 3439 ex
1981 3418 2059 3447 parte
2083 3408 2114 3438 R
2151 3410 2170 3438 is
2193 3393 2281 3438 iid'em
2305 3417 2372 3448 910-

1337 3460 1423 3481 00616
1447 3449 1561 3480 Νο0611
1584 3449 1751 3486 voluerunt,
1770 3459 1856 3487 quam
1881 3458 1945 3487 quae
1970 3447 2113 3486 praedietae
2142 3449 2228 3479 'tterae
2244 3447 2372 3478 contine-

1337 3498 1385 3519 ant
1400 3489 1523 3519 benivne
1538 3486 1693 3518 audivimus
1702 3511 1711 3525 ,
1729 3488 1763 3518 &
1778 3488 1963 3518 intelleximus
1978 3486 2133 3525 diligenter.

1353 3528 1427 3558 Sane
1451 3514 1639 3557 ffunciorum
1663 3526 1785 3564 ipsorum
1809 3526 1907 3557 habuit
1930 3523 2045 3555 discreta
2071 3524 2168 3554 relatio
2185 3546 2195 3561 ,
2221 3520 2298 3561 quod
2321 3527 2372 3564 tu,

1317 3573 1462 3603 tamquam
1478 3563 1544 3595 Rex
1560 3564 1689 3603 inclitus,
1707 3564 1894 3604 Princepsque
1908 3562 2094 3600 Catholicus,
2112 3563 2142 3592 10
2180 3571 2219 3591 00
2240 3559 2372 3604 devotio-

1318 3605 1360 3633 nis
1376 3604 1409 3634 &
1425 3603 1490 3633 fidei
1506 3602 1652 3639 plenitudo
1668 3603 1826 3640 corruscat,
1845 3601 1985 3640 perduffls
2000 3600 2134 3631 113616003
2149 3610 2165 3629 3
2199 3598 2370 3628 audientiam

1317 3642 1442 3680 Regiam
1475 3640 1597 3671 infaustis
1623 3641 1737 3671 moestis
1752 3652 1786 3672 ue
1810 3641 1911 3672 Terrae
1932 3639 2034 3670 sari<stae
2057 3639 2216 3669 rumoribus
2240 3636 2371 3679 (quam)

1318 3681 1393 3718 proh
1409 3678 1508 3710 dolor!
1527 3679 1696 3710 orthodoxae
1713 3679 1731 3709 fi
1752 3681 1777 3710 ei
1793 3679 1919 3717 ostium,
1936 3688 1996 3708 non
2013 3677 2070 3708 sine
2092 3676 2184 3707 multo
2206 3672 2372 3716 Christiani-

1318 3719 1379 3748 tatis
1396 3716 1526 3755 excidio,
1541 3718 1630 3748 feralis
1646 3719 1798 3756 occupavit
1825 3717 2000 3754 immanitas,
2017 3725 2050 3746 ac
2069 3715 2098 3744 in
2123 3711 2322 3744 desolationem
2337 3713 2372 3743 &-

1317 3757 1428 3787 ruinam
1453 3755 1534 3792 ipsius
1557 3756 1692 3787 scelestius
1716 3755 1867 3787 furibunda
1889 3754 2022 3791 desaevit)
2048 3753 2127 3783 tanto
2151 3749 2312 3793 propensius
2336 3750 2372 3781 ad

1319 3794 1402 3831 ipsius
1425 3794 1525 3823 Terrae
1549 3793 1698 3826 subsidium
1723 3794 1812 3826 stabili
1836 3794 1976 3832 firmoque
2001 3789 2144 3829 proposito
2159 3797 2286 3832 animum
2310 3787 2373 3819 Re-

1318 3834 1397 3872 gium
1423 3831 1579 3870 roborasti,
1605 3842 1717 3871 tuaeque
1741 3833 1843 3863 mentis
1867 3831 2021 3862 ferventior
2043 3826 2311 3873 affecitusanyaluit,
2337 3828 2372 3858 &

1316 3870 1384 3901 zelo
1400 3870 1535 3900 uberioris
1551 3873 1638 3902 exritit
1654 3872 1816 3904 devotionis
1827 3869 1976 3910 accensus,
2015 3873 2101 3895 uanto
2119 3864 2372 3909 majoris-necem-

1318 3910 1379 3939 tatis
1395 3909 1523 3938 articulus
1540 3910 1705 3948 imminere,
1723 3909 1865 3945 die‘taeque
1880 3902 2096 3948 Terrae-‚anetae
2113 3902 2261 3945 necessaria
2277 3911 2373 3947 potuis

1317 3948 1380 3980 fore
1396 3947 1547 3977 dinoscitur
1562 3948 1713 3978 accelerata
1729 3947 1876 3977 subventio
1893 3939 2004 3982 passagii
2039 3940 2161 3970 eneralis.

1354 3985 1488 4025 Revera,
1503 3985 1544 4017 1111
1565 3986 1722 4025 carissime,
1740 3986 1772 4015 in
1794 3984 1893 4023 hujus,
1910 3990 1970 4013 tarn
1993 3989 2027 4011 ce
2038 3979 2129 4019 ebris,
2146 3987 2205 4013 tam
2228 3979 2314 4012 felicis
2329 3979 2374 4049 ἐξ
