2570 4261
22 247 98 280 Ann.
108 245 149 277 D.

49 298 132 329 1292.

21 332 87 360 Ην.
110 337 119 355 1
127 348 134 355 .

38 1757 56 1776 ¹
66 1755 171 1793 11583„

740 164 850 205 ET
934 163 1198 206 ACTA

202 246 284 290 Dicit
300 250 384 280 etiam
404 248 482 287 quod
503 249 547 279 lex
562 248 595 279 ὃς
608 247 791 286 constitutio,
807 259 872 287 quae
888 249 948 280 sunt
962 251 1032 280 inter
1045 256 1168 280 tenentes
1182 248 1216 278 &

163 284 303 327 subjerftos
317 311 326 326 ,
352 288 520 325 superiorem
541 288 623 326 ligare
641 297 700 316 non
719 287 833 324 possunt
847 312 856 326 ,
884 288 917 318 &
940 290 1081 326 praecipue
1102 287 1216 325 Regem

165 325 260 354 inum:
276 325 369 356 Unce
387 326 454 357 dicit
476 325 553 363 quod
567 349 576 363 ,
599 326 665 355 licet
687 327 714 354 iu
729 325 947 356 Hereditatibus
968 325 1159 362 Partibilibus‚
1177 324 1217 354 se·

166 363 294 393 cundum
308 364 382 403 leges
393 366 427 395 δε
441 363 652 394 consuetudines
666 386 675 401 ,
695 364 765 393 intei-
786 364 906 394 iiibditos
921 364 1089 400 oblervatas,
1110 364 1217 400 primo-

168 403 261 440 genita
278 402 377 432 habim
398 403 518 439 aliquam
538 403 749 439 praerogativam
764 414 773 439 3
791 403 819 431 in
835 401 942 439 Regno
956 411 1051 431 tamen
1069 400 1217 438 impartibili

169 438 220 470 ubi
237 441 395 477 proximior
416 440 537 478 sanguini
559 439 657 478 Regali
680 440 818 478 legitimus
831 463 840 477 ,
864 449 995 477 tempore
1007 441 1164 470 vocationis
1176 440 1218 467 in-

169 486 270 507 ventus
282 502 292 515 ,
311 477 466 507 secundum
486 479 529 515 jus
549 478 669 508 naturale
683 480 724 507 cit
738 478 925 515 preferendus
937 501 945 516 ,
959 479 1143 518 primogenita
1156 476 1220 506 nul-

169 515 228 546 lam
240 516 325 546 habet
336 518 560 555 praerogativam

207 552 290 597 Dicit
302 555 387 584 etiam
402 554 480 591 quod
494 553 668 583 consuetudo
681 553 847 584 succedendi
861 555 889 583 in
900 554 1006 593 Regno
1020 554 1124 585 Scotise
1139 552 1220 590 plene

170 591 238 622 facit
250 602 303 631 pro
317 603 368 623 eo:
389 593 467 630 Qiia
479 592 564 632 dicit,
584 592 661 629 quod
676 593 802 622 ulitatum
816 591 857 622 est
871 594 899 622 in
914 592 1027 630 Scotifi,
1046 592 1123 630 quod
1140 592 1221 621 frater

173 629 263 670 Regis
282 630 467 669 praecedentis
491 632 635 668 praeiertur
656 630 725 660 illius
744 630 802 660 filio
824 632 853 660 in
865 631 1035 661 succeisione
1050 631 1161 669 Regni,
1182 639 1223 659 ra-

174 670 252 699 tione
266 670 448 708 proximitatis
463 669 489 697 in
504 668 600 707 gradu.

213 707 251 737 Et
264 708 298 738 ad
313 708 370 738 hoc
385 706 513 745 quaedam
533 708 644 744 antiqua
666 707 795 744 produxit
815 707 958 745 exempla,
977 707 1124 744 videlicet,
1146 705 1223 743 quod

197 745 292 777 uidam
305 744 507 783 Dovemldus,
524 744 619 775 Frater
633 744 748 784 Kyneth
771 745 950 785 Mac-Alpyn
965 768 974 782 ‚
993 746 1117 785 regnavit
1132 745 1225 773 inme-

166 818 172 825 ,
196 786 249 815 iate
310 783 333 813 st
354 783 468 814 fratrem
488 784 567 813 suum
581 808 590 820 .,
614 785 724 814 excluso
745 783 935 814 Constantino
949 785 1140 822 primogenito
1156 792 1226 819 ρι’-αε-

175 823 246 867 ἀξᾶί
299 821 400 862 eyneth
413 846 424 860 ‚
448 823 481 853 ὃς
505 822 561 852 hoc
584 823 689 852 rarione
707 823 919 860 propinquitatis
946 823 1080 861 fimguinis
1101 821 1151 858 ipsi
1175 820 1226 849 Al-

175 870 261 899 pino:

215 898 252 929 Et
272 897 337 943 post
359 898 528 942 praedit‘tum
555 898 759 942 'Do'vennldum
773 923 782 936 ,
807 899 931 938 regnavit
953 898 1043 929 dietus
1064 896 1230 928 Constanti—

176 947 252 1005 m'iss’t
259 936 957 1019 ,p{ffstoffifi‘ssxitfsssffiif‘fiffssrliiiiijfliiiiii-gig&
967 974 1141 1006 Dovenaido
1155 973 1228 1004 Filio

177 1015 306 1053 praediisti
319 1013 519 1058 Constantini,

216 1053 265 1083 De
277 1053 378 1091 quibus
391 1051 581 1083 Constantino
594 1053 626 1083 ὃ(
642 1052 724 1090 Edh,
742 1052 869 1082 fratribus
888 1052 922 1082 &
937 1051 1010 1082 Filiis
1024 1050 1151 1089 praedi'isti
1167 1050 1230 1089 Ky-

176 1092 246 1122 neth
266 1091 446 1129 Mac-Alpyn
459 1115 468 1130 ,
494 1090 695 1122 descenderunt
715 1101 815 1122 omnes
830 1090 926 1130 Reges
938 1114 948 1128 ,
967 1091 1014 1128 qui
1028 1089 1123 1127 postea
1135 1097 1231 1128 regna-

178 1138 281 1161 verunt
295 1130 324 1159 in
338 1129 433 1160 Scotiii
447 1130 632 1168 usquemodo.

218 1168 255 1199 Et
274 1168 381 1207 semper
395 1193 404 1206 ,
425 1168 492 1199 sicut
507 1177 583 1199 erant
598 1168 782 1207 proximiores
799 1169 827 1197 in
839 1166 925 1206 gradu
940 1167 1065 1203 inventi,
1081 1165 1232 1208 regnabant

180 1208 298 1245 quilibet
318 1206 382 1245 post
401 1207 485 1237 alium
498 1231 507 1245 ,
534 1206 619 1244 usque
633 1205 666 1236 ad
678 1215 788 1243 tempus
802 1206 889 1243 Regis
906 1204 1076 1241 Malcolmi,
1094 1205 1148 1234 viri
1163 1203 1234 1232 San-

180 1247 237 1276 clae
250 1245 435 1285 Margaretzes,
453 1246 486 1276 &
500 1244 607 1282 adhuc,
625 1243 690 1282 post
708 1243 875 1281 praedic'tum
892 1242 1101 1279 Malcolmum,
1121 1241 1234 1279 quidam

181 1284 262 1314 frater
276 1286 332 1322 ejus
346 1285 472 1319 regnavit
481 1306 489 1321 ‚
508 1282 619 1313 excluso
635 1281 692 1312 filio
704 1282 824 1319 ejusdem
842 1281 999 1311 Malcolmi.

219 1322 257 1353 Et
276 1322 352 1352 idem
372 1322 517 1352 Robertus
536 1320 659 1351 similiter
674 1319 741 1350 dixit
757 1319 884 1357 quaedam
896 1319 945 1348 alia
959 1318 1086 1358 exempla
1098 1317 1135 1347 de
1145 1317 1237 1348 consi-

182 1361 295 1391 milibus
314 1359 531 1391 succeffionibus
545 1381 554 1395 ,
573 1359 608 1389 de
622 1358 786 1396 quibusdam
799 1358 856 1388 aliis
869 1358 944 1387 terris
958 1358 991 1388 ὃς
1006 1357 1168 1395 regionibus
1177 1379 1187 1395 ‚
1205 1364 1236 1385 ut

183 1399 221 1430 de
232 1398 354 1439 Yspania
365 1400 399 1429 ὃς
415 1397 560 1428 Comitatu
575 1396 727 1428 Sabaudiae.

222 1437 304 1468 Dicit
327 1437 435 1475 insuper
455 1436 531 1466 idem
554 1435 714 1473 Robertus,
731 1433 808 1472 quod
824 1434 924 1464 mulier
937 1442 1052 1472 regnare
1064 1443 1124 1463 non
1137 1432 1237 1469 debet,

184 1477 249 1514 quia
269 1474 400 1506 officium
421 1475 561 1514 regiminis
584 1483 714 1504 exercere
735 1483 794 1502 non
812 1471 923 1510 potest:
949 1472 986 1503 Et
1007 1480 1136 1511 tempore
1149 1495 1159 1509 ,
1177 1481 1237 1508 quo

183 1513 355 1552 praedid'rum
372 1514 507 1551 Regnum
521 1513 643 1551 Semi-213,
661 1522 709 1550 per
723 1518 847 1541 mortem
862 1511 948 1550 Regis
963 1510 1133 1547 Alexandri,
1157 1519 1240 1539 vaca-

184 1553 226 1583 vit
239 1575 249 1590 ‚
273 1552 324 1583 fuit
344 1550 529 1589 Dervegulda
542 1574 552 1590 ,
577 1551 673 1581 Mater
695 1549 820 1588 proedieti
830 1549 986 1588 johannis,
1004 1547 1157 1587 superstes,
1175 1557 1240 1585 quae

184 1592 292 1622 ratione
305 1590 439 1627 praedieta
453 1599 567 1629 regnare
581 1600 640 1620 non
654 1589 762 1627 potuit,
780 1598 833 1618 nec
849 1587 953 1618 debuit.

224 1629 261 1660 Et
282 1630 318 1660 sic
333 1630 378 1668 jus
398 1629 480 1667 ipiius
497 1628 594 1667 Regni
614 1627 751 1666 praedieto
766 1626 917 1664 Roberto,
935 1634 1080 1663 tamquam
1095 1623 1243 1662 Mastulo,

186 1669 220 1699 &
240 1669 270 1698 in
292 1668 392 1706 aequali
412 1666 499 1706 gradu
516 1677 583 1697 curn
599 1666 731 1704 praediista
746 1665 825 1695 Derv
863 1664 942 1702 ulda,
960 1664 1017 1694 sine
1034 1662 1130 1694 medio
1145 1663 1243 1692 debuit

186 1706 321 1744 resortiri‚
349 1715 444 1743 ropter
456 1704 678 1735 insufficientiam
694 1704 817 1743 ejusdem
864 1702 1041 1740 erveguldae,
1054 1703 1118 1740 quia
1132 1701 1242 1731 mulier.

224 1745 243 1764 ³¹²
259 1745 316 1775 Un
336 1755 353 1774 e
371 1745 441 1782 petit
459 1743 536 1773 idem
558 1742 702 1773 Robertus
723 1742 800 1780 quod
813 1765 823 1780 ‚
847 1742 944 1772 habito
967 1740 1093 1778 respectu
1113 1739 1148 1769 ad
1171 1739 1244 1779 leges

187 1782 319 1822 Regales,
338 1792 468 1826 per-quas
484 1782 578 1818 Reges
590 1790 720 1820 regnant,
742 1783 774 1812 &
789 1789 903 1820 regnare
918 1779 1039 1816 debent,
1058 1780 1091 1809 &
1108 1779 1191 1808 etiarn
1210 1777 1243 1806 ad

186 1821 313 1859 exempla
325 1831 374 1858 per
387 1824 475 1858 iplum
487 1819 623 1859 producta
634 1844 643 1858 ,
657 1821 701 1859 jus
721 1819 800 1850 suum
821 1819 886 1851 velit
898 1817 1038 1849 declarare
1054 1818 1087 1848 ὃ(
1102 1817 1153 1847 fibi
1163 1815 1245 1855 justi-

186 1861 256 1890 tiam
268 1859 408 1890 exhibere.

226 1936 265 1967 Et
278 1936 356 1974 super
368 1936 427 1967 hoc
441 1936 520 1967 venit
530 1935 674 1974 johannes
687 1934 724 1965 de
737 1934 870 1972 Balliolo,
889 1935 936 1972 qui
952 1933 1074 1963 similiter
1089 1933 1157 1971 petit
1165 1931 1245 1971 Reg-

189 1984 260 2006 num
281 1975 385 2006 Scotiae
398 1999 408 2013 ,
436 1983 521 2015 prout
542 1982 617 2012 patet
634 1975 662 2003 in
691 1974 825 2011 petitione
847 1972 893 2002 sua
910 1971 1070 2010 praescriptzi
1084 1994 1094 2010 ,
1119 1973 1152 2002 ὃς
1174 1971 1246 2001 dicit

192 2013 271 2052 quod
293 2013 428 2052 praedic‘to
448 2013 578 2043 Roberto
599 2012 635 2042 de
656 2012 726 2042 Brus
750 2021 810 2042 non
832 2011 943 2049 potest,
964 2020 1018 2040 nec
1033 2010 1119 2040 debet
1133 2010 1169 2039 de
1179 2009 1248 2048 Jure

194 2052 363 2090 pi'aediCtum
390 2052 525 2091 Regnum
543 2051 648 2082 Scotiae
670 2049 820 2089 adjudicari
836 2060 842 2078 2
869 2050 945 2088 Qia
960 2071 969 2086 ,
993 2048 1064 2079 dicit
1079 2071 1089 2087 ‚
1107 2049 1185 2086 quod
1199 2048 1248 2077 ubi

194 2090 344 2129 praedieius
359 2090 501 2121 Robertus
516 2089 552 2120 de
565 2089 632 2120 Brus
644 2089 673 2118 in
686 2090 822 2126 petitione
836 2087 883 2118 sua
897 2088 967 2125 petit
981 2087 1119 2124 Regnum
1134 2087 1248 2124 Scotiae,

190 2139 258 2159 cum
272 2130 442 2167 pertinentiis
457 2128 522 2165 suis,
540 2136 572 2158 ut
585 2127 690 2158 red'tior
705 2128 739 2158 &
753 2127 908 2165 proximior
923 2125 1024 2155 Haeres
1039 2126 1119 2166 iplius
1135 2125 1247 2164 Regni,

190 2177 243 2205 pro
266 2178 302 2197 eo
321 2167 398 2205 quod
419 2167 592 2196 willielmus
607 2190 616 2205 ‚
641 2165 786 2204 quondam
799 2189 809 2203 ,
836 2164 900 2194 Rex
923 2164 1030 2195 Scotiae
1045 2186 1054 2201 ‚
1080 2163 1249 2194 Anteceffor

190 2205 268 2244 sum,
283 2206 364 2236 frater
381 2204 477 2236 David
492 2204 617 2235 Comitis
630 2203 863 2244 Huntyndoniae,
881 2203 933 2233 fuit
948 2202 1047 2232 seilitus
1070 2203 1098 2232 in
1111 2201 1250 2232 Domini-

192 2253 231 2274 co
245 2245 309 2282 su0‚
328 2254 359 2275 ut
373 2244 409 2274 de
425 2243 511 2274 feodo
525 2243 559 2273 &
569 2244 647 2281 jure,
664 2242 700 2272 de
713 2242 851 2280 praediCm
874 2241 980 2280 Regno
1000 2240 1123 2278 Scotiae,
1138 2250 1251 2277 tempo-

191 2292 223 2313 re
251 2284 304 2351 ac‘iis
319 2283 516 2351 ,Sittexrsspffrq
523 2281 609 2350 Reggs
617 2280 662 2349 sH.
681 2282 780 2349 Ertoavi
795 2279 919 2348 {ignisti
934 2279 1096 2346 Regss’fil'i
1108 2289 1184 2347 nuAlnc
1192 2277 1249 2308 est:

193 2330 267 2397 ‹isof
281 2332 317 2390 u?
327 2331 392 2403 2513
402 2360 436 2390 ἃ
452 2329 588 2395 ffzssffi,
600 2330 616 2349 ‘²‘
627 2328 799 2400 fiissessgsfflt
814 2327 1144 2399 &suffixistis
1169 2327 1237 2348 em

232 2397 268 2428 Et
288 2397 324 2428 de
346 2398 405 2436 ipso
428 2395 587 2440 Alexandro
607 2368 756 2439 des-cendit¹
775 2405 814 2437 lus
829 2394 957 2437 ejusdem
974 2394 1069 2437 Regni
1084 2393 1195 2437 cuidam
1210 2394 1252 2424 A-

194 2435 328 2506 lsexsmdro
341 2459 351 2473 ,
378 2445 406 2466 ut
425 2435 484 2465 filio
502 2435 537 2465 &
559 2433 664 2464 haeredi
679 2456 690 2472 ‚
708 2443 759 2472 qui
774 2433 897 2462 limiliter
913 2440 1039 2471 regnaVit
1053 2432 1087 2462 ὃς
1101 2433 1173 2462 obiit
1188 2431 1253 2461 mde

206 2485 232 2505 ei
244 2483 313 2505 itus:

234 2513 295 2552 Qii
311 2511 426 2551 quidem
441 2509 595 2542 Alexander
609 2510 705 2540 habuit
717 2509 787 2539 duos
801 2508 890 2546 filios,
910 2509 958 2546 qui
974 2509 1108 2539 obierunt
1123 2508 1180 2538 fine
1194 2508 1254 2538 hae-

194 2551 263 2582 rede
283 2551 319 2581 de
337 2550 363 2580 se
378 2573 387 2588 ‚
405 2550 487 2580 Patre
501 2558 603 2580 eorum
624 2550 754 2586 vivente,
773 2548 806 2578 ὅ(
822 2557 908 2578 unam
924 2547 1024 2584 filiam,
1044 2546 1255 2584 Margaretam,

195 2590 314 2620 nomine
329 2612 338 2627 ‚
357 2588 456 2627 postea
471 2587 615 2627 Reginam
636 2586 819 2625 Norwegiae‚
839 2596 902 2624 quae
917 2585 1040 2615 similiter
1053 2585 1125 2615 obiit
1140 2586 1255 2615 vivente

248 2638 259 2657 r
285 2638 291 2657 τ

197 2637 284 2696 page
299 2665 356 2704 qua
370 2665 485 2704 quidem
499 2663 659 2703 Margaret&
672 2663 756 2693 exivit
771 2661 902 2700 quaedam
913 2661 1087 2701 Margareta:
1107 2660 1256 2692 cuidiEtus

196 2703 261 2735 Rex
277 2703 449 2742 Alexander,
468 2703 546 2734 Avus
560 2702 641 2740 ipsius
656 2701 722 2732 Mar
743 2708 827 2730 aretae
840 2724 849 2739 ‚
869 2700 935 2731 fecit
952 2701 1081 2731 homines
1096 2699 1132 2729 de
1148 2699 1254 2739 Regno

196 2743 246 2772 suo
255 2743 363 2781 jurare,
383 2750 412 2772 ut
426 2742 509 2780 ipsam
525 2748 650 2771 tenerent
665 2750 717 2778 pro
764 2738 864 2770 omina
878 2738 947 2769 dieti
961 2739 1056 2778 Regni
1068 2761 1078 2778 ,
1091 2738 1125 2769 δι’.
1140 2738 1198 2769 hoc
1214 2738 1257 2768 fe-

197 2782 236 2812 cit
253 2791 302 2818 per
314 2781 446 2818 scriptum
459 2779 606 2810 affirmari:

236 2820 314 2858 Qae
329 2819 446 2857 quidem
462 2818 528 2848 Mar
548 2827 620 2848 areta
633 2818 704 2848 obiit
716 2816 773 2847 fine
785 2815 897 2847 haerede
911 2814 947 2846 de
962 2815 1005 2854 se3

235 2857 291 2888 Per
308 2857 385 2895 quod
403 2859 446 2895 jus
481 2867 518 2887 rae
540 2857 588 2887 iffi
606 2855 705 2893 Regni
727 2854 865 2884 debuisset
880 2854 999 2884 refortiri
1019 2853 1133 2895 cuidam
1146 2852 1258 2891 David,

201 2896 290 2926 Fratri
306 2896 433 2934 praedieti
490 2895 639 2933 illielmi,si
652 2895 755 2925 statum
770 2893 903 2932 regnandi
917 2891 1099 2930 expedtfisset:

237 2934 274 2965 Et
296 2935 372 2964 idem
392 2933 488 2965 David
508 2934 604 2964 habuit
620 2941 674 2963 tres
690 2932 712 2963 F
715 2932 791 2969 ilios,
810 2933 860 2969 qui
871 2932 1001 2961 obierunt
1014 2931 1071 2961 fine
1084 2930 1208 2960 Haerede
1222 2929 1258 2959 de

200 2973 242 3004 se·
265 2973 299 3004 &
321 2981 441 3010 quatuor
460 2971 527 3001 filias
541 2995 550 3009 ‚
575 2970 725 3002 Matildem
740 2995 749 3008 ,
776 2980 840 3008 quae
857 2970 930 3001 obiit
949 2969 1007 2999 fine
1023 2968 1148 3000 Haerede
1161 2969 1196 2999 de
1214 2970 1258 3007 se,

202 2997 412 3048 Rsargareram,
430 3010 589 3053 Ysabellarn
603 3010 636 3053 .&
655 3010 763 3040 Adam:
1173 3047 1175 3050 Ι

240 3049 289 3079 De
311 3048 367 3086 qua
390 3047 520 3089 Ysabella
538 3057 623 3078 exiVit
648 3048 794 3078 Robertus
814 3045 851 3076 de
867 3045 952 3084 Erus,
968 3047 1016 3084 qui
1031 3056 1107 3077 nunc
1123 3053 1208 3084 petit,
1225 3045 1259 3076 &

202 3086 273 3118 dicit
293 3086 373 3125 quod
391 3086 426 3117 ad
445 3087 534 3123 iplum
550 3086 650 3123 debet,
665 3087 784 3117 refortiri
797 3085 966 3123 praedicium
984 3084 1121 3124 Regnum
1134 3084 1258 3122 Semne,

204 3126 262 3156 fine
280 3125 379 3156 medio
393 3149 404 3163 ,
429 3133 460 3154 ut
480 3123 514 3154 ad
534 3124 736 3161 proximiorem
757 3125 784 3154 in
807 3123 894 3160 gradu
914 3123 950 3153 de
967 3123 1099 3162 sanguine
1114 3122 1201 3161 Regis
1215 3122 1258 3152 A-

204 3163 352 3233 lex-liffndri}
362 3165 411 3202 qui
429 3163 532 3193 ultimo
557 3162 629 3192 obiit
643 3186 654 3201 ,
677 3162 849 3194 &similiter
863 3161 948 3192 dietae
961 3160 1128 3202 Margaretae
1145 3161 1174 3190 in
1188 3161 1259 3191 linea

204 3213 243 3234 co
263 3211 334 3233 atera
345 3212 369 3232 i:

241 3241 277 3271 Et
298 3240 376 3278 quod
396 3248 528 3278 praererea
549 3237 662 3276 quidam
682 3238 837 3269 Alexander
851 3262 861 3277 ,
877 3238 957 3269 Pater
970 3237 1099 3279 praedie'ti
1114 3237 1203 3276 Regis
1218 3236 1260 3267 A-

204 3278 327 3309 lexandri
343 3303 353 3317 ,
378 3280 427 3316 qui
448 3278 552 3308 ultimo
574 3277 645 3307 obiit
659 3300 670 3314 ,
688 3278 856 3321 recognovit
869 3287 968 3308 coram
983 3276 1137 3307 Baronibus
1150 3276 1200 3306 suis
1216 3277 1260 3313 ip-

205 3317 266 3347 sum
290 3327 342 3354 pro
365 3317 539 3354 proximiore
560 3314 674 3346 haerede
687 3339 698 3354 ,
722 3315 743 3345 si
758 3315 847 3353 ipsum
861 3315 998 3347 decedere
1013 3316 1193 3354 contingeret
1203 3314 1259 3345 line

204 3355 319 3385 haerede
330 3355 366 3385 de
381 3364 504 3392 corpore
519 3354 583 3384 suo:

244 3392 282 3424 Et
301 3392 367 3423 illud
388 3393 465 3434 idem
488 3390 646 3422 Alexander
660 3415 670 3428 ,
695 3390 761 3421 Rex
784 3390 890 3423 Scotioe
904 3416 913 3430 ‚
930 3393 977 3430 qui
993 3391 1095 3422 ultimo
1109 3391 1196 3428 obiit,
1217 3401 1261 3421 re-

205 3431 379 3471 congnovst,
399 3430 419 3460 si
433 3430 536 3468 absque
549 3429 673 3460 Haerede
687 3429 723 3460 de
737 3438 860 3466 corpore
874 3430 924 3460 suo
939 3431 1049 3469 obiret,
1069 3431 1171 3460 sciente
1185 3429 1260 3459 Der-

206 3469 326 3509 vegulda
339 3493 350 3508 ,
375 3468 471 3499 Matre
493 3467 622 3506 praediciti
639 3467 776 3507 johannis
790 3466 826 3498 de
841 3467 957 3499 Balliolo
966 3491 977 3508 ‚
995 3469 1028 3500 &
1041 3478 1103 3499 non
1119 3468 1260 3498 contradi-

206 3517 326 3577 cerlliti‘em
350 3545 495 3576 Robertus
516 3545 546 3574 in
568 3544 703 3582 petitione
723 3543 767 3575 sua
785 3543 853 3575 fecit
868 3543 1066 3583 omiffionern,
1084 3545 1114 3574 in
1130 3555 1166 3574 eo
1183 3543 1262 3583 quod

208 3585 277 3630 dicit
311 3583 387 3629 quod
397 3584 441 3628 jus
455 3582 550 3622 Regni
561 3582 688 3622 praediffi
704 3581 841 3626 debuisset
853 3583 973 3614 refortiri
987 3583 1099 3621 David,
1117 3582 1192 3613 fratri
1201 3583 1262 3614 Re-

208 3609 655 3693 g¹⁵1ffl¹igssffi¹ssgnss¹3ssffiffiep
656 3620 830 3696 ἶκῗέἒὲξῗεὲ
829 3630 858 3651 ²‘
877 3621 1209 3692 ”fitffrsseaffssri‘avbeegiiss’
1228 3624 1262 3690 ἓῗ

210 3673 300 3745 {¹1me
322 3699 449 3744 praediffl
465 3697 617 3741 waiteimi
641 3697 730 3742 fratris
752 3682 881 3742 praed'ieii
898 3669 994 3728 ngavid
1009 3710 1020 3742 ᾗ
1037 3699 1141 3729 deficat
1155 3685 1265 3729 nulium

207 3747 448 3809 {1¹}{ii0vnsffii'ie'iffi
454 3735 744 3815 ,Ἑῗὲεἱῗὲἓῖἓῖιέ
751 3734 1183 3814 ffifflffmfflsmstissffi?
1190 3749 1266 3808 5351:

212 3815 406 3893 lielff.quoad
427 3853 486 3884 hoc
502 3875 512 3891 ‚
543 3851 621 3891 quod
642 3851 720 3896 idern
742 3848 888 3895 Robertus
902 3851 973 3883 dicit
986 3851 1066 3890 quod
1078 3854 1122 3892 jus
1138 3853 1267 3891 praediffl

216 3892 313 3931 Regni
326 3893 411 3924 debet
425 3892 459 3923 ad
475 3891 564 3930 ipsum
582 3890 720 3932 resortiri,
736 3888 793 3919 sine
809 3890 922 3927 medio;

255 3930 335 3961 Idem
350 3932 494 3970 Johannes
509 3930 596 3967 dicit,
613 3937 644 3959 ut
661 3938 753 3966 prius,
771 3927 850 3965 quod
866 3928 975 3959 nullum
993 3929 1031 3959 'us
1043 3930 1138 3968 potest
1154 3930 1269 3960 descen-

216 3968 284 3999 dere
299 3969 346 3999 vel
361 3971 478 4001 refimiri
495 3969 592 4006 alicui,
610 3967 660 3998 nisi
674 3976 723 4005 per
741 3966 870 3997 medium
884 3966 971 3997 reem
995 3968 1001 3973 “
1025 3977 1082 4008 eae,
1099 3968 1270 3999 descenden-

216 4008 251 4037 tis
275 4007 322 4037 vel
342 4007 511 4039 ascendentis
524 4031 535 4047 ‚
558 4005 713 4037 secundum
735 4005 810 4042 legas
836 4006 869 4035 &
890 4004 1106 4037 consuetudines
1128 4007 1270 4045 utriusque

219 4045 340 4085 Regni3
366 4055 416 4084 per
439 4045 518 4086 quod
539 4045 609 4078 dicit
629 4043 728 4085 quod,
753 4042 860 4076 omiffis
878 4043 976 4083 aliquo
990 4066 1002 4083 ,
1023 4043 1072 4076 seu
1085 4045 1220 4084 aliquibus
1234 4046 1271 4077 de

1279 161 1745 210 PUBLICA.
2233 181 2310 219 109

1256 247 1419 322 {ffiffithnff
1435 273 1455 294 ,²
1468 251 1633 294 ascendente
1651 254 1697 284 vel
1717 252 1917 293 descendente,
1934 253 2048 293 aliquod
2057 254 2101 293 jus
2117 254 2150 284 ad
2168 262 2233 284 eum
2248 263 2308 284 non

1362 298 1391 318 re
1402 298 1490 320 ortiri.

1258 361 1262 366 ,
1293 323 1330 353 Et
1345 326 1436 362 quoad
1447 328 1508 370 *hoc
1527 352 1536 366 ,
1555 328 1632 366 quod
1648 328 1724 359 idem
1740 329 1886 361 Robertus
1898 331 1983 368 dicit,
2002 330 2079 368 quod
2095 329 2136 360 est
2152 330 2306 368 proximior

1256 371 1283 404 in
1308 364 1394 401 gradu
1412 387 1421 402 ,
1445 375 1473 394 in
1496 376 1531 396 eo
1548 366 1625 405 quod
1641 368 1709 398 dicit
1725 368 1803 406 quod
1818 368 1966 406 praedietus
1981 368 2076 399 David
2092 369 2187 398 habuit
2202 377 2256 398 tres
2275 367 2308 396 fia

1255 399 1302 442 lias
1320 424 1329 436 ,
1357 401 1562 442 Margaretam,
1581 405 1757 444 Ysabellam,
1775 407 1808 438 δε
1824 407 1934 437 Adam:
1951 407 1988 437 de
2002 406 2058 444 qua
2074 405 2234 445 Margareta
2251 406 2309 435 exi-

1254 438 1501 486 VitDervegulda,
1517 444 1550 473 ὃς
1566 442 1602 473 de
1617 443 1819 483 ipsajohannes
1836 447 1884 482 qui
1898 454 1974 475 nunc
1988 446 2045 474 est:
2065 445 2101 475 de
2118 443 2307 482 praedi&ave-·

1256 486 1289 505 ro
1315 477 1443 510 Ysabella
1467 479 1610 523 Robertus
1626 505 1635 518 ,
1663 483 1711 519 qui
1725 492 1803 513 nunc
1819 484 1905 520 petit,
1925 485 1957 514 &
1974 483 2011 513 sic
2029 484 2185 520 proximior
2199 483 2229 512 in
2246 491 2309 521 gra—

1257 514 1295 544 du
1311 538 1321 553 ‚
1353 526 1394 546 wer
1418 517 1495 555 quod
1515 518 1583 548 dicit
1607 519 1633 549 se
1653 520 1754 549 habere
1777 521 1873 550 melius
1885 522 1928 558 jus
1941 521 1975 550 ad
1990 520 2127 560 Regnum
2141 520 2310 558 praedietum

1258 552 1342 596 securi
1363 564 1412 598 iim
1431 556 1642 587 consuetudines
1656 558 1833 595 quorundam
1847 558 2033 597 Regnorum:

1299 590 1387 637 Dicit¹
1402 593 1479 624 idem
1500 595 1656 638 johann-es<
1669 596 1745 633 quod
1760 618 1769 634 ‚
1795 596 1929 634 quicquid
1944 597 2017 627 dicat
2032 596 2068 627 de
2083 597 2138 627 aliis
2156 595 2264 636 Regnis
2277 595 2311 626 δε

1261 628 1441 674 Regionibus
1454 657 1463 669 ,
1488 633 1533 663 vel
1555 633 1590 663 de
1604 638 1734 676 'iplorum
1755 634 2001 665 consuetudinibus
2016 657 2025 672 ,
2052 636 2080 664 in
2095 636 2201 674 Regnis
2215 643 2311 664 tamen

1262 667 1375 712 Angliae*
1395 671 1427 700 δε
1450 672 1554 701 Scotia:
1568 694 1577 709 ,
1601 681 1630 700 in
1646 673 1746 709 quibus
1762 671 1856 711 Reges
1870 681 1987 711 regnant
2002 683 2049 709 per
2066 672 2266 703 succeffionem
2283 673 2313 701 in

1263 706 1337 736 reeta
1359 707 1429 751 linea
1445 733 1454 746 ,
1480 710 1514 739 &
1537 708 1668 740 Comites
1691 711 1724 741 &
1749 709 1867 740 Baronoe
1893 710 1995 740 eodem
2011 711 2101 740 modo
2114 710 2268 741 succedunt
2284 711 2314 738 in

1263 743 1467 790 haereditatibus
1482 747 1550 785 suis,
1568 748 1654 777 exitus
1671 747 1823 787 postmtae,
1842 748 1908 779 licet
1922 750 1952 778 in
1967 748 2054 786 gradu
2070 750 2314 786 proximior,non

1265 782 1387 827 excludit
1403 793 1507 827 exitum
1524 786 1719 824 primogenitae
1736 809 1745 824 ‚
1764 787 1827 817 licet
1845 788 2030 818 remotiorem
2048 788 2078 816 in
2091 786 2193 826 gradu,
2211 787 2240 816 in
2256 783 2315 822 ips&

1266 822 1343 864 reeta
1352 821 1443 864 linea,
1460 823 1632 854 luccelsione
1647 824 1770 854 durante.

1304 857 1384 889 Dicit
1403 862 1487 902 etiam
1510 862 1588 899 quod
1604 886 1614 899 ,
1638 871 1672 891 ex
1696 873 1753 899 quo
1771 862 1916 900 praedicjtus
1933 862 2077 893 Robertus
2090 860 2221 893 concedit
2237 858 2316 898 quod

1267 895 1449 943 Margaretay
1472 899 1628 930 anteceffor
1652 901 1779 937 praedicti
1800 901 1935 938 johannis
1952 924 1962 939 ,
1979 902 2030 932 fuit
2043 902 2229 939 primogenita
2245 908 2316 936 prae-

1266 934 1335 964 dicti
1355 935 1450 967 DaVid
1467 947 1473 966 :
1502 937 1538 968 Et
1561 937 1694 975 praedieta
1713 939 1731 957 ²*
1750 938 1875 969 Ysabella
1891 963 1901 977 ,
1926 949 2015 969 mater
2031 939 2157 976 praedicti
2174 937 2317 974 Roberti,

1265 972 1330 1013 post
1346 982 1407 1003 nata
1417 976 1560 1018 ,&·quod
1576 975 1744 1013 praediCtum
1760 976 1896 1015 Regnum
1913 978 2019 1007 Scotiae
2040 988 2100 1007 non
2117 977 2157 1006 est
2173 975 2317 1016 partibile,

1268 1021 1319 1050 per
1344 1012 1422 1049 quod
1447 1013 1516 1044 dicit
1540 1013 1616 1051 quod
1629 1015 1672 1051 jus
1689 1014 1769 1051 ipsius
1782 1014 1893 1053 Regni,
1913 1017 1946 1045 δε
1964 1015 2052 1052 ipsum
2071 1015 2208 1053 Regnum
2225 1014 2318 1044 unicae

1268 1048 1392 1091 personae
1408 1049 1508 1081 debeat
1525 1061 1686 1089 remanere,
1702 1051 1812 1082 videtur
1828 1054 1853 1081 ei
1869 1054 1946 1090 quod
1956 1075 1966 1090 ,
1983 1055 2013 1082 in
2036 1053 2196 1092 hujusmodi
2209 1052 2318 1082 succes-

1268 1092 1363 1126 iione,
1379 1088 1533 1119 secundum
1548 1090 1621 1129 leges
1638 1091 1670 1120 ὃς
1687 1090 1900 1121 consuetudines
1918 1090 2057 1127 utriusque
2074 1091 2185 1130 Regni,
2207 1099 2320 1120 antena-

1268 1134 1295 1156 ta
1313 1126 1355 1155 est
1372 1127 1541 1163 praeferenda
1566 1128 1719 1165 postnatae,
1737 1129 1770 1158 &
1793 1128 1891 1158 eadem
1906 1129 2011 1158 ratione
2027 1130 2112 1159 exitus
2128 1136 2262 1158 antenatae
2279 1126 2319 1156 est

1269 1164 1456 1207 prceferendus
1472 1166 1626 1204 postumae,
1643 1175 1701 1196 tarn
1717 1168 1823 1197 ratione
1847 1168 2093 1206 primogeniturae,
2111 1168 2196 1204 quam
2219 1167 2323 1202 impar-

1271 1202 1401 1233 tibilitatis
1417 1203 1510 1243 Regni
1526 1204 1669 1242 praefflfti,

1311 1240 1422 1285 Unde,
1440 1253 1489 1280 per
1506 1244 1625 1273 rationes
1641 1242 1804 1281 pradinas,
1821 1243 1938 1273 durante
1955 1244 2028 1273 exitu
2045 1243 2240 1282 primogenitae
2256 1264 2267 1280 ,
2284 1241 2328 1271 ni-

1275 1279 1332 1309 chil
1345 1290 1412 1318 juris
1430 1282 1512 1311 exitui
1529 1280 1665 1319 postnatae
1684 1281 1839 1311 accrescere
1855 1281 1957 1321 potest.

1308 1317 1346 1347 Et
1362 1319 1454 1355 quoad
1470 1319 1527 1350 hoc
1537 1319 1630 1357 ,quod
1646 1320 1795 1357 praedietus
1813 1319 1962 1350 Robertus
1979 1318 2047 1349 dicit
2057 1343 2067 1356 ,
2085 1317 2163 1357 quod
2173 1316 2327 1348 Alexander

2324 248 2399 284 ᾹΠΠ.
2409 246 2451 283 D·.

2343 301 2426 328 1292.

2325 335 2390 358 Edv.
2413 339 2436 358 Ιι,

2332 987 2346 1001 ⁴¹
2358 981 2465 1017 Ilo-84.

1274 1355 1340 1386 Rex
1362 1357 1468 1388 Scotiae
1484 1382 1494 1395 ,
1519 1357 1589 1388 filius
1606 1357 1693 1396 Regis
1710 1358 1885 1395 Willielmi,
1903 1358 1991 1387 tenuit
2008 1367 2075 1387 eum
2091 1366 2143 1394 pro
2160 1357 2332 1400 proximiore
2342 1369 2381 1394 M·
2398 1372 2443 1394 22..

1276 1394 1388 1439 haerede
1411 1396 1460 1426 suo
1476 1419 1486 1433 ,
1512 1396 1532 1426 si
1548 1397 1605 1427 line
1619 1395 1730 1426 haerede
1745 1396 1781 1426 de
1796 1396 1823 1426 se
1839 1397 2014 1434 contingeret
2028 1405 2095 1426 eum
2113 1405 2206 1432 mori,
2225 1394 2257 1425 ὃ(
2274 1403 2328 1433 pro

1275 1432 1321 1463 tali
1338 1442 1404 1463 eum
1419 1443 1517 1464 coram
1532 1434 1684 1465 Baronibus
1699 1435 1752 1465 suis
1766 1436 1969 1465 recononovit:

1314 1470 1396 1501 Idem
1410 1471 1553 1517 johannes
1576 1473 1645 1504 dicit
1668 1473 1760 1511 quod,
1779 1458 1872 1510 quoad
1888 1472 2042 1510 petendum
2055 1471 2191 1511 Regnum
2209 1469 2329 1513 praedic-

1276 1518 1338 1553 turn
1349 1532 1359 1547 ,
1378 1510 1534 1549 hujusmodi
1550 1512 1728 1549 recongnitio
1746 1511 1796 1541 fibi
1811 1512 1903 1542 valere
1919 1521 1978 1541 non
1994 1511 2079 1540 debet
2096 1535 2106 1548 ,
2130 1511 2234 1540 etiarnli
2256 1509 2329 1539 faeta

1276 1547 1369 1578 fuisset
1385 1572 1395 1586 ,
1420 1559 1457 1578 eo
1481 1549 1559 1586 quod
1575 1549 1650 1580 idem
1668 1548 1832 1587 Robertus,
1849 1551 1878 1579 in
1896 1550 2030 1587 petitione
2047 1549 2111 1586 sua,
2130 1546 2329 1585 recongnoscit

1279 1585 1356 1623 quod
1382 1586 1530 1624 praediiftus
1554 1587 1708 1619 Alexander
1734 1588 1805 1618 obiit
1827 1587 1926 1619 seiiitus
1948 1587 1984 1617 de
2005 1588 2110 1625 Regno
2127 1586 2283 1624 praedicto,
2300 1586 2330 1615 in

1278 1624 1439 1655 Dominico
1456 1625 1505 1656 suo
1515 1634 1561 1664 ‚ut
1577 1626 1613 1656 de
1629 1625 1758 1657 feodo&
1771 1626 1852 1666 jure,
1867 1627 1900 1657 &
1917 1626 1995 1664 quod
2011 1625 2047 1655 de
2063 1626 2200 1663 praedicto
2210 1624 2332 1654 Alexin-

1278 1662 1332 1692 dro
1357 1663 1498 1694 descendit
1518 1675 1558 1702 jus
1583 1665 1712 1702 praedicti
1735 1664 1832 1701 Regni
1855 1665 1968 1695 cuidam
1984 1663 2161 1702 Alexandro,
2179 1672 2209 1693 ut
2224 1662 2282 1692 filio
2299 1664 2332 1692 ὃ(

1279 1701 1402 1740 haeredi,
1422 1703 1469 1741 qui
1494 1702 1615 1733 fimiliter
1637 1703 1708 1733 obiit
1729 1702 1794 1733 inde
1816 1703 1918 1733 seisitus
1935 1715 1940 1720 ·
1963 1703 2058 1740 unde,
2075 1712 2125 1740 per
2141 1701 2333 1739 recongnitio-

1281 1749 1346 1769 nem
1365 1740 1446 1783 suam<
1457 1741 1635 1778 praediCtam,
1654 1742 1712 1771 satis
1725 1740 1847 1771 ostendit
1865 1727 1944 1779 quod
1959 1741 2005 1771 ille
2023 1741 2177 1771 Alexander
2202 1740 2259 1769 sine
2274 1739 2333 1768 hae-

1282 1777 1348 1808 rede
1370 1778 1406 1809 de
1431 1782 1457 1809 ie
1481 1790 1539 1810 non
1562 1778 1677 1810 deceffit
1691 1803 1700 1817 ,
1722 1779 1755 1809 ὃ(
1780 1779 1859 1817 quod
1880 1780 1924 1817 jus
1939 1779 2034 1818 Regni
2050 1778 2176 1818 praedieti
2193 1777 2227 1807 ad
2243 1776 2333 1806 filium

1281 1816 1362 1858 suum
1379 1840 1388 1855 ,
1415 1826 1446 1848 ut
1468 1817 1501 1847 ad
1527 1818 1668 1848 haeredem
1684 1841 1693 1856 ,
1709 1827 1758 1854 pei·
1775 1827 1899 1847 mortem
1915 1818 1995 1857 ipsius
2011 1818 2062 1848 fuit
2079 1815 2283 1853 transmissum,
2301 1815 2334 1844 &

1282 1857 1325 1898 hc-
1345 1857 1656 1898 per-recongniiionem
1672 1856 1798 1893 praediffl
1816 1856 1964 1886 Alexandri
1982 1879 1992 1894 ,
2010 1856 2084 1894 siqua
2100 1855 2172 1885 faeta
2199 1854 2270 1892 fuit,
2294 1855 2336 1882 rii*

1281 1893 1336 1924 chii
1350 1903 1416 1932 juris
1427 1895 1475 1924 libi
1491 1896 1542 1925 fuit
1558 1896 1731 1933 acquiiitum.

1296 1970 1301 1975 ·
1320 1931 1393 1961 Item
1411 1933 1502 1970 quoad
1519 1933 1595 1971 hoc,
1614 1932 1691 1970 quod
1709 1932 1856 1969 praedistus
1879 1932 2024 1963 Robertus
2046 1931 2133 1969 dicit,
2152 1930 2230 1969 quod
2248 1939 2338 1968 quaes<⁷

1282 1979 1323 2001 tio
1338 1969 1416 2007 super
1427 1971 1489 2008 jure
1505 1971 1636 2011 regnandi
1650 1971 1733 2001 habet
1749 1972 1890 2001 terminari
1907 1972 1939 2001 δε
1953 1971 2070 2009 judicari
2095 1980 2144 2008 per
2155 1972 2199 2008 jus
2216 1968 2338 1999 naturale

1285 2010 1347 2045 (per
1364 2009 1442 2052 quod
1459 2009 1552 2052 Reges
1566 2012 1694 2047 regnant)
1712 2010 1744 2040 &
1761 2019 1822 2039 non
1838 2019 1887 2047 per
1902 2009 1974 2049 leges
1989 2011 2023 2041 ὃς
2046 2008 2278 2045 consuetudines,
2294 2008 2338 2036 in-

1284 2056 1325 2077 ter
1342 2046 1467 2078 subditos
1483 2053 1604 2079 ulitatas:

1322 2083 1402 2115 Idem
1413 2086 1557 2124 johannes
1571 2086 1646 2116 decit
1663 2084 1757 2126 quod,
1775 2095 1824 2124 per
1841 2085 1950 2116 easdem
1967 2085 2040 2125 leges
2057 2086 2090 2116 &
2108 2082 2337 2120 consuetudines,

1284 2122 1370 2154 debet
1394 2124 1538 2166 Dominus
1553 2124 1619 2155 Rex
1635 2124 1747 2163 Angli-ae
1763 2148 1773 2162 ,
1798 2124 1923 2162 superior
1941 2124 2087 2154 Dominus
2105 2123 2201 2162 Regni
2216 2123 2339 2159 Scoriae,

1286 2166 1478 2202 congnolcere
1505 2165 1539 2194 ὅ(
1561 2163 1686 2201 judicare
1707 2162 1743 2192 de
1766 2163 1847 2193 dicto
1863 2162 1970 2201 Regno
1989 2162 2096 2192 Scotiae
2113 2163 2184 2191 inter
2199 2169 2341 2198 petentes,

1287 2211 1336 2243 per
1359 2211 1425 2238 quas
1441 2201 1518 2232 idem
1533 2201 1598 2231 Rex
1615 2201 1727 2238 Angliae
1747 2200 1782 2230 de
1801 2201 1879 2231 terris
1901 2202 1934 2232 &
1951 2201 2135 2236 tenementis,
2150 2198 2185 2228 ad
2199 2208 2340 2229 coronam

1287 2244 1364 2268 luam
1385 2239 1569 2277 ipeetantibus
1586 2263 1595 2278 ‚
1620 2240 1699 2277 super
1723 2238 1908 2269 anteceffores
1930 2239 1992 2269 suos
2016 2238 2087 2268 infra
2104 2237 2242 2274 Regnum
2262 2236 2342 2266 suum

1287 2279 1431 2315 occupatis
1445 2303 1455 2315 ,
1482 2278 1649 2318 congnoscit
1662 2278 1696 2308 &
1708 2277 1810 2314 iudicat
1843 2278 1876 2308 ὃς
1893 2276 2076 2308 antecessores
2092 2276 2131 2306 sui
2148 2275 2342 2315 congnoscere

1289 2316 1321 2346 ἃ
1335 2317 1459 2359 judicare
1481 2317 1626 2354 solebant,
1649 2317 1683 2347 &
1707 2316 1766 2346 hoc
1787 2300 1829 2346 eii
1845 2325 1893 2353 per
1907 2324 2095 2345 communem
2112 2315 2202 2353 legem
2218 2315 2251 2344 δε
2268 2322 2341 2344 con-

1289 2354 1462 2385 suetudinem
1477 2355 1572 2394 Regni
1586 2355 1644 2392 sui,
1662 2356 1694 2386 ὃς
1710 2364 1769 2384 non
1784 2363 1833 2393 per
1847 2354 1950 2391 aliquas
1963 2354 2036 2392 leges
2050 2353 2131 2391 alias,
2148 2354 2181 2383 &
2194 2351 2343 2383 consuetu-

1288 2392 1366 2422 dines
1381 2393 1604 2431 qualescumque.
1978 2430 1983 2434 ·

1327 2430 1366 2462 Et
1382 2431 1474 2468 quoad
1490 2432 1564 2470 hoc,
1582 2430 1660 2469 quod
1675 2429 1751 2460 idem
1766 2429 1911 2460 Robertus
1927 2429 2015 2466 dicit,
2033 2428 2112 2467 quod
2126 2428 2171 2458 lex
2186 2428 2220 2459 &
2237 2427 2344 2459 consti-

1289 2470 1380 2507 tutio,
1399 2479 1462 2508 quae
1480 2471 1540 2502 sunt
1557 2472 1628 2500 inter
1643 2478 1768 2500 tenentes
1783 2469 1816 2500 ὅ(
1830 2467 1987 2507 subjeetos,
2003 2468 2174 2507 superiorem
2190 2468 2275 2507 ligare
2282 2476 2343 2498 non

1290 2507 1424 2546 possunt,
1443 2510 1476 2539 ὃς
1490 2511 1632 2546 praecipue
1647 2508 1760 2545 Regem
1776 2507 1872 2536 suum:

1329 2544 1484 2576 Praedie‘tus
1497 2547 1641 2585 johannes
1655 2545 1739 2583 dicit,
1759 2544 1837 2583 quod
1853 2543 2000 2581 praedie‘ius
2024 2543 2168 2574 Robertus
2182 2553 2243 2574 non
2259 2541 2300 2574 est
2315 2544 2344 2574 in

1290 2593 1326 2613 eo
1340 2584 1420 2622 casii,
1438 2586 1468 2614 in
1482 2596 1540 2622 quo
1554 2584 1671 2622 judicari
1683 2584 1768 2613 debet
1800 2592 1829 2612 er
1845 2582 2019 2621 subjeetum,
2036 2582 2074 2612 set
2089 2592 2138 2619 per
2155 2581 2344 2619 superiorem,

1290 2621 1413 2661 scilicet,
1432 2633 1480 2662 per
1498 2623 1661 2653 Dominum
1674 2622 1756 2652 suurn
1803 2630 1886 2660 egem
1908 2620 2036 2659 Angliae,
2052 2620 2222 2657 superiorem
2237 2620 2345 2651 Domi·

1292 2670 1361 2690 num
1378 2660 1446 2692 dieti
1464 2661 1558 2700 Regni
1572 2660 1691 2691 Scotiae:
1709 2660 1745 2690 de
1761 2661 1839 2698 cujus
1874 2659 2078 2698 rogenitoribus
2093 2681 2103 2696 ,
2118 2659 2134 2688 a
2150 2667 2282 2696 ternpore
2295 2668 2346 2689 cu·

1288 2699 1332 2737 jus
1355 2709 1416 2729 non
1438 2708 1511 2730 extat
1536 2701 1673 2730 memoria
1689 2723 1699 2736 ,
1717 2697 1827 2742 dietum
1844 2669 1980 2740 Regnum
1996 2697 2101 2727 Scotiae
2116 2707 2165 2737 per
2180 2698 2266 2728 homa
2287 2698 2345 2728 ium

1292 2737 1438 2781 tenebatur
1454 2761 1463 2776 ,
1489 2739 1522 2769 &
1545 2738 1582 2768 de
1598 2738 1657 2775 ipso
1675 2745 1761 2767 teneri
1775 2736 1877 2774 debet,
1895 2737 1927 2767 ὃ(
1946 2735 1994 2773 ipsi
2008 2744 2131 2773 petentes
2145 2735 2196 2766 sint
2211 2736 2240 2765 in
2255 2706 2346 2766 &uria

1294 2778 1375 2819 ipiius
1395 2776 1483 2816 Regis
1508 2777 1541 2808 ὃς
1555 2776 1677 2806 Domini
1691 2775 1748 2813 sui,
1763 2775 1797 2804 ad
1812 2774 2004 2812 recipiendum
2016 2775 2060 2812 jus
2076 2774 2112 2804 ab
2126 2783 2181 2812 eo,
2200 2774 2270 2805 sicut
2283 2773 2346 2804 sub—

1293 2814 1344 2844 din
1359 2813 1395 2844 de
1408 2816 1592 2853 tenementis,
1610 2824 1673 2853 quae
1686 2815 1722 2844 ab
1736 2813 1790 2851 ipsa
1804 2821 1948 2843 tenentur:

1332 2852 1424 2882 Unde
1433 2854 1502 2884 dicit
1517 2853 1612 2892 quod,
1631 2861 1665 2882 ex
1681 2862 1740 2889 quo
1755 2851 1817 2882 sunt
1833 2851 1947 2889 subjesti
1959 2849 2037 2880 dieto
2048 2849 2182 2880 Domino
2194 2848 2244 2880 suo
2259 2848 2346 2889 Regi,

1294 2890 1328 2922 &
1349 2890 1479 2921 Coronae
1499 2891 1596 2929 Regni
1618 2890 1749 2928 Anghae,
1767 2889 1895 2928 quolibet
1904 2890 1966 2927 jure
1980 2889 2126 2926 requiritur
2140 2896 2170 2919 ut
2186 2888 2254 2926 ipfi‚
2273 2897 2347 2918 tam—

1295 2938 1381 2966 quam
1401 2929 1500 2959 subditi
1517 2952 1526 2967 ,
1551 2931 1585 2961 &
1602 2938 1724 2969 petentes
1737 2930 1779 2965 jus
1799 2927 1834 2957 ad
1849 2928 2003 2966 Regnum,
2021 2925 2098 2964 quod
2115 2926 2151 2957 de
2167 2935 2203 2957 eo
2217 2935 2345 2964 tenetur,

1295 2977 1343 3005 per
1360 2968 1366 2997 l
1385 2976 1431 2997 ryes
1447 2970 1479 2998 &
1497 2967 1708 2997 consuetudines
1723 2966 1817 3005 Regni
1832 2966 1872 2996 sui
1885 2966 2003 2995 debeant
2015 2964 2150 3003 judicari:

1332 3005 1369 3036 Et
1403 3007 1451 3036 icit
1467 3006 1544 3044 quod
1554 3028 1564 3043 ‚
1582 3016 1630 3043 per
1644 3005 1752 3035 easdem
1767 3005 1841 3041 leges
1859 3006 1892 3036 ὃς
1908 3002 2138 3041 consuetudines,
2157 3004 2347 3041 primogenita

1295 3044 1380 3075 habet
1393 3045 1608 3084 praerogativam
1622 3045 1650 3073 in
1666 3042 1862 3081 succedendo,
1880 3051 1938 3073 tam
1953 3043 1984 3071 iu
2002 3041 2209 3072 haereditatibus
2222 3042 2347 3080 imparti-

1297 3083 1416 3121 bilibus,
1434 3083 1520 3121 quam
1534 3081 1713 3120 partibilibus.

1335 3120 1408 3151 Item
1431 3120 1524 3159 quoad
1544 3121 1601 3151 hoc
1619 3143 1628 3157 ‚
1655 3118 1734 3157 quod
1748 3118 1896 3157 praedistus
1916 3117 2062 3148 Robertus
2078 3118 2165 3156 dicit,
2183 3117 2262 3156 quod
2274 3127 2346 3149 con-

1295 3158 1412 3190 suetudo
1433 3158 1598 3190 succedendi
1619 3160 1648 3188 in
1664 3157 1743 3188 disto
1756 3157 1862 3197 Regno
1877 3157 1984 3187 Scotiae
1998 3157 2080 3194 plene
2095 3156 2162 3188 facit
2177 3167 2231 3194 pro
2243 3167 2297 3194 eo,
2316 3157 2346 3185 in

1295 3197 1352 3227 hoc
1368 3221 1377 3236 ‚
1403 3198 1481 3236 quod
1506 3197 1575 3227 dicit
1590 3219 1600 3234 ,
1617 3196 1695 3234 quod
1711 3196 1806 3226 Frater
1822 3195 1908 3235 Regis
1924 3194 2106 3233 praecedentis
2120 3196 2263 3232 praefertur
2277 3195 2347 3224 illius

1295 3235 1354 3265 filio
1375 3237 1405 3266 in
1427 3235 1597 3267 successione
1623 3235 1741 3274 Regni,
1757 3235 1866 3265 ratione
1889 3234 2072 3272 proximitatis
2096 3234 2126 3262 in
2140 3232 2242 3272 gradu,
2262 3233 2295 3263 &
2311 3230 2346 3262 ad

1296 3274 1354 3304 hoc
1371 3275 1499 3313 quaedam
1514 3273 1645 3312 produxit
1660 3272 1802 3312 exempla:

1333 3312 1416 3343 Idem
1433 3314 1575 3353 johannes
1596 3311 1663 3342 dicit
1685 3311 1762 3349 quod
1784 3321 1832 3349 per
1852 3310 1927 3348 hoc,
1943 3309 2021 3348 quod
2035 3307 2181 3346 praedictus
2199 3306 2346 3338 Robertus

1296 3352 1416 3382 intendit
1436 3351 1584 3382 ostendere
1604 3360 1652 3387 per
1676 3349 1803 3387 exempla
1826 3348 1959 3387 praediffita
1975 3372 1984 3386 ,
2012 3347 2089 3386 quod
2106 3347 2187 3377 frater
2203 3345 2346 3384 postnatus

1297 3391 1423 3429 regnavit
1442 3389 1504 3429 post
1518 3389 1629 3419 fratrem
1642 3397 1819 3425 anrenarnm,
1838 3389 1846 3417 i
1868 3388 1918 3417 sius
1933 3386 2023 3417 filium
2043 3384 2222 3423 repellendo,
2238 3385 2272 3416 δε
2288 3384 2345 3415 hoc

1296 3430 1404 3459 ratione
1418 3427 1595 3467 proximitatis
1607 3427 1637 3456 in
1652 3426 1738 3463 gradu
1752 3426 1816 3456 succ
1853 3425 1932 3456 endi:

1336 3466 1369 3497 In
1396 3467 1454 3498 hoc
1483 3467 1581 3505 probat
1599 3464 1678 3503 quod
1701 3465 1837 3495 remotior
1861 3465 1890 3493 in
1910 3462 1996 3502 gradu
2016 3459 2182 3492 succedendi
2204 3458 2347 3498 praefertur

1298 3506 1482 3544 proximiori,
1500 3505 1562 3542 quia
1576 3501 1646 3533 filius
1662 3504 1818 3540 proximior
1831 3502 1872 3532 est
1887 3502 1955 3539 patri
1967 3502 1996 3530 in
2010 3500 2095 3538 gradu
2111 3498 2270 3537 hujusmodi
2284 3499 2346 3530 suc-

1299 3544 1540 3612 cedgndi,un³im
1553 3543 1635 3572 fratei-
1649 3542 1731 3580 patris
1744 3565 1754 3579 ,
1777 3539 1932 3571 secundum
1948 3539 2020 3578 leges
2037 3539 2071 3569 &
2086 3537 2299 3568 consuetudines
2313 3547 2346 3568 u-

1299 3592 1352 3614 triu
1385 3593 1420 3613 ue
1500 3591 1536 3610 ni.

1336 3593 1383 3651 E?
1396 3630 1469 3658 quoa
1511 3617 1674 3656 exemplum
1689 3640 1699 3655 ‚
1722 3615 1803 3656 quod
1816 3615 1893 3647 idem
1908 3613 2052 3646 Robertus
2068 3613 2138 3644 dicit
2172 3612 2251 3652 quod
2266 3612 2349 3644 fratei-

1301 3659 1453 3690 Malcoliiii
1470 3683 1479 3695 ‚
1504 3656 1648 3695 quondam
1671 3655 1756 3695 Regis
1771 3655 1890 3692 Scoriae,
1906 3654 2030 3693 regnavit
2045 3653 2118 3682 imm
2159 3653 2210 3683 'ate
2224 3652 2289 3691 post
2306 3654 2349 3690 ip-

1299 3698 1359 3728 sum
1376 3697 1584 3732 Malcolmum,
1602 3693 1724 3733 ejusdem
1737 3693 1825 3724 filium
1841 3690 2018 3732 repellendo,

1338 3735 1419 3766 ldem
1437 3735 1579 3773 johannes
1600 3742 1686 3762 recon
1726 3732 1797 3763 oscit
1817 3730 1894 3769 quod
1915 3730 1996 3760 frater
2017 3728 2147 3767 praediffl
2173 3727 2324 3760 Malcolmi
2339 3751 2350 3766 ,

1299 3785 1349 3814 per
1364 3772 1477 3811 aliquod
1494 3781 1620 3809 tempuS,
1635 3780 1665 3801 m
1705 3780 1725 3800 o
1740 3768 1878 3808 praedieto
1892 3768 2033 3807 regnavit3
2051 3767 2089 3799 set
2102 3766 2170 3798 dicit
2185 3767 2264 3806 quod
2279 3767 2348 3809 filius

1302 3812 1427 3851 praedie'ti
1452 3810 1601 3840 Malcoimi
1615 3832 1624 3847 ‚
1643 3809 1680 3839 sic
1692 3808 1829 3847 repulsus,
1846 3807 1932 3837 adivit
1949 3806 2114 3836 Dominum
2130 3806 2210 3837 suum
2225 3805 2349 3836 Williel-

1302 3861 1401 3887 mum,
1419 3849 1530 3886 Regem
1547 3847 1674 3886 Angliae‚
1692 3849 1726 3879 &
1739 3847 1910 3884 superiorem
1926 3843 2088 3875 Dominum
2110 3844 2240 3883 praedieti
2256 3844 2283 3873 R
2319 3843 2347 3872 ni

1302 3891 1425 3926 Scotiaz,
1443 3886 1645 3925 conquerendo
1665 3885 1702 3916 de
1716 3885 1832 3922 iniuria,
1850 3893 1899 3921 per
1916 3883 2028 3913 fratrem
2045 3884 2128 3921 patris
2142 3883 2181 3914 sui
2197 3883 2245 3912 sibi
2261 3852 2346 3912 faeessa:

1304 3928 1351 3959 Ad
1373 3929 1449 3965 cujus
1471 3925 1611 3963 querelam
1625 3948 1635 3962 ,
1653 3922 1730 3954 idem
1743 3921 1768 3943 '²¹‘
1788 3922 1933 3953 Dominus
1948 3921 2013 3951 Rex
2029 3921 2139 3962 Angliae
2152 3922 2263 3952 fratrem
2278 3928 2349 3956 prae-
2364 3934 2379 3949 a
2390 3928 2495 3966 11-585·

1304 3967 1373 3998 dieti
1390 3964 1540 3996 Malcolmi
1554 3964 1569 3993 'a
1585 3961 1722 4001 praedieio
1737 3962 1840 4001 Regno
1856 3961 1957 3999 ejecit,
1975 3962 2009 3991 &
2024 3959 2115 3992 filium
2137 3958 2258 3998 ejusdem
2274 3957 2350 3987 Mal-

1304 4006 1395 4037 colmi
1416 4003 1528 4041 Regem
1549 4001 1672 4040 ejusdem
1691 4001 1786 4041 Regni
1807 4000 1913 4030 Scotiae
1925 3998 2084 4037 constituit,
2102 3999 2151 4037 qui
2165 3995 2352 4036 postmodum

1309 4052 1372 4077 toto
1383 4050 1513 4080 tempore
1526 4040 1576 4072 suo
1589 4041 1720 4079 regnavit.
1788 4075 1820 4106 O
1840 4085 1855 4116 3
2279 4069 2360 4102 Dicit
