2570 4261
214 137 294 186 196

69 217 147 250 Ant..
164 217 204 247 D.
217 218 321 256 ludque
335 217 362 245 in
376 214 576 252 susceptionem
597 211 631 242 δε
652 212 877 253 exequutionem.
891 208 1002 248 praefati
1021 207 1132 252 negotii
1151 205 1280 250 praedicti

92 264 174 294 1255.
221 257 316 295 Regni
332 254 434 284 Sicilia]
448 250 644 281 commutandi
653 272 662 287 ,
681 250 794 289 plenam
808 250 841 279 &c
859 249 978 279 liberam
992 247 1143 278 tribuimus
1156 245 1279 276 aucton-

69 300 133 324 Heu.
155 305 180 331 3·
219 305 272 326 tate
290 293 462 323 »Jraeieutium
477 288 649 326 potestatem.
1084 324 1088 329 ι

257 324 322 364 Nos
333 331 408 360 enim
422 327 578 365 hujusmodi
591 326 812 364 crucesignatos,
831 334 954 365 quorum
968 333 1034 356 vota
1044 324 1132 355 taliter
1147 331 1280 353 commu-

220 371 356 402 taveritis,
375 367 425 396 illis
439 366 614 404 indulgentiis
628 365 662 395 &
677 365 841 404 privilegiis,
857 364 960 403 illisque
977 362 1198 404 immunitatibus
1213 369 1281 399 gau·-

220 412 286 441 dere
300 407 442 442 volumus,
460 414 524 472 qua:
541 404 642 434 Terrae
661 403 764 434 sanetae
782 403 1005 435 succurrentibus
1019 403 1048 432 in
1068 399 1191 441 generali
1209 407 1282 429 con-

218 450 277 480 filio
292 447 350 477 sunt
365 449 467 474 concei
481 454 503 474 a.

256 523 325 554 Dat.
338 519 482 558 Neapoli,
498 527 598 558 quarto
611 518 653 550 Id.
668 518 759 557 Maii,
774 517 960 549 Pontificatsis
971 517 1059 548 nostri
1073 525 1149 546 anno
1160 514 1264 554 primo.

218 646 307 680 Bulla
326 644 457 690 qualiter
480 644 636 689 Episcopus
658 646 812 676 Bononien.
832 645 968 675 mittitur
982 644 1024 675 H.
1051 642 1122 686 Reg.
1145 638 1278 685 Angliae‚

265 693 308 727 ad
322 692 595 737 confirmationem,
617 692 674 736 ftu
699 691 915 724 ordinationem
943 692 1051 736 negotii
1068 688 1172 720 Sicilire
1189 715 1198 729 ‚
1224 686 1281 730 fit-

259 754 313 790 per
324 739 505 788 promgffione
519 740 589 773 inde
595 741 685 785 faita
699 751 753 786 per
771 743 886 786 Papam
905 736 1067 772 Edmundo
1089 737 1166 770 Filio
1183 738 1280 783 Regis.

69 825 149 859 'Anu
163 823 204 855 D.

70 872 188 941 ,1¹53

223 826 432 891 ALexander
446 825 613 865 Episcopus,
632 825 723 856 servus
739 825 884 856 servorum
898 824 957 855 Dei
972 847 982 863 ,
1003 822 1185 866 carissimo-in
1200 820 1285 852 Chri-

258 904 274 934 d
289 865 332 934 stto
346 865 402 895 filio
524 864 622 895 illustri
636 863 713 904 Regi
726 864 838 904 Angliae
851 863 965 893 salutem
978 863 1011 893 ὃ(
1020 860 1218 902 Apostolicam
1233 860 1284 890 be-

220 914 256 935 ne
278 912 424 934 ieronem.

260 943 410 974 Laudanda
425 951 536 981 magnae
550 941 735 980 providentiae
749 942 835 973 virtus
845 939 1008 971 venerabilis
1017 939 1106 970 fratris
1121 937 1212 968 nostri
1243 977 1248 981 ·

222 981 380 1013 Bononien.
394 980 549 1020 Episcopi,
573 990 639 1018 quae
650 980 698 1010 diu
713 981 742 1010 in
758 981 913 1010 multorum
927 979 960 1010 &
975 978 1127 1009 arduorum
1139 985 1285 1020 executio-

220 1030 257 1050 ne
271 1022 450 1060 negotiorum
466 1020 578 1057 enituit,
598 1018 698 1049 nostro
717 1018 835 1058 suggerit
854 1019 971 1056 animo,
985 1025 1017 1048 ut
1034 1016 1086 1047 suis
1101 1016 1220 1046 robustis
1228 1015 1286 1058 'hu-

221 1060 302 1090 meris
311 1082 320 1097 ,
334 1060 462 1098 gravium
473 1058 652 1095 agendorum
663 1058 772 1088 deterre
786 1067 870 1088 onera
883 1056 1038 1094 consuetis,
1054 1055 1286 1086 incumbentium

221 1097 303 1129 nobis
320 1097 441 1135 undique
453 1096 613 1137 ponderum
627 1104 733 1136 partem
749 1106 810 1127 nori
832 1096 980 1127 minimam
994 1095 1172 1133 imponamus
1187 1115 1197 1130 ,
1219 1101 1288 1130 qua-

221 1138 295 1168 tinus
308 1135 483 1174 Apostolicae
504 1135 592 1165 moles
613 1135 727 1166 sarcinae
741 1157 751 1173 ‚
773 1134 858 1166 divisa
877 1132 996 1174 provide
1016 1133 1054 1164 sic
1075 1142 1124 1171 per
1144 1131 1254 1171 plures,
1271 1141 1287 1162 a

221 1174 306 1206 nobis
321 1174 407 1205 levius
417 1174 601 1214 supportetur.
1124 1210 1129 1214 ι

261 1213 380 1251 Propter
412 1213 486 1251 uod,
508 1223 576 1244 cum
588 1211 700 1251 grandia
718 1212 804 1242 nimis
822 1211 857 1242 &
874 1210 1002 1242 difficilia
1021 1207 1288 1252 nobismcessanter

221 1260 385 1290 emergant,
412 1253 498 1282 ecure
513 1251 648 1281 nonnulla
660 1260 695 1280 ex
711 1250 763 1280 hiis
777 1258 900 1288 expertae
910 1250 966 1280 suae
986 1250 1119 1288 probitati
1131 1255 1290 1277 committi-

223 1301 304 1329 mus,
324 1291 405 1328 quia,
421 1299 490 1320 cum
504 1289 632 1327 imposita
651 1289 698 1319 fibi
718 1288 852 1320 hactenus
869 1287 1031 1319 constanter
1048 1286 1206 1330 gesserit&-
1222 1295 1289 1326 pru-

223 1330 337 1366 denter,
357 1337 438 1358 certo
452 1329 587 1358 nimirum
601 1329 795 1365 experimento
814 1336 943 1358 tenemus
960 1326 1039 1365 quod
1052 1348 1062 1364 ,
1082 1334 1146 1363 quae
1159 1333 1288 1364 injunge-

223 1378 288 1399 mus
302 1367 450 1404 deinceps,
467 1366 613 1405 diligenter
628 1367 661 1397 &
677 1364 828 1397 efficaciter
842 1373 1002 1406 exequetur.

263 1405 344 1436 Hinc
357 1405 399 1435 est
412 1404 505 1444 quod,
525 1415 595 1435 cum
616 1404 752 1443 Regnum
771 1404 876 1436 Siciliae
889 1427 898 1442 ‚
921 1414 955 1434 ac
973 1411 1064 1434 totam
1085 1410 1204 1440 terram,
1224 1410 1288 1440 quae

223 1444 266 1476 est
280 1445 346 1476 citra
360 1443 463 1474 Farum
475 1443 560 1483 usque
575 1443 610 1474 ad
623 1443 745 1474 confinia
757 1451 891 1474 terrarum
903 1442 1040 1473 Ecclesiae
1053 1440 1198 1471 Romanae
1208 1463 1217 1478 ,
1240 1449 1288 1470 ca-

225 1482 332 1514 rissimo
344 1484 373 1512 in
388 1480 508 1512 Christo
522 1481 580 1512 filio
593 1481 693 1513 nostro
705 1481 876 1519 Edmundo,
893 1480 988 1512 illustri
996 1481 1068 1519 Regi
1081 1480 1203 1518 Sicilire,
1220 1487 1288 1522 nato

225 1530 294 1559 tuo,
311 1521 344 1551 &
357 1519 416 1558 ejus
428 1520 604 1558 haeredibus,
621 1519 657 1550 de
674 1521 792 1551 fratrum
809 1520 974 1551 nostrorum
990 1518 1123 1555 consilio,
1141 1518 1191 1550 sub
1207 1526 1289 1547 certis

224 1560 453 1598 conditionibus,
473 1559 502 1590 in
522 1558 639 1589 feudum
653 1558 813 1589 duxerimus
827 1558 1034 1594 concedenda3
1058 1564 1145 1600 prout
1159 1558 1188 1587 in
1208 1556 1289 1600 Apo-

226 1598 330 1630 stolico
349 1597 511 1637 privilegio,
530 1597 670 1628 confecto
686 1597 765 1635 super
784 1597 968 1628 concessione
987 1594 1163 1634 hujusmodi,
1181 1594 1290 1639 plenius

226 1638 404 1674 continetur3
423 1637 490 1675 quia
502 1643 560 1666 tam
582 1635 688 1673 grande
703 1658 713 1674 ,
738 1644 853 1674 tamque
872 1637 957 1676 praeci
978 1645 1047 1665 uum
1061 1633 1240 1672 Apostolicae
1252 1634 1293 1664 se-

225 1676 266 1706 dis
281 1676 428 1714 negotium
439 1683 509 1706 cum
524 1683 626 1714 magna
640 1674 782 1713 diligentia
795 1674 942 1714 multoque
955 1678 964 1704 1
981 1674 1049 1704 udio
1062 1671 1105 1703 est
1117 1672 1290 1711 gerendum,

225 1722 339 1754 propter
353 1713 432 1753 quod
445 1713 556 1754 probati
570 1715 604 1745 &
621 1714 727 1751 experti
740 1714 794 1745 viri
813 1713 1100 1751 circumspectionem
1120 1711 1155 1743 &
1170 1710 1293 1752 pruden-

225 1754 295 1785 tiam
307 1762 361 1793 pro
372 1752 412 1783 sui
424 1752 604 1792 profectione
618 1752 760 1791 requiret,

263 1790 332 1821 Nos
343 1790 410 1822 illud
423 1790 542 1829 praefato
556 1790 717 1830 Episcopo,
734 1799 879 1830 tamquam
894 1791 936 1830 ei,
954 1790 1034 1829 cujus
1051 1788 1094 1820 est
1107 1789 1190 1820 nobis
1201 1789 1236 1820 &
1250 1790 1292 1820 ei-

226 1829 293 1861 dem
309 1829 363 1860 sedi
398 1829 554 1860 rovidentia
566 1829 647 1860 valde
660 1839 744 1867 nota,
763 1831 796 1861 &
811 1839 897 1867 quem
908 1853 918 1867 ,
935 1839 989 1869 pro
1001 1836 1075 1868 grata
1092 1827 1293 1865 familiaritate,

225 1878 260 1899 ac
275 1868 376 1906 multip
387 1869 423 1898 ici
438 1868 473 1899 &
491 1868 619 1898 laudabili
636 1868 773 1906 obsequio
786 1890 796 1907 ,
821 1868 1011 1899 benivolentia
1028 1866 1098 1905 pros
1126 1868 1222 1898 uimur
1236 1866 1295 1906 spe-

227 1906 308 1943 ciali,
324 1905 454 1937 duximus
467 1905 709 1937 committendum
725 1918 735 1945 3
760 1907 817 1944 ejus
827 1905 975 1937 sollertiam
995 1906 1030 1937 &
1043 1877 1227 1943 indisstriam,
1240 1915 1293 1944 pro

226 1944 402 1989 perficiendo
421 1944 526 2013 als-dem
546 1945 663 1984 negotio
676 1967 686 1983 ,
707 1945 746 1976 sic
767 1944 856 1976 arduo
882 1944 977 1983 sicque
997 1943 1175 1982 praecordiali
1193 1944 1292 1982 nobis,

249 1994 318 2014 rinei
365 1992 415 2014 iter
427 1993 443 2014 e
481 1991 557 2015 entes

226 1993 247 2022 P
266 1983 413 2061 lpsupmlque
427 1992 542 2062 prlgpter
553 2007 612 2053 ἧος
624 2022 653 2052 in
662 2020 797 2062 Angliam
804 2044 815 2060 ,
829 2021 866 2052 de
876 2021 994 2052 fratrum
1005 2020 1210 2060 praedictorum
1221 2030 1294 2052 con-

227 2060 288 2090 silio
301 2083 311 2098 ,
335 2070 402 2091 cum
422 2060 509 2092 multa
527 2059 630 2092 fiducia
649 2060 840 2098 destinantes;
862 2059 964 2091 nostris
978 2059 1028 2091 fibi
1047 2060 1143 2091 dando
1162 2060 1247 2090 literis
1261 2061 1293 2090 in

227 2099 363 2130 mandatis
380 2107 434 2138 ut,
454 2099 535 2137 ipsius
555 2109 574 2129 n
609 2100 661 2130 otii
679 2099 922 2138 magnitudinem,
938 2098 1052 2137 ejusque
1071 2096 1295 2129 circumstantias

226 2136 343 2168 discrete
363 2136 540 2169 considerans
575 2109 618 2169 εξ(
637 2138 746 2178 praefati
766 2146 896 2168 tenorem
937 2137 1057 2177 rivilegii
1076 2146 1119 2181 ac·
1133 2136 1294 2167 conceffio-

227 2185 314 2213 nem,
332 2175 367 2207 de
381 2176 523 2215 praedictis
536 2159 567 2206 R
605 2185 645 2206 no
657 2176 691 2207 δε
711 2185 783 2207 terra
797 2176 891 2207 eidem
930 2175 1071 2207 ‘dmundo
1082 2174 1188 2214 suisque
1202 2175 1294 2206 haere-

226 2212 309 2244 dibus
320 2214 422 2245 factam
435 2225 451 2244 a
465 2215 565 2252 nobis,
632 2214 712 2252 ipsius
726 2214 917 2246 conceffionis
931 2214 1053 2246 modum
1065 2236 1077 2253 ,
1100 2214 1135 2245 &
1149 2214 1293 2245 conditio-

227 2261 276 2282 nes
288 2262 405 2291 omnes,
423 2252 472 2282 sub
485 2253 584 2292 quibus
597 2252 671 2284 facta
683 2252 724 2283 est
738 2276 749 2292 ,
769 2255 804 2285 ὃς
820 2252 888 2292 quid
901 2252 980 2284 idem
997 2251 1169 2284 Edmundus
1181 2275 1191 2292 ,
1213 2253 1248 2285 &
1260 2259 1293 2284 tu

226 2291 261 2322 &
277 2291 321 2321 alii
333 2291 417 2322 etiam
430 2290 584 2322 secundum
598 2291 662 2322 haec
674 2291 766 2322 facere
779 2292 916 2330 debeam,

264 2328 304 2359 Et
316 2328 442 2360 universa
455 2330 603 2369 negotium
618 2329 709 2368 ipsam
730 2331 926 2369 contingentia
945 2329 1094 2370 diligenter
1112 2330 1147 2361 &
1160 2329 1294 2370 sapienter

224 2367 384 2406 attendens,
403 2368 440 2398 fic
454 2368 613 2412 vigilanter,
631 2368 670 2399 sic
684 2376 765 2399 caute
779 2392 789 2407 ‚
811 2369 850 2399 sic
863 2368 983 2399 studiose
1001 2379 1035 2399 ac
1049 2367 1254 2408 circumspecte
1265 2368 1294 2399 se

226 2414 303 2446 gerat
319 2407 354 2439 ὃς
375 2407 475 2437 habeat
491 2416 524 2437 in
543 2406 668 2445 ejusdem
688 2409 857 2438 executione
879 2417 914 2439 ac
936 2407 1149 2438 consumatione
1167 2407 1274 2447 negotii

224 2444 304 2484 quod
315 2445 360 2476 sua
372 2444 502 2483 prudenti
516 2444 715 2483 sollicitudine,
732 2446 934 2489 pmdentiaque
946 2446 1063 2489 sollicita
1078 2443 1203 2484 perfecte
1221 2429 1293 2476 illud

225 2483 403 2522 compleatur
415 2484 446 2515 in
459 2484 611 2522 omnibus,
627 2485 665 2514 ita
679 2484 757 2524 quod
769 2484 805 2515 de
823 2484 877 2515 hiis
888 2507 899 2524 ,
919 2494 984 2524 quae
996 2494 1026 2515 in
1041 2494 1095 2522 eo,
1112 2484 1146 2515 δε
1160 2485 1235 2516 circa
1247 2484 1290 2523 ip-

226 2522 288 2554 sum
300 2522 411 2591 ffienda
424 2522 486 2553 sunt
499 2522 588 2554 nichil
601 2524 710 2562 penitus
721 2523 876 2554 omittatur.

265 2561 285 2581 *²
333 2570 426 2602 eoque
441 2559 645 2592 Celfitudinem
659 2570 738 2592 tuam
754 2571 886 2602 rogamus
899 2561 933 2592 &
946 2561 1094 2593 hortamur
1107 2569 1212 2593 attente
1224 2570 1292 2600 qua-

225 2600 317 2639 tinus,
330 2599 452 2631 eundem
466 2598 656 2638 Episcopum,
671 2608 818 2638 tamquam
831 2601 924 2632 virum
936 2601 1073 2638 religione
1086 2600 1292 2640 conspicuum,

225 2638 340 2671 scientia
359 2637 509 2678 praeditum
524 2661 535 2677 ,
559 2639 702 2677 probitate
762 2639 876 2669 llentem
927 2639 961 2670 &
981 2639 1083 2677 nobis,
1100 2639 1134 2670 &
1153 2639 1293 2677 praedictis

223 2677 351 2708 fratribus
365 2686 463 2721 carum
476 2677 554 2721 int-er·
563 2677 697 2721 Praelatos
710 2686 724 2707 a
736 2678 778 2708 ios
789 2662 948 2708 admod'um
962 2677 995 2708 &
1008 2685 1161 2721 acceptum
1194 2677 1292 2708 laetan-

225 2724 268 2746 ter
284 2716 319 2747 &
333 2717 456 2755 benigne
470 2724 623 2756 recipiens,
641 2715 731 2754 ipsum
740 2739 749 2755 ,
767 2717 859 2746 immo
873 2716 965 2754 potius
979 2725 1031 2746 nos
1042 2725 1074 2746 iri
1087 2725 1143 2754 eo,
1180 2723 1292 2748 ecenter

224 2754 259 2786 &
273 2753 390 2785 honeste
405 2754 570 2795 pertraCtes3

264 2791 387 2831 Vigilem
396 2816 405 2831 ,
421 2791 575 2823 studiosum
584 2816 594 2832 ,
611 2801 779 2832 promptum
793 2793 827 2824 &
840 2794 965 2823 omnino
979 2800 1107 2831 paratum
1120 2799 1149 2823 te
1162 2791 1197 2823 ad
1210 2792 1293 2833 ipsius

224 2832 332 2869 negotii
351 2830 594 2862 consumationem
613 2831 774 2863 exhibendo
784 2855 794 2870 ,
812 2841 881 2863 cum
896 2841 942 2862 tua
957 2855 966 2870 ‚
992 2832 1026 2862 &
1038 2831 1144 2871 praefati
1159 2831 1291 2862 Edmun-

224 2868 275 2905 di,
299 2870 338 2899 tui
355 2870 412 2900 nati
424 2892 435 2908 ,
458 2870 590 2900 exaltatio
603 2871 631 2900 in
652 2869 705 2901 hac
726 2878 802 2910 parte
823 2869 965 2908 potissime
985 2870 1140 2901 attendatur
1154 2893 1164 2909 ,
1190 2870 1224 2901 δε
1237 2880 1292 2908 pro

224 2915 290 2975 {uaros
307 2917 341 2938 ac
357 2908 437 2947 ipsius
450 2907 559 2939 honore
573 2907 621 2939 filii
635 2908 764 2941 noscatur
779 2908 857 2940 idem
871 2908 1026 2949 Episcopus
1044 2907 1195 2948 specialiter
1209 2908 1290 2939 labo-

33 999 35 1001 >
72 962 113 1009 22}
129 962 187 1007 miu-

70 1026 134 1055 togr.

77 2555 99 2591 9
113 2557 212 2597 1.55¹.

260 3019 329 3053 Dat.
343 3020 486 3063 Neapoli,
502 3024 583 3054 tertio
595 3022 636 3054 Id.
652 3022 742 3063 Maii,
760 3022 947 3056 Pontificatfis
959 3024 1047 3056 nostri
1063 3035 1138 3056 anno
1153 3023 1254 3063 primo.

553 3098 679 3130 plumbeo
691 3100 781 3139 Sigillo
789 3101 922 3140 pendente
932 3114 951 3133 a
963 3101 1012 3143 filo
1023 3101 1147 3133 canabeo.

227 3223 315 3255 Bulla
335 3222 417 3270 quod
433 3224 480 3257 illi
499 3250 509 3266 ,
540 3227 595 3270 qui
611 3228 769 3270 pecuniam
793 3237 960 3273 receperunt
976 3238 1032 3273 pro
1045 3224 1175 3273 fhbstdio
1192 3228 1289 3260 Terrae

265 3271 393 3316 stmHae,
419 3275 456 3310 εἵς·
470 3273 545 3318 fimt
567 3271 710 3306 inhabiles
730 3274 775 3307 ad
787 3285 944 3322 pugnam,
969 3288 1038 3309 eam
1062 3279 1136 3324 Regi
1160 3275 1290 3309 reddant

267 3329 324 3364 pro
341 3324 453 3366 negotio
470 3321 586 3355 Sicilia.

78 3406 157 3437 Arm.
173 3404 215 3436 D.
230 3402 439 3464 ALexander
459 3405 615 3451 Episcopus
630 3430 640 3446 ,
664 3407 756 3439 servus
775 3407 920 3452 servorum
935 3407 994 3440 Dei
1008 3433 1019 3448 ,
1042 3410 1194 3441 venerabili
1211 3409 1288 3440 fratri

100 3451 185 3482 1255.
418 3443 641 3484 Archiepiicopo
655 3445 846 3478 Cantuarienfi
862 3470 873 3486 ,
896 3449 930 3479 ὃς
944 3448 1051 3479 dilecto
1067 3448 1126 3479 filio
1146 3447 1289 3486 Magistro

80 3485 133 3547 221.
152 3492 195 3519 39.
228 3475 395 3547 ῙῙἸέἳῙξὶαῐιάο,
413 3481 570 3521 Capeliano
583 3484 699 3524 nostro,
715 3485 830 3517 salutem
844 3486 878 3517 ὃς
894 3485 1093 3527 Apostolicam
1111 3486 1288 3518 benedictio-

136 3531 150 3557 3
256 3554 451 3604 „Intelleximus
462 3560 539 3599 quod
554 3561 694 3592 nonnullis
705 3563 811 3593 crucefi
851 3564 917 3603 atis,
935 3563 972 3595 de
986 3563 1091 3604 Regno
1104 3563 1233 3603 Angliae,
1252 3565 1287 3596 &

229 3592 284 3634 aliis
299 3603 376 3623 terris
389 3597 519 3639 carissimi
532 3600 563 3630 in
576 3599 695 3630 Christo
706 3600 755 3631 filii
769 3612 808 3632 no
834 3602 873 3640 ri,
1001 3602 1112 3633 illustris
1126 3602 1217 3642 Regis
1223 3601 1288 3633 An-

227 3631 306 3670 gliae,
325 3632 485 3675 auctoritate
505 3637 662 3669 litterarum
682 3639 749 3670 sedis
763 3639 940 3678 Apostolicae
954 3664 964 3679 ,
987 3642 1124 3679 aliquibus
1145 3642 1216 3671 vero
1235 3651 1286 3678 per

229 3669 398 3713 venerabiles
414 3671 506 3717 fratres
527 3676 651 3715 nostros,
771 3679 954 3718 Wigornien.
974 3679 1008 3710 &
1028 3680 1114 3709 bonae
1135 3680 1286 3711 memoriae

362 3707 538 3755 Linteolnien.
553 3713 721 3757 Episcopos,
735 3716 780 3747 seu
798 3717 865 3747 alios
884 3717 1094 3756 praedicatores,
1114 3717 1147 3748 δε
1159 3727 1285 3756 exequu-

227 3751 301 3775 tores
316 3753 423 3784 negotii
437 3747 553 3788 Crucis,
571 3762 599 3781 in
611 3753 719 3796 ‘Regno
739 3756 772 3785 &
786 3757 862 3785 terris
875 3756 994 3796 eisdem,
1011 3767 1027 3786 a
1039 3756 1102 3786 sede
1118 3755 1284 3794 Apostoii'ca

228 3783 375 3820 deputatos
386 3806 404 3826 ,q
419 3793 471 3822 pro
491 3797 675 3832 exequutione
694 3802 829 3824 votorum
849 3793 976 3832 suorum,
996 3804 1080 3825 certae
1094 3793 1234 3832 affignatae
1249 3804 1284 3825 ac

228 3821 373 3889 ffssgceffae
388 3824 448 3853 fflnt
466 3834 591 3861 Pecuniae
611 3832 770 3867 quantitates
782 3855 794 3871 ,
817 3832 919 3863 Terrae
936 3833 1036 3864 fimetae
1056 3832 1175 3864 subsidio
1197 3832 1285 3873 depu-

270 3896 349 3941 Cum
370 3906 452 3937 igitur
472 3900 553 3930 vobis
572 3907 768 3937 commutandi
788 3915 854 3938 vota
880 3911 1133 3948 crucesignatorum
1156 3909 1284 3947 praedicti

233 3932 329 3974 Regni
349 3936 382 3965 ἃ
396 3939 559 3968 earumdem
573 3948 706 3973 terrarum
720 3968 729 3983 ,
754 3948 785 3975 in
800 3942 1001 3984 susceptionem
1015 3949 1047 3979 &
1063 3948 1282 3986 exequutionem

231 3975 337 4010 negfflii
352 3974 445 4013 Regni
459 3976 561 4008 Siciliae
574 3987 624 4016 Fer
635 3980 695 4011 alias
703 4004 712 4019 2
729 3983 780 4014 sub
793 3984 868 4016 certa
879 3985 973 4017 form&
980 4009 991 4025 ,
1009 3986 1226 4018 concesserimus
1238 3985 1283 4016 lit-

228 4016 299 4042 teras
313 4012 498 4052 potestatem,

82 3561 121 3584 Ex
134 3562 193 3587 Au-

82 3599 144 3630 ngr.

677 118 1487 168 coNVENrioNEs;
1544 93 1941 167 LtTERAE,¹

1351 205 1511 245 Volumus,
1528 206 1563 236 ὃς
1581 204 1764 246 praesentium
1784 206 1869 236 vobis
1887 203 2052 236 auctoritate
2071 204 2237 236 mandamus
2249 206 2379 250 quatinus
2389 201 2465 233 Ann-
2479 201 2520 234 D·

1317 255 1370 276 vos
1382 267 1392 283 ,
1409 245 1454 276 vel
1474 245 1541 275 alter
1559 243 1686 275 vestrum
1700 268 1710 284 ,
1728 254 1828 276 omnes
1850 244 2053 283 crucesignatos
2092 244 2194 284 quibus
2213 243 2375 282 hujusmodi
2415 250 2499 280 1255·

1316 285 1434 321 pecunia
1448 284 1537 314 taliter
1548 283 1679 323 assignata
1691 285 1781 315 exurit
1794 284 1829 314 &
1843 283 1975 313 concessa
1982 305 1994 321 ,
2011 265 2162 322 postquam
2174 291 2241 314 vota
2253 284 2381 323 ipsorum
2387 285 2450 310 ΗΜ·
2473 290 2499 318 3·

1316 323 1347 351 in
1370 322 1530 360 hujusmodi
1550 321 1751 360 susceptionem
1771 322 1806 353 &
1827 321 2046 361 exequutionem
2059 322 2167 361 negotii
2180 331 2230 360 pei·
2245 332 2314 361 vos,
2333 323 2381 354 vel

1317 360 1444 391 vestrum
1464 361 1600 399 alterum,
1615 360 1718 392 fuerint
1737 367 1930 398 commutata,
1947 367 1981 390 ut
1999 361 2029 390 in
2050 360 2222 399 praedictum
2241 360 2380 400 Regnum

1317 398 1423 429 Siciliae
1443 408 1512 429 cum
1535 399 1655 437 praefato
1675 399 1774 439 Rege,
1793 399 1839 429 vel
1859 406 1928 429 cum
1944 407 1998 437 00,
2015 408 2104 438 quem
2124 399 2200 430 idem
2214 398 2280 430 Rex
2293 401 2324 429 in
2340 401 2384 438 ip-

1318 436 1379 467 sum
1399 437 1538 477 Regnum
1552 436 1752 469 destinandum
1765 437 1888 476 duxerit,
1907 437 2038 475 veniant3
2054 437 2101 467 vel
2115 439 2282 478 pecuniam,
2297 447 2384 479 quam

1320 475 1408 506 taliter
1428 476 1565 515 recepisse
1577 477 1747 516 noscuntur,
1765 477 1872 515 integre
1885 475 1934 514 ipfi
1950 475 2028 515 Regi
2039 474 2186 510 restituant
2198 486 2252 514 pro
2260 486 2385 517 exequu-

1320 515 1400 544 tione
1422 515 1528 554 negotii
1547 514 1657 555 praefati
1677 514 1776 553 Regni
1800 514 1920 551 Siciliae,
1937 522 1987 551 per
2001 523 2070 552 νοε,
2087 514 2131 544 vel
2146 522 2196 553 per
2209 514 2316 554 aliurn,
2333 516 2381 546 seu

1318 553 1403 596 alios,
1419 554 1578 601 monitione
1594 553 1736 598 praemissa
1749 575 1760 592 ,
1774 562 1824 593 per
1843 553 1987 584 censuram
2003 550 2247 591 Ecclesiasticam,
2265 555 2385 594 appella-

1320 599 1400 621 tione
1414 600 1542 630 remota,
1559 599 1666 631 cogatis
1684 601 1691 622 :

1358 629 1498 660 Haeredes
1515 630 1549 661 ὃ(
1564 639 1748 668 exequutores
1758 629 1994 661 testamentorum
2006 638 2124 668 eorum,
2141 630 2207 670 qui,
2225 629 2388 664 hu'usmodi

1320 668 1432 708 recepta
1453 669 1590 708 pecunia,
1607 669 1767 708 priusquam
1779 677 1846 700 vota
1858 670 1903 700 sua
1916 677 2137 708 exequerentur,
2155 669 2245 700 oernis
2276 669 2387 703 ebitum

1320 707 1530 745 persolverunt,
1548 717 1664 737 necnon
1685 708 1720 739 &
1740 717 1858 745 omnes,
1873 708 1938 746 qui,
1957 707 2022 745 post
2035 707 2120 738 talem
2134 708 2328 747 receptionem
2342 711 2388 750 ip-

1322 747 1373 777 sius
1388 747 1532 785 pecuniae,
1544 745 1643 776 effeeti
1656 746 1718 777 sunt
1731 746 1866 776 inhabiles
1879 746 1914 776 ad
1927 746 2130 785 pugnandum,
2144 746 2191 776 vel
2202 746 2266 777 alias
2280 747 2318 777 fic
2332 748 2390 779 im-

1322 784 1407 825 pediti
1428 785 1488 815 sunt
1508 784 1589 824 quod
1609 786 1709 823 exequi
1723 792 1868 824 nequeunt
1880 793 1983 814 votum
1996 785 2092 823 suum,
2111 784 2146 815 ad
2159 786 2298 824 integram
2310 786 2390 817 resti-

1324 824 1463 893 tutionelrln
1486 823 1635 891 (praedictae
1654 825 1803 863 pecuniae,
1818 823 1868 863 ipsi
1889 822 1966 863 Regi
1984 822 2159 862 faciendam,
2176 823 2291 856 censum
2305 825 2388 856 fimili

1324 872 1392 893 corn
1413 873 1428 893 e
1449 872 1483 892 en
1505 871 1540 891 o·

1360 872 1437 931 Nldn
1450 884 1581 932 obstaiite
1594 899 1614 930 fi
1627 900 1749 939 personis
1761 899 1896 940 aliquibus
1907 909 1924 930 a
1936 899 1998 930 sede
2015 899 2184 938 Apostolica
2200 901 2233 932 fit
2246 901 2389 934 indultum

1323 939 1403 977 quod
1417 940 1563 977 interdici,
1581 939 1723 978 suspendi,
1742 939 1789 970 vel
1801 939 2046 969 excommunicari
2059 949 2121 969 nori
2133 940 2239 978 poffint
2272 948 2301 971 er
2314 940 2389 971 litte-

1324 988 1364 1008 ras
1385 978 1578 1018 ApostoHcas,
1594 978 1706 1016 plenam
1725 977 1759 1009 &
1779 976 1931 1016 expressam
1943 986 2005 1007 non
2018 977 2152 1009 iacientes
2163 978 2200 1009 de
2213 980 2244 1008 in
2264 979 2323 1009 ulto
2335 979 2388 1010 hu-

1323 1017 1443 1054 jusmodi
1465 1019 1643 1048 mentionem
1661 1029 1673 1055 ,
1701 1016 1736 1048 δε
1758 1015 1963 1048 constitutione
1982 1015 2019 1047 de
2036 1015 2143 1049 duabus
2168 1016 2250 1056 dietis
2267 1018 2342 1057 edita
2357 1018 2388 1049 in

1322 1056 1450 1086 concilio
1461 1055 1594 1096 generali.
2211 1071 2219 1076 ν

1364 1131 1432 1165 Dat.
1449 1133 1593 1175 Neapoli,
1610 1132 1652 1164 Id.
1668 1131 1761 1171 Maii,
1777 1129 1965 1163 Pontificatfis
1977 1130 2067 1163 nostri
2080 1142 2158 1163 anno
2171 1132 2274 1171 primo.

2037 1208 2129 1248 Sigillo
2142 1208 2247 1250 avulso.

1328 1341 1356 1369 ²¹⁶
1368 1345 1458 1377 Bulla
1476 1356 1531 1391 pro
1545 1344 1770 1393 Archiepiftopo
1791 1346 2016 1390 Cantuarinfi,
2043 1348 2081 1384 ὠ·
2100 1345 2254 1393 Magistro
2269 1345 2394 1390 Rostan-
2411 1345 2540 1384 *1.55².'

1373 1392 1430 1435 do,
1456 1393 1493 1425 de
1519 1399 1749 1428 commutatione
1770 1398 1837 1429 voti
1860 1398 1949 1443 Regis
1969 1394 2089 1441 Angliae
2111 1397 2236 1438 Crucis,
2259 1397 2292 1428 in
2308 1407 2395 1443 nego-

1374 1445 1454 1474 tium
1475 1442 1593 1488 Apuliae
1612 1446 1649 1481 (ῤ’
1663 1444 1780 1476 Siciliae.

1330 1525 1538 1588 ALexander
1559 1527 1738 1566 Episcopus,
1755 1526 1849 1559 servus
1868 1526 2016 1560 servorum
2038 1527 2099 1560 Dei
2112 1550 2122 1566 ‚
2147 1529 2298 1561 venerabili
2317 1529 2394 1562 fratri
2410 1516 2488 1547 Anu·
2498 1516 2540 1549 D·

1565 1566 1791 1607 Archiepistopo
1810 1565 1992 1598 Cantuarien.
2006 1567 2041 1599 &
2052 1565 2161 1598 dilecto
2175 1567 2236 1598 filio
2249 1567 2395 1606 Magistro
2430 1563 2517 1595 1255.

1330 1603 1704 1674 Κοίὶὲηάοᾶἶὸὶιίὼάὶαςοηο
1718 1606 1753 1637 &
1767 1603 1928 1644 Capeliano.
1935 1605 2053 1645 nostro,
2069 1605 2186 1638 salutem
2200 1607 2235 1640 &
2248 1605 2395 1646 Apostoli·
2408 1597 2462 1660 fin·
2473 1604 2531 1671 339·

1329 1653 1394 1675 cam
1429 1653 1482 1674 ene
1503 1654 1510 1673 i
1550 1653 1647 1675 onem.
2280 1673 2281 1677 ,
2443 1654 2450 1660 ·
2492 1656 2499 1662 ·

1369 1681 1450 1713 Cum
1471 1681 1625 1713 cariffimus
1637 1683 1668 1714 in
1681 1681 1801 1713 Christo
1812 1681 1884 1714 filius
1896 1681 1991 1717 n‘oster
2132 1682 2244 1721 illustris
2256 1683 2324 1715 Rex
2337 1684 2401 1716 An-
2414 1676 2455 1699 Ex
2468 1675 2530 1707 ⁴⁴¹³

1329 1720 1395 1762 gliae
1411 1721 1620 1758 crucefignatus
1638 1721 1827 1760 transfretare,
1845 1720 2047 1790 fflbfidium
2064 1719 2166 1752 Tenae
2178 1720 2297 1762 sanctae,
2315 1723 2402 1764 usque
2413 1718 2480 1750 2⁰37:

1331 1759 1366 1790 ad
1385 1758 1500 1790 Festum
1521 1759 1618 1790 Sancti
1635 1759 1776 1798 Johannis
1795 1759 1854 1798 Bap
1870 1760 1876 1766 '
1947 1759 2061 1800 sequens
2072 1758 2139 1798 post
2149 1761 2285 1801 proximo
2297 1771 2401 1795 ventu-

1333 1807 1415 1837 rum,
1452 1798 1559 1829 raestito
1571 1799 1744 1837 juramento,
1782 1798 1919 1829 romiserit
1933 1808 1941 1827 ι

1370 1837 1427 1868 No
1439 1847 1494 1877 que
1515 1837 1598 1867 vobis
1616 1837 1750 1868 absolven
1769 1837 1779 1866 i
1797 1836 1921 1868 eundern
1934 1835 2052 1875 Regem
2062 1846 2079 1867 a
2092 1843 2165 1868 voto
2179 1835 2302 1877 Crucis,
2318 1837 2403 1870 illud·-

1332 1885 1388 1916 que
1406 1877 1436 1906 iri
1456 1875 1660 1914 susceptionem
1682 1876 1717 1907 &
1732 1876 1952 1915 exequutionem
1965 1875 2074 1913 negotii
2088 1874 2186 1915 Regni
2199 1875 2306 1907 Siciliae
2319 1887 2404 1908 com-

1331 1915 1461 1946 mutandi
1475 1914 1588 1954 plenam
1602 1913 1636 1946 &
1648 1914 1769 1946 liberam
1781 1914 2000 1947 concesserimus
2012 1923 2063 1952 per
2078 1912 2186 1946 nostras
2198 1914 2300 1948 litteras
2313 1916 2404 1954 facus

1330 1961 1545 2023 tat&iscretioni
1565 1990 1691 2039 vestrae,
1722 1991 1904 2031 praesentium
1920 1990 2113 2035 auctoritate,
2141 1993 2348 2038 committimus
2368 2001 2402 2026 ut

1332 2040 1400 2069 vos,
1415 2030 1462 2062 vel
1474 2031 1541 2062 alter
1552 2029 1683 2070 vestrum
1713 2030 1863 2071 postquam
1877 2029 2037 2067 huiusmodi
2051 2037 2154 2060 votum
2165 2032 2254 2067 taliter
2267 2042 2402 2064 commu-

1333 2070 1454 2100 taveritis
1472 2091 1482 2107 ‚
1513 2068 1663 2106 praefatum
1715 2079 1731 2099 e
1750 2078 1797 2099 em
1815 2079 1830 2100 a
1854 2067 1992 2107 praedicto
2007 2068 2166 2106 juramento
2187 2069 2333 2103 absolvere
2351 2079 2401 2112 per

1332 2118 1402 2147 vos,
1415 2107 1463 2140 vel
1475 2116 1526 2148 per
1536 2108 1637 2146 aliurn,
1654 2108 1700 2139 seu
1712 2118 1727 2139 a
1738 2117 1781 2139 ios
1793 2107 1915 2140 valeatis.
2134 2127 2137 2130 -

1371 2183 1441 2217 Dat.
1457 2184 1603 2225 Neapoli,
1623 2193 1659 2224 17
1672 2183 1844 2224 KaiJunii,
1861 2182 2047 2216 Pontificatfis
2060 2182 2148 2216 nostri
2161 2193 2238 2216 anno
2251 2184 2359 2223 primm

2040 2258 2132 2300 Sigillo
2147 2260 2253 2300 avulso.

1332 2387 1424 2421 Bulla
1446 2386 1483 2421 de
1508 2388 1656 2431 Vicesima
1678 2390 1796 2430 Scotiae‚
1816 2397 1873 2433 pro
1898 2388 2068 2420 executione
2091 2386 2203 2432 negotii
2217 2385 2402 2433 Tbrraefhn-

1375 2436 1424 2470 aa
1444 2435 1593 2482 facienda
1609 2446 1665 2482 per
1687 2439 1798 2483 Regem
1826 2435 1964 2483 Angliae,
1985 2433 2082 2468 eidem
2102 2436 2180 2482 Regi
2203 2434 2329 2482 conceffia
2343 2445 2401 2482 per

1378 2489 1562 2529 triennium,
1585 2485 1670 2518 ultra
1681 2488 1796 2532 primos
1812 2494 1874 2518 tres
1890 2494 1993 2518 annos.
2339 2502 2342 2506 -

1331 2569 1537 2628 ALexander
1554 2569 1727 2612 Episcopus,
1746 2570 1838 2602 servus
1856 2569 2003 2601 servorum
2016 2567 2095 2608 Dei,
2109 2568 2253 2600 mriffimo
2266 2569 2297 2599 in
2310 2568 2400 2614 Chri-
2414 2568 2493 2611 Ann-
2506 2570 2549 2606 D.

1406 2610 1451 2642 sto
1471 2611 1531 2641 filio
1660 2609 1761 2641 illustri
1773 2609 1850 2650 Regi
1863 2608 1998 2648 Angliae,
2015 2608 2132 2640 salutem
2144 2608 2180 2641 &
2192 2606 2392 2647 Apostohcam
2436 2617 2522 2648 1255.

1329 2649 1570 2681 benedictionem.
1999 2684 2006 2691 .
2413 2651 2468 2677 An,
2483 2657 2530 2687 39,

1367 2686 1449 2718 Cum
1468 2688 1539 2718 olim
1552 2687 1684 2718 vicefima
1697 2686 1832 2717 omnium
1846 2683 2111 2717 Ecclesiasticorum
2123 2684 2320 2717 Proventuum
2334 2685 2396 2717 Re-
2410 2690 2446 2714 H.
2463 2695 2491 2723 3.

1371 2728 1377 2733 '
1389 2727 1495 2758 Scotiae
1507 2725 1611 2766 Regiae
1623 2724 1806 2762 Celsitudini,
1819 2733 1835 2754 a
1847 2723 1911 2754 sede
1923 2722 2107 2762 Apostolica,
2140 2733 2173 2753 ro
2186 2723 2286 2754 Terrae
2297 2724 2398 2755 sanctae
2412 2728 2453 2752 Ex
2465 2727 2526 2754 Aa·

1329 2737 1466 2804 fiinssfidm,
1482 2775 1531 2804 per
1549 2765 1708 2795 triennium
1723 2763 1757 2794 fit
1777 2761 1929 2801 conceffii3
1947 2761 2076 2794 volentes
2148 2771 2186 2792 ue
2205 2761 2258 2792 tibi
2271 2762 2306 2793 ad
2323 2763 2397 2794 cele—
2411 2769 2479 2802 togr.

1328 2806 1435 2837 riorem
1464 2804 1498 2835 &
1526 2801 1721 2834 efficaciorem
1740 2802 1958 2839 promotionem
1978 2798 2140 2838 hujusmodi
2159 2800 2269 2838 negotii
2289 2800 2399 2833 habun-

1327 2843 1436 2875 dantius
1450 2841 1611 2878 subvenire,
1627 2839 1666 2871 M
1722 2839 1823 2870 'tudini
1839 2847 1896 2870 tuae
1913 2839 2075 2878 hujusmodi
2085 2839 2247 2870 vicesimam
2260 2848 2311 2877 per
2323 2840 2398 2872 aliud

1330 2882 1484 2928 triennium
1501 2881 1573 2912 ultra
1593 2848 1780 2920 praediffixn,
1803 2887 1858 2918 pro
1878 2877 1983 2909 eodem
2001 2877 2166 2918 exequendo
2185 2878 2304 2918 negotio
2325 2878 2397 2915 clar:

1327 2931 1506 3003 guiit'rkcoei
1525 2956 1679 3002 venerabili
1699 2955 1777 3001 frana
1789 2953 1889 2986 nostro
2113 2992 2118 2997 ,

1328 2999 1398 3030 rien.
1421 2998 1455 3029 &
1473 2997 1581 3029 dilecto
1601 2995 1662 3027 filio
1681 2993 1826 3040 Magistro
1847 2990 2017 3036 Rostando,
2031 2989 2215 3036 Subdiacono
2233 2992 2268 3023 &
2288 2991 2334 3024 Ca
2370 2995 2395 3025 1-

1327 3039 1392 3070 lano
1409 3036 1510 3068 nostro
1523 3059 1534 3075 ,
1548 3035 1634 3066 literis
1656 3033 1760 3064 nostris
1777 3033 1950 3070 injungimus
1963 3052 1974 3069 ,
1990 3037 2024 3060 ut
2042 3030 2204 3062 Vicesimam
2223 3040 2326 3062 eorum
2346 3042 2394 3063 em

1328 3084 1539 3116 proventuum,
1556 3071 1681 3111 eiusdem
1699 3070 1808 3103 alterius
1826 3069 1954 3108 triennii,
1971 3077 2021 3109 per
2033 3067 2060 3100 se
2072 3068 2118 3100 vel
2133 3079 2182 3108 per
2194 3068 2263 3100 alios
2274 3069 2395 3105 fideliter

1329 3115 1396 3147 colli
1416 3122 1494 3146 entes
1504 3136 1514 3151 ,
1530 3121 1593 3143 eam
1614 3112 1645 3142 in
1664 3110 1729 3141 tutis
1741 3108 1811 3140 locis
1823 3107 1983 3146 deponant,
2000 3108 2035 3139 &
2049 3107 2153 3139 faciant
2167 3117 2237 3139 curn
2246 3106 2393 3148 diligentia

1327 3165 1367 3187 co
1398 3155 1504 3190 ervari,
1523 3159 1555 3183 ut
1573 3150 1610 3181 de
1629 3148 1684 3188 ipsa
1704 3146 1893 3188 postmodum
1906 3146 2083 3185 disponamus
2095 3146 2211 3186 qualiter
2219 3155 2273 3186 pro
2285 3146 2392 3179 eodem

1328 3194 1449 3231 negotio
1459 3189 1645 3231 expendatur,
1663 3186 1885 3218 contradictores
1897 3195 1945 3226 per
1960 3184 2105 3217 censuram
2116 3184 2330 3218 ecelesiasticam
2340 3195 2394 3225 ap-

1329 3233 1476 3273 pellatione
1495 3227 1648 3267 postposita
1667 3224 1894 3263 compescend05
2023 3262 2029 3268 ¹

1367 3271 1444 3302 Non
1459 3266 1636 3299 obstantibus
1648 3265 1667 3295 si
1681 3264 1905 3302 quibuscumque
1920 3261 2043 3293 Praelatis
2053 3261 2313 3300 Ecclesiarum‚seu
2328 3271 2393 3302 per-

1329 3309 1401 3340 sonis
1416 3309 1488 3346 aliis,
1506 3318 1522 3337 a
1543 3304 1605 3336 sede
1619 3303 1784 3343 Apostolica
1795 3303 1826 3333 sit
1838 3302 1979 3333 indultum
1990 3300 2069 3341 quod
2083 3300 2231 3340 interdici,
2248 3299 2394 3339 suspendi,

1329 3348 1376 3379 vel
1397 3343 1641 3378 excommunicari
1660 3351 1719 3372 non
1741 3340 1842 3379 poffint
1858 3351 1907 3381 per
1920 3340 2021 3370 litteras
2035 3339 2230 3378 Apostolicas‚
2245 3339 2275 3369 in
2287 3339 2393 3378 quibus

1328 3386 1410 3424 plena
1431 3387 1465 3417 δε
1482 3393 1516 3415 ex
1537 3381 1604 3412 ressa
1624 3380 1660 3410 de
1679 3380 1791 3411 indulto
1809 3378 1971 3418 hujusmodi
1990 3379 2101 3408 mentio
2125 3387 2187 3408 non
2204 3377 2337 3420 habetur·
2356 3377 2392 3408 &-

1349 3424 1497 3456 uibussibet
1536 3423 1568 3452 iis
1581 3419 1759 3458 indulgentiis
1773 3419 1806 3450 &
1820 3418 1904 3449 literis
1913 3416 2087 3455 Apostolicis
2100 3426 2151 3454 per
2183 3425 2230 3460 uas
2244 3415 2313 3453 huju
2325 3425 2391 3460 mo·-

1350 3465 1359 3493 i
1381 3462 1530 3494 subventio
1549 3459 1596 3491 vel
1611 3458 1759 3489 subsidium
1773 3456 1904 3496 impediri
1918 3455 2009 3494 posset
2021 3454 2172 3494 quomodo
2193 3455 2259 3493 bet,
2277 3454 2322 3485 vel
2334 3452 2391 3483 dif-

1328 3503 1410 3541 ferri,
1427 3502 1461 3533 &
1476 3500 1512 3532 de
1524 3500 1641 3538 quibus,
1659 3498 1692 3529 &
1705 3506 1821 3537 quarum
1835 3504 1950 3534 tenore,
1966 3493 2107 3538 deverbo
2119 3492 2154 3524 ad
2170 3493 2313 3536 verbum,
2324 3491 2389 3535 'spe-

1328 3541 1429 3573 cialern
1451 3539 1511 3570 fieri
1527 3545 1670 3575 oporteret
1691 3538 1721 3567 in
1755 3535 1913 3566 raesentibus
1925 3540 2120 3576 mentionem,
2134 3530 2169 3563 ὅτ,
2183 3530 2389 3563 constitutione

1327 3580 1364 3612 de
1375 3579 1481 3611 duabus
1493 3578 1572 3609 dietis
1586 3575 1660 3607 edita
1673 3576 1703 3606 in
1748 3574 1857 3606 oncilio
1870 3571 1999 3614 generali.

1365 3655 1433 3688 Dat.
1455 3655 1599 3695 Neapoli,
1620 3662 1654 3692 37
1668 3652 1734 3684 Kal.
1745 3652 1842 3692 Junii,
1859 3646 2043 3682 Pontificatfis
2053 3647 2143 3680 nostri
2156 3655 2232 3678 anno
2243 3643 2349 3684 primm·

1683 3713 1811 3761 Plumbeo
1825 3727 1915 3768 Sigillo
1923 3727 2057 3768 pendente
2070 3737 2090 3758 a
2094 3724 2148 3769 filo
2159 3720 2282 3754 canabeat

2031 2950 2258 2994 Archiepiscopo
2269 2952 2397 2987 Cantua-

2255 4049 2284 4068 -*
2300 4047 2386 4076 Bulla
