<?xml version="1.0" encoding="UTF-8"?>
<!DOCTYPE html PUBLIC "-//W3C//DTD XHTML 1.0 Transitional//EN"
    "http://www.w3.org/TR/xhtml1/DTD/xhtml1-transitional.dtd">
<html xmlns="http://www.w3.org/1999/xhtml" xml:lang="en" lang="en">
 <head>
  <title>
</title>
<meta http-equiv="Content-Type" content="text/html;charset=utf-8" />
  <meta name='ocr-system' content='tesseract 3.04.00' />
  <meta name='ocr-capabilities' content='ocr_page ocr_carea ocr_par ocr_line ocrx_word'/>
</head>
<body>
  <div class='ocr_page' id='page_1' title='image "./fderaconventione01ryme/fderaconventione01ryme_0209.png"; bbox 0 0 2570 4261; ppageno 0'>
   <div class='ocr_carea' id='block_1_1' title="bbox 2 191 1164 315">
    <p class='ocr_par' dir='ltr' id='par_1_1' title="bbox 2 191 1164 315">
     <span class='ocr_line' id='line_1_1' title="bbox 708 191 1164 237; baseline -0.002 -1"><span class='ocrx_word' id='word_1_1' title='bbox 708 191 817 236; x_wconf 84' lang='lat' dir='ltr'>ET</span> <span class='ocrx_word' id='word_1_2' title='bbox 898 193 935 236; x_wconf 93' lang='lat' dir='ltr'>A</span> <span class='ocrx_word' id='word_1_3' title='bbox 975 193 1164 237; x_wconf 89' lang='lat' dir='ltr'>&#39;CTA</span> 
     </span>
     <span class='ocr_line' id='line_1_2' title="bbox 2 280 97 315; baseline -0.063 0"><span class='ocrx_word' id='word_1_4' title='bbox 2 280 97 315; x_wconf 82' lang='lat' dir='ltr'>in.D.</span> 
     </span>
    </p>
   </div>
   <div class='ocr_carea' id='block_1_2' title="bbox 1 363 1164 413">
    <p class='ocr_par' dir='ltr' id='par_1_2' title="bbox 1 363 1164 413">
     <span class='ocr_line' id='line_1_3' title="bbox 1 363 1164 413; baseline -0.002 -13"><span class='ocrx_word' id='word_1_5' title='bbox 1 370 27 388; x_wconf 70' lang='lat'>²²·</span> <span class='ocrx_word' id='word_1_6' title='bbox 46 369 59 396; x_wconf 85' lang='lat'><em>3</em></span> <span class='ocrx_word' id='word_1_7' title='bbox 112 368 232 400; x_wconf 76' lang='lat' dir='ltr'><em>Littera</em></span> <span class='ocrx_word' id='word_1_8' title='bbox 256 365 416 399; x_wconf 83' lang='lat' dir='ltr'>Wllielmo</span> <span class='ocrx_word' id='word_1_9' title='bbox 441 363 477 398; x_wconf 87' lang='lat' dir='ltr'>de</span> <span class='ocrx_word' id='word_1_10' title='bbox 506 366 660 411; x_wconf 85' lang='lat' dir='ltr'>L&#39;Eparr.</span> <span class='ocrx_word' id='word_1_11' title='bbox 687 376 756 396; x_wconf 87' lang='lat' dir='ltr'>cum</span> <span class='ocrx_word' id='word_1_12' title='bbox 781 365 886 397; x_wconf 81' lang='lat' dir='ltr'>multis</span> <span class='ocrx_word' id='word_1_13' title='bbox 914 366 983 397; x_wconf 78' lang='lat' dir='ltr'>aliis</span> <span class='ocrx_word' id='word_1_14' title='bbox 1001 393 1010 408; x_wconf 77' lang='lat'>‚</span> <span class='ocrx_word' id='word_1_15' title='bbox 1037 366 1118 413; x_wconf 83' lang='lat' dir='ltr'>quod</span> <span class='ocrx_word' id='word_1_16' title='bbox 1133 369 1164 399; x_wconf 86' lang='lat' dir='ltr'>in</span> 
     </span>
    </p>
   </div>
   <div class='ocr_carea' id='block_1_3' title="bbox 239 411 1044 460">
    <p class='ocr_par' dir='ltr' id='par_1_3' title="bbox 239 411 1044 460">
     <span class='ocr_line' id='line_1_4' title="bbox 239 411 1044 460; baseline 0.002 -13"><span class='ocrx_word' id='word_1_17' title='bbox 239 415 391 459; x_wconf 66' lang='lat' dir='ltr'>occursttm</span> <span class='ocrx_word' id='word_1_18' title='bbox 408 415 495 460; x_wconf 86' lang='lat' dir='ltr'>Regis</span> <span class='ocrx_word' id='word_1_19' title='bbox 509 425 577 446; x_wconf 79' lang='lat' dir='ltr'>cam</span> <span class='ocrx_word' id='word_1_20' title='bbox 591 411 688 446; x_wconf 82' lang='lat' dir='ltr'>debito</span> <span class='ocrx_word' id='word_1_21' title='bbox 695 413 823 458; x_wconf 71' lang='lat' dir='ltr'>servitio</span> <span class='ocrx_word' id='word_1_22' title='bbox 832 413 890 457; x_wconf 73' lang='lat' dir='ltr'>fito</span> <span class='ocrx_word' id='word_1_23' title='bbox 909 418 1044 449; x_wconf 49' lang='lat' dir='ltr'>veniant,</span> 
     </span>
    </p>
   </div>
   <div class='ocr_carea' id='block_1_4' title="bbox 0 496 1166 997">
    <p class='ocr_par' dir='ltr' id='par_1_4' title="bbox 0 496 1088 561">
     <span class='ocr_line' id='line_1_5' title="bbox 0 496 1088 561; baseline -0.002 -32"><span class='ocrx_word' id='word_1_24' title='bbox 0 513 17 531; x_wconf 66' lang='grc' dir='ltr'>ι.</span> <span class='ocrx_word' id='word_1_25' title='bbox 37 501 81 527; x_wconf 83' lang='lat'>26.</span> <span class='ocrx_word' id='word_1_26' title='bbox 112 498 250 561; x_wconf 85' lang='lat' dir='ltr'>REX</span> <span class='ocrx_word' id='word_1_27' title='bbox 274 496 443 536; x_wconf 88' lang='lat' dir='ltr'>Aquenwill.</span> <span class='ocrx_word' id='word_1_28' title='bbox 462 496 508 527; x_wconf 87' lang='lat' dir='ltr'>del</span> <span class='ocrx_word' id='word_1_29' title='bbox 521 496 613 534; x_wconf 82' lang='lat' dir='ltr'>Sparr.</span> <span class='ocrx_word' id='word_1_30' title='bbox 630 497 751 528; x_wconf 86' lang='lat' dir='ltr'>salutern.</span> <span class='ocrx_word' id='word_1_31' title='bbox 1084 532 1088 536; x_wconf 44' lang='grc'><strong>,</strong></span> 
     </span>
    </p>

    <p class='ocr_par' dir='ltr' id='par_1_5' title="bbox 0 535 1166 728">
     <span class='ocr_line' id='line_1_6' title="bbox 0 535 1166 577; baseline 0.003 -11"><span class='ocrx_word' id='word_1_32' title='bbox 0 546 39 577; x_wconf 72' lang='lat'>23.</span> <span class='ocrx_word' id='word_1_33' title='bbox 213 535 384 567; x_wconf 86' lang='lat' dir='ltr'>Mandamus</span> <span class='ocrx_word' id='word_1_34' title='bbox 403 536 486 566; x_wconf 87' lang='lat' dir='ltr'>vobis</span> <span class='ocrx_word' id='word_1_35' title='bbox 496 545 497 548; x_wconf 53' lang='lat'>¹</span> <span class='ocrx_word' id='word_1_36' title='bbox 506 545 634 574; x_wconf 82' lang='lat' dir='ltr'>rogantes</span> <span class='ocrx_word' id='word_1_37' title='bbox 649 545 782 573; x_wconf 88' lang='lat' dir='ltr'>quatenus</span> <span class='ocrx_word' id='word_1_38' title='bbox 796 536 825 565; x_wconf 89' lang='lat' dir='ltr'>in</span> <span class='ocrx_word' id='word_1_39' title='bbox 837 535 909 573; x_wconf 81' lang='lat' dir='ltr'>fide,</span> <span class='ocrx_word' id='word_1_40' title='bbox 925 546 978 574; x_wconf 88' lang='lat' dir='ltr'>qua</span> <span class='ocrx_word' id='word_1_41' title='bbox 993 539 1074 569; x_wconf 88' lang='lat' dir='ltr'>nobis</span> <span class='ocrx_word' id='word_1_42' title='bbox 1087 547 1166 569; x_wconf 83' lang='lat' dir='ltr'>tene-&#39;-</span> 
     </span>
     <span class='ocr_line' id='line_1_7' title="bbox 0 573 1164 616; baseline 0.002 -11"><span class='ocrx_word' id='word_1_43' title='bbox 0 578 80 616; x_wconf 75' lang='lat' dir='ltr'>sconia</span> <span class='ocrx_word' id='word_1_44' title='bbox 114 575 210 613; x_wconf 84' lang='lat' dir='ltr'>mini,</span> <span class='ocrx_word' id='word_1_45' title='bbox 234 574 289 605; x_wconf 82' lang='lat' dir='ltr'>fitis</span> <span class='ocrx_word' id='word_1_46' title='bbox 309 575 383 615; x_wconf 86' lang='lat' dir='ltr'>apud</span> <span class='ocrx_word' id='word_1_47' title='bbox 404 573 537 606; x_wconf 60' lang='lat' dir='ltr'>Santram</span> <span class='ocrx_word' id='word_1_48' title='bbox 555 573 679 604; x_wconf 82' lang='lat' dir='ltr'>Basiliam</span> <span class='ocrx_word' id='word_1_49' title='bbox 700 575 728 603; x_wconf 87' lang='lat' dir='ltr'>in</span> <span class='ocrx_word' id='word_1_50' title='bbox 749 573 832 603; x_wconf 92' lang='lat' dir='ltr'>Festo</span> <span class='ocrx_word' id='word_1_51' title='bbox 855 574 950 604; x_wconf 66' lang='lat' dir='ltr'>Saneti</span> <span class='ocrx_word' id='word_1_52' title='bbox 969 576 1115 615; x_wconf 79' lang='lat' dir='ltr'>Matthaei,</span> <span class='ocrx_word' id='word_1_53' title='bbox 1135 578 1164 607; x_wconf 84' lang='lat' dir='ltr'>in</span> 
     </span>
     <span class='ocr_line' id='line_1_8' title="bbox 0 611 1164 650; baseline 0.001 -7"><span class='ocrx_word' id='word_1_54' title='bbox 0 625 22 645; x_wconf 32' lang='lat' dir='ltr'>:ti</span> <span class='ocrx_word' id='word_1_55' title='bbox 32 613 65 648; x_wconf 58' lang='grc' dir='ltr'>ό*</span> <span class='ocrx_word' id='word_1_56' title='bbox 114 612 232 643; x_wconf 66' lang='grc' dir='ltr'><strong>Οέὶαὺίε</strong></span> <span class='ocrx_word' id='word_1_57' title='bbox 250 612 419 644; x_wconf 87' lang='lat' dir='ltr'>exaltationis</span> <span class='ocrx_word' id='word_1_58' title='bbox 438 611 541 642; x_wconf 66' lang='lat' dir='ltr'>sanctae</span> <span class='ocrx_word' id='word_1_59' title='bbox 553 611 671 650; x_wconf 76' lang='lat' dir='ltr'>Crucis,</span> <span class='ocrx_word' id='word_1_60' title='bbox 690 622 758 642; x_wconf 91' lang='lat' dir='ltr'>cum</span> <span class='ocrx_word' id='word_1_61' title='bbox 773 620 836 642; x_wconf 91' lang='lat' dir='ltr'>toto</span> <span class='ocrx_word' id='word_1_62' title='bbox 849 612 959 644; x_wconf 88' lang='lat' dir='ltr'>servitio</span> <span class='ocrx_word' id='word_1_63' title='bbox 973 615 1066 646; x_wconf 83' lang='lat' dir='ltr'>vestro</span> <span class='ocrx_word' id='word_1_64' title='bbox 1080 616 1164 645; x_wconf 80' lang='lat' dir='ltr'>nobis</span> 
     </span>
     <span class='ocr_line' id='line_1_9' title="bbox 0 649 1165 692; baseline 0.002 -10"><span class='ocrx_word' id='word_1_65' title='bbox 0 662 39 682; x_wconf 69' lang='grc' dir='ltr'>ενι.</span> <span class='ocrx_word' id='word_1_66' title='bbox 55 652 99 678; x_wconf 89' lang='lat'>26.</span> <span class='ocrx_word' id='word_1_67' title='bbox 111 650 210 681; x_wconf 83' lang='lat' dir='ltr'>debito</span> <span class='ocrx_word' id='word_1_68' title='bbox 222 675 232 689; x_wconf 89' lang='lat'>,</span> <span class='ocrx_word' id='word_1_69' title='bbox 258 653 288 682; x_wconf 88' lang='lat' dir='ltr'>in</span> <span class='ocrx_word' id='word_1_70' title='bbox 306 651 458 683; x_wconf 90' lang='lat' dir='ltr'>occursum</span> <span class='ocrx_word' id='word_1_71' title='bbox 476 649 608 680; x_wconf 87' lang='lat' dir='ltr'>nostrum</span> <span class='ocrx_word' id='word_1_72' title='bbox 623 673 633 688; x_wconf 83' lang='lat'>,</span> <span class='ocrx_word' id='word_1_73' title='bbox 654 650 701 681; x_wconf 89' lang='lat' dir='ltr'>vel</span> <span class='ocrx_word' id='word_1_74' title='bbox 720 650 881 688; x_wconf 87' lang='lat' dir='ltr'>aliquorum</span> <span class='ocrx_word' id='word_1_75' title='bbox 902 651 938 681; x_wconf 92' lang='lat' dir='ltr'>de</span> <span class='ocrx_word' id='word_1_76' title='bbox 957 654 1074 692; x_wconf 83' lang='lat' dir='ltr'>nostris,</span> <span class='ocrx_word' id='word_1_77' title='bbox 1093 665 1165 692; x_wconf 88' lang='lat' dir='ltr'>quos</span> 
     </span>
     <span class='ocr_line' id='line_1_10' title="bbox 0 688 617 728; baseline -0.003 -8"><span class='ocrx_word' id='word_1_78' title='bbox 0 716 2 720; x_wconf 79' lang='grc'>,</span> <span class='ocrx_word' id='word_1_79' title='bbox 21 702 45 728; x_wconf 89' lang='lat'>3.</span> <span class='ocrx_word' id='word_1_80' title='bbox 110 697 177 720; x_wconf 85' lang='lat' dir='ltr'>tunc</span> <span class='ocrx_word' id='word_1_81' title='bbox 189 689 257 720; x_wconf 88' lang='lat' dir='ltr'>illuc</span> <span class='ocrx_word' id='word_1_82' title='bbox 267 690 335 721; x_wconf 91' lang='lat' dir='ltr'>loco</span> <span class='ocrx_word' id='word_1_83' title='bbox 346 688 445 720; x_wconf 87' lang='lat' dir='ltr'>nostro</span> <span class='ocrx_word' id='word_1_84' title='bbox 458 689 617 726; x_wconf 61' lang='lat' dir='ltr'>mittemus,</span> 
     </span>
    </p>

    <p class='ocr_par' dir='ltr' id='par_1_6' title="bbox 0 725 1164 803">
     <span class='ocr_line' id='line_1_11' title="bbox 0 725 1164 770; baseline 0.004 -13"><span class='ocrx_word' id='word_1_85' title='bbox 0 753 3 760; x_wconf 87' lang='lat'>‚</span> <span class='ocrx_word' id='word_1_86' title='bbox 17 739 46 766; x_wconf 84' lang='lat'>7.</span> <span class='ocrx_word' id='word_1_87' title='bbox 59 729 84 757; x_wconf 75' lang='lat' dir='ltr'>d.</span> <span class='ocrx_word' id='word_1_88' title='bbox 147 727 190 758; x_wconf 92' lang='lat' dir='ltr'>Ita</span> <span class='ocrx_word' id='word_1_89' title='bbox 204 729 290 768; x_wconf 89' lang='lat' dir='ltr'>parati</span> <span class='ocrx_word' id='word_1_90' title='bbox 304 729 380 767; x_wconf 89' lang='lat' dir='ltr'>equis</span> <span class='ocrx_word' id='word_1_91' title='bbox 393 728 427 758; x_wconf 91' lang='lat'>&amp;</span> <span class='ocrx_word' id='word_1_92' title='bbox 441 727 524 756; x_wconf 90' lang='lat' dir='ltr'>armis</span> <span class='ocrx_word' id='word_1_93' title='bbox 535 726 569 757; x_wconf 92' lang='lat' dir='ltr'>ad</span> <span class='ocrx_word' id='word_1_94' title='bbox 582 726 709 756; x_wconf 91' lang='lat' dir='ltr'>eundum</span> <span class='ocrx_word' id='word_1_95' title='bbox 722 727 750 756; x_wconf 88' lang='lat' dir='ltr'>in</span> <span class='ocrx_word' id='word_1_96' title='bbox 764 725 905 758; x_wconf 89' lang='lat' dir='ltr'>servitium</span> <span class='ocrx_word' id='word_1_97' title='bbox 919 728 1066 768; x_wconf 87' lang='lat' dir='ltr'>nostrum,</span> <span class='ocrx_word' id='word_1_98' title='bbox 1085 731 1164 770; x_wconf 90' lang='lat' dir='ltr'>quod</span> 
     </span>
     <span class='ocr_line' id='line_1_12' title="bbox 108 764 622 803; baseline -0.004 -7"><span class='ocrx_word' id='word_1_99' title='bbox 108 764 175 796; x_wconf 88' lang='lat' dir='ltr'>inde</span> <span class='ocrx_word' id='word_1_100' title='bbox 186 767 268 797; x_wconf 89' lang='lat' dir='ltr'>vobis</span> <span class='ocrx_word' id='word_1_101' title='bbox 284 775 372 803; x_wconf 79' lang='lat' dir='ltr'>grates</span> <span class='ocrx_word' id='word_1_102' title='bbox 384 765 452 796; x_wconf 84' lang='lat' dir='ltr'>scire</span> <span class='ocrx_word' id='word_1_103' title='bbox 464 764 622 795; x_wconf 86' lang='lat' dir='ltr'>debeamus.</span> 
     </span>
    </p>

    <p class='ocr_par' dir='ltr' id='par_1_7' title="bbox 107 803 1164 950">
     <span class='ocr_line' id='line_1_13' title="bbox 145 803 1164 843; baseline 0.004 -9"><span class='ocrx_word' id='word_1_104' title='bbox 145 803 311 843; x_wconf 89' lang='lat' dir='ltr'>Perquiratis</span> <span class='ocrx_word' id='word_1_105' title='bbox 331 805 413 834; x_wconf 88' lang='lat' dir='ltr'>etiam</span> <span class='ocrx_word' id='word_1_106' title='bbox 434 803 516 833; x_wconf 89' lang='lat' dir='ltr'>nobis</span> <span class='ocrx_word' id='word_1_107' title='bbox 535 811 625 833; x_wconf 87' lang='lat' dir='ltr'>totam</span> <span class='ocrx_word' id='word_1_108' title='bbox 647 803 753 832; x_wconf 83' lang='lat' dir='ltr'>bonam</span> <span class='ocrx_word' id='word_1_109' title='bbox 767 811 881 841; x_wconf 77' lang='lat' dir='ltr'>gentem</span> <span class='ocrx_word' id='word_1_110' title='bbox 913 814 998 843; x_wconf 86' lang='lat' dir='ltr'>quam</span> <span class='ocrx_word' id='word_1_111' title='bbox 1017 807 1164 838; x_wconf 91' lang='lat' dir='ltr'>vobiscum</span> 
     </span>
     <span class='ocr_line' id='line_1_14' title="bbox 110 827 1164 883; baseline 0.004 -11"><span class='ocrx_word' id='word_1_112' title='bbox 110 841 214 873; x_wconf 89' lang='lat' dir='ltr'>ducere</span> <span class='ocrx_word' id='word_1_113' title='bbox 228 843 371 880; x_wconf 84' lang='lat' dir='ltr'>poteritis,</span> <span class='ocrx_word' id='word_1_114' title='bbox 384 840 418 872; x_wconf 90' lang='lat' dir='ltr'>ad</span> <span class='ocrx_word' id='word_1_115' title='bbox 430 841 556 872; x_wconf 88' lang='lat' dir='ltr'>denarios</span> <span class='ocrx_word' id='word_1_116' title='bbox 570 841 696 883; x_wconf 73' lang='lat' dir='ltr'>nostros,</span> <span class='ocrx_word' id='word_1_117' title='bbox 714 842 747 872; x_wconf 68' lang='grc' dir='ltr'>ὃς</span> <span class='ocrx_word' id='word_1_118' title='bbox 763 852 813 871; x_wconf 91' lang='lat' dir='ltr'>nos</span> <span class='ocrx_word' id='word_1_119' title='bbox 826 827 926 873; x_wconf 76' lang='lat' dir='ltr'>solidos</span> <span class='ocrx_word' id='word_1_120' title='bbox 938 844 998 874; x_wconf 81' lang='lat' dir='ltr'>suos</span> <span class='ocrx_word' id='word_1_121' title='bbox 1010 856 1026 875; x_wconf 87' lang='lat' dir='ltr'>a</span> <span class='ocrx_word' id='word_1_122' title='bbox 1040 846 1164 883; x_wconf 79' lang='lat' dir='ltr'>die,qua</span> 
     </span>
     <span class='ocr_line' id='line_1_15' title="bbox 111 879 1164 920; baseline 0.003 -9"><span class='ocrx_word' id='word_1_123' title='bbox 111 882 163 911; x_wconf 88' lang='lat' dir='ltr'>iter</span> <span class='ocrx_word' id='word_1_124' title='bbox 175 881 340 920; x_wconf 84' lang='lat' dir='ltr'>arripuerint</span> <span class='ocrx_word' id='word_1_125' title='bbox 353 880 388 912; x_wconf 87' lang='lat' dir='ltr'>ad</span> <span class='ocrx_word' id='word_1_126' title='bbox 401 879 572 912; x_wconf 87' lang='lat' dir='ltr'>veniendum</span> <span class='ocrx_word' id='word_1_127' title='bbox 586 881 615 910; x_wconf 91' lang='lat' dir='ltr'>in</span> <span class='ocrx_word' id='word_1_128' title='bbox 627 880 772 911; x_wconf 71' lang='lat' dir='ltr'>servitium</span> <span class='ocrx_word' id='word_1_129' title='bbox 786 879 930 920; x_wconf 88' lang='lat' dir='ltr'>nostrum,</span> <span class='ocrx_word' id='word_1_130' title='bbox 949 883 974 912; x_wconf 92' lang='lat' dir='ltr'>ei</span> <span class='ocrx_word' id='word_1_131' title='bbox 990 883 1069 914; x_wconf 84' lang='lat' dir='ltr'>reddi</span> <span class='ocrx_word' id='word_1_132' title='bbox 1079 885 1164 914; x_wconf 70' lang='lat' dir='ltr'>facie-⁴</span> 
     </span>
     <span class='ocr_line' id='line_1_16' title="bbox 107 928 179 950; baseline -0.028 0"><span class='ocrx_word' id='word_1_133' title='bbox 107 928 179 950; x_wconf 88' lang='lat' dir='ltr'>mus.</span> 
     </span>
    </p>

    <p class='ocr_par' dir='ltr' id='par_1_8' title="bbox 143 955 364 997">
     <span class='ocr_line' id='line_1_17' title="bbox 143 955 364 997; baseline -0.009 -9"><span class='ocrx_word' id='word_1_134' title='bbox 143 955 178 988; x_wconf 88' lang='lat' dir='ltr'>In</span> <span class='ocrx_word' id='word_1_135' title='bbox 193 958 288 997; x_wconf 77' lang='lat' dir='ltr'>cujus,</span> <span class='ocrx_word' id='word_1_136' title='bbox 305 957 364 988; x_wconf 50' lang='lat' dir='ltr'>&amp;ct</span> 
     </span>
    </p>
   </div>
   <div class='ocr_carea' id='block_1_5' title="bbox 143 1024 977 1157">
    <p class='ocr_par' dir='ltr' id='par_1_9' title="bbox 143 1024 977 1157">
     <span class='ocr_line' id='line_1_18' title="bbox 143 1024 977 1074; baseline 0.001 -9"><span class='ocrx_word' id='word_1_137' title='bbox 143 1033 233 1066; x_wconf 88' lang='lat' dir='ltr'>Teste</span> <span class='ocrx_word' id='word_1_138' title='bbox 247 1033 330 1074; x_wconf 88' lang='lat' dir='ltr'>Rege</span> <span class='ocrx_word' id='word_1_139' title='bbox 344 1032 417 1072; x_wconf 89' lang='lat' dir='ltr'>apud</span> <span class='ocrx_word' id='word_1_140' title='bbox 429 1024 551 1072; x_wconf 83' lang='lat' dir='ltr'>Burdeg.</span> <span class='ocrx_word' id='word_1_141' title='bbox 569 1032 721 1064; x_wconf 87' lang='lat' dir='ltr'>undecimo</span> <span class='ocrx_word' id='word_1_142' title='bbox 736 1033 781 1063; x_wconf 88' lang='lat' dir='ltr'>die</span> <span class='ocrx_word' id='word_1_143' title='bbox 796 1026 977 1073; x_wconf 66' lang='lat' dir='ltr'>Septembris·</span> 
     </span>
     <span class='ocr_line' id='line_1_19' title="bbox 325 1108 954 1157; baseline -0.002 -17"><span class='ocrx_word' id='word_1_144' title='bbox 325 1110 429 1141; x_wconf 81' lang='lat' dir='ltr'>Eodem</span> <span class='ocrx_word' id='word_1_145' title='bbox 442 1111 516 1157; x_wconf 67' lang='lat' dir='ltr'>modo</span> <span class='ocrx_word' id='word_1_146' title='bbox 523 1109 656 1150; x_wconf 82' lang='lat' dir='ltr'><em>scribitur</em></span> <span class='ocrx_word' id='word_1_147' title='bbox 669 1109 787 1140; x_wconf 79' lang='lat' dir='ltr'>omnibus</span> <span class='ocrx_word' id='word_1_148' title='bbox 792 1108 954 1149; x_wconf 72' lang='lat' dir='ltr'>fichfiriptis.</span> 
     </span>
    </p>
   </div>
   <div class='ocr_carea' id='block_1_6' title="bbox 109 1185 622 1647">
    <p class='ocr_par' dir='ltr' id='par_1_10' title="bbox 109 1185 421 1227">
     <span class='ocr_line' id='line_1_20' title="bbox 109 1185 421 1227; baseline -0.006 -9"><span class='ocrx_word' id='word_1_149' title='bbox 109 1189 206 1218; x_wconf 84' lang='lat' dir='ltr'>Pontio</span> <span class='ocrx_word' id='word_1_150' title='bbox 219 1187 251 1218; x_wconf 86' lang='lat' dir='ltr'>de</span> <span class='ocrx_word' id='word_1_151' title='bbox 267 1185 403 1227; x_wconf 83' lang='lat' dir='ltr'>Castelean</span> <span class='ocrx_word' id='word_1_152' title='bbox 411 1211 421 1226; x_wconf 87' lang='lat'>,</span> 
     </span>
    </p>

    <p class='ocr_par' dir='ltr' id='par_1_11' title="bbox 110 1226 368 1264">
     <span class='ocr_line' id='line_1_21' title="bbox 110 1226 368 1264; baseline 0.004 -10"><span class='ocrx_word' id='word_1_153' title='bbox 110 1228 226 1264; x_wconf 78' lang='lat' dir='ltr'>Emeneo</span> <span class='ocrx_word' id='word_1_154' title='bbox 240 1227 271 1256; x_wconf 84' lang='lat' dir='ltr'>de</span> <span class='ocrx_word' id='word_1_155' title='bbox 284 1226 368 1255; x_wconf 86' lang='lat' dir='ltr'>Buch.</span> 
     </span>
    </p>

    <p class='ocr_par' dir='ltr' id='par_1_12' title="bbox 111 1263 593 1381">
     <span class='ocr_line' id='line_1_22' title="bbox 111 1263 593 1295; baseline 0 -2"><span class='ocrx_word' id='word_1_156' title='bbox 111 1263 260 1295; x_wconf 62' lang='lat' dir='ltr'>i&#39;sVi17Lielin0</span> <span class='ocrx_word' id='word_1_157' title='bbox 277 1263 412 1294; x_wconf 74' lang='lat' dir='ltr'>Bernardi</span> <span class='ocrx_word' id='word_1_158' title='bbox 426 1263 458 1293; x_wconf 82' lang='lat' dir='ltr'>de</span> <span class='ocrx_word' id='word_1_159' title='bbox 473 1266 593 1294; x_wconf 82' lang='lat' dir='ltr'>Dernon.</span> 
     </span>
     <span class='ocr_line' id='line_1_23' title="bbox 111 1302 479 1340; baseline -0.005 -8"><span class='ocrx_word' id='word_1_160' title='bbox 111 1305 258 1333; x_wconf 82' lang='lat' dir='ltr'>Bertramo</span> <span class='ocrx_word' id='word_1_161' title='bbox 270 1304 301 1333; x_wconf 88' lang='lat' dir='ltr'>de</span> <span class='ocrx_word' id='word_1_162' title='bbox 315 1302 479 1340; x_wconf 76' lang='lat' dir='ltr'>Ponenzak,</span> 
     </span>
     <span class='ocr_line' id='line_1_24' title="bbox 113 1339 414 1381; baseline -0.007 -11"><span class='ocrx_word' id='word_1_163' title='bbox 113 1344 229 1371; x_wconf 81' lang='lat' dir='ltr'>Emeneo</span> <span class='ocrx_word' id='word_1_164' title='bbox 241 1341 273 1371; x_wconf 88' lang='lat' dir='ltr'>de</span> <span class='ocrx_word' id='word_1_165' title='bbox 289 1339 396 1381; x_wconf 80' lang='lat' dir='ltr'>Noylan</span> <span class='ocrx_word' id='word_1_166' title='bbox 405 1363 414 1378; x_wconf 92' lang='lat'>,</span> 
     </span>
    </p>

    <p class='ocr_par' dir='ltr' id='par_1_13' title="bbox 112 1376 513 1454">
     <span class='ocr_line' id='line_1_25' title="bbox 112 1376 513 1417; baseline -0.005 -9"><span class='ocrx_word' id='word_1_167' title='bbox 112 1381 237 1409; x_wconf 83' lang='lat' dir='ltr'><em>Dominis</em></span> <span class='ocrx_word' id='word_1_168' title='bbox 248 1380 279 1409; x_wconf 88' lang='lat' dir='ltr'>de</span> <span class='ocrx_word' id='word_1_169' title='bbox 292 1381 363 1417; x_wconf 84' lang='lat' dir='ltr'>Rupe</span> <span class='ocrx_word' id='word_1_170' title='bbox 375 1376 513 1415; x_wconf 72' lang='lat' dir='ltr'>Tulliam,</span> 
     </span>
     <span class='ocr_line' id='line_1_26' title="bbox 112 1418 408 1454; baseline -0.014 -7"><span class='ocrx_word' id='word_1_171' title='bbox 112 1421 235 1454; x_wconf 81' lang='lat' dir='ltr'><em>Dominis</em></span> <span class='ocrx_word' id='word_1_172' title='bbox 248 1418 280 1447; x_wconf 84' lang='lat' dir='ltr'>de</span> <span class='ocrx_word' id='word_1_173' title='bbox 294 1420 408 1454; x_wconf 78' lang='lat' dir='ltr'>Farges,</span> 
     </span>
    </p>

    <p class='ocr_par' dir='ltr' id='par_1_14' title="bbox 110 1452 435 1495">
     <span class='ocr_line' id='line_1_27' title="bbox 110 1452 435 1495; baseline -0.009 -10"><span class='ocrx_word' id='word_1_174' title='bbox 110 1455 252 1495; x_wconf 64' lang='lat' dir='ltr'>Bernarah</span> <span class='ocrx_word' id='word_1_175' title='bbox 267 1454 298 1484; x_wconf 84' lang='lat' dir='ltr'>de</span> <span class='ocrx_word' id='word_1_176' title='bbox 312 1452 435 1491; x_wconf 80' lang='lat' dir='ltr'>Boevill,</span> 
     </span>
    </p>

    <p class='ocr_par' dir='ltr' id='par_1_15' title="bbox 110 1494 442 1530">
     <span class='ocr_line' id='line_1_28' title="bbox 110 1494 442 1530; baseline -0.009 -7"><span class='ocrx_word' id='word_1_177' title='bbox 110 1496 226 1523; x_wconf 84' lang='lat' dir='ltr'>Domino</span> <span class='ocrx_word' id='word_1_178' title='bbox 242 1494 274 1522; x_wconf 83' lang='lat' dir='ltr'>de</span> <span class='ocrx_word' id='word_1_179' title='bbox 286 1495 424 1529; x_wconf 77' lang='lat' dir='ltr'>Benauges</span> <span class='ocrx_word' id='word_1_180' title='bbox 432 1515 442 1530; x_wconf 87' lang='lat'>,</span> 
     </span>
    </p>

    <p class='ocr_par' dir='ltr' id='par_1_16' title="bbox 111 1529 622 1608">
     <span class='ocr_line' id='line_1_29' title="bbox 113 1529 622 1570; baseline -0.008 -8"><span class='ocrx_word' id='word_1_181' title='bbox 113 1534 156 1563; x_wconf 87' lang='lat' dir='ltr'><em>W</em></span> <span class='ocrx_word' id='word_1_182' title='bbox 154 1530 260 1561; x_wconf 83' lang='lat' dir='ltr'>illielmo</span> <span class='ocrx_word' id='word_1_183' title='bbox 268 1533 471 1570; x_wconf 84' lang='lat' dir='ltr'>SegynDomino</span> <span class='ocrx_word' id='word_1_184' title='bbox 478 1529 509 1559; x_wconf 88' lang='lat' dir='ltr'>de</span> <span class='ocrx_word' id='word_1_185' title='bbox 516 1531 622 1570; x_wconf 81' lang='lat' dir='ltr'>Ryieus,</span> 
     </span>
     <span class='ocr_line' id='line_1_30' title="bbox 111 1568 415 1608; baseline -0.007 -8"><span class='ocrx_word' id='word_1_186' title='bbox 111 1570 242 1600; x_wconf 75' lang='lat' dir='ltr'>Bernard</span> <span class='ocrx_word' id='word_1_187' title='bbox 252 1570 284 1599; x_wconf 86' lang='lat' dir='ltr'>de</span> <span class='ocrx_word' id='word_1_188' title='bbox 297 1568 415 1608; x_wconf 57' lang='lat' dir='ltr'>scaffen,</span> 
     </span>
    </p>

    <p class='ocr_par' dir='ltr' id='par_1_17' title="bbox 112 1608 416 1647">
     <span class='ocr_line' id='line_1_31' title="bbox 112 1608 416 1647; baseline -0.01 -8"><span class='ocrx_word' id='word_1_189' title='bbox 112 1611 228 1639; x_wconf 86' lang='lat' dir='ltr'>Domino</span> <span class='ocrx_word' id='word_1_190' title='bbox 241 1608 277 1643; x_wconf 46' lang='lat' dir='ltr'>de,</span> <span class='ocrx_word' id='word_1_191' title='bbox 285 1610 322 1637; x_wconf 88' lang='lat' dir='ltr'>Tr</span> <span class='ocrx_word' id='word_1_192' title='bbox 317 1617 399 1647; x_wconf 79' lang='lat' dir='ltr'>ymue</span> <span class='ocrx_word' id='word_1_193' title='bbox 406 1631 416 1646; x_wconf 87' lang='lat'>,</span> 
     </span>
    </p>
   </div>
   <div class='ocr_carea' id='block_1_7' title="bbox 655 1185 1166 1567">
    <p class='ocr_par' dir='ltr' id='par_1_18' title="bbox 657 1185 939 1225">
     <span class='ocr_line' id='line_1_32' title="bbox 657 1185 939 1225; baseline -0.004 -10"><span class='ocrx_word' id='word_1_194' title='bbox 657 1185 735 1225; x_wconf 77' lang='lat' dir='ltr'><em>Elyae</em></span> <span class='ocrx_word' id='word_1_195' title='bbox 751 1187 782 1215; x_wconf 86' lang='lat' dir='ltr'>de</span> <span class='ocrx_word' id='word_1_196' title='bbox 796 1185 921 1216; x_wconf 81' lang='lat' dir='ltr'>Blennak</span> <span class='ocrx_word' id='word_1_197' title='bbox 930 1210 939 1225; x_wconf 87' lang='lat'>,</span> 
     </span>
    </p>

    <p class='ocr_par' dir='ltr' id='par_1_19' title="bbox 656 1225 987 1263">
     <span class='ocr_line' id='line_1_33' title="bbox 656 1225 987 1263; baseline 0 -10"><span class='ocrx_word' id='word_1_198' title='bbox 656 1228 815 1253; x_wconf 75' lang='lat' dir='ltr'>Amaunino</span> <span class='ocrx_word' id='word_1_199' title='bbox 828 1225 859 1253; x_wconf 73' lang='lat' dir='ltr'>de</span> <span class='ocrx_word' id='word_1_200' title='bbox 876 1227 987 1263; x_wconf 82' lang='lat' dir='ltr'>Bareis,</span> 
     </span>
    </p>

    <p class='ocr_par' dir='ltr' id='par_1_20' title="bbox 656 1261 960 1302">
     <span class='ocr_line' id='line_1_34' title="bbox 656 1261 960 1302; baseline 0.007 -12"><span class='ocrx_word' id='word_1_201' title='bbox 656 1261 781 1291; x_wconf 80' lang='lat' dir='ltr'>Arnoldo</span> <span class='ocrx_word' id='word_1_202' title='bbox 795 1262 825 1290; x_wconf 84' lang='lat' dir='ltr'>de</span> <span class='ocrx_word' id='word_1_203' title='bbox 840 1263 960 1302; x_wconf 85' lang='lat' dir='ltr'>Gyrund.</span> 
     </span>
    </p>

    <p class='ocr_par' dir='ltr' id='par_1_21' title="bbox 655 1299 1089 1339">
     <span class='ocr_line' id='line_1_35' title="bbox 655 1299 1089 1339; baseline 0.002 -10"><span class='ocrx_word' id='word_1_204' title='bbox 655 1303 770 1330; x_wconf 85' lang='lat' dir='ltr'>Domino</span> <span class='ocrx_word' id='word_1_205' title='bbox 783 1299 814 1328; x_wconf 87' lang='lat' dir='ltr'>de</span> <span class='ocrx_word' id='word_1_206' title='bbox 830 1300 922 1339; x_wconf 82' lang='lat' dir='ltr'>Castro</span> <span class='ocrx_word' id='word_1_207' title='bbox 933 1302 965 1330; x_wconf 85' lang='lat' dir='ltr'>de</span> <span class='ocrx_word' id='word_1_208' title='bbox 979 1301 1089 1330; x_wconf 82' lang='lat' dir='ltr'>Bedort.</span> 
     </span>
    </p>

    <p class='ocr_par' dir='ltr' id='par_1_22' title="bbox 656 1337 987 1375">
     <span class='ocr_line' id='line_1_36' title="bbox 656 1337 987 1375; baseline 0.009 -10"><span class='ocrx_word' id='word_1_209' title='bbox 656 1337 786 1375; x_wconf 67' lang='lat' dir='ltr'>Amst&#39;znd</span> <span class='ocrx_word' id='word_1_210' title='bbox 797 1338 828 1366; x_wconf 85' lang='lat' dir='ltr'>de</span> <span class='ocrx_word' id='word_1_211' title='bbox 844 1339 987 1368; x_wconf 62' lang='lat' dir='ltr'>command.</span> 
     </span>
    </p>

    <p class='ocr_par' dir='ltr' id='par_1_23' title="bbox 656 1375 1166 1452">
     <span class='ocr_line' id='line_1_37' title="bbox 656 1375 1166 1410; baseline 0.006 -6"><span class='ocrx_word' id='word_1_212' title='bbox 656 1376 798 1404; x_wconf 71' lang='lat' dir='ltr'>Bernardo</span> <span class='ocrx_word' id='word_1_213' title='bbox 812 1375 925 1410; x_wconf 76' lang='lat' dir='ltr'>Boevt&#39;ll</span> <span class='ocrx_word' id='word_1_214' title='bbox 934 1379 1049 1407; x_wconf 81' lang='lat' dir='ltr'>Domino</span> <span class='ocrx_word' id='word_1_215' title='bbox 1070 1378 1102 1407; x_wconf 82' lang='lat' dir='ltr'>de</span> <span class='ocrx_word' id='word_1_216' title='bbox 1115 1380 1166 1407; x_wconf 88' lang='lat' dir='ltr'>Su-</span> 
     </span>
     <span class='ocr_line' id='line_1_38' title="bbox 693 1415 828 1452; baseline 0.015 -11"><span class='ocrx_word' id='word_1_217' title='bbox 693 1415 809 1443; x_wconf 73' lang='lat' dir='ltr'>menzak</span> <span class='ocrx_word' id='word_1_218' title='bbox 818 1437 828 1452; x_wconf 88' lang='lat'>,</span> 
     </span>
    </p>

    <p class='ocr_par' dir='ltr' id='par_1_24' title="bbox 657 1451 1165 1492">
     <span class='ocr_line' id='line_1_39' title="bbox 657 1451 1165 1492; baseline 0.004 -12"><span class='ocrx_word' id='word_1_219' title='bbox 657 1451 798 1481; x_wconf 75' lang='lat' dir='ltr'>Guillelmo</span> <span class='ocrx_word' id='word_1_220' title='bbox 810 1453 946 1482; x_wconf 84' lang='lat' dir='ltr'>Remundo</span> <span class='ocrx_word' id='word_1_221' title='bbox 966 1454 998 1483; x_wconf 78' lang='lat' dir='ltr'>de</span> <span class='ocrx_word' id='word_1_222' title='bbox 1016 1454 1165 1492; x_wconf 73' lang='lat' dir='ltr'>Pennibus,</span> 
     </span>
    </p>

    <p class='ocr_par' dir='ltr' id='par_1_25' title="bbox 658 1491 918 1529">
     <span class='ocr_line' id='line_1_40' title="bbox 658 1491 918 1529; baseline 0.004 -9"><span class='ocrx_word' id='word_1_223' title='bbox 658 1493 742 1520; x_wconf 88' lang='lat' dir='ltr'>Petro</span> <span class='ocrx_word' id='word_1_224' title='bbox 756 1491 787 1520; x_wconf 86' lang='lat' dir='ltr'>de</span> <span class='ocrx_word' id='word_1_225' title='bbox 801 1492 918 1529; x_wconf 86' lang='lat' dir='ltr'>Burdeg.</span> 
     </span>
    </p>

    <p class='ocr_par' dir='ltr' id='par_1_26' title="bbox 658 1531 895 1567">
     <span class='ocr_line' id='line_1_41' title="bbox 658 1531 895 1567; baseline 0 -9"><span class='ocrx_word' id='word_1_226' title='bbox 658 1531 740 1558; x_wconf 85' lang='lat' dir='ltr'>Petro</span> <span class='ocrx_word' id='word_1_227' title='bbox 754 1532 877 1559; x_wconf 77' lang='lat' dir='ltr'>Gaveret</span> <span class='ocrx_word' id='word_1_228' title='bbox 885 1553 895 1567; x_wconf 77' lang='lat'>,</span> 
     </span>
    </p>
   </div>
   <div class='ocr_carea' id='block_1_8' title="bbox 659 1566 1018 1608">
    <p class='ocr_par' dir='ltr' id='par_1_27' title="bbox 659 1566 1018 1608">
     <span class='ocr_line' id='line_1_42' title="bbox 659 1566 1018 1608; baseline 0.008 -12"><span class='ocrx_word' id='word_1_229' title='bbox 659 1566 784 1598; x_wconf 81' lang='lat' dir='ltr'>Arnoldo</span> <span class='ocrx_word' id='word_1_230' title='bbox 798 1569 829 1598; x_wconf 87' lang='lat' dir='ltr'>de</span> <span class='ocrx_word' id='word_1_231' title='bbox 843 1571 864 1597; x_wconf 73' lang='grc'>1.</span> <span class='ocrx_word' id='word_1_232' title='bbox 871 1567 1018 1608; x_wconf 71' lang='lat' dir='ltr'>,ankeforcL</span> 
     </span>
    </p>
   </div>
   <div class='ocr_carea' id='block_1_9' title="bbox 111 1677 1167 1764">
    <p class='ocr_par' dir='ltr' id='par_1_28' title="bbox 111 1677 1167 1764">
     <span class='ocr_line' id='line_1_43' title="bbox 147 1677 1167 1726; baseline 0.001 -12"><span class='ocrx_word' id='word_1_233' title='bbox 147 1679 317 1715; x_wconf 80' lang='lat' dir='ltr'>Mandatum</span> <span class='ocrx_word' id='word_1_234' title='bbox 336 1683 380 1723; x_wconf 70' lang='lat' dir='ltr'>estv</span> <span class='ocrx_word' id='word_1_235' title='bbox 393 1677 509 1714; x_wconf 78' lang='lat' dir='ltr'>R&#39;oberto</span> <span class='ocrx_word' id='word_1_236' title='bbox 527 1681 558 1712; x_wconf 83' lang='lat' dir='ltr'>de</span> <span class='ocrx_word' id='word_1_237' title='bbox 576 1684 736 1713; x_wconf 71' lang='lat' dir='ltr'>Rauncever</span> <span class='ocrx_word' id='word_1_238' title='bbox 756 1684 829 1724; x_wconf 78' lang='lat' dir='ltr'>quod</span> <span class='ocrx_word' id='word_1_239' title='bbox 845 1679 939 1723; x_wconf 72' lang='lat' dir='ltr'>eisHem</span> <span class='ocrx_word' id='word_1_240' title='bbox 956 1683 997 1713; x_wconf 82' lang='lat' dir='ltr'>die</span> <span class='ocrx_word' id='word_1_241' title='bbox 1018 1682 1056 1719; x_wconf 62' lang='grc' dir='ltr'><strong><em>ὠ</em></strong></span> <span class='ocrx_word' id='word_1_242' title='bbox 1069 1681 1122 1715; x_wconf 86' lang='lat' dir='ltr'>Ioco</span> <span class='ocrx_word' id='word_1_243' title='bbox 1127 1685 1167 1726; x_wconf 84' lang='lat' dir='ltr'>fit</span> 
     </span>
     <span class='ocr_line' id='line_1_44' title="bbox 111 1721 409 1764; baseline -0.003 -11"><span class='ocrx_word' id='word_1_244' title='bbox 111 1734 169 1754; x_wconf 80' lang='lat' dir='ltr'>cum</span> <span class='ocrx_word' id='word_1_245' title='bbox 181 1727 252 1764; x_wconf 79' lang='lat' dir='ltr'>equis</span> <span class='ocrx_word' id='word_1_246' title='bbox 265 1721 303 1758; x_wconf 63' lang='grc' dir='ltr'>ό·</span> <span class='ocrx_word' id='word_1_247' title='bbox 317 1725 409 1752; x_wconf 80' lang='lat' dir='ltr'>armis.</span> 
     </span>
    </p>
   </div>
   <div class='ocr_carea' id='block_1_10' title="bbox 110 1797 445 1907">
    <p class='ocr_par' dir='ltr' id='par_1_29' title="bbox 110 1797 445 1907">
     <span class='ocr_line' id='line_1_45' title="bbox 110 1797 445 1838; baseline -0.003 -9"><span class='ocrx_word' id='word_1_248' title='bbox 110 1799 234 1829; x_wconf 83' lang='lat' dir='ltr'>Ernaldo</span> <span class='ocrx_word' id='word_1_249' title='bbox 248 1800 280 1829; x_wconf 83' lang='lat' dir='ltr'>de</span> <span class='ocrx_word' id='word_1_250' title='bbox 294 1797 445 1838; x_wconf 75' lang='lat' dir='ltr'>Mantalio,</span> 
     </span>
     <span class='ocr_line' id='line_1_46' title="bbox 112 1841 433 1868; baseline 0 -1"><span class='ocrx_word' id='word_1_251' title='bbox 112 1841 140 1868; x_wconf 92' lang='lat' dir='ltr'><em>V</em></span> <span class='ocrx_word' id='word_1_252' title='bbox 140 1841 265 1868; x_wconf 78' lang='lat' dir='ltr'>icecomiti</span> <span class='ocrx_word' id='word_1_253' title='bbox 279 1841 433 1868; x_wconf 79' lang='lat' dir='ltr'>Tartetorn.</span> 
     </span>
     <span class='ocr_line' id='line_1_47' title="bbox 110 1875 412 1907; baseline -0.003 -1"><span class='ocrx_word' id='word_1_254' title='bbox 110 1879 139 1906; x_wconf 90' lang='lat' dir='ltr'><em>V</em></span> <span class='ocrx_word' id='word_1_255' title='bbox 138 1879 262 1907; x_wconf 81' lang='lat' dir='ltr'>icecomiti</span> <span class='ocrx_word' id='word_1_256' title='bbox 275 1875 412 1906; x_wconf 73' lang='lat' dir='ltr'>Aborcen.</span> 
     </span>
    </p>
   </div>
   <div class='ocr_carea' id='block_1_11' title="bbox 655 1798 968 1867">
    <p class='ocr_par' dir='ltr' id='par_1_30' title="bbox 655 1798 968 1867">
     <span class='ocr_line' id='line_1_48' title="bbox 657 1798 876 1829; baseline 0 -1"><span class='ocrx_word' id='word_1_257' title='bbox 657 1801 685 1828; x_wconf 86' lang='lat' dir='ltr'><em>V</em></span> <span class='ocrx_word' id='word_1_258' title='bbox 686 1801 811 1828; x_wconf 79' lang='lat' dir='ltr'>icecomiti</span> <span class='ocrx_word' id='word_1_259' title='bbox 825 1798 876 1829; x_wconf 88' lang='lat' dir='ltr'>Sol.</span> 
     </span>
     <span class='ocr_line' id='line_1_49' title="bbox 655 1836 968 1867; baseline 0 -1"><span class='ocrx_word' id='word_1_260' title='bbox 655 1836 768 1867; x_wconf 80' lang='lat' dir='ltr'>Abbati</span> <span class='ocrx_word' id='word_1_261' title='bbox 780 1839 873 1867; x_wconf 70' lang='lat' dir='ltr'>Sancti</span> <span class='ocrx_word' id='word_1_262' title='bbox 887 1836 968 1867; x_wconf 77' lang='lat' dir='ltr'>Paul.</span> 
     </span>
    </p>
   </div>
   <div class='ocr_carea' id='block_1_12' title="bbox 0 1949 1171 2073">
    <p class='ocr_par' dir='ltr' id='par_1_31' title="bbox 0 1949 1171 2073">
     <span class='ocr_line' id='line_1_50' title="bbox 113 1949 1171 1992; baseline -0.003 -6"><span class='ocrx_word' id='word_1_263' title='bbox 113 1987 116 1989; x_wconf 79' lang='grc'><em>,</em></span> <span class='ocrx_word' id='word_1_264' title='bbox 148 1952 318 1986; x_wconf 89' lang='lat' dir='ltr'>Mandamus</span> <span class='ocrx_word' id='word_1_265' title='bbox 331 1954 412 1984; x_wconf 86' lang='lat' dir='ltr'>vobis</span> <span class='ocrx_word' id='word_1_266' title='bbox 425 1953 553 1991; x_wconf 84' lang='lat' dir='ltr'>quatinus</span> <span class='ocrx_word' id='word_1_267' title='bbox 564 1950 617 1981; x_wconf 87' lang='lat' dir='ltr'>fitis</span> <span class='ocrx_word' id='word_1_268' title='bbox 630 1949 663 1981; x_wconf 86' lang='lat' dir='ltr'>ad</span> <span class='ocrx_word' id='word_1_269' title='bbox 678 1961 746 1990; x_wconf 90' lang='lat' dir='ltr'>nos,</span> <span class='ocrx_word' id='word_1_270' title='bbox 760 1952 832 1992; x_wconf 88' lang='lat' dir='ltr'>apud</span> <span class='ocrx_word' id='word_1_271' title='bbox 846 1952 952 1983; x_wconf 85' lang='lat' dir='ltr'><strong>Silvam</strong></span> <span class='ocrx_word' id='word_1_272' title='bbox 967 1953 1171 1991; x_wconf 88' lang='lat' dir='ltr'>majorem‚die</span> 
     </span>
     <span class='ocr_line' id='line_1_51' title="bbox 0 1988 1170 2043; baseline -0.003 -18"><span class='ocrx_word' id='word_1_273' title='bbox 0 2007 19 2034; x_wconf 49' lang='lat'>1,</span> <span class='ocrx_word' id='word_1_274' title='bbox 32 1993 201 2043; x_wconf 57' lang='lat' dir='ltr'>413,Lunqe</span> <span class='ocrx_word' id='word_1_275' title='bbox 221 1994 240 2013; x_wconf 54' lang='lat'>²*</span> <span class='ocrx_word' id='word_1_276' title='bbox 257 1993 389 2036; x_wconf 81' lang='lat' dir='ltr'>proximo</span> <span class='ocrx_word' id='word_1_277' title='bbox 408 1991 470 2030; x_wconf 88' lang='lat' dir='ltr'>post</span> <span class='ocrx_word' id='word_1_278' title='bbox 490 1989 604 2034; x_wconf 74' lang='lat' dir='ltr'>Festum</span> <span class='ocrx_word' id='word_1_279' title='bbox 626 1988 771 2035; x_wconf 78' lang='lat' dir='ltr'>Omnium</span> <span class='ocrx_word' id='word_1_280' title='bbox 787 1991 958 2022; x_wconf 61' lang='lat' dir='ltr'>Sancitorum</span> <span class='ocrx_word' id='word_1_281' title='bbox 971 2013 982 2029; x_wconf 88' lang='lat'>,</span> <span class='ocrx_word' id='word_1_282' title='bbox 999 1993 1124 2032; x_wconf 76' lang='lat' dir='ltr'>prompti</span> <span class='ocrx_word' id='word_1_283' title='bbox 1136 1993 1170 2023; x_wconf 73' lang='grc' dir='ltr'>ὃς</span> 
     </span>
     <span class='ocr_line' id='line_1_52' title="bbox 111 2026 831 2073; baseline -0.004 -10"><span class='ocrx_word' id='word_1_284' title='bbox 111 2042 195 2072; x_wconf 79' lang='lat' dir='ltr'>parati</span> <span class='ocrx_word' id='word_1_285' title='bbox 209 2042 262 2073; x_wconf 88' lang='lat' dir='ltr'>pro</span> <span class='ocrx_word' id='word_1_286' title='bbox 277 2039 399 2062; x_wconf 76' lang='lat' dir='ltr'>exercitu</span> <span class='ocrx_word' id='word_1_287' title='bbox 414 2030 446 2060; x_wconf 90' lang='lat'>&amp;</span> <span class='ocrx_word' id='word_1_288' title='bbox 460 2028 569 2059; x_wconf 79' lang='lat' dir='ltr'>servrtio</span> <span class='ocrx_word' id='word_1_289' title='bbox 580 2026 676 2058; x_wconf 88' lang='lat' dir='ltr'>nostro</span> <span class='ocrx_word' id='word_1_290' title='bbox 691 2029 831 2060; x_wconf 80' lang='lat' dir='ltr'>faciendo.</span> 
     </span>
    </p>
   </div>
   <div class='ocr_carea' id='block_1_13' title="bbox 151 2103 1002 2148">
    <p class='ocr_par' dir='ltr' id='par_1_32' title="bbox 151 2103 1002 2148">
     <span class='ocr_line' id='line_1_53' title="bbox 151 2103 1002 2148; baseline -0.004 -9"><span class='ocrx_word' id='word_1_291' title='bbox 151 2107 238 2139; x_wconf 82' lang='lat' dir='ltr'>Teste</span> <span class='ocrx_word' id='word_1_292' title='bbox 253 2109 334 2148; x_wconf 88' lang='lat' dir='ltr'>Rege</span> <span class='ocrx_word' id='word_1_293' title='bbox 346 2106 418 2147; x_wconf 85' lang='lat' dir='ltr'>apud</span> <span class='ocrx_word' id='word_1_294' title='bbox 433 2104 550 2144; x_wconf 88' lang='lat' dir='ltr'>Burdeg.</span> <span class='ocrx_word' id='word_1_295' title='bbox 566 2103 682 2135; x_wconf 83' lang='lat' dir='ltr'>decimo</span> <span class='ocrx_word' id='word_1_296' title='bbox 694 2106 800 2137; x_wconf 61' lang='lat' dir='ltr'>oetavo</span> <span class='ocrx_word' id='word_1_297' title='bbox 817 2106 862 2136; x_wconf 87' lang='lat' dir='ltr'>die</span> <span class='ocrx_word' id='word_1_298' title='bbox 877 2105 1002 2137; x_wconf 66' lang='lat' dir='ltr'>oetobr.</span> 
     </span>
    </p>
   </div>
   <div class='ocr_carea' id='block_1_14' title="bbox 111 2176 1172 2261">
    <p class='ocr_par' dir='ltr' id='par_1_33' title="bbox 111 2176 1172 2261">
     <span class='ocr_line' id='line_1_54' title="bbox 148 2176 1172 2224; baseline 0.002 -10"><span class='ocrx_word' id='word_1_299' title='bbox 148 2176 265 2224; x_wconf 81' lang='lat' dir='ltr'>Vigerio</span> <span class='ocrx_word' id='word_1_300' title='bbox 285 2183 406 2224; x_wconf 71' lang='lat' dir='ltr'>Aquens]</span> <span class='ocrx_word' id='word_1_301' title='bbox 424 2181 501 2222; x_wconf 87' lang='lat' dir='ltr'>quod</span> <span class='ocrx_word' id='word_1_302' title='bbox 523 2181 637 2224; x_wconf 81' lang='lat' dir='ltr'>clamari</span> <span class='ocrx_word' id='word_1_303' title='bbox 658 2180 691 2211; x_wconf 69' lang='grc' dir='ltr'>ὅτ</span> <span class='ocrx_word' id='word_1_304' title='bbox 710 2181 883 2212; x_wconf 82' lang='lat' dir='ltr'>summoneri</span> <span class='ocrx_word' id='word_1_305' title='bbox 895 2183 979 2214; x_wconf 87' lang='lat' dir='ltr'>faciat</span> <span class='ocrx_word' id='word_1_306' title='bbox 991 2193 1091 2213; x_wconf 89' lang='lat' dir='ltr'>omnes</span> <span class='ocrx_word' id='word_1_307' title='bbox 1110 2183 1172 2216; x_wconf 90' lang='lat' dir='ltr'>illos</span> 
     </span>
     <span class='ocr_line' id='line_1_55' title="bbox 111 2219 1147 2261; baseline -0.002 -6"><span class='ocrx_word' id='word_1_308' title='bbox 111 2224 149 2255; x_wconf 90' lang='lat' dir='ltr'>de</span> <span class='ocrx_word' id='word_1_309' title='bbox 163 2222 286 2254; x_wconf 87' lang='lat' dir='ltr'>Civitate</span> <span class='ocrx_word' id='word_1_310' title='bbox 301 2222 441 2261; x_wconf 81' lang='lat' dir='ltr'>Aquensr,</span> <span class='ocrx_word' id='word_1_311' title='bbox 459 2221 508 2261; x_wconf 88' lang='lat' dir='ltr'>qui</span> <span class='ocrx_word' id='word_1_312' title='bbox 523 2219 666 2250; x_wconf 78' lang='lat' dir='ltr'>servitium</span> <span class='ocrx_word' id='word_1_313' title='bbox 679 2219 755 2261; x_wconf 80' lang='lat' dir='ltr'>Regi</span> <span class='ocrx_word' id='word_1_314' title='bbox 768 2221 889 2259; x_wconf 89' lang='lat' dir='ltr'>debent,</span> <span class='ocrx_word' id='word_1_315' title='bbox 907 2221 985 2260; x_wconf 89' lang='lat' dir='ltr'>quod</span> <span class='ocrx_word' id='word_1_316' title='bbox 1002 2222 1071 2261; x_wconf 77' lang='lat' dir='ltr'>sint,</span> <span class='ocrx_word' id='word_1_317' title='bbox 1087 2222 1147 2253; x_wconf 89' lang='lat' dir='ltr'>&amp;c.</span> 
     </span>
    </p>
   </div>
   <div class='ocr_carea' id='block_1_15' title="bbox 126 2299 297 2340">
    <p class='ocr_par' dir='ltr' id='par_1_34' title="bbox 126 2299 297 2340">
     <span class='ocr_line' id='line_1_56' title="bbox 126 2299 297 2340; baseline 0 -10"><span class='ocrx_word' id='word_1_318' title='bbox 126 2316 129 2318; x_wconf 90' lang='lat'><em>-</em></span> <span class='ocrx_word' id='word_1_319' title='bbox 151 2299 198 2330; x_wconf 89' lang='lat' dir='ltr'>Ut</span> <span class='ocrx_word' id='word_1_320' title='bbox 211 2299 297 2340; x_wconf 90' lang='lat' dir='ltr'>supra.</span> 
     </span>
    </p>
   </div>
   <div class='ocr_carea' id='block_1_16' title="bbox 115 2369 1174 2568">
    <p class='ocr_par' dir='ltr' id='par_1_35' title="bbox 115 2369 1174 2568">
     <span class='ocr_line' id='line_1_57' title="bbox 153 2369 1173 2417; baseline 0.001 -11"><span class='ocrx_word' id='word_1_321' title='bbox 153 2375 380 2417; x_wconf 66' lang='lat' dir='ltr'>Riemorandum</span> <span class='ocrx_word' id='word_1_322' title='bbox 394 2375 471 2414; x_wconf 88' lang='lat' dir='ltr'>quod</span> <span class='ocrx_word' id='word_1_323' title='bbox 486 2373 630 2405; x_wconf 85' lang='lat' dir='ltr'>Dominus</span> <span class='ocrx_word' id='word_1_324' title='bbox 643 2372 708 2403; x_wconf 87' lang='lat' dir='ltr'>Rex</span> <span class='ocrx_word' id='word_1_325' title='bbox 721 2375 885 2413; x_wconf 84' lang='lat' dir='ltr'>precabatur</span> <span class='ocrx_word' id='word_1_326' title='bbox 898 2369 1060 2415; x_wconf 89' lang='lat' dir='ltr'>subscriptos</span> <span class='ocrx_word' id='word_1_327' title='bbox 1072 2398 1082 2414; x_wconf 89' lang='lat'>,</span> <span class='ocrx_word' id='word_1_328' title='bbox 1095 2376 1173 2414; x_wconf 85' lang='lat' dir='ltr'>quod</span> 
     </span>
     <span class='ocr_line' id='line_1_58' title="bbox 117 2412 1174 2453; baseline 0 -9"><span class='ocrx_word' id='word_1_329' title='bbox 117 2414 185 2453; x_wconf 79' lang='lat' dir='ltr'>ipsi,</span> <span class='ocrx_word' id='word_1_330' title='bbox 203 2415 236 2444; x_wconf 91' lang='lat' dir='ltr'>ad</span> <span class='ocrx_word' id='word_1_331' title='bbox 250 2414 362 2444; x_wconf 86' lang='lat' dir='ltr'>eoldem</span> <span class='ocrx_word' id='word_1_332' title='bbox 378 2412 453 2444; x_wconf 88' lang='lat' dir='ltr'>diem</span> <span class='ocrx_word' id='word_1_333' title='bbox 468 2415 501 2444; x_wconf 73' lang='grc' dir='ltr'>ὃ(</span> <span class='ocrx_word' id='word_1_334' title='bbox 514 2414 629 2449; x_wconf 82' lang='lat' dir='ltr'>locum,</span> <span class='ocrx_word' id='word_1_335' title='bbox 640 2422 708 2441; x_wconf 86' lang='lat' dir='ltr'>curn</span> <span class='ocrx_word' id='word_1_336' title='bbox 724 2413 800 2451; x_wconf 86' lang='lat' dir='ltr'>equis</span> <span class='ocrx_word' id='word_1_337' title='bbox 814 2416 847 2444; x_wconf 84' lang='lat'>&amp;</span> <span class='ocrx_word' id='word_1_338' title='bbox 861 2415 943 2443; x_wconf 83' lang='lat' dir='ltr'>armis</span> <span class='ocrx_word' id='word_1_339' title='bbox 958 2415 1174 2453; x_wconf 89' lang='lat' dir='ltr'>venirent,per-</span> 
     </span>
     <span class='ocr_line' id='line_1_59' title="bbox 115 2451 1174 2491; baseline 0.001 -9"><span class='ocrx_word' id='word_1_340' title='bbox 115 2454 255 2491; x_wconf 83' lang='lat' dir='ltr'>quirentes</span> <span class='ocrx_word' id='word_1_341' title='bbox 267 2452 402 2482; x_wconf 88' lang='lat' dir='ltr'>Domino</span> <span class='ocrx_word' id='word_1_342' title='bbox 417 2452 496 2487; x_wconf 74' lang='lat' dir='ltr'>Regi</span> <span class='ocrx_word' id='word_1_343' title='bbox 508 2459 596 2480; x_wconf 86' lang='lat' dir='ltr'>totam</span> <span class='ocrx_word' id='word_1_344' title='bbox 609 2451 715 2479; x_wconf 84' lang='lat' dir='ltr'>bonam</span> <span class='ocrx_word' id='word_1_345' title='bbox 730 2458 844 2488; x_wconf 84' lang='lat' dir='ltr'>gentem</span> <span class='ocrx_word' id='word_1_346' title='bbox 854 2474 862 2488; x_wconf 86' lang='lat'>,</span> <span class='ocrx_word' id='word_1_347' title='bbox 881 2461 964 2490; x_wconf 87' lang='lat' dir='ltr'>quam</span> <span class='ocrx_word' id='word_1_348' title='bbox 980 2452 1073 2482; x_wconf 72' lang='lat' dir='ltr'>secum</span> <span class='ocrx_word' id='word_1_349' title='bbox 1087 2453 1174 2483; x_wconf 90' lang='lat' dir='ltr'>duce-</span> 
     </span>
     <span class='ocr_line' id='line_1_60' title="bbox 116 2488 1174 2560; baseline 0.002 -39"><span class='ocrx_word' id='word_1_350' title='bbox 116 2493 147 2560; x_wconf 46' lang='grc' dir='ltr'>’ξε</span> <span class='ocrx_word' id='word_1_351' title='bbox 158 2500 306 2529; x_wconf 81' lang='lat' dir='ltr'>poterunt3</span> <span class='ocrx_word' id='word_1_352' title='bbox 325 2491 359 2521; x_wconf 90' lang='lat'>&amp;</span> <span class='ocrx_word' id='word_1_353' title='bbox 372 2490 516 2521; x_wconf 86' lang='lat' dir='ltr'>Dominus</span> <span class='ocrx_word' id='word_1_354' title='bbox 532 2488 598 2519; x_wconf 85' lang='lat' dir='ltr'>Rex</span> <span class='ocrx_word' id='word_1_355' title='bbox 610 2488 711 2519; x_wconf 76' lang='lat' dir='ltr'>solidos</span> <span class='ocrx_word' id='word_1_356' title='bbox 722 2491 784 2519; x_wconf 81' lang='lat' dir='ltr'>iuos</span> <span class='ocrx_word' id='word_1_357' title='bbox 803 2500 820 2520; x_wconf 87' lang='lat' dir='ltr'>a</span> <span class='ocrx_word' id='word_1_358' title='bbox 831 2489 878 2520; x_wconf 88' lang='lat' dir='ltr'>die</span> <span class='ocrx_word' id='word_1_359' title='bbox 892 2500 946 2529; x_wconf 88' lang='lat' dir='ltr'>qua</span> <span class='ocrx_word' id='word_1_360' title='bbox 965 2491 1031 2528; x_wconf 86' lang='lat' dir='ltr'>iter,</span> <span class='ocrx_word' id='word_1_361' title='bbox 1049 2491 1108 2522; x_wconf 85' lang='lat' dir='ltr'>&amp;c.</span> <span class='ocrx_word' id='word_1_362' title='bbox 1127 2491 1174 2523; x_wconf 90' lang='lat' dir='ltr'>Ut</span> 
     </span>
     <span class='ocr_line' id='line_1_61' title="bbox 128 2539 203 2568; baseline -0.013 -8"><span class='ocrx_word' id='word_1_363' title='bbox 128 2539 203 2568; x_wconf 87' lang='lat' dir='ltr'>upra.</span> 
     </span>
    </p>
   </div>
   <div class='ocr_carea' id='block_1_17' title="bbox 152 2608 497 2674">
    <p class='ocr_par' dir='ltr' id='par_1_36' title="bbox 152 2608 497 2674">
     <span class='ocr_line' id='line_1_62' title="bbox 153 2608 394 2642; baseline -0.004 -7"><span class='ocrx_word' id='word_1_364' title='bbox 153 2608 235 2636; x_wconf 81' lang='lat' dir='ltr'>Petro</span> <span class='ocrx_word' id='word_1_365' title='bbox 248 2608 394 2642; x_wconf 86' lang='lat' dir='ltr'>Bertram,</span> 
     </span>
     <span class='ocr_line' id='line_1_63' title="bbox 152 2642 497 2674; baseline -0.006 0"><span class='ocrx_word' id='word_1_366' title='bbox 152 2645 293 2674; x_wconf 86' lang='lat' dir='ltr'>Bernardo</span> <span class='ocrx_word' id='word_1_367' title='bbox 306 2645 338 2674; x_wconf 85' lang='lat' dir='ltr'>de</span> <span class='ocrx_word' id='word_1_368' title='bbox 352 2642 497 2674; x_wconf 72' lang='lat' dir='ltr'>Mundleu.</span> 
     </span>
    </p>
   </div>
   <div class='ocr_carea' id='block_1_18' title="bbox 115 2711 1177 2836">
    <p class='ocr_par' dir='ltr' id='par_1_37' title="bbox 115 2711 1177 2836">
     <span class='ocr_line' id='line_1_64' title="bbox 156 2711 1177 2759; baseline 0 -8"><span class='ocrx_word' id='word_1_369' title='bbox 156 2720 327 2752; x_wconf 88' lang='lat' dir='ltr'>Mandatum</span> <span class='ocrx_word' id='word_1_370' title='bbox 341 2720 381 2750; x_wconf 82' lang='lat' dir='ltr'>est</span> <span class='ocrx_word' id='word_1_371' title='bbox 395 2720 488 2757; x_wconf 83' lang='lat' dir='ltr'>probis</span> <span class='ocrx_word' id='word_1_372' title='bbox 507 2711 669 2749; x_wconf 87' lang='lat' dir='ltr'>hominibus</span> <span class='ocrx_word' id='word_1_373' title='bbox 682 2717 716 2748; x_wconf 92' lang='lat' dir='ltr'>de</span> <span class='ocrx_word' id='word_1_374' title='bbox 736 2715 872 2759; x_wconf 84' lang='lat' dir='ltr'>Langun,</span> <span class='ocrx_word' id='word_1_375' title='bbox 891 2719 923 2749; x_wconf 69' lang='grc' dir='ltr'>ὃ(</span> <span class='ocrx_word' id='word_1_376' title='bbox 940 2719 976 2751; x_wconf 90' lang='lat' dir='ltr'>de</span> <span class='ocrx_word' id='word_1_377' title='bbox 990 2720 1096 2751; x_wconf 64' lang='lat' dir='ltr'>saneto</span> <span class='ocrx_word' id='word_1_378' title='bbox 1111 2720 1177 2751; x_wconf 89' lang='lat' dir='ltr'>Ma-</span> 
     </span>
     <span class='ocr_line' id='line_1_65' title="bbox 115 2755 1176 2798; baseline 0 -8"><span class='ocrx_word' id='word_1_379' title='bbox 115 2755 193 2791; x_wconf 69' lang='lat' dir='ltr'>icario</span> <span class='ocrx_word' id='word_1_380' title='bbox 205 2783 215 2798; x_wconf 82' lang='lat'>,</span> <span class='ocrx_word' id='word_1_381' title='bbox 232 2759 309 2795; x_wconf 79' lang='lat' dir='ltr'>quod</span> <span class='ocrx_word' id='word_1_382' title='bbox 333 2760 384 2789; x_wconf 77' lang='lat' dir='ltr'>{int</span> <span class='ocrx_word' id='word_1_383' title='bbox 407 2758 480 2796; x_wconf 88' lang='lat' dir='ltr'>apud</span> <span class='ocrx_word' id='word_1_384' title='bbox 503 2757 635 2788; x_wconf 61' lang='lat' dir='ltr'>Sanctam</span> <span class='ocrx_word' id='word_1_385' title='bbox 656 2756 780 2788; x_wconf 77' lang='lat' dir='ltr'>Basiliam</span> <span class='ocrx_word' id='word_1_386' title='bbox 795 2781 805 2796; x_wconf 84' lang='lat'>‚</span> <span class='ocrx_word' id='word_1_387' title='bbox 824 2760 852 2788; x_wconf 92' lang='lat' dir='ltr'>in</span> <span class='ocrx_word' id='word_1_388' title='bbox 874 2758 992 2789; x_wconf 73' lang='lat' dir='ltr'>OStabis</span> <span class='ocrx_word' id='word_1_389' title='bbox 1006 2759 1176 2790; x_wconf 84' lang='lat' dir='ltr'>exaltationis</span> 
     </span>
     <span class='ocr_line' id='line_1_66' title="bbox 115 2795 1125 2836; baseline -0.001 -7"><span class='ocrx_word' id='word_1_390' title='bbox 115 2799 217 2829; x_wconf 66' lang='lat' dir='ltr'>sanstae</span> <span class='ocrx_word' id='word_1_391' title='bbox 230 2797 349 2836; x_wconf 83' lang='lat' dir='ltr'>Crucis,</span> <span class='ocrx_word' id='word_1_392' title='bbox 366 2797 400 2827; x_wconf 90' lang='lat' dir='ltr'>ad</span> <span class='ocrx_word' id='word_1_393' title='bbox 415 2796 540 2827; x_wconf 88' lang='lat' dir='ltr'>eundum</span> <span class='ocrx_word' id='word_1_394' title='bbox 551 2796 581 2825; x_wconf 90' lang='lat' dir='ltr'>in</span> <span class='ocrx_word' id='word_1_395' title='bbox 593 2795 734 2826; x_wconf 87' lang='lat' dir='ltr'>servitium</span> <span class='ocrx_word' id='word_1_396' title='bbox 750 2795 837 2836; x_wconf 84' lang='lat' dir='ltr'>Regis</span> <span class='ocrx_word' id='word_1_397' title='bbox 851 2798 967 2827; x_wconf 88' lang='lat' dir='ltr'>nomine</span> <span class='ocrx_word' id='word_1_398' title='bbox 980 2797 1125 2828; x_wconf 73' lang='lat' dir='ltr'>exercitus.</span> 
     </span>
    </p>
   </div>
   <div class='ocr_carea' id='block_1_19' title="bbox 151 2872 1046 2913">
    <p class='ocr_par' dir='ltr' id='par_1_38' title="bbox 151 2872 1046 2913">
     <span class='ocr_line' id='line_1_67' title="bbox 151 2872 1046 2913; baseline 0 -8"><span class='ocrx_word' id='word_1_399' title='bbox 151 2874 240 2906; x_wconf 88' lang='lat' dir='ltr'>Teste</span> <span class='ocrx_word' id='word_1_400' title='bbox 254 2874 336 2913; x_wconf 83' lang='lat' dir='ltr'>Rege</span> <span class='ocrx_word' id='word_1_401' title='bbox 350 2873 423 2913; x_wconf 88' lang='lat' dir='ltr'>apud</span> <span class='ocrx_word' id='word_1_402' title='bbox 432 2872 550 2910; x_wconf 84' lang='lat' dir='ltr'>Burdeg.</span> <span class='ocrx_word' id='word_1_403' title='bbox 566 2872 683 2903; x_wconf 87' lang='lat' dir='ltr'>decimo</span> <span class='ocrx_word' id='word_1_404' title='bbox 698 2873 798 2911; x_wconf 91' lang='lat' dir='ltr'>quinto</span> <span class='ocrx_word' id='word_1_405' title='bbox 811 2873 858 2904; x_wconf 90' lang='lat' dir='ltr'>die</span> <span class='ocrx_word' id='word_1_406' title='bbox 870 2874 1046 2913; x_wconf 81' lang='lat' dir='ltr'>Septembris.</span> 
     </span>
    </p>
   </div>
   <div class='ocr_carea' id='block_1_20' title="bbox 115 2948 1178 3144">
    <p class='ocr_par' dir='ltr' id='par_1_39' title="bbox 115 2948 1178 3144">
     <span class='ocr_line' id='line_1_68' title="bbox 153 2948 1177 2990; baseline 0 -8"><span class='ocrx_word' id='word_1_407' title='bbox 153 2951 322 2982; x_wconf 84' lang='lat' dir='ltr'>Mandatum</span> <span class='ocrx_word' id='word_1_408' title='bbox 338 2949 379 2980; x_wconf 85' lang='lat' dir='ltr'>est</span> <span class='ocrx_word' id='word_1_409' title='bbox 394 2949 558 2980; x_wconf 86' lang='lat' dir='ltr'>Amamuno</span> <span class='ocrx_word' id='word_1_410' title='bbox 571 2948 605 2979; x_wconf 92' lang='lat' dir='ltr'>de</span> <span class='ocrx_word' id='word_1_411' title='bbox 621 2949 731 2989; x_wconf 86' lang='lat' dir='ltr'>Vareis,</span> <span class='ocrx_word' id='word_1_412' title='bbox 746 2950 824 2988; x_wconf 85' lang='lat' dir='ltr'>quod</span> <span class='ocrx_word' id='word_1_413' title='bbox 838 2952 929 2982; x_wconf 90' lang='lat' dir='ltr'>veniat</span> <span class='ocrx_word' id='word_1_414' title='bbox 942 2951 1027 2990; x_wconf 84' lang='lat' dir='ltr'>usque</span> <span class='ocrx_word' id='word_1_415' title='bbox 1041 2951 1177 2982; x_wconf 59' lang='lat' dir='ltr'>Sandfflm</span> 
     </span>
     <span class='ocr_line' id='line_1_69' title="bbox 118 2986 1177 3056; baseline 0 -36"><span class='ocrx_word' id='word_1_416' title='bbox 118 2986 273 3020; x_wconf 85' lang='lat' dir='ltr'>Milionem</span> <span class='ocrx_word' id='word_1_417' title='bbox 295 2987 339 3056; x_wconf 59' lang='lat' dir='ltr'>ge</span> <span class='ocrx_word' id='word_1_418' title='bbox 360 2988 455 3017; x_wconf 82' lang='lat' dir='ltr'>decimo</span> <span class='ocrx_word' id='word_1_419' title='bbox 476 2987 607 3024; x_wconf 81' lang='lat' dir='ltr'>militum)</span> <span class='ocrx_word' id='word_1_420' title='bbox 628 2997 697 3018; x_wconf 87' lang='lat' dir='ltr'>curn</span> <span class='ocrx_word' id='word_1_421' title='bbox 713 2990 838 3028; x_wconf 80' lang='lat' dir='ltr'>quinque</span> <span class='ocrx_word' id='word_1_422' title='bbox 858 2989 1024 3028; x_wconf 76' lang='lat' dir='ltr'>Balistariis3</span> <span class='ocrx_word' id='word_1_423' title='bbox 1043 2992 1177 3021; x_wconf 80' lang='lat' dir='ltr'>moraturi</span> 
     </span>
     <span class='ocr_line' id='line_1_70' title="bbox 118 3026 1178 3065; baseline 0.001 -7"><span class='ocrx_word' id='word_1_424' title='bbox 118 3028 227 3058; x_wconf 87' lang='lat' dir='ltr'>ibidem</span> <span class='ocrx_word' id='word_1_425' title='bbox 248 3029 276 3056; x_wconf 89' lang='lat' dir='ltr'>in</span> <span class='ocrx_word' id='word_1_426' title='bbox 328 3026 454 3055; x_wconf 81' lang='lat' dir='ltr'>arnisone</span> <span class='ocrx_word' id='word_1_427' title='bbox 469 3037 478 3061; x_wconf 61' lang='grc' dir='ltr'><strong>ς</strong></span> <span class='ocrx_word' id='word_1_428' title='bbox 496 3026 528 3055; x_wconf 73' lang='lat'>&amp;3</span> <span class='ocrx_word' id='word_1_429' title='bbox 550 3026 693 3056; x_wconf 83' lang='lat' dir='ltr'>Dominus</span> <span class='ocrx_word' id='word_1_430' title='bbox 706 3028 770 3057; x_wconf 82' lang='lat' dir='ltr'>Rex</span> <span class='ocrx_word' id='word_1_431' title='bbox 783 3028 877 3058; x_wconf 79' lang='lat' dir='ltr'>reddet</span> <span class='ocrx_word' id='word_1_432' title='bbox 893 3028 953 3065; x_wconf 78' lang='lat' dir='ltr'>ipsis</span> <span class='ocrx_word' id='word_1_433' title='bbox 965 3028 1064 3059; x_wconf 86' lang='lat' dir='ltr'>decem</span> <span class='ocrx_word' id='word_1_434' title='bbox 1081 3029 1178 3059; x_wconf 85' lang='lat' dir='ltr'>militi-</span> 
     </span>
     <span class='ocr_line' id='line_1_71' title="bbox 117 3063 1175 3107; baseline 0.003 -12"><span class='ocrx_word' id='word_1_435' title='bbox 117 3066 182 3104; x_wconf 91' lang='lat' dir='ltr'>bus,</span> <span class='ocrx_word' id='word_1_436' title='bbox 200 3066 232 3096; x_wconf 84' lang='lat'>&amp;</span> <span class='ocrx_word' id='word_1_437' title='bbox 250 3066 372 3103; x_wconf 85' lang='lat' dir='ltr'>quinque</span> <span class='ocrx_word' id='word_1_438' title='bbox 385 3063 527 3093; x_wconf 81' lang='lat' dir='ltr'>Balistariis</span> <span class='ocrx_word' id='word_1_439' title='bbox 539 3063 638 3094; x_wconf 76' lang='lat' dir='ltr'>solidos</span> <span class='ocrx_word' id='word_1_440' title='bbox 653 3065 727 3102; x_wconf 88' lang='lat' dir='ltr'>suos,</span> <span class='ocrx_word' id='word_1_441' title='bbox 743 3066 875 3104; x_wconf 85' lang='lat' dir='ltr'>quamdiu</span> <span class='ocrx_word' id='word_1_442' title='bbox 885 3067 994 3096; x_wconf 81' lang='lat' dir='ltr'>necesse</span> <span class='ocrx_word' id='word_1_443' title='bbox 1007 3067 1090 3098; x_wconf 89' lang='lat' dir='ltr'>fuerit</span> <span class='ocrx_word' id='word_1_444' title='bbox 1099 3067 1175 3107; x_wconf 85' lang='lat' dir='ltr'>quod</span> 
     </span>
     <span class='ocr_line' id='line_1_72' title="bbox 115 3102 997 3144; baseline 0.001 -10"><span class='ocrx_word' id='word_1_445' title='bbox 115 3104 165 3144; x_wconf 76' lang='lat' dir='ltr'>ipsi</span> <span class='ocrx_word' id='word_1_446' title='bbox 180 3103 285 3134; x_wconf 80' lang='lat' dir='ltr'>ibidem</span> <span class='ocrx_word' id='word_1_447' title='bbox 300 3111 411 3132; x_wconf 87' lang='lat' dir='ltr'>moram</span> <span class='ocrx_word' id='word_1_448' title='bbox 425 3102 527 3132; x_wconf 77' lang='lat' dir='ltr'>faciant</span> <span class='ocrx_word' id='word_1_449' title='bbox 537 3124 547 3139; x_wconf 88' lang='lat'>,</span> <span class='ocrx_word' id='word_1_450' title='bbox 564 3103 600 3133; x_wconf 91' lang='lat' dir='ltr'>de</span> <span class='ocrx_word' id='word_1_451' title='bbox 615 3104 748 3134; x_wconf 86' lang='lat' dir='ltr'>mandato</span> <span class='ocrx_word' id='word_1_452' title='bbox 761 3104 886 3135; x_wconf 88' lang='lat' dir='ltr'>Domini</span> <span class='ocrx_word' id='word_1_453' title='bbox 903 3105 997 3144; x_wconf 87' lang='lat' dir='ltr'>Regis.</span> 
     </span>
    </p>
   </div>
   <div class='ocr_carea' id='block_1_21' title="bbox 114 3177 1177 3373">
    <p class='ocr_par' dir='ltr' id='par_1_40' title="bbox 114 3177 1177 3373">
     <span class='ocr_line' id='line_1_73' title="bbox 155 3177 1176 3222; baseline 0.004 -12"><span class='ocrx_word' id='word_1_454' title='bbox 155 3178 324 3210; x_wconf 83' lang='lat' dir='ltr'>Mandatum</span> <span class='ocrx_word' id='word_1_455' title='bbox 337 3177 378 3222; x_wconf 80' lang='lat' dir='ltr'>est</span> <span class='ocrx_word' id='word_1_456' title='bbox 394 3178 516 3209; x_wconf 88' lang='lat' dir='ltr'>Girardo</span> <span class='ocrx_word' id='word_1_457' title='bbox 530 3178 565 3208; x_wconf 92' lang='lat' dir='ltr'>de</span> <span class='ocrx_word' id='word_1_458' title='bbox 580 3177 703 3218; x_wconf 78' lang='lat' dir='ltr'>Bleyne,</span> <span class='ocrx_word' id='word_1_459' title='bbox 721 3181 798 3220; x_wconf 91' lang='lat' dir='ltr'>quod</span> <span class='ocrx_word' id='word_1_460' title='bbox 815 3182 846 3212; x_wconf 80' lang='lat' dir='ltr'>sit</span> <span class='ocrx_word' id='word_1_461' title='bbox 858 3181 930 3220; x_wconf 87' lang='lat' dir='ltr'>apud</span> <span class='ocrx_word' id='word_1_462' title='bbox 946 3182 1081 3213; x_wconf 57' lang='lat' dir='ltr'>Sanffltum</span> <span class='ocrx_word' id='word_1_463' title='bbox 1094 3183 1176 3214; x_wconf 84' lang='lat' dir='ltr'>Emi-</span> 
     </span>
     <span class='ocr_line' id='line_1_74' title="bbox 114 3216 1175 3260; baseline 0.002 -11"><span class='ocrx_word' id='word_1_464' title='bbox 114 3219 239 3255; x_wconf 74' lang='lat' dir='ltr'>uanum,</span> <span class='ocrx_word' id='word_1_465' title='bbox 258 3217 310 3246; x_wconf 88' lang='lat' dir='ltr'>hac</span> <span class='ocrx_word' id='word_1_466' title='bbox 327 3217 373 3246; x_wconf 82' lang='lat' dir='ltr'>dte</span> <span class='ocrx_word' id='word_1_467' title='bbox 392 3216 504 3247; x_wconf 87' lang='lat' dir='ltr'>Sabbati</span> <span class='ocrx_word' id='word_1_468' title='bbox 524 3225 589 3247; x_wconf 87' lang='lat' dir='ltr'>ante</span> <span class='ocrx_word' id='word_1_469' title='bbox 610 3216 724 3248; x_wconf 83' lang='lat' dir='ltr'>Festum</span> <span class='ocrx_word' id='word_1_470' title='bbox 743 3219 839 3250; x_wconf 72' lang='lat' dir='ltr'>SanCti</span> <span class='ocrx_word' id='word_1_471' title='bbox 863 3220 1009 3251; x_wconf 75' lang='lat' dir='ltr'>Michaelis</span> <span class='ocrx_word' id='word_1_472' title='bbox 1025 3220 1068 3260; x_wconf 67' lang='lat' dir='ltr'>(sb</span> <span class='ocrx_word' id='word_1_473' title='bbox 1079 3223 1175 3252; x_wconf 84' lang='lat' dir='ltr'>decimo</span> 
     </span>
     <span class='ocr_line' id='line_1_75' title="bbox 114 3255 1176 3295; baseline 0.004 -9"><span class='ocrx_word' id='word_1_474' title='bbox 114 3256 249 3293; x_wconf 80' lang='lat' dir='ltr'>militum)</span> <span class='ocrx_word' id='word_1_475' title='bbox 286 3256 351 3284; x_wconf 79' lang='lat' dir='ltr'>arati</span> <span class='ocrx_word' id='word_1_476' title='bbox 365 3255 405 3284; x_wconf 83' lang='lat' dir='ltr'>ire</span> <span class='ocrx_word' id='word_1_477' title='bbox 417 3256 446 3284; x_wconf 87' lang='lat' dir='ltr'>in</span> <span class='ocrx_word' id='word_1_478' title='bbox 467 3255 606 3285; x_wconf 87' lang='lat' dir='ltr'>servitium</span> <span class='ocrx_word' id='word_1_479' title='bbox 625 3255 726 3295; x_wconf 77' lang='lat' dir='ltr'>Regis,</span> <span class='ocrx_word' id='word_1_480' title='bbox 742 3267 808 3289; x_wconf 87' lang='lat' dir='ltr'>curn</span> <span class='ocrx_word' id='word_1_481' title='bbox 827 3259 987 3289; x_wconf 87' lang='lat' dir='ltr'>Willielrno</span> <span class='ocrx_word' id='word_1_482' title='bbox 1000 3260 1035 3290; x_wconf 91' lang='lat' dir='ltr'>de</span> <span class='ocrx_word' id='word_1_483' title='bbox 1049 3260 1176 3290; x_wconf 75' lang='lat' dir='ltr'>Lonoer-</span> 
     </span>
     <span class='ocr_line' id='line_1_76' title="bbox 117 3265 1177 3338; baseline 0.005 -14"><span class='ocrx_word' id='word_1_484' title='bbox 117 3296 185 3333; x_wconf 85' lang='lat' dir='ltr'>sper.</span> <span class='ocrx_word' id='word_1_485' title='bbox 203 3296 236 3326; x_wconf 68' lang='grc' dir='ltr'>ὃ(</span> <span class='ocrx_word' id='word_1_486' title='bbox 258 3265 323 3324; x_wconf 70' lang='lat' dir='ltr'>Rex</span> <span class='ocrx_word' id='word_1_487' title='bbox 344 3291 379 3322; x_wconf 91' lang='lat' dir='ltr'>de</span> <span class='ocrx_word' id='word_1_488' title='bbox 396 3292 487 3322; x_wconf 87' lang='lat' dir='ltr'>solidis</span> <span class='ocrx_word' id='word_1_489' title='bbox 501 3293 560 3337; x_wconf 36' lang='lat' dir='ltr'>‘suis&#39;</span> <span class='ocrx_word' id='word_1_490' title='bbox 571 3295 597 3323; x_wconf 92' lang='lat' dir='ltr'>ei</span> <span class='ocrx_word' id='word_1_491' title='bbox 611 3294 643 3324; x_wconf 72' lang='grc' dir='ltr'>ὃ(</span> <span class='ocrx_word' id='word_1_492' title='bbox 657 3295 788 3338; x_wconf 76' lang='lat' dir='ltr'>militibus</span> <span class='ocrx_word' id='word_1_493' title='bbox 801 3297 852 3327; x_wconf 82' lang='lat' dir='ltr'>suis</span> <span class='ocrx_word' id='word_1_494' title='bbox 866 3298 1041 3336; x_wconf 85' lang='lat' dir='ltr'>respondebit</span> <span class='ocrx_word' id='word_1_495' title='bbox 1052 3297 1088 3329; x_wconf 89' lang='lat' dir='ltr'>de</span> <span class='ocrx_word' id='word_1_496' title='bbox 1103 3284 1177 3329; x_wconf 46' lang='grc' dir='ltr'>[ζωή</span> 
     </span>
     <span class='ocr_line' id='line_1_77' title="bbox 116 3330 815 3373; baseline 0 -9"><span class='ocrx_word' id='word_1_497' title='bbox 116 3343 203 3373; x_wconf 81' lang='lat' dir='ltr'>pore,</span> <span class='ocrx_word' id='word_1_498' title='bbox 223 3342 280 3371; x_wconf 88' lang='lat' dir='ltr'>quo</span> <span class='ocrx_word' id='word_1_499' title='bbox 297 3340 407 3361; x_wconf 85' lang='lat' dir='ltr'>moram</span> <span class='ocrx_word' id='word_1_500' title='bbox 422 3330 540 3361; x_wconf 73' lang='lat' dir='ltr'>fecerint</span> <span class='ocrx_word' id='word_1_501' title='bbox 554 3341 582 3361; x_wconf 81' lang='grc' dir='ltr'>ιη</span> <span class='ocrx_word' id='word_1_502' title='bbox 598 3331 708 3362; x_wconf 78' lang='lat' dir='ltr'>servitio</span> <span class='ocrx_word' id='word_1_503' title='bbox 721 3333 815 3373; x_wconf 86' lang='lat' dir='ltr'>Regis.</span> 
     </span>
    </p>
   </div>
   <div class='ocr_carea' id='block_1_22' title="bbox 152 3405 1064 3453">
    <p class='ocr_par' dir='ltr' id='par_1_41' title="bbox 152 3405 1064 3453">
     <span class='ocr_line' id='line_1_78' title="bbox 152 3405 1064 3453; baseline 0.003 -13"><span class='ocrx_word' id='word_1_504' title='bbox 152 3409 242 3440; x_wconf 87' lang='lat' dir='ltr'>Teste</span> <span class='ocrx_word' id='word_1_505' title='bbox 253 3408 335 3448; x_wconf 85' lang='lat' dir='ltr'>Rege</span> <span class='ocrx_word' id='word_1_506' title='bbox 349 3406 423 3445; x_wconf 86' lang='lat' dir='ltr'>apud</span> <span class='ocrx_word' id='word_1_507' title='bbox 437 3405 554 3446; x_wconf 89' lang='lat' dir='ltr'>Burdeg.</span> <span class='ocrx_word' id='word_1_508' title='bbox 567 3407 703 3438; x_wconf 73' lang='lat' dir='ltr'>vicesimo</span> <span class='ocrx_word' id='word_1_509' title='bbox 714 3410 813 3449; x_wconf 87' lang='lat' dir='ltr'>quinto</span> <span class='ocrx_word' id='word_1_510' title='bbox 825 3410 870 3441; x_wconf 86' lang='lat' dir='ltr'>die</span> <span class='ocrx_word' id='word_1_511' title='bbox 884 3407 1064 3453; x_wconf 82' lang='lat' dir='ltr'>Septembris.</span> 
     </span>
    </p>
   </div>
   <div class='ocr_carea' id='block_1_23' title="bbox 118 3484 1166 3499">
    <p class='ocr_par' dir='ltr' id='par_1_42' title="bbox 118 3484 1166 3499">
     <span class='ocr_line' id='line_1_79' title="bbox 118 3484 1166 3499; baseline 0 762"><span class='ocrx_word' id='word_1_512' title='bbox 118 3484 1166 3499; x_wconf 95' lang='lat' dir='ltr'> </span> 
     </span>
    </p>
   </div>
   <div class='ocr_carea' id='block_1_24' title="bbox 142 3526 1152 3626">
    <p class='ocr_par' dir='ltr' id='par_1_43' title="bbox 142 3526 1152 3626">
     <span class='ocr_line' id='line_1_80' title="bbox 142 3526 1152 3578; baseline 0.003 -14"><span class='ocrx_word' id='word_1_513' title='bbox 142 3532 233 3564; x_wconf 83' lang='lat' dir='ltr'>Bulla</span> <span class='ocrx_word' id='word_1_514' title='bbox 252 3541 313 3578; x_wconf 79' lang='lat' dir='ltr'>qua</span> <span class='ocrx_word' id='word_1_515' title='bbox 332 3527 482 3574; x_wconf 81' lang='lat' dir='ltr'>Gaufrido</span> <span class='ocrx_word' id='word_1_516' title='bbox 494 3526 643 3573; x_wconf 72' lang='lat' dir='ltr'>Ledespris</span> <span class='ocrx_word' id='word_1_517' title='bbox 659 3529 825 3564; x_wconf 82' lang='lat' dir='ltr'>conceditur</span> <span class='ocrx_word' id='word_1_518' title='bbox 840 3532 959 3565; x_wconf 81' lang='lat' dir='ltr'>licentia</span> <span class='ocrx_word' id='word_1_519' title='bbox 971 3532 1152 3577; x_wconf 72' lang='lat' dir='ltr'>construendi·</span> 
     </span>
     <span class='ocr_line' id='line_1_81' title="bbox 431 3576 882 3626; baseline 0.011 -18"><span class='ocrx_word' id='word_1_520' title='bbox 431 3576 581 3623; x_wconf 79' lang='lat' dir='ltr'>Capellam</span> <span class='ocrx_word' id='word_1_521' title='bbox 598 3579 629 3608; x_wconf 84' lang='lat' dir='ltr'>in</span> <span class='ocrx_word' id='word_1_522' title='bbox 643 3577 742 3620; x_wconf 81' lang='lat' dir='ltr'>fundo</span> <span class='ocrx_word' id='word_1_523' title='bbox 755 3584 882 3626; x_wconf 88' lang='lat' dir='ltr'>proprio.</span> 
     </span>
    </p>
   </div>
   <div class='ocr_carea' id='block_1_25' title="bbox 0 3658 1180 4088">
    <p class='ocr_par' dir='ltr' id='par_1_44' title="bbox 0 3658 1180 4088">
     <span class='ocr_line' id='line_1_82' title="bbox 0 3658 1123 3725; baseline 0.004 -31"><span class='ocrx_word' id='word_1_524' title='bbox 0 3669 56 3690; x_wconf 81' lang='lat' dir='ltr'>mn·</span> <span class='ocrx_word' id='word_1_525' title='bbox 70 3659 111 3690; x_wconf 88' lang='lat' dir='ltr'>D·</span> <span class='ocrx_word' id='word_1_526' title='bbox 123 3658 335 3725; x_wconf 78' lang='lat' dir='ltr'>INnocentius</span> <span class='ocrx_word' id='word_1_527' title='bbox 347 3663 517 3702; x_wconf 77' lang='lat' dir='ltr'>Episcopus,</span> <span class='ocrx_word' id='word_1_528' title='bbox 537 3662 626 3692; x_wconf 86' lang='lat' dir='ltr'>servus</span> <span class='ocrx_word' id='word_1_529' title='bbox 641 3661 782 3693; x_wconf 88' lang='lat' dir='ltr'>servorum</span> <span class='ocrx_word' id='word_1_530' title='bbox 797 3663 870 3703; x_wconf 87' lang='lat' dir='ltr'>Dei,</span> <span class='ocrx_word' id='word_1_531' title='bbox 887 3667 1036 3697; x_wconf 84' lang='lat' dir='ltr'>venerabili</span> <span class='ocrx_word' id='word_1_532' title='bbox 1049 3668 1123 3698; x_wconf 82' lang='lat' dir='ltr'>fratri</span> 
     </span>
     <span class='ocr_line' id='line_1_83' title="bbox 3 3697 1139 3742; baseline 0.007 -14"><span class='ocrx_word' id='word_1_533' title='bbox 3 3707 87 3736; x_wconf 87' lang='lat'>1242.</span> <span class='ocrx_word' id='word_1_534' title='bbox 171 3702 314 3742; x_wconf 82' lang='lat' dir='ltr'>Episcopo</span> <span class='ocrx_word' id='word_1_535' title='bbox 328 3701 517 3733; x_wconf 81' lang='lat' dir='ltr'>Lincolniensr</span> <span class='ocrx_word' id='word_1_536' title='bbox 531 3700 642 3731; x_wconf 86' lang='lat' dir='ltr'>salutem</span> <span class='ocrx_word' id='word_1_537' title='bbox 657 3700 689 3730; x_wconf 91' lang='lat'>&amp;</span> <span class='ocrx_word' id='word_1_538' title='bbox 704 3697 892 3737; x_wconf 83' lang='lat' dir='ltr'>Apostolicam</span> <span class='ocrx_word' id='word_1_539' title='bbox 906 3705 1139 3736; x_wconf 64' lang='lat' dir='ltr'>benedictionem.</span> 
     </span>
     <span class='ocr_line' id='line_1_84' title="bbox 0 3733 1177 3780; baseline 0.003 -9"><span class='ocrx_word' id='word_1_540' title='bbox 0 3740 28 3764; x_wconf 69' lang='lat' dir='ltr'>sn.</span> <span class='ocrx_word' id='word_1_541' title='bbox 49 3746 93 3771; x_wconf 89' lang='lat'>27·</span> <span class='ocrx_word' id='word_1_542' title='bbox 119 3741 123 3744; x_wconf 80' lang='grc'><strong>’</strong></span> <span class='ocrx_word' id='word_1_543' title='bbox 159 3733 203 3771; x_wconf 80' lang='lat' dir='ltr'>Ex</span> <span class='ocrx_word' id='word_1_544' title='bbox 215 3749 290 3780; x_wconf 89' lang='lat' dir='ltr'>parte</span> <span class='ocrx_word' id='word_1_545' title='bbox 302 3739 398 3771; x_wconf 60' lang='lat' dir='ltr'>dilecti</span> <span class='ocrx_word' id='word_1_546' title='bbox 410 3739 459 3769; x_wconf 88' lang='lat' dir='ltr'>filii</span> <span class='ocrx_word' id='word_1_547' title='bbox 474 3740 576 3770; x_wconf 89' lang='lat' dir='ltr'>nobilis</span> <span class='ocrx_word' id='word_1_548' title='bbox 588 3740 640 3769; x_wconf 91' lang='lat' dir='ltr'>viri</span> <span class='ocrx_word' id='word_1_549' title='bbox 656 3737 787 3769; x_wconf 82' lang='lat' dir='ltr'>Gaut&#39;ridi</span> <span class='ocrx_word' id='word_1_550' title='bbox 800 3740 941 3780; x_wconf 87' lang='lat' dir='ltr'>Ledespris</span> <span class='ocrx_word' id='word_1_551' title='bbox 961 3743 1014 3773; x_wconf 89' lang='lat' dir='ltr'>fuit</span> <span class='ocrx_word' id='word_1_552' title='bbox 1028 3745 1109 3774; x_wconf 88' lang='lat' dir='ltr'>nobis</span> <span class='ocrx_word' id='word_1_553' title='bbox 1124 3745 1177 3774; x_wconf 87' lang='lat' dir='ltr'>hu-</span> 
     </span>
     <span class='ocr_line' id='line_1_85' title="bbox 0 3777 1178 3820; baseline 0.005 -13"><span class='ocrx_word' id='word_1_554' title='bbox 0 3779 13 3802; x_wconf 57' lang='lat'>5·</span> <span class='ocrx_word' id='word_1_555' title='bbox 32 3785 56 3812; x_wconf 85' lang='lat'>3-</span> <span class='ocrx_word' id='word_1_556' title='bbox 123 3779 223 3809; x_wconf 80' lang='lat' dir='ltr'>militer</span> <span class='ocrx_word' id='word_1_557' title='bbox 237 3777 419 3819; x_wconf 82' lang='lat' dir='ltr'>supplicatum</span> <span class='ocrx_word' id='word_1_558' title='bbox 433 3786 482 3816; x_wconf 85' lang='lat' dir='ltr'>ut,</span> <span class='ocrx_word' id='word_1_559' title='bbox 497 3787 565 3807; x_wconf 90' lang='lat' dir='ltr'>cum</span> <span class='ocrx_word' id='word_1_560' title='bbox 584 3778 656 3815; x_wconf 79' lang='lat' dir='ltr'>ipse,</span> <span class='ocrx_word' id='word_1_561' title='bbox 674 3785 784 3816; x_wconf 86' lang='lat' dir='ltr'>propter</span> <span class='ocrx_word' id='word_1_562' title='bbox 799 3778 854 3808; x_wconf 88' lang='lat' dir='ltr'>loci</span> <span class='ocrx_word' id='word_1_563' title='bbox 869 3777 1025 3812; x_wconf 84' lang='lat' dir='ltr'>distantiam</span> <span class='ocrx_word' id='word_1_564' title='bbox 1040 3805 1049 3820; x_wconf 86' lang='lat'>,</span> <span class='ocrx_word' id='word_1_565' title='bbox 1067 3783 1100 3813; x_wconf 89' lang='lat' dir='ltr'>ad</span> <span class='ocrx_word' id='word_1_566' title='bbox 1116 3792 1178 3813; x_wconf 81' lang='lat' dir='ltr'>ma-</span> 
     </span>
     <span class='ocr_line' id='line_1_86' title="bbox 0 3816 1175 3857; baseline 0.005 -13"><span class='ocrx_word' id='word_1_567' title='bbox 0 3823 16 3840; x_wconf 72' lang='lat' dir='ltr'><em>x</em></span> <span class='ocrx_word' id='word_1_568' title='bbox 31 3816 88 3840; x_wconf 73' lang='lat' dir='ltr'>Au·</span> <span class='ocrx_word' id='word_1_569' title='bbox 124 3817 224 3846; x_wconf 87' lang='lat' dir='ltr'>tricem</span> <span class='ocrx_word' id='word_1_570' title='bbox 243 3817 396 3848; x_wconf 79' lang='lat' dir='ltr'>Ecclesiam</span> <span class='ocrx_word' id='word_1_571' title='bbox 411 3840 421 3854; x_wconf 91' lang='lat'>,</span> <span class='ocrx_word' id='word_1_572' title='bbox 439 3816 555 3855; x_wconf 85' lang='lat' dir='ltr'>hyemali</span> <span class='ocrx_word' id='word_1_573' title='bbox 577 3816 717 3853; x_wconf 64' lang='lat' dir='ltr'>praecipue</span> <span class='ocrx_word' id='word_1_574' title='bbox 736 3824 878 3856; x_wconf 83' lang='lat' dir='ltr'>tempore,</span> <span class='ocrx_word' id='word_1_575' title='bbox 893 3818 948 3847; x_wconf 84' lang='lat' dir='ltr'>fine</span> <span class='ocrx_word' id='word_1_576' title='bbox 960 3821 1035 3857; x_wconf 81' lang='lat' dir='ltr'>gravi</span> <span class='ocrx_word' id='word_1_577' title='bbox 1051 3821 1175 3857; x_wconf 80' lang='lat' dir='ltr'>periculo</span> 
     </span>
     <span class='ocr_line' id='line_1_87' title="bbox 0 3853 1178 3897; baseline 0.005 -14"><span class='ocrx_word' id='word_1_578' title='bbox 0 3861 40 3888; x_wconf 63' lang='lat' dir='ltr'>&#39;gr-</span> <span class='ocrx_word' id='word_1_579' title='bbox 125 3863 184 3885; x_wconf 91' lang='lat' dir='ltr'>non</span> <span class='ocrx_word' id='word_1_580' title='bbox 205 3856 289 3892; x_wconf 84' lang='lat' dir='ltr'>poffit</span> <span class='ocrx_word' id='word_1_581' title='bbox 306 3854 440 3886; x_wconf 88' lang='lat' dir='ltr'>accedere</span> <span class='ocrx_word' id='word_1_582' title='bbox 458 3864 510 3894; x_wconf 90' lang='lat' dir='ltr'>pro</span> <span class='ocrx_word' id='word_1_583' title='bbox 531 3854 630 3884; x_wconf 86' lang='lat' dir='ltr'>divinis</span> <span class='ocrx_word' id='word_1_584' title='bbox 652 3853 793 3883; x_wconf 85' lang='lat' dir='ltr'>audiendis</span> <span class='ocrx_word' id='word_1_585' title='bbox 815 3854 936 3894; x_wconf 85' lang='lat' dir='ltr'>officiis,</span> <span class='ocrx_word' id='word_1_586' title='bbox 962 3858 994 3888; x_wconf 87' lang='lat'>&amp;</span> <span class='ocrx_word' id='word_1_587' title='bbox 1015 3859 1178 3897; x_wconf 84' lang='lat' dir='ltr'>recipiendis</span> 
     </span>
     <span class='ocr_line' id='line_1_88' title="bbox 124 3890 1178 3932; baseline 0.007 -12"><span class='ocrx_word' id='word_1_588' title='bbox 124 3890 322 3923; x_wconf 86' lang='lat' dir='ltr'>Eccleliasticis</span> <span class='ocrx_word' id='word_1_589' title='bbox 343 3893 516 3923; x_wconf 85' lang='lat' dir='ltr'>sacramentis</span> <span class='ocrx_word' id='word_1_590' title='bbox 557 3893 648 3923; x_wconf 88' lang='lat' dir='ltr'>eidem</span> <span class='ocrx_word' id='word_1_591' title='bbox 662 3893 690 3921; x_wconf 89' lang='lat' dir='ltr'>in</span> <span class='ocrx_word' id='word_1_592' title='bbox 706 3891 796 3921; x_wconf 88' lang='lat' dir='ltr'>fundo</span> <span class='ocrx_word' id='word_1_593' title='bbox 810 3895 925 3932; x_wconf 86' lang='lat' dir='ltr'>proprio</span> <span class='ocrx_word' id='word_1_594' title='bbox 938 3894 1119 3926; x_wconf 90' lang='lat' dir='ltr'>construendi</span> <span class='ocrx_word' id='word_1_595' title='bbox 1133 3907 1178 3927; x_wconf 70' lang='lat' dir='ltr'>ca-</span> 
     </span>
     <span class='ocr_line' id='line_1_89' title="bbox 123 3916 1179 3973; baseline 0.007 -15"><span class='ocrx_word' id='word_1_596' title='bbox 123 3929 224 3973; x_wconf 78' lang='lat' dir='ltr'>pellam</span> <span class='ocrx_word' id='word_1_597' title='bbox 239 3953 248 3967; x_wconf 92' lang='lat'>,</span> <span class='ocrx_word' id='word_1_598' title='bbox 263 3941 331 3961; x_wconf 89' lang='lat' dir='ltr'>cum</span> <span class='ocrx_word' id='word_1_599' title='bbox 355 3941 462 3969; x_wconf 88' lang='lat' dir='ltr'>paratus</span> <span class='ocrx_word' id='word_1_600' title='bbox 485 3931 515 3961; x_wconf 81' lang='lat' dir='ltr'>sit</span> <span class='ocrx_word' id='word_1_601' title='bbox 530 3916 709 3967; x_wconf 47' lang='lat' dir='ltr'>Iresbytem,</span> <span class='ocrx_word' id='word_1_602' title='bbox 729 3931 757 3959; x_wconf 90' lang='lat' dir='ltr'>in</span> <span class='ocrx_word' id='word_1_603' title='bbox 777 3929 808 3959; x_wconf 68' lang='lat' dir='ltr'>ea</span> <span class='ocrx_word' id='word_1_604' title='bbox 822 3935 956 3970; x_wconf 77' lang='lat' dir='ltr'>perpetuo</span> <span class='ocrx_word' id='word_1_605' title='bbox 976 3933 1126 3972; x_wconf 85' lang='lat' dir='ltr'>servituro,</span> <span class='ocrx_word' id='word_1_606' title='bbox 1142 3936 1179 3965; x_wconf 92' lang='lat' dir='ltr'>de</span> 
     </span>
     <span class='ocr_line' id='line_1_90' title="bbox 124 3968 1178 4035; baseline 0.005 -37"><span class='ocrx_word' id='word_1_607' title='bbox 124 3969 341 4035; x_wconf 53' lang='lat' dir='ltr'>bonilspropriis</span> <span class='ocrx_word' id='word_1_608' title='bbox 361 3968 526 4001; x_wconf 86' lang='lat' dir='ltr'>sufficientes</span> <span class='ocrx_word' id='word_1_609' title='bbox 545 3969 663 4000; x_wconf 88' lang='lat' dir='ltr'>redditus</span> <span class='ocrx_word' id='word_1_610' title='bbox 683 3968 813 4008; x_wconf 84' lang='lat' dir='ltr'>affignare</span> <span class='ocrx_word' id='word_1_611' title='bbox 827 3993 837 4008; x_wconf 88' lang='lat'>,</span> <span class='ocrx_word' id='word_1_612' title='bbox 861 3969 1002 4002; x_wconf 87' lang='lat' dir='ltr'>licentiam</span> <span class='ocrx_word' id='word_1_613' title='bbox 1019 3973 1178 4004; x_wconf 81' lang='lat' dir='ltr'>concedere</span> 
     </span>
     <span class='ocr_line' id='line_1_91' title="bbox 124 4012 377 4036; baseline -0.012 0"><span class='ocrx_word' id='word_1_614' title='bbox 124 4015 190 4036; x_wconf 87' lang='lat' dir='ltr'>cura</span> <span class='ocrx_word' id='word_1_615' title='bbox 206 4012 292 4035; x_wconf 85' lang='lat' dir='ltr'>emus.</span> <span class='ocrx_word' id='word_1_616' title='bbox 374 4014 377 4018; x_wconf 90' lang='lat'><em>·</em></span> 
     </span>
     <span class='ocr_line' id='line_1_92' title="bbox 163 4042 1180 4088; baseline 0.007 -15"><span class='ocrx_word' id='word_1_617' title='bbox 163 4042 296 4073; x_wconf 87' lang='lat' dir='ltr'>Volentes</span> <span class='ocrx_word' id='word_1_618' title='bbox 307 4044 387 4088; x_wconf 81' lang='lat' dir='ltr'>igitur</span> <span class='ocrx_word' id='word_1_619' title='bbox 400 4044 468 4083; x_wconf 81' lang='lat' dir='ltr'>tibi,</span> <span class='ocrx_word' id='word_1_620' title='bbox 487 4047 535 4085; x_wconf 88' lang='lat' dir='ltr'>qui</span> <span class='ocrx_word' id='word_1_621' title='bbox 547 4046 606 4077; x_wconf 89' lang='lat' dir='ltr'>loci</span> <span class='ocrx_word' id='word_1_622' title='bbox 621 4045 794 4075; x_wconf 71' lang='lat' dir='ltr'>Diocesanus</span> <span class='ocrx_word' id='word_1_623' title='bbox 808 4045 912 4085; x_wconf 80' lang='lat' dir='ltr'>existis,</span> <span class='ocrx_word' id='word_1_624' title='bbox 930 4047 959 4078; x_wconf 91' lang='lat' dir='ltr'>in</span> <span class='ocrx_word' id='word_1_625' title='bbox 973 4047 1027 4078; x_wconf 90' lang='lat' dir='ltr'>hac</span> <span class='ocrx_word' id='word_1_626' title='bbox 1038 4058 1115 4088; x_wconf 89' lang='lat' dir='ltr'>parte</span> <span class='ocrx_word' id='word_1_627' title='bbox 1130 4050 1180 4080; x_wconf 90' lang='lat' dir='ltr'>de-</span> 
     </span>
    </p>
   </div>
   <div class='ocr_carea' id='block_1_26' title="bbox 119 4082 1181 4152">
    <p class='ocr_par' dir='ltr' id='par_1_45' title="bbox 119 4082 1181 4152">
     <span class='ocr_line' id='line_1_93' title="bbox 119 4082 1181 4152; baseline 0.006 -38"><span class='ocrx_word' id='word_1_628' title='bbox 119 4082 397 4152; x_wconf 43' lang='lat' dir='ltr'>ferrersrnfrarlterpitatli·</span> <span class='ocrx_word' id='word_1_629' title='bbox 417 4092 475 4116; x_wconf 83' lang='lat' dir='ltr'>tuae</span> <span class='ocrx_word' id='word_1_630' title='bbox 494 4095 545 4123; x_wconf 84' lang='lat' dir='ltr'>per</span> <span class='ocrx_word' id='word_1_631' title='bbox 559 4083 722 4125; x_wconf 72' lang='lat' dir='ltr'>apostolica</span> <span class='ocrx_word' id='word_1_632' title='bbox 739 4083 838 4123; x_wconf 85' lang='lat' dir='ltr'>scripta</span> <span class='ocrx_word' id='word_1_633' title='bbox 853 4085 1036 4125; x_wconf 84' lang='lat' dir='ltr'>mandamus,</span> <span class='ocrx_word' id='word_1_634' title='bbox 1054 4088 1181 4126; x_wconf 85' lang='lat' dir='ltr'>quatinus</span> 
     </span>
    </p>
   </div>
   <div class='ocr_carea' id='block_1_27' title="bbox 1207 1864 1688 1904">
    <p class='ocr_par' dir='ltr' id='par_1_46' title="bbox 1207 1864 1688 1904">
     <span class='ocr_line' id='line_1_94' title="bbox 1207 1864 1688 1904; baseline -0.004 -6"><span class='ocrx_word' id='word_1_635' title='bbox 1207 1876 1307 1904; x_wconf 83' lang='lat' dir='ltr'>-terna,</span> <span class='ocrx_word' id='word_1_636' title='bbox 1326 1867 1406 1896; x_wconf 89' lang='lat' dir='ltr'>nobis</span> <span class='ocrx_word' id='word_1_637' title='bbox 1420 1866 1545 1903; x_wconf 88' lang='lat' dir='ltr'>compati</span> <span class='ocrx_word' id='word_1_638' title='bbox 1559 1864 1688 1896; x_wconf 85' lang='lat' dir='ltr'>debeatis.</span> 
     </span>
    </p>
   </div>
   <div class='ocr_carea' id='block_1_28' title="bbox 1247 194 2275 247">
    <p class='ocr_par' dir='ltr' id='par_1_47' title="bbox 1247 194 2275 247">
     <span class='ocr_line' id='line_1_95' title="bbox 1247 194 2275 247; baseline 0.002 -13"><span class='ocrx_word' id='word_1_639' title='bbox 1247 194 1724 236; x_wconf 87' lang='lat' dir='ltr'>PUBLICA.</span> <span class='ocrx_word' id='word_1_640' title='bbox 2192 208 2275 247; x_wconf 83' lang='lat'>145</span> 
     </span>
    </p>
   </div>
   <div class='ocr_carea' id='block_1_29' title="bbox 1207 278 2407 357">
    <p class='ocr_par' dir='ltr' id='par_1_48' title="bbox 1207 278 2407 357">
     <span class='ocr_line' id='line_1_96' title="bbox 1207 278 2407 357; baseline 0 -48"><span class='ocrx_word' id='word_1_641' title='bbox 1207 278 1304 347; x_wconf 53' lang='lat' dir='ltr'>gligeltin</span> <span class='ocrx_word' id='word_1_642' title='bbox 1312 302 1322 318; x_wconf 86' lang='lat'>,</span> <span class='ocrx_word' id='word_1_643' title='bbox 1340 279 1360 309; x_wconf 88' lang='lat' dir='ltr'>fi</span> <span class='ocrx_word' id='word_1_644' title='bbox 1373 279 1474 310; x_wconf 88' lang='lat' dir='ltr'>videris</span> <span class='ocrx_word' id='word_1_645' title='bbox 1488 279 1633 318; x_wconf 82' lang='lat' dir='ltr'>expedire,</span> <span class='ocrx_word' id='word_1_646' title='bbox 1647 279 1782 319; x_wconf 84' lang='lat' dir='ltr'>postulata</span> <span class='ocrx_word' id='word_1_647' title='bbox 1796 281 1936 312; x_wconf 83' lang='lat' dir='ltr'>concedas</span> <span class='ocrx_word' id='word_1_648' title='bbox 1951 280 2006 311; x_wconf 85' lang='lat' dir='ltr'>fine</span> <span class='ocrx_word' id='word_1_649' title='bbox 2021 281 2090 320; x_wconf 89' lang='lat' dir='ltr'>juris</span> <span class='ocrx_word' id='word_1_650' title='bbox 2103 280 2268 318; x_wconf 80' lang='lat' dir='ltr'>praejudicio·</span> <span class='ocrx_word' id='word_1_651' title='bbox 2279 280 2407 357; x_wconf 52' lang='grc' dir='ltr'>ΑῙᾚΡ·</span> 
     </span>
    </p>
   </div>
   <div class='ocr_carea' id='block_1_30' title="bbox 1209 364 2385 469">
    <p class='ocr_par' dir='ltr' id='par_1_49' title="bbox 1209 364 2385 469">
     <span class='ocr_line' id='line_1_97' title="bbox 1245 364 2385 436; baseline 0.004 -15"><span class='ocrx_word' id='word_1_652' title='bbox 1245 391 1316 436; x_wconf 80' lang='lat' dir='ltr'>Dat.</span> <span class='ocrx_word' id='word_1_653' title='bbox 1339 392 1467 424; x_wconf 85' lang='lat' dir='ltr'>Lateran.</span> <span class='ocrx_word' id='word_1_654' title='bbox 1482 400 1581 433; x_wconf 86' lang='lat' dir='ltr'>quarto</span> <span class='ocrx_word' id='word_1_655' title='bbox 1598 391 1661 424; x_wconf 85' lang='lat' dir='ltr'>Kal.</span> <span class='ocrx_word' id='word_1_656' title='bbox 1682 392 1875 432; x_wconf 79' lang='lat' dir='ltr'>Novembris,</span> <span class='ocrx_word' id='word_1_657' title='bbox 1892 394 2074 426; x_wconf 78' lang='lat' dir='ltr'>pontificatus</span> <span class='ocrx_word' id='word_1_658' title='bbox 2086 394 2175 426; x_wconf 87' lang='lat' dir='ltr'>nostri</span> <span class='ocrx_word' id='word_1_659' title='bbox 2189 405 2265 427; x_wconf 88' lang='lat' dir='ltr'>anno</span> <span class='ocrx_word' id='word_1_660' title='bbox 2276 364 2340 387; x_wconf 55' lang='lat' dir='ltr'>Hm</span> <span class='ocrx_word' id='word_1_661' title='bbox 2358 366 2385 394; x_wconf 43' lang='lat'>3⁰</span> 
     </span>
     <span class='ocr_line' id='line_1_98' title="bbox 1209 439 1311 469; baseline 0.02 -10"><span class='ocrx_word' id='word_1_662' title='bbox 1209 439 1311 469; x_wconf 86' lang='lat' dir='ltr'>pnmo.</span> 
     </span>
    </p>
   </div>
   <div class='ocr_carea' id='block_1_31' title="bbox 1626 506 2205 550">
    <p class='ocr_par' dir='ltr' id='par_1_50' title="bbox 1626 506 2205 550">
     <span class='ocr_line' id='line_1_99' title="bbox 1626 506 2205 550; baseline 0.003 -14"><span class='ocrx_word' id='word_1_663' title='bbox 1626 506 1715 545; x_wconf 82' lang='lat' dir='ltr'>Sigillo</span> <span class='ocrx_word' id='word_1_664' title='bbox 1724 506 1846 546; x_wconf 82' lang='lat' dir='ltr'>plumbeo</span> <span class='ocrx_word' id='word_1_665' title='bbox 1850 510 1981 547; x_wconf 84' lang='lat' dir='ltr'>pendente</span> <span class='ocrx_word' id='word_1_666' title='bbox 1992 521 2011 539; x_wconf 85' lang='lat' dir='ltr'>a</span> <span class='ocrx_word' id='word_1_667' title='bbox 2015 509 2067 550; x_wconf 83' lang='lat' dir='ltr'>filo</span> <span class='ocrx_word' id='word_1_668' title='bbox 2082 509 2205 540; x_wconf 79' lang='lat' dir='ltr'>canabeo.</span> 
     </span>
    </p>
   </div>
   <div class='ocr_carea' id='block_1_32' title="bbox 1468 584 2229 590">
    <p class='ocr_par' dir='ltr' id='par_1_51' title="bbox 1468 584 2229 590">
     <span class='ocr_line' id='line_1_100' title="bbox 1468 584 2229 590; baseline 0 0"><span class='ocrx_word' id='word_1_669' title='bbox 1468 584 2229 590; x_wconf 95' lang='lat' dir='ltr'> </span> 
     </span>
    </p>
   </div>
   <div class='ocr_carea' id='block_1_33' title="bbox 1237 631 2235 716">
    <p class='ocr_par' dir='ltr' id='par_1_52' title="bbox 1237 631 2235 716">
     <span class='ocr_line' id='line_1_101' title="bbox 1237 631 2235 680; baseline 0.002 -16"><span class='ocrx_word' id='word_1_670' title='bbox 1237 634 1358 664; x_wconf 78' lang='lat' dir='ltr'>Littera</span> <span class='ocrx_word' id='word_1_671' title='bbox 1371 631 1513 678; x_wconf 83' lang='lat' dir='ltr'>Johandi</span> <span class='ocrx_word' id='word_1_672' title='bbox 1530 633 1612 665; x_wconf 74' lang='lat' dir='ltr'>Daci</span> <span class='ocrx_word' id='word_1_673' title='bbox 1631 634 1788 677; x_wconf 73' lang='lat' dir='ltr'>Britannia</span> <span class='ocrx_word' id='word_1_674' title='bbox 1800 632 1891 679; x_wconf 81' lang='lat' dir='ltr'>super</span> <span class='ocrx_word' id='word_1_675' title='bbox 1900 636 2038 680; x_wconf 84' lang='lat' dir='ltr'>petitione</span> <span class='ocrx_word' id='word_1_676' title='bbox 2048 634 2109 678; x_wconf 70' lang='lat' dir='ltr'>fica</span> <span class='ocrx_word' id='word_1_677' title='bbox 2125 633 2161 667; x_wconf 82' lang='lat' dir='ltr'>de</span> <span class='ocrx_word' id='word_1_678' title='bbox 2179 636 2235 668; x_wconf 88' lang='lat' dir='ltr'>Co-</span> 
     </span>
     <span class='ocr_line' id='line_1_102' title="bbox 1556 679 1917 716; baseline 0.006 -3"><span class='ocrx_word' id='word_1_679' title='bbox 1556 684 1669 713; x_wconf 73' lang='lat' dir='ltr'>miratu</span> <span class='ocrx_word' id='word_1_680' title='bbox 1688 679 1917 716; x_wconf 70' lang='lat' dir='ltr'>Richemundiae.</span> 
     </span>
    </p>
   </div>
   <div class='ocr_carea' id='block_1_34' title="bbox 1206 763 2418 1376">
    <p class='ocr_par' dir='ltr' id='par_1_53' title="bbox 1206 763 2418 1376">
     <span class='ocr_line' id='line_1_103' title="bbox 1208 763 2414 836; baseline 0.003 -42"><span class='ocrx_word' id='word_1_681' title='bbox 1208 765 1267 836; x_wconf 84' lang='lat' dir='ltr'>R</span> <span class='ocrx_word' id='word_1_682' title='bbox 1278 764 1340 795; x_wconf 87' lang='lat' dir='ltr'>EX</span> <span class='ocrx_word' id='word_1_683' title='bbox 1355 764 1478 804; x_wconf 75' lang='lat' dir='ltr'>johanni</span> <span class='ocrx_word' id='word_1_684' title='bbox 1500 763 1579 795; x_wconf 88' lang='lat' dir='ltr'>Duci</span> <span class='ocrx_word' id='word_1_685' title='bbox 1600 763 1752 796; x_wconf 83' lang='lat' dir='ltr'>Britanniae</span> <span class='ocrx_word' id='word_1_686' title='bbox 1772 766 1804 796; x_wconf 90' lang='lat'>&amp;</span> <span class='ocrx_word' id='word_1_687' title='bbox 1821 766 1934 797; x_wconf 90' lang='lat' dir='ltr'>Comiti</span> <span class='ocrx_word' id='word_1_688' title='bbox 1946 766 2181 806; x_wconf 85' lang='lat' dir='ltr'>Richemundiae,</span> <span class='ocrx_word' id='word_1_689' title='bbox 2199 767 2267 798; x_wconf 87' lang='lat' dir='ltr'>salu-</span> <span class='ocrx_word' id='word_1_690' title='bbox 2279 767 2356 801; x_wconf 89' lang='lat' dir='ltr'>Ann.</span> <span class='ocrx_word' id='word_1_691' title='bbox 2372 768 2414 800; x_wconf 70' lang='lat' dir='ltr'>D„</span> 
     </span>
     <span class='ocr_line' id='line_1_104' title="bbox 1286 811 2385 836; baseline 0.004 -4"><span class='ocrx_word' id='word_1_692' title='bbox 1286 811 1355 833; x_wconf 90' lang='lat' dir='ltr'>tem.</span> <span class='ocrx_word' id='word_1_693' title='bbox 2299 816 2333 836; x_wconf 84' lang='lat'>12</span> <span class='ocrx_word' id='word_1_694' title='bbox 2377 830 2385 835; x_wconf 92' lang='lat'>.</span> 
     </span>
     <span class='ocr_line' id='line_1_105' title="bbox 1244 816 2397 884; baseline 0.002 -14"><span class='ocrx_word' id='word_1_695' title='bbox 1244 839 1422 884; x_wconf 66' lang='lat' dir='ltr'>Veniensad</span> <span class='ocrx_word' id='word_1_696' title='bbox 1436 850 1491 884; x_wconf 36' lang='lat' dir='ltr'>nos·</span> <span class='ocrx_word' id='word_1_697' title='bbox 1509 841 1603 871; x_wconf 86' lang='lat' dir='ltr'>Abbas</span> <span class='ocrx_word' id='word_1_698' title='bbox 1625 840 1661 871; x_wconf 91' lang='lat' dir='ltr'>de</span> <span class='ocrx_word' id='word_1_699' title='bbox 1683 841 1790 873; x_wconf 59' lang='lat' dir='ltr'>Sausio</span> <span class='ocrx_word' id='word_1_700' title='bbox 1802 843 1917 882; x_wconf 81' lang='lat' dir='ltr'>Gildas,</span> <span class='ocrx_word' id='word_1_701' title='bbox 1934 843 2033 874; x_wconf 87' lang='lat' dir='ltr'>litteras</span> <span class='ocrx_word' id='word_1_702' title='bbox 2043 843 2144 874; x_wconf 86' lang='lat' dir='ltr'>vestras</span> <span class='ocrx_word' id='word_1_703' title='bbox 2155 844 2191 874; x_wconf 89' lang='lat' dir='ltr'>de</span> <span class='ocrx_word' id='word_1_704' title='bbox 2205 853 2265 874; x_wconf 91' lang='lat' dir='ltr'>cre-</span> <span class='ocrx_word' id='word_1_705' title='bbox 2279 816 2397 882; x_wconf 74' lang='lat' dir='ltr'>Aa.4227.</span> 
     </span>
     <span class='ocr_line' id='line_1_106' title="bbox 1206 876 2354 920; baseline 0.003 -14"><span class='ocrx_word' id='word_1_706' title='bbox 1206 876 1299 909; x_wconf 84' lang='lat' dir='ltr'>dentra</span> <span class='ocrx_word' id='word_1_707' title='bbox 1311 879 1394 909; x_wconf 75' lang='lat' dir='ltr'>nobrs</span> <span class='ocrx_word' id='word_1_708' title='bbox 1408 878 1505 908; x_wconf 80' lang='lat' dir='ltr'>detulit</span> <span class='ocrx_word' id='word_1_709' title='bbox 1519 881 1694 910; x_wconf 85' lang='lat' dir='ltr'>continentes</span> <span class='ocrx_word' id='word_1_710' title='bbox 1706 881 1783 918; x_wconf 84' lang='lat' dir='ltr'>quod</span> <span class='ocrx_word' id='word_1_711' title='bbox 1800 904 1809 919; x_wconf 94' lang='lat'>,</span> <span class='ocrx_word' id='word_1_712' title='bbox 1828 883 1904 919; x_wconf 90' lang='lat' dir='ltr'>super</span> <span class='ocrx_word' id='word_1_713' title='bbox 1921 883 1983 920; x_wconf 81' lang='lat' dir='ltr'>jure</span> <span class='ocrx_word' id='word_1_714' title='bbox 1997 881 2092 913; x_wconf 81' lang='lat' dir='ltr'>vestro</span> <span class='ocrx_word' id='word_1_715' title='bbox 2104 882 2264 913; x_wconf 83' lang='lat' dir='ltr'>Comitatus</span> <span class='ocrx_word' id='word_1_716' title='bbox 2277 889 2311 910; x_wconf 86' lang='lat' dir='ltr'>H.</span> <span class='ocrx_word' id='word_1_717' title='bbox 2329 893 2354 920; x_wconf 86' lang='lat'>3.</span> 
     </span>
     <span class='ocr_line' id='line_1_107' title="bbox 1207 914 2369 958; baseline 0.003 -14"><span class='ocrx_word' id='word_1_718' title='bbox 1207 914 1429 948; x_wconf 85' lang='lat' dir='ltr'>Richemundiae</span> <span class='ocrx_word' id='word_1_719' title='bbox 1443 917 1583 955; x_wconf 81' lang='lat' dir='ltr'>petendO,</span> <span class='ocrx_word' id='word_1_720' title='bbox 1602 917 1686 948; x_wconf 84' lang='lat' dir='ltr'>fidem</span> <span class='ocrx_word' id='word_1_721' title='bbox 1703 919 1903 950; x_wconf 86' lang='lat' dir='ltr'>adhiberemus.</span> <span class='ocrx_word' id='word_1_722' title='bbox 2281 921 2369 958; x_wconf 82' lang='lat' dir='ltr'>Claus.</span> 
     </span>
     <span class='ocr_line' id='line_1_108' title="bbox 1243 952 2383 997; baseline 0.004 -15"><span class='ocrx_word' id='word_1_723' title='bbox 1243 952 1281 984; x_wconf 89' lang='lat' dir='ltr'>Et</span> <span class='ocrx_word' id='word_1_724' title='bbox 1304 954 1379 997; x_wconf 41' lang='lat' dir='ltr'>Nos·</span> <span class='ocrx_word' id='word_1_725' title='bbox 1391 964 1437 997; x_wconf 84' lang='lat' dir='ltr'>ea,</span> <span class='ocrx_word' id='word_1_726' title='bbox 1456 964 1518 992; x_wconf 77' lang='lat' dir='ltr'>quae</span> <span class='ocrx_word' id='word_1_727' title='bbox 1540 955 1618 985; x_wconf 88' lang='lat' dir='ltr'>idem</span> <span class='ocrx_word' id='word_1_728' title='bbox 1638 956 1734 986; x_wconf 85' lang='lat' dir='ltr'>Abbas</span> <span class='ocrx_word' id='word_1_729' title='bbox 1755 958 1837 987; x_wconf 76' lang='lat' dir='ltr'>nobis</span> <span class='ocrx_word' id='word_1_730' title='bbox 1851 957 1991 996; x_wconf 81' lang='lat' dir='ltr'>exposuit,</span> <span class='ocrx_word' id='word_1_731' title='bbox 2009 958 2187 996; x_wconf 69' lang='lat' dir='ltr'>audivimus,</span> <span class='ocrx_word' id='word_1_732' title='bbox 2200 959 2265 988; x_wconf 89' lang='lat' dir='ltr'>licet</span> <span class='ocrx_word' id='word_1_733' title='bbox 2276 960 2343 996; x_wconf 24' lang='lat' dir='ltr'>fact*</span> <span class='ocrx_word' id='word_1_734' title='bbox 2356 963 2383 986; x_wconf 84' lang='lat' dir='ltr'>in</span> 
     </span>
     <span class='ocr_line' id='line_1_109' title="bbox 1207 992 2398 1036; baseline 0.003 -15"><span class='ocrx_word' id='word_1_735' title='bbox 1207 1000 1299 1035; x_wconf 83' lang='lat' dir='ltr'>autem</span> <span class='ocrx_word' id='word_1_736' title='bbox 1312 995 1452 1024; x_wconf 78' lang='lat' dir='ltr'>iervltium</span> <span class='ocrx_word' id='word_1_737' title='bbox 1466 993 1499 1023; x_wconf 74' lang='grc' dir='ltr'>δε</span> <span class='ocrx_word' id='word_1_738' title='bbox 1514 992 1677 1031; x_wconf 86' lang='lat' dir='ltr'>homagium</span> <span class='ocrx_word' id='word_1_739' title='bbox 1691 994 1815 1025; x_wconf 90' lang='lat' dir='ltr'>vestrum</span> <span class='ocrx_word' id='word_1_740' title='bbox 1830 996 1981 1032; x_wconf 83' lang='lat' dir='ltr'>plurimum</span> <span class='ocrx_word' id='word_1_741' title='bbox 1996 996 2160 1027; x_wconf 57' lang='lat' dir='ltr'>affesoemus</span> <span class='ocrx_word' id='word_1_742' title='bbox 2172 1020 2182 1036; x_wconf 90' lang='lat'>,</span> <span class='ocrx_word' id='word_1_743' title='bbox 2197 1006 2266 1026; x_wconf 89' lang='lat' dir='ltr'>con·</span> <span class='ocrx_word' id='word_1_744' title='bbox 2282 998 2398 1034; x_wconf 75' lang='lat' dir='ltr'>Vasconia</span> 
     </span>
     <span class='ocr_line' id='line_1_110' title="bbox 1207 1029 2398 1074; baseline 0.003 -16"><span class='ocrx_word' id='word_1_745' title='bbox 1207 1029 1297 1060; x_wconf 79' lang='lat' dir='ltr'>silium</span> <span class='ocrx_word' id='word_1_746' title='bbox 1316 1031 1351 1061; x_wconf 89' lang='lat' dir='ltr'>ad</span> <span class='ocrx_word' id='word_1_747' title='bbox 1373 1030 1488 1067; x_wconf 81' lang='lat' dir='ltr'>praesens</span> <span class='ocrx_word' id='word_1_748' title='bbox 1502 1039 1561 1073; x_wconf 77' lang='lat' dir='ltr'>non</span> <span class='ocrx_word' id='word_1_749' title='bbox 1578 1031 1726 1062; x_wconf 83' lang='lat' dir='ltr'>habuimus</span> <span class='ocrx_word' id='word_1_750' title='bbox 1741 1032 1776 1062; x_wconf 89' lang='lat' dir='ltr'>de</span> <span class='ocrx_word' id='word_1_751' title='bbox 1791 1041 1860 1063; x_wconf 85' lang='lat' dir='ltr'>terra</span> <span class='ocrx_word' id='word_1_752' title='bbox 1875 1035 1918 1063; x_wconf 85' lang='lat' dir='ltr'>illa</span> <span class='ocrx_word' id='word_1_753' title='bbox 1933 1057 1942 1070; x_wconf 80' lang='lat'>,</span> <span class='ocrx_word' id='word_1_754' title='bbox 1962 1044 2047 1071; x_wconf 88' lang='lat' dir='ltr'>quam</span> <span class='ocrx_word' id='word_1_755' title='bbox 2061 1035 2168 1074; x_wconf 88' lang='lat' dir='ltr'>petitis,</span> <span class='ocrx_word' id='word_1_756' title='bbox 2188 1035 2266 1064; x_wconf 87' lang='lat' dir='ltr'>vobis</span> <span class='ocrx_word' id='word_1_757' title='bbox 2282 1046 2344 1062; x_wconf 63' lang='lat' dir='ltr'>amo</span> <span class='ocrx_word' id='word_1_758' title='bbox 2353 1045 2398 1071; x_wconf 90' lang='lat'>27.</span> 
     </span>
     <span class='ocr_line' id='line_1_111' title="bbox 1208 1067 2414 1112; baseline 0.003 -15"><span class='ocrx_word' id='word_1_759' title='bbox 1208 1067 1348 1112; x_wconf 65' lang='lat' dir='ltr'>reddenda</span> <span class='ocrx_word' id='word_1_760' title='bbox 1360 1091 1369 1107; x_wconf 96' lang='lat'>,</span> <span class='ocrx_word' id='word_1_761' title='bbox 1385 1079 1421 1098; x_wconf 88' lang='lat' dir='ltr'>eo</span> <span class='ocrx_word' id='word_1_762' title='bbox 1441 1068 1518 1106; x_wconf 84' lang='lat' dir='ltr'>quod</span> <span class='ocrx_word' id='word_1_763' title='bbox 1540 1068 1614 1098; x_wconf 83' lang='lat' dir='ltr'>idem</span> <span class='ocrx_word' id='word_1_764' title='bbox 1630 1070 1725 1100; x_wconf 87' lang='lat' dir='ltr'>Abbas</span> <span class='ocrx_word' id='word_1_765' title='bbox 1739 1071 1904 1109; x_wconf 87' lang='lat' dir='ltr'>potestatem</span> <span class='ocrx_word' id='word_1_766' title='bbox 1921 1071 1939 1090; x_wconf 70' lang='lat'>²*</span> <span class='ocrx_word' id='word_1_767' title='bbox 1957 1082 2016 1101; x_wconf 92' lang='lat' dir='ltr'>non</span> <span class='ocrx_word' id='word_1_768' title='bbox 2037 1073 2147 1111; x_wconf 78' lang='lat' dir='ltr'>habuit,</span> <span class='ocrx_word' id='word_1_769' title='bbox 2166 1072 2267 1103; x_wconf 85' lang='lat' dir='ltr'>certifi-</span> <span class='ocrx_word' id='word_1_770' title='bbox 2284 1073 2359 1110; x_wconf 79' lang='lat' dir='ltr'>usque</span> <span class='ocrx_word' id='word_1_771' title='bbox 2371 1073 2414 1101; x_wconf 62' lang='lat'>28„</span> 
     </span>
     <span class='ocr_line' id='line_1_112' title="bbox 1207 1105 2362 1148; baseline 0.002 -12"><span class='ocrx_word' id='word_1_772' title='bbox 1207 1107 1289 1136; x_wconf 83' lang='lat' dir='ltr'>candi</span> <span class='ocrx_word' id='word_1_773' title='bbox 1305 1117 1357 1137; x_wconf 77' lang='lat' dir='ltr'>nos</span> <span class='ocrx_word' id='word_1_774' title='bbox 1370 1108 1400 1136; x_wconf 91' lang='lat' dir='ltr'>in</span> <span class='ocrx_word' id='word_1_775' title='bbox 1413 1107 1512 1146; x_wconf 86' lang='lat' dir='ltr'>quibus</span> <span class='ocrx_word' id='word_1_776' title='bbox 1530 1105 1613 1136; x_wconf 83' lang='lat' dir='ltr'>status</span> <span class='ocrx_word' id='word_1_777' title='bbox 1627 1107 1719 1137; x_wconf 89' lang='lat' dir='ltr'>vester</span> <span class='ocrx_word' id='word_1_778' title='bbox 1734 1108 1916 1147; x_wconf 77' lang='lat' dir='ltr'>melioretur,</span> <span class='ocrx_word' id='word_1_779' title='bbox 1935 1110 1968 1139; x_wconf 91' lang='lat'>&amp;</span> <span class='ocrx_word' id='word_1_780' title='bbox 1987 1120 2050 1148; x_wconf 86' lang='lat' dir='ltr'>quae</span> <span class='ocrx_word' id='word_1_781' title='bbox 2072 1111 2169 1141; x_wconf 89' lang='lat' dir='ltr'>utilitas</span> <span class='ocrx_word' id='word_1_782' title='bbox 2188 1110 2268 1140; x_wconf 91' lang='lat' dir='ltr'>nobis</span> <span class='ocrx_word' id='word_1_783' title='bbox 2286 1116 2318 1139; x_wconf 86' lang='lat' dir='ltr'>H.</span> <span class='ocrx_word' id='word_1_784' title='bbox 2338 1122 2362 1148; x_wconf 85' lang='lat'>3.</span> 
     </span>
     <span class='ocr_line' id='line_1_113' title="bbox 1207 1144 2417 1184; baseline 0 -9"><span class='ocrx_word' id='word_1_785' title='bbox 1207 1145 1376 1176; x_wconf 84' lang='lat' dir='ltr'>accresceret</span> <span class='ocrx_word' id='word_1_786' title='bbox 1385 1145 1405 1175; x_wconf 87' lang='lat' dir='ltr'>s1</span> <span class='ocrx_word' id='word_1_787' title='bbox 1422 1154 1518 1183; x_wconf 87' lang='lat' dir='ltr'>preces</span> <span class='ocrx_word' id='word_1_788' title='bbox 1530 1144 1633 1175; x_wconf 88' lang='lat' dir='ltr'>vestras</span> <span class='ocrx_word' id='word_1_789' title='bbox 1646 1146 1843 1176; x_wconf 81' lang='lat' dir='ltr'>exaudiremus.</span> <span class='ocrx_word' id='word_1_790' title='bbox 2287 1159 2321 1177; x_wconf 84' lang='lat' dir='ltr'>m.</span> <span class='ocrx_word' id='word_1_791' title='bbox 2342 1148 2417 1184; x_wconf 51' lang='lat'>1441.</span> 
     </span>
     <span class='ocr_line' id='line_1_114' title="bbox 1247 1182 2418 1224; baseline 0.004 -12"><span class='ocrx_word' id='word_1_792' title='bbox 1247 1182 1284 1213; x_wconf 89' lang='lat' dir='ltr'>Et</span> <span class='ocrx_word' id='word_1_793' title='bbox 1306 1184 1370 1214; x_wconf 89' lang='lat' dir='ltr'>ideo</span> <span class='ocrx_word' id='word_1_794' title='bbox 1386 1184 1466 1213; x_wconf 88' lang='lat' dir='ltr'>vobis</span> <span class='ocrx_word' id='word_1_795' title='bbox 1486 1182 1669 1222; x_wconf 77' lang='lat' dir='ltr'>significamus</span> <span class='ocrx_word' id='word_1_796' title='bbox 1682 1184 1760 1222; x_wconf 90' lang='lat' dir='ltr'>quod</span> <span class='ocrx_word' id='word_1_797' title='bbox 1773 1194 1841 1214; x_wconf 91' lang='lat' dir='ltr'>curn</span> <span class='ocrx_word' id='word_1_798' title='bbox 1858 1184 1950 1214; x_wconf 90' lang='lat' dir='ltr'>nobili</span> <span class='ocrx_word' id='word_1_799' title='bbox 1969 1186 2030 1215; x_wconf 90' lang='lat' dir='ltr'>viro</span> <span class='ocrx_word' id='word_1_800' title='bbox 2040 1209 2047 1222; x_wconf 83' lang='lat'><strong>‚</strong></span> <span class='ocrx_word' id='word_1_801' title='bbox 2067 1185 2099 1215; x_wconf 91' lang='lat' dir='ltr'>P.</span> <span class='ocrx_word' id='word_1_802' title='bbox 2124 1186 2271 1224; x_wconf 86' lang='lat' dir='ltr'>quondam</span> <span class='ocrx_word' id='word_1_803' title='bbox 2287 1188 2303 1204; x_wconf 62' lang='lat'>⁸⁹</span> <span class='ocrx_word' id='word_1_804' title='bbox 2313 1189 2337 1216; x_wconf 80' lang='lat'>1-</span> <span class='ocrx_word' id='word_1_805' title='bbox 2350 1190 2418 1223; x_wconf 60' lang='lat'>4144</span> 
     </span>
     <span class='ocr_line' id='line_1_115' title="bbox 1209 1220 2273 1262; baseline 0.003 -11"><span class='ocrx_word' id='word_1_806' title='bbox 1209 1220 1294 1260; x_wconf 90' lang='lat' dir='ltr'>Duce</span> <span class='ocrx_word' id='word_1_807' title='bbox 1309 1222 1475 1259; x_wconf 83' lang='lat' dir='ltr'>Britanniae,</span> <span class='ocrx_word' id='word_1_808' title='bbox 1493 1229 1569 1262; x_wconf 85' lang='lat' dir='ltr'>patre</span> <span class='ocrx_word' id='word_1_809' title='bbox 1591 1221 1703 1261; x_wconf 82' lang='lat' dir='ltr'>vestro,</span> <span class='ocrx_word' id='word_1_810' title='bbox 1722 1223 1868 1253; x_wconf 60' lang='lat' dir='ltr'>unitatum</span> <span class='ocrx_word' id='word_1_811' title='bbox 1882 1223 1982 1253; x_wconf 87' lang='lat' dir='ltr'>habere</span> <span class='ocrx_word' id='word_1_812' title='bbox 1997 1224 2101 1261; x_wconf 89' lang='lat' dir='ltr'>velitis,</span> <span class='ocrx_word' id='word_1_813' title='bbox 2119 1225 2273 1262; x_wconf 84' lang='lat' dir='ltr'>cujusmodi</span> 
     </span>
     <span class='ocr_line' id='line_1_116' title="bbox 1207 1259 2271 1300; baseline 0.003 -11"><span class='ocrx_word' id='word_1_814' title='bbox 1207 1259 1357 1291; x_wconf 80' lang='lat' dir='ltr'>subsidium</span> <span class='ocrx_word' id='word_1_815' title='bbox 1372 1283 1383 1299; x_wconf 88' lang='lat'>,</span> <span class='ocrx_word' id='word_1_816' title='bbox 1400 1261 1433 1290; x_wconf 91' lang='lat'>&amp;</span> <span class='ocrx_word' id='word_1_817' title='bbox 1453 1260 1482 1290; x_wconf 87' lang='lat' dir='ltr'>in</span> <span class='ocrx_word' id='word_1_818' title='bbox 1504 1259 1603 1298; x_wconf 85' lang='lat' dir='ltr'>quibus</span> <span class='ocrx_word' id='word_1_819' title='bbox 1617 1270 1665 1299; x_wconf 85' lang='lat' dir='ltr'>per</span> <span class='ocrx_word' id='word_1_820' title='bbox 1678 1271 1729 1291; x_wconf 91' lang='lat' dir='ltr'>vos</span> <span class='ocrx_word' id='word_1_821' title='bbox 1742 1259 2006 1291; x_wconf 57' lang='lat' dir='ltr'>acceffurtrsshabere</span> <span class='ocrx_word' id='word_1_822' title='bbox 2022 1261 2154 1300; x_wconf 86' lang='lat' dir='ltr'>poffimus</span> <span class='ocrx_word' id='word_1_823' title='bbox 2167 1262 2201 1292; x_wconf 86' lang='lat' dir='ltr'>ad</span> <span class='ocrx_word' id='word_1_824' title='bbox 2214 1263 2271 1298; x_wconf 81' lang='lat' dir='ltr'>iura</span> 
     </span>
     <span class='ocr_line' id='line_1_117' title="bbox 1208 1297 2272 1338; baseline 0.003 -11"><span class='ocrx_word' id='word_1_825' title='bbox 1208 1297 1304 1329; x_wconf 86' lang='lat' dir='ltr'>nostra</span> <span class='ocrx_word' id='word_1_826' title='bbox 1326 1298 1512 1335; x_wconf 87' lang='lat' dir='ltr'>recuperanda</span> <span class='ocrx_word' id='word_1_827' title='bbox 1525 1322 1535 1336; x_wconf 91' lang='lat'>,</span> <span class='ocrx_word' id='word_1_828' title='bbox 1554 1298 1574 1328; x_wconf 85' lang='lat' dir='ltr'>fi</span> <span class='ocrx_word' id='word_1_829' title='bbox 1587 1299 1715 1337; x_wconf 87' lang='lat' dir='ltr'>petitioni</span> <span class='ocrx_word' id='word_1_830' title='bbox 1731 1298 1832 1330; x_wconf 82' lang='lat' dir='ltr'>vestrae</span> <span class='ocrx_word' id='word_1_831' title='bbox 1847 1309 2000 1330; x_wconf 84' lang='lat' dir='ltr'>annuamus</span> <span class='ocrx_word' id='word_1_832' title='bbox 2014 1311 2024 1337; x_wconf 84' lang='lat'>·,</span> <span class='ocrx_word' id='word_1_833' title='bbox 2041 1301 2074 1330; x_wconf 91' lang='lat'>&amp;</span> <span class='ocrx_word' id='word_1_834' title='bbox 2089 1299 2183 1338; x_wconf 84' lang='lat' dir='ltr'>postea</span> <span class='ocrx_word' id='word_1_835' title='bbox 2195 1300 2272 1337; x_wconf 85' lang='lat' dir='ltr'>super</span> 
     </span>
     <span class='ocr_line' id='line_1_118' title="bbox 1208 1336 2051 1376; baseline -0.001 -9"><span class='ocrx_word' id='word_1_836' title='bbox 1208 1346 1244 1367; x_wconf 88' lang='lat' dir='ltr'>eo</span> <span class='ocrx_word' id='word_1_837' title='bbox 1257 1337 1327 1367; x_wconf 91' lang='lat' dir='ltr'>citra</span> <span class='ocrx_word' id='word_1_838' title='bbox 1338 1336 1566 1376; x_wconf 87' lang='lat' dir='ltr'>purificationem</span> <span class='ocrx_word' id='word_1_839' title='bbox 1580 1338 1669 1368; x_wconf 85' lang='lat' dir='ltr'>beatae</span> <span class='ocrx_word' id='word_1_840' title='bbox 1686 1336 1806 1376; x_wconf 68' lang='lat' dir='ltr'>Mari-x,</span> <span class='ocrx_word' id='word_1_841' title='bbox 1824 1348 1874 1368; x_wconf 88' lang='lat' dir='ltr'>nos</span> <span class='ocrx_word' id='word_1_842' title='bbox 1887 1337 2051 1368; x_wconf 82' lang='lat' dir='ltr'>certificetis.</span> 
     </span>
    </p>
   </div>
   <div class='ocr_carea' id='block_1_35' title="bbox 1244 1412 2084 1454">
    <p class='ocr_par' dir='ltr' id='par_1_54' title="bbox 1244 1412 2084 1454">
     <span class='ocr_line' id='line_1_119' title="bbox 1244 1412 2084 1454; baseline 0 -10"><span class='ocrx_word' id='word_1_843' title='bbox 1244 1412 1334 1445; x_wconf 89' lang='lat' dir='ltr'>Teste</span> <span class='ocrx_word' id='word_1_844' title='bbox 1347 1413 1429 1454; x_wconf 85' lang='lat' dir='ltr'>Rege</span> <span class='ocrx_word' id='word_1_845' title='bbox 1440 1413 1514 1453; x_wconf 91' lang='lat' dir='ltr'>apud</span> <span class='ocrx_word' id='word_1_846' title='bbox 1527 1413 1666 1454; x_wconf 88' lang='lat' dir='ltr'>Regulam</span> <span class='ocrx_word' id='word_1_847' title='bbox 1675 1437 1685 1453; x_wconf 86' lang='lat'>,</span> <span class='ocrx_word' id='word_1_848' title='bbox 1705 1414 1820 1446; x_wconf 89' lang='lat' dir='ltr'>decimo</span> <span class='ocrx_word' id='word_1_849' title='bbox 1834 1415 1880 1446; x_wconf 88' lang='lat' dir='ltr'>die</span> <span class='ocrx_word' id='word_1_850' title='bbox 1894 1413 2084 1446; x_wconf 83' lang='lat' dir='ltr'>Novembris.</span> 
     </span>
    </p>
   </div>
   <div class='ocr_carea' id='block_1_36' title="bbox 1209 1537 2275 1634">
    <p class='ocr_par' dir='ltr' id='par_1_55' title="bbox 1209 1537 2275 1634">
     <span class='ocr_line' id='line_1_120' title="bbox 1209 1537 2275 1585; baseline 0 -14"><span class='ocrx_word' id='word_1_851' title='bbox 1209 1540 1328 1572; x_wconf 83' lang='lat' dir='ltr'>Littera</span> <span class='ocrx_word' id='word_1_852' title='bbox 1361 1540 1542 1585; x_wconf 79' lang='lat' dir='ltr'>Imperatori</span> <span class='ocrx_word' id='word_1_853' title='bbox 1567 1538 1603 1571; x_wconf 85' lang='lat' dir='ltr'>dc</span> <span class='ocrx_word' id='word_1_854' title='bbox 1624 1538 1752 1584; x_wconf 86' lang='lat' dir='ltr'>perfidia</span> <span class='ocrx_word' id='word_1_855' title='bbox 1780 1541 1903 1572; x_wconf 85' lang='lat' dir='ltr'>Comitis</span> <span class='ocrx_word' id='word_1_856' title='bbox 1923 1540 1958 1572; x_wconf 89' lang='lat' dir='ltr'>T</span> <span class='ocrx_word' id='word_1_857' title='bbox 1953 1537 2043 1583; x_wconf 60' lang='lat' dir='ltr'>holos?</span> <span class='ocrx_word' id='word_1_858' title='bbox 2074 1537 2110 1571; x_wconf 84' lang='lat' dir='ltr'>de</span> <span class='ocrx_word' id='word_1_859' title='bbox 2130 1537 2275 1584; x_wconf 71' lang='lat' dir='ltr'>fiditione</span> 
     </span>
     <span class='ocr_line' id='line_1_121' title="bbox 1254 1585 2248 1634; baseline 0 -14"><span class='ocrx_word' id='word_1_860' title='bbox 1254 1588 1414 1630; x_wconf 67' lang='lat' dir='ltr'>Pittaviae,</span> <span class='ocrx_word' id='word_1_861' title='bbox 1438 1599 1546 1620; x_wconf 83' lang='lat' dir='ltr'>necnon</span> <span class='ocrx_word' id='word_1_862' title='bbox 1560 1586 1596 1619; x_wconf 77' lang='lat' dir='ltr'>de</span> <span class='ocrx_word' id='word_1_863' title='bbox 1605 1589 1754 1634; x_wconf 70' lang='lat' dir='ltr'>sttpremis</span> <span class='ocrx_word' id='word_1_864' title='bbox 1775 1586 1876 1621; x_wconf 75' lang='lat' dir='ltr'>verbis</span> <span class='ocrx_word' id='word_1_865' title='bbox 1891 1585 2017 1633; x_wconf 70' lang='lat' dir='ltr'>[sabella</span> <span class='ocrx_word' id='word_1_866' title='bbox 2032 1589 2248 1633; x_wconf 82' lang='lat' dir='ltr'>Imperatricis.</span> 
     </span>
    </p>
   </div>
   <div class='ocr_carea' id='block_1_37' title="bbox 1210 1671 2422 3102">
    <p class='ocr_par' dir='ltr' id='par_1_56' title="bbox 1210 1671 2422 3102">
     <span class='ocr_line' id='line_1_122' title="bbox 1210 1671 2421 1735; baseline 0 -32"><span class='ocrx_word' id='word_1_867' title='bbox 1210 1674 1274 1735; x_wconf 88' lang='lat' dir='ltr'>D</span> <span class='ocrx_word' id='word_1_868' title='bbox 1284 1672 1398 1704; x_wconf 90' lang='lat' dir='ltr'>Omino</span> <span class='ocrx_word' id='word_1_869' title='bbox 1417 1671 1581 1712; x_wconf 84' lang='lat' dir='ltr'>Imperatori</span> <span class='ocrx_word' id='word_1_870' title='bbox 1601 1672 1714 1705; x_wconf 64' lang='lat' dir='ltr'>filutem</span> <span class='ocrx_word' id='word_1_871' title='bbox 1729 1696 1739 1712; x_wconf 85' lang='lat'>,</span> <span class='ocrx_word' id='word_1_872' title='bbox 1754 1673 1788 1704; x_wconf 86' lang='lat'>&amp;</span> <span class='ocrx_word' id='word_1_873' title='bbox 1809 1673 1923 1704; x_wconf 82' lang='lat' dir='ltr'>fincerae</span> <span class='ocrx_word' id='word_1_874' title='bbox 1937 1672 2094 1704; x_wconf 75' lang='lat' dir='ltr'>dileffionis</span> <span class='ocrx_word' id='word_1_875' title='bbox 2111 1673 2271 1703; x_wconf 87' lang='lat' dir='ltr'>incremen-</span> <span class='ocrx_word' id='word_1_876' title='bbox 2286 1672 2362 1704; x_wconf 83' lang='lat' dir='ltr'>Ann.</span> <span class='ocrx_word' id='word_1_877' title='bbox 2378 1672 2421 1703; x_wconf 84' lang='lat' dir='ltr'>D.</span> 
     </span>
     <span class='ocr_line' id='line_1_123' title="bbox 1291 1721 2395 1743; baseline -0.002 0"><span class='ocrx_word' id='word_1_878' title='bbox 1291 1721 1362 1743; x_wconf 91' lang='lat' dir='ltr'>tum.</span> <span class='ocrx_word' id='word_1_879' title='bbox 2311 1721 2345 1741; x_wconf 87' lang='lat'>12</span> <span class='ocrx_word' id='word_1_880' title='bbox 2389 1735 2395 1741; x_wconf 79' lang='grc'><em>,</em></span> 
     </span>
     <span class='ocr_line' id='line_1_124' title="bbox 1245 1721 2398 1790; baseline -0.003 -9"><span class='ocrx_word' id='word_1_881' title='bbox 1245 1751 1383 1782; x_wconf 85' lang='lat' dir='ltr'>Solatium</span> <span class='ocrx_word' id='word_1_882' title='bbox 1397 1750 1479 1780; x_wconf 89' lang='lat' dir='ltr'>nobis</span> <span class='ocrx_word' id='word_1_883' title='bbox 1490 1750 1655 1782; x_wconf 86' lang='lat' dir='ltr'>arbitramur</span> <span class='ocrx_word' id='word_1_884' title='bbox 1667 1752 1699 1782; x_wconf 88' lang='lat'>&amp;</span> <span class='ocrx_word' id='word_1_885' title='bbox 1713 1750 1798 1781; x_wconf 89' lang='lat' dir='ltr'>levius</span> <span class='ocrx_word' id='word_1_886' title='bbox 1811 1758 1922 1790; x_wconf 85' lang='lat' dir='ltr'>tangere</span> <span class='ocrx_word' id='word_1_887' title='bbox 1936 1760 1986 1781; x_wconf 89' lang='lat' dir='ltr'>nos</span> <span class='ocrx_word' id='word_1_888' title='bbox 2000 1749 2128 1788; x_wconf 89' lang='lat' dir='ltr'>videtur,</span> <span class='ocrx_word' id='word_1_889' title='bbox 2146 1749 2165 1780; x_wconf 86' lang='lat' dir='ltr'>fi</span> <span class='ocrx_word' id='word_1_890' title='bbox 2178 1749 2269 1780; x_wconf 89' lang='lat' dir='ltr'>causas</span> <span class='ocrx_word' id='word_1_891' title='bbox 2284 1755 2336 1779; x_wconf 82' lang='lat' dir='ltr'>An.</span> <span class='ocrx_word' id='word_1_892' title='bbox 2346 1721 2398 1786; x_wconf 46' lang='grc' dir='ltr'>ἒξ.</span> 
     </span>
     <span class='ocr_line' id='line_1_125' title="bbox 1211 1788 2360 1826; baseline -0.003 -5"><span class='ocrx_word' id='word_1_893' title='bbox 1211 1789 1374 1821; x_wconf 76' lang='lat' dir='ltr'>adversitatis</span> <span class='ocrx_word' id='word_1_894' title='bbox 1392 1788 1496 1819; x_wconf 85' lang='lat' dir='ltr'>nostrae</span> <span class='ocrx_word' id='word_1_895' title='bbox 1516 1789 1651 1819; x_wconf 88' lang='lat' dir='ltr'>serenitati</span> <span class='ocrx_word' id='word_1_896' title='bbox 1667 1788 1767 1820; x_wconf 72' lang='lat' dir='ltr'>vestrae</span> <span class='ocrx_word' id='word_1_897' title='bbox 1780 1791 2039 1826; x_wconf 71' lang='lat' dir='ltr'>communicamus,</span> <span class='ocrx_word' id='word_1_898' title='bbox 2055 1796 2153 1826; x_wconf 90' lang='lat' dir='ltr'>utpote</span> <span class='ocrx_word' id='word_1_899' title='bbox 2168 1789 2217 1825; x_wconf 84' lang='lat' dir='ltr'>qui</span> <span class='ocrx_word' id='word_1_900' title='bbox 2233 1789 2268 1819; x_wconf 90' lang='lat' dir='ltr'>de</span> <span class='ocrx_word' id='word_1_901' title='bbox 2286 1794 2318 1816; x_wconf 86' lang='lat' dir='ltr'>H.</span> <span class='ocrx_word' id='word_1_902' title='bbox 2336 1799 2360 1826; x_wconf 90' lang='lat'>3.</span> 
     </span>
     <span class='ocr_line' id='line_1_126' title="bbox 1212 1826 2394 1873; baseline -0.004 -14"><span class='ocrx_word' id='word_1_903' title='bbox 1212 1828 1419 1873; x_wconf 77' lang='lat' dir='ltr'>magnificentia</span> <span class='ocrx_word' id='word_1_904' title='bbox 1435 1826 1523 1858; x_wconf 87' lang='lat' dir='ltr'>vestra</span> <span class='ocrx_word' id='word_1_905' title='bbox 1545 1828 1693 1868; x_wconf 86' lang='lat' dir='ltr'>specialiter</span> <span class='ocrx_word' id='word_1_906' title='bbox 1713 1827 1880 1858; x_wconf 87' lang='lat' dir='ltr'>confidimus</span> <span class='ocrx_word' id='word_1_907' title='bbox 1893 1828 1986 1866; x_wconf 85' lang='lat' dir='ltr'>quod,</span> <span class='ocrx_word' id='word_1_908' title='bbox 2005 1837 2038 1858; x_wconf 84' lang='lat' dir='ltr'>ex</span> <span class='ocrx_word' id='word_1_909' title='bbox 2051 1827 2200 1858; x_wconf 73' lang='lat' dir='ltr'>affec&#39;tione</span> <span class='ocrx_word' id='word_1_910' title='bbox 2216 1827 2269 1857; x_wconf 90' lang='lat' dir='ltr'>fra-</span> <span class='ocrx_word' id='word_1_911' title='bbox 2285 1831 2342 1855; x_wconf 77' lang='lat' dir='ltr'>Par.</span> <span class='ocrx_word' id='word_1_912' title='bbox 2360 1827 2394 1861; x_wconf 52' lang='grc' dir='ltr'>ῤ’</span> 
     </span>
     <span class='ocr_line' id='line_1_127' title="bbox 2285 1871 2422 1901; baseline -0.007 -8"><span class='ocrx_word' id='word_1_913' title='bbox 2285 1871 2358 1893; x_wconf 73' lang='lat' dir='ltr'>Cart.</span> <span class='ocrx_word' id='word_1_914' title='bbox 2377 1877 2422 1901; x_wconf 86' lang='lat'>27.</span> 
     </span>
     <span class='ocr_line' id='line_1_128' title="bbox 1246 1904 2367 1943; baseline -0.004 -8"><span class='ocrx_word' id='word_1_915' title='bbox 1246 1905 1327 1936; x_wconf 87' lang='lat' dir='ltr'>Hinc</span> <span class='ocrx_word' id='word_1_916' title='bbox 1347 1904 1387 1936; x_wconf 89' lang='lat' dir='ltr'>est</span> <span class='ocrx_word' id='word_1_917' title='bbox 1405 1905 1481 1941; x_wconf 83' lang='lat' dir='ltr'>quod</span> <span class='ocrx_word' id='word_1_918' title='bbox 1494 1904 1628 1936; x_wconf 77' lang='lat' dir='ltr'>serenitati</span> <span class='ocrx_word' id='word_1_919' title='bbox 1640 1904 1738 1935; x_wconf 85' lang='lat' dir='ltr'>vestrae</span> <span class='ocrx_word' id='word_1_920' title='bbox 1757 1905 1886 1943; x_wconf 90' lang='lat' dir='ltr'>cupimus</span> <span class='ocrx_word' id='word_1_921' title='bbox 1901 1904 2073 1936; x_wconf 89' lang='lat' dir='ltr'>innotescere</span> <span class='ocrx_word' id='word_1_922' title='bbox 2086 1904 2182 1942; x_wconf 88' lang='lat' dir='ltr'>quod,</span> <span class='ocrx_word' id='word_1_923' title='bbox 2194 1913 2270 1939; x_wconf 86' lang='lat' dir='ltr'>¹cum</span> <span class='ocrx_word' id='word_1_924' title='bbox 2290 1909 2324 1931; x_wconf 84' lang='lat' dir='ltr'>H.</span> <span class='ocrx_word' id='word_1_925' title='bbox 2343 1914 2367 1940; x_wconf 86' lang='lat'>3.</span> 
     </span>
     <span class='ocr_line' id='line_1_129' title="bbox 1211 1942 2421 1984; baseline -0.004 -10"><span class='ocrx_word' id='word_1_926' title='bbox 1211 1952 1300 1984; x_wconf 89' lang='lat' dir='ltr'>nuper</span> <span class='ocrx_word' id='word_1_927' title='bbox 1321 1953 1388 1981; x_wconf 89' lang='lat' dir='ltr'>nos,</span> <span class='ocrx_word' id='word_1_928' title='bbox 1407 1944 1440 1973; x_wconf 87' lang='lat'>&amp;</span> <span class='ocrx_word' id='word_1_929' title='bbox 1461 1942 1500 1973; x_wconf 84' lang='lat' dir='ltr'>R.</span> <span class='ocrx_word' id='word_1_930' title='bbox 1515 1942 1623 1974; x_wconf 88' lang='lat' dir='ltr'>Comes</span> <span class='ocrx_word' id='word_1_931' title='bbox 1642 1943 1760 1974; x_wconf 91' lang='lat' dir='ltr'>Tholos.</span> <span class='ocrx_word' id='word_1_932' title='bbox 1775 1943 1992 1982; x_wconf 85' lang='lat' dir='ltr'>consanguineus</span> <span class='ocrx_word' id='word_1_933' title='bbox 2006 1942 2100 1973; x_wconf 87' lang='lat' dir='ltr'>noster</span> <span class='ocrx_word' id='word_1_934' title='bbox 2134 1943 2206 1973; x_wconf 83' lang='lat' dir='ltr'>inter</span> <span class='ocrx_word' id='word_1_935' title='bbox 2218 1952 2269 1972; x_wconf 88' lang='lat' dir='ltr'>nos</span> <span class='ocrx_word' id='word_1_936' title='bbox 2286 1953 2323 1971; x_wconf 82' lang='lat' dir='ltr'>m.</span> <span class='ocrx_word' id='word_1_937' title='bbox 2337 1953 2381 1972; x_wconf 74' lang='lat'>22,</span> <span class='ocrx_word' id='word_1_938' title='bbox 2395 1942 2421 1970; x_wconf 72' lang='lat' dir='ltr'>d.</span> 
     </span>
     <span class='ocr_line' id='line_1_130' title="bbox 1211 1965 2272 2022; baseline -0.003 -9"><span class='ocrx_word' id='word_1_939' title='bbox 1211 1982 1304 2014; x_wconf 85' lang='lat' dir='ltr'>foedus</span> <span class='ocrx_word' id='word_1_940' title='bbox 1316 1982 1430 2022; x_wconf 85' lang='lat' dir='ltr'>speciale</span> <span class='ocrx_word' id='word_1_941' title='bbox 1443 1982 1589 2020; x_wconf 84' lang='lat' dir='ltr'>iniremus,</span> <span class='ocrx_word' id='word_1_942' title='bbox 1605 1983 1637 2013; x_wconf 72' lang='grc' dir='ltr'>ὃ(</span> <span class='ocrx_word' id='word_1_943' title='bbox 1653 1983 1688 2012; x_wconf 89' lang='lat' dir='ltr'>ita</span> <span class='ocrx_word' id='word_1_944' title='bbox 1700 1982 1816 2012; x_wconf 85' lang='lat' dir='ltr'>essemus</span> <span class='ocrx_word' id='word_1_945' title='bbox 1823 1982 1982 2012; x_wconf 90' lang='lat' dir='ltr'>adinvicem</span> <span class='ocrx_word' id='word_1_946' title='bbox 1994 1965 2182 2012; x_wconf 77' lang='lat' dir='ltr'>confoederati</span> <span class='ocrx_word' id='word_1_947' title='bbox 2193 1979 2272 2021; x_wconf 88' lang='lat' dir='ltr'>quod</span> 
     </span>
     <span class='ocr_line' id='line_1_131' title="bbox 1212 2020 2270 2058; baseline -0.002 -7"><span class='ocrx_word' id='word_1_948' title='bbox 1212 2022 1281 2052; x_wconf 89' lang='lat' dir='ltr'>alter</span> <span class='ocrx_word' id='word_1_949' title='bbox 1296 2020 1429 2058; x_wconf 82' lang='lat' dir='ltr'>alterurn,</span> <span class='ocrx_word' id='word_1_950' title='bbox 1445 2029 1544 2050; x_wconf 90' lang='lat' dir='ltr'>contra</span> <span class='ocrx_word' id='word_1_951' title='bbox 1557 2030 1678 2050; x_wconf 85' lang='lat' dir='ltr'>omnem</span> <span class='ocrx_word' id='word_1_952' title='bbox 1692 2020 1840 2050; x_wconf 88' lang='lat' dir='ltr'>hominem</span> <span class='ocrx_word' id='word_1_953' title='bbox 1856 2020 1957 2058; x_wconf 88' lang='lat' dir='ltr'>(vobis</span> <span class='ocrx_word' id='word_1_954' title='bbox 1968 2020 2109 2057; x_wconf 84' lang='lat' dir='ltr'>exceptis)</span> <span class='ocrx_word' id='word_1_955' title='bbox 2128 2020 2193 2049; x_wconf 88' lang='lat' dir='ltr'>totis</span> <span class='ocrx_word' id='word_1_956' title='bbox 2206 2021 2270 2049; x_wconf 89' lang='lat' dir='ltr'>viri-</span> 
     </span>
     <span class='ocr_line' id='line_1_132' title="bbox 1211 2057 2272 2098; baseline -0.002 -8"><span class='ocrx_word' id='word_1_957' title='bbox 1211 2060 1263 2091; x_wconf 89' lang='lat' dir='ltr'>bus</span> <span class='ocrx_word' id='word_1_958' title='bbox 1286 2061 1389 2090; x_wconf 79' lang='lat' dir='ltr'>mutuo</span> <span class='ocrx_word' id='word_1_959' title='bbox 1406 2061 1513 2098; x_wconf 87' lang='lat' dir='ltr'>juvaret</span> <span class='ocrx_word' id='word_1_960' title='bbox 1531 2059 1565 2089; x_wconf 89' lang='lat' dir='ltr'>ad</span> <span class='ocrx_word' id='word_1_961' title='bbox 1585 2060 1715 2089; x_wconf 84' lang='lat' dir='ltr'>inimicos</span> <span class='ocrx_word' id='word_1_962' title='bbox 1737 2058 1846 2089; x_wconf 91' lang='lat' dir='ltr'>nostros</span> <span class='ocrx_word' id='word_1_963' title='bbox 1865 2058 2018 2098; x_wconf 85' lang='lat' dir='ltr'>gravandos</span> <span class='ocrx_word' id='word_1_964' title='bbox 2031 2081 2041 2096; x_wconf 88' lang='lat'>,</span> <span class='ocrx_word' id='word_1_965' title='bbox 2060 2058 2163 2096; x_wconf 87' lang='lat' dir='ltr'>&amp;jura</span> <span class='ocrx_word' id='word_1_966' title='bbox 2177 2057 2272 2088; x_wconf 84' lang='lat' dir='ltr'>nostra</span> 
     </span>
     <span class='ocr_line' id='line_1_133' title="bbox 1213 2096 2270 2136; baseline -0.003 -7"><span class='ocrx_word' id='word_1_967' title='bbox 1213 2099 1403 2129; x_wconf 80' lang='lat' dir='ltr'>communiter</span> <span class='ocrx_word' id='word_1_968' title='bbox 1423 2098 1633 2136; x_wconf 74' lang='lat' dir='ltr'>recuperanda,</span> <span class='ocrx_word' id='word_1_969' title='bbox 1658 2107 1712 2127; x_wconf 89' lang='lat' dir='ltr'>nec</span> <span class='ocrx_word' id='word_1_970' title='bbox 1735 2107 1787 2127; x_wconf 92' lang='lat' dir='ltr'>nos</span> <span class='ocrx_word' id='word_1_971' title='bbox 1812 2097 1867 2127; x_wconf 79' lang='lat' dir='ltr'>sine</span> <span class='ocrx_word' id='word_1_972' title='bbox 1879 2097 1951 2135; x_wconf 76' lang='lat' dir='ltr'>ipso,</span> <span class='ocrx_word' id='word_1_973' title='bbox 1970 2105 2015 2127; x_wconf 90' lang='lat' dir='ltr'>aut</span> <span class='ocrx_word' id='word_1_974' title='bbox 2028 2096 2084 2135; x_wconf 87' lang='lat' dir='ltr'>ipse</span> <span class='ocrx_word' id='word_1_975' title='bbox 2098 2097 2156 2126; x_wconf 87' lang='lat' dir='ltr'>fine</span> <span class='ocrx_word' id='word_1_976' title='bbox 2167 2097 2247 2126; x_wconf 90' lang='lat' dir='ltr'>nobis</span> <span class='ocrx_word' id='word_1_977' title='bbox 2260 2119 2270 2134; x_wconf 96' lang='lat'>,</span> 
     </span>
     <span class='ocr_line' id='line_1_134' title="bbox 1212 2134 2270 2175; baseline -0.001 -8"><span class='ocrx_word' id='word_1_978' title='bbox 1212 2141 1311 2174; x_wconf 85' lang='lat' dir='ltr'>pacem</span> <span class='ocrx_word' id='word_1_979' title='bbox 1335 2146 1402 2167; x_wconf 91' lang='lat' dir='ltr'>cum</span> <span class='ocrx_word' id='word_1_980' title='bbox 1423 2135 1505 2175; x_wconf 85' lang='lat' dir='ltr'>Rege</span> <span class='ocrx_word' id='word_1_981' title='bbox 1524 2136 1651 2166; x_wconf 84' lang='lat' dir='ltr'>Franciae</span> <span class='ocrx_word' id='word_1_982' title='bbox 1662 2159 1672 2174; x_wconf 89' lang='lat'>‚</span> <span class='ocrx_word' id='word_1_983' title='bbox 1696 2144 1742 2166; x_wconf 88' lang='lat' dir='ltr'>aut</span> <span class='ocrx_word' id='word_1_984' title='bbox 1760 2144 1884 2174; x_wconf 83' lang='lat' dir='ltr'>treugam</span> <span class='ocrx_word' id='word_1_985' title='bbox 1904 2136 2051 2173; x_wconf 87' lang='lat' dir='ltr'>iniremus,</span> <span class='ocrx_word' id='word_1_986' title='bbox 2065 2134 2143 2175; x_wconf 87' lang='lat' dir='ltr'>quod</span> <span class='ocrx_word' id='word_1_987' title='bbox 2156 2135 2270 2173; x_wconf 86' lang='lat' dir='ltr'>quidem</span> 
     </span>
     <span class='ocr_line' id='line_1_135' title="bbox 1211 2173 2122 2215; baseline -0.003 -9"><span class='ocrx_word' id='word_1_988' title='bbox 1211 2176 1314 2215; x_wconf 89' lang='lat' dir='ltr'>scripto</span> <span class='ocrx_word' id='word_1_989' title='bbox 1329 2176 1361 2206; x_wconf 90' lang='lat'>&amp;</span> <span class='ocrx_word' id='word_1_990' title='bbox 1378 2175 1546 2205; x_wconf 85' lang='lat' dir='ltr'>sacramento</span> <span class='ocrx_word' id='word_1_991' title='bbox 1559 2175 1646 2205; x_wconf 88' lang='lat' dir='ltr'>fuerat</span> <span class='ocrx_word' id='word_1_992' title='bbox 1658 2176 1730 2204; x_wconf 88' lang='lat' dir='ltr'>inter</span> <span class='ocrx_word' id='word_1_993' title='bbox 1747 2184 1798 2205; x_wconf 89' lang='lat' dir='ltr'>nos</span> <span class='ocrx_word' id='word_1_994' title='bbox 1811 2175 1950 2213; x_wconf 86' lang='lat' dir='ltr'>utrimque</span> <span class='ocrx_word' id='word_1_995' title='bbox 1966 2173 2122 2212; x_wconf 82' lang='lat' dir='ltr'>firmatum,</span> 
     </span>
     <span class='ocr_line' id='line_1_136' title="bbox 1248 2210 2275 2253; baseline -0.004 -8"><span class='ocrx_word' id='word_1_996' title='bbox 1248 2214 1330 2245; x_wconf 90' lang='lat' dir='ltr'>Idem</span> <span class='ocrx_word' id='word_1_997' title='bbox 1351 2212 1476 2251; x_wconf 82' lang='lat' dir='ltr'>Comes,</span> <span class='ocrx_word' id='word_1_998' title='bbox 1493 2213 1562 2243; x_wconf 93' lang='lat' dir='ltr'>dum</span> <span class='ocrx_word' id='word_1_999' title='bbox 1580 2214 1616 2244; x_wconf 91' lang='lat' dir='ltr'>de</span> <span class='ocrx_word' id='word_1_1000' title='bbox 1630 2212 1707 2252; x_wconf 87' lang='lat' dir='ltr'>ipso,</span> <span class='ocrx_word' id='word_1_1001' title='bbox 1724 2212 1906 2253; x_wconf 87' lang='lat' dir='ltr'>tanquamde</span> <span class='ocrx_word' id='word_1_1002' title='bbox 1930 2212 2011 2242; x_wconf 89' lang='lat' dir='ltr'>nobis</span> <span class='ocrx_word' id='word_1_1003' title='bbox 2024 2212 2101 2252; x_wconf 75' lang='lat' dir='ltr'>ipfis,</span> <span class='ocrx_word' id='word_1_1004' title='bbox 2118 2210 2275 2242; x_wconf 85' lang='lat' dir='ltr'>confidere-</span> 
     </span>
     <span class='ocr_line' id='line_1_137' title="bbox 1212 2250 2272 2291; baseline -0.002 -8"><span class='ocrx_word' id='word_1_1005' title='bbox 1212 2260 1275 2283; x_wconf 86' lang='lat' dir='ltr'>mus</span> <span class='ocrx_word' id='word_1_1006' title='bbox 1292 2252 1368 2291; x_wconf 89' lang='lat' dir='ltr'>quod</span> <span class='ocrx_word' id='word_1_1007' title='bbox 1380 2252 1463 2282; x_wconf 92' lang='lat' dir='ltr'>nobis</span> <span class='ocrx_word' id='word_1_1008' title='bbox 1476 2252 1629 2282; x_wconf 87' lang='lat' dir='ltr'>nullatenus</span> <span class='ocrx_word' id='word_1_1009' title='bbox 1640 2251 1762 2290; x_wconf 77' lang='lat' dir='ltr'>deesset,</span> <span class='ocrx_word' id='word_1_1010' title='bbox 1774 2252 1855 2282; x_wconf 89' lang='lat' dir='ltr'>nobis</span> <span class='ocrx_word' id='word_1_1011' title='bbox 1869 2251 2048 2289; x_wconf 84' lang='lat' dir='ltr'>inconsultis,</span> <span class='ocrx_word' id='word_1_1012' title='bbox 2065 2259 2111 2280; x_wconf 89' lang='lat' dir='ltr'>aut</span> <span class='ocrx_word' id='word_1_1013' title='bbox 2124 2260 2172 2290; x_wconf 89' lang='lat' dir='ltr'>per</span> <span class='ocrx_word' id='word_1_1014' title='bbox 2181 2250 2272 2289; x_wconf 88' lang='lat' dir='ltr'>ipsum</span> 
     </span>
     <span class='ocr_line' id='line_1_138' title="bbox 1212 2289 2276 2334; baseline -0.004 -12"><span class='ocrx_word' id='word_1_1015' title='bbox 1212 2302 1272 2332; x_wconf 83' lang='lat' dir='ltr'>non</span> <span class='ocrx_word' id='word_1_1016' title='bbox 1293 2291 1482 2328; x_wconf 81' lang='lat' dir='ltr'>praemunitis,</span> <span class='ocrx_word' id='word_1_1017' title='bbox 1499 2299 1630 2330; x_wconf 87' lang='lat' dir='ltr'>tanquam</span> <span class='ocrx_word' id='word_1_1018' title='bbox 1656 2290 1740 2320; x_wconf 84' lang='lat' dir='ltr'>famae</span> <span class='ocrx_word' id='word_1_1019' title='bbox 1754 2290 1809 2320; x_wconf 90' lang='lat' dir='ltr'>suae</span> <span class='ocrx_word' id='word_1_1020' title='bbox 1825 2289 1974 2334; x_wconf 80' lang='lat' dir='ltr'>prodiguS,</span> <span class='ocrx_word' id='word_1_1021' title='bbox 1991 2289 2024 2320; x_wconf 89' lang='lat'>&amp;</span> <span class='ocrx_word' id='word_1_1022' title='bbox 2040 2290 2193 2319; x_wconf 88' lang='lat' dir='ltr'>immemor</span> <span class='ocrx_word' id='word_1_1023' title='bbox 2204 2290 2276 2327; x_wconf 88' lang='lat' dir='ltr'>jura-</span> 
     </span>
     <span class='ocr_line' id='line_1_139' title="bbox 1213 2326 2273 2368; baseline -0.003 -7"><span class='ocrx_word' id='word_1_1024' title='bbox 1213 2331 1303 2361; x_wconf 90' lang='lat' dir='ltr'>menti</span> <span class='ocrx_word' id='word_1_1025' title='bbox 1317 2330 1398 2360; x_wconf 85' lang='lat' dir='ltr'>nobis</span> <span class='ocrx_word' id='word_1_1026' title='bbox 1413 2328 1544 2368; x_wconf 73' lang='lat' dir='ltr'>praestiti,</span> <span class='ocrx_word' id='word_1_1027' title='bbox 1561 2328 1639 2360; x_wconf 56' lang='lat' dir='ltr'>dicto</span> <span class='ocrx_word' id='word_1_1028' title='bbox 1654 2327 1729 2368; x_wconf 85' lang='lat' dir='ltr'>Regi</span> <span class='ocrx_word' id='word_1_1029' title='bbox 1737 2328 1760 2359; x_wconf 91' lang='lat' dir='ltr'>F</span> <span class='ocrx_word' id='word_1_1030' title='bbox 1761 2338 1862 2359; x_wconf 81' lang='lat' dir='ltr'>ranciae</span> <span class='ocrx_word' id='word_1_1031' title='bbox 1875 2327 2006 2366; x_wconf 68' lang='lat' dir='ltr'>adhaesit,</span> <span class='ocrx_word' id='word_1_1032' title='bbox 2020 2327 2171 2358; x_wconf 83' lang='lat' dir='ltr'>afidelitate</span> <span class='ocrx_word' id='word_1_1033' title='bbox 2178 2326 2273 2358; x_wconf 83' lang='lat' dir='ltr'>nostra</span> 
     </span>
     <span class='ocr_line' id='line_1_140' title="bbox 1213 2369 1474 2408; baseline -0.004 -9"><span class='ocrx_word' id='word_1_1034' title='bbox 1213 2370 1320 2408; x_wconf 87' lang='lat' dir='ltr'>penitus</span> <span class='ocrx_word' id='word_1_1035' title='bbox 1335 2369 1474 2399; x_wconf 86' lang='lat' dir='ltr'>recedens.</span> 
     </span>
     <span class='ocr_line' id='line_1_141' title="bbox 1250 2403 2274 2446; baseline -0.004 -8"><span class='ocrx_word' id='word_1_1036' title='bbox 1250 2407 1342 2446; x_wconf 82' lang='lat' dir='ltr'>Hujus</span> <span class='ocrx_word' id='word_1_1037' title='bbox 1362 2408 1400 2437; x_wconf 91' lang='lat' dir='ltr'>rei</span> <span class='ocrx_word' id='word_1_1038' title='bbox 1415 2414 1565 2444; x_wconf 82' lang='lat' dir='ltr'>eventurn,</span> <span class='ocrx_word' id='word_1_1039' title='bbox 1581 2406 1649 2437; x_wconf 78' lang='lat' dir='ltr'>sicut</span> <span class='ocrx_word' id='word_1_1040' title='bbox 1670 2410 1723 2436; x_wconf 86' lang='lat' dir='ltr'>nec</span> <span class='ocrx_word' id='word_1_1041' title='bbox 1739 2404 1916 2442; x_wconf 83' lang='lat' dir='ltr'>seditionem,</span> <span class='ocrx_word' id='word_1_1042' title='bbox 1935 2404 2017 2435; x_wconf 87' lang='lat' dir='ltr'>nobis</span> <span class='ocrx_word' id='word_1_1043' title='bbox 2031 2403 2134 2435; x_wconf 56' lang='lat' dir='ltr'>fastam</span> <span class='ocrx_word' id='word_1_1044' title='bbox 2149 2415 2164 2435; x_wconf 90' lang='lat' dir='ltr'>a</span> <span class='ocrx_word' id='word_1_1045' title='bbox 2178 2403 2274 2442; x_wconf 81' lang='lat' dir='ltr'>prodi·</span> 
     </span>
     <span class='ocr_line' id='line_1_142' title="bbox 1212 2442 2275 2483; baseline -0.003 -6"><span class='ocrx_word' id='word_1_1046' title='bbox 1212 2447 1318 2478; x_wconf 88' lang='lat' dir='ltr'>toribus</span> <span class='ocrx_word' id='word_1_1047' title='bbox 1330 2445 1429 2476; x_wconf 85' lang='lat' dir='ltr'>nostris</span> <span class='ocrx_word' id='word_1_1048' title='bbox 1449 2443 1600 2482; x_wconf 66' lang='lat' dir='ltr'>Pi&amp;aviae,</span> <span class='ocrx_word' id='word_1_1049' title='bbox 1616 2444 1791 2483; x_wconf 85' lang='lat' dir='ltr'>Imperialem</span> <span class='ocrx_word' id='word_1_1050' title='bbox 1806 2442 2009 2474; x_wconf 84' lang='lat' dir='ltr'>Celsrtudinem</span> <span class='ocrx_word' id='word_1_1051' title='bbox 2029 2443 2111 2473; x_wconf 87' lang='lat' dir='ltr'>latere</span> <span class='ocrx_word' id='word_1_1052' title='bbox 2125 2443 2275 2481; x_wconf 82' lang='lat' dir='ltr'>nolumus,</span> 
     </span>
     <span class='ocr_line' id='line_1_143' title="bbox 1214 2483 1606 2517; baseline -0.01 0"><span class='ocrx_word' id='word_1_1053' title='bbox 1214 2486 1284 2517; x_wconf 84' lang='lat' dir='ltr'>sicut</span> <span class='ocrx_word' id='word_1_1054' title='bbox 1299 2494 1353 2514; x_wconf 87' lang='lat' dir='ltr'>nec</span> <span class='ocrx_word' id='word_1_1055' title='bbox 1366 2484 1437 2515; x_wconf 88' lang='lat' dir='ltr'>velle</span> <span class='ocrx_word' id='word_1_1056' title='bbox 1451 2483 1606 2513; x_wconf 87' lang='lat' dir='ltr'>debuimus.</span> 
     </span>
     <span class='ocr_line' id='line_1_144' title="bbox 1250 2519 2274 2560; baseline -0.003 -7"><span class='ocrx_word' id='word_1_1057' title='bbox 1250 2523 1319 2553; x_wconf 89' lang='lat' dir='ltr'>Nos</span> <span class='ocrx_word' id='word_1_1058' title='bbox 1339 2522 1453 2560; x_wconf 87' lang='lat' dir='ltr'>quidem</span> <span class='ocrx_word' id='word_1_1059' title='bbox 1473 2521 1673 2552; x_wconf 83' lang='lat' dir='ltr'>nichilominus</span> <span class='ocrx_word' id='word_1_1060' title='bbox 1688 2530 1800 2551; x_wconf 87' lang='lat' dir='ltr'>moram</span> <span class='ocrx_word' id='word_1_1061' title='bbox 1813 2521 1947 2551; x_wconf 88' lang='lat' dir='ltr'>trahimus</span> <span class='ocrx_word' id='word_1_1062' title='bbox 1968 2520 1995 2549; x_wconf 92' lang='lat' dir='ltr'>in</span> <span class='ocrx_word' id='word_1_1063' title='bbox 2019 2519 2138 2557; x_wconf 88' lang='lat' dir='ltr'>partibus</span> <span class='ocrx_word' id='word_1_1064' title='bbox 2152 2519 2274 2550; x_wconf 56' lang='lat' dir='ltr'>WVasco-</span> 
     </span>
     <span class='ocr_line' id='line_1_145' title="bbox 1214 2557 2275 2599; baseline -0.005 -6"><span class='ocrx_word' id='word_1_1065' title='bbox 1214 2563 1269 2593; x_wconf 68' lang='lat' dir='ltr'>nine</span> <span class='ocrx_word' id='word_1_1066' title='bbox 1279 2585 1288 2599; x_wconf 82' lang='lat'>‚</span> <span class='ocrx_word' id='word_1_1067' title='bbox 1303 2560 1423 2591; x_wconf 84' lang='lat' dir='ltr'>inimicis</span> <span class='ocrx_word' id='word_1_1068' title='bbox 1439 2559 1539 2590; x_wconf 87' lang='lat' dir='ltr'>nostris</span> <span class='ocrx_word' id='word_1_1069' title='bbox 1553 2561 1697 2598; x_wconf 82' lang='lat' dir='ltr'>gravandis</span> <span class='ocrx_word' id='word_1_1070' title='bbox 1711 2560 1779 2590; x_wconf 79' lang='lat' dir='ltr'>sicut</span> <span class='ocrx_word' id='word_1_1071' title='bbox 1792 2558 1935 2598; x_wconf 76' lang='lat' dir='ltr'>possumus</span> <span class='ocrx_word' id='word_1_1072' title='bbox 1950 2557 2100 2588; x_wconf 78' lang='lat' dir='ltr'>insistentes</span> <span class='ocrx_word' id='word_1_1073' title='bbox 2115 2581 2125 2597; x_wconf 83' lang='lat'>,</span> <span class='ocrx_word' id='word_1_1074' title='bbox 2141 2558 2174 2589; x_wconf 68' lang='grc' dir='ltr'>δε</span> <span class='ocrx_word' id='word_1_1075' title='bbox 2188 2558 2275 2588; x_wconf 81' lang='lat' dir='ltr'>refor-</span> 
     </span>
     <span class='ocr_line' id='line_1_146' title="bbox 1214 2598 1725 2632; baseline -0.008 -1"><span class='ocrx_word' id='word_1_1076' title='bbox 1214 2601 1332 2632; x_wconf 82' lang='lat' dir='ltr'>mationi</span> <span class='ocrx_word' id='word_1_1077' title='bbox 1346 2599 1428 2629; x_wconf 83' lang='lat' dir='ltr'>status</span> <span class='ocrx_word' id='word_1_1078' title='bbox 1442 2598 1530 2628; x_wconf 86' lang='lat' dir='ltr'>nostri</span> <span class='ocrx_word' id='word_1_1079' title='bbox 1544 2599 1725 2629; x_wconf 84' lang='lat' dir='ltr'>intendentes.</span> 
     </span>
     <span class='ocr_line' id='line_1_147' title="bbox 1252 2634 2275 2674; baseline -0.005 -5"><span class='ocrx_word' id='word_1_1080' title='bbox 1252 2638 1363 2669; x_wconf 84' lang='lat' dir='ltr'>Placeat</span> <span class='ocrx_word' id='word_1_1081' title='bbox 1383 2638 1468 2674; x_wconf 86' lang='lat' dir='ltr'>igitur</span> <span class='ocrx_word' id='word_1_1082' title='bbox 1484 2636 1618 2667; x_wconf 86' lang='lat' dir='ltr'>serenitati</span> <span class='ocrx_word' id='word_1_1083' title='bbox 1633 2637 1731 2667; x_wconf 87' lang='lat' dir='ltr'>vestrae</span> <span class='ocrx_word' id='word_1_1084' title='bbox 1754 2638 1812 2666; x_wconf 75' lang='lat' dir='ltr'>tam</span> <span class='ocrx_word' id='word_1_1085' title='bbox 1833 2635 1867 2666; x_wconf 86' lang='lat' dir='ltr'>ad</span> <span class='ocrx_word' id='word_1_1086' title='bbox 1881 2634 1974 2666; x_wconf 86' lang='lat' dir='ltr'>casum</span> <span class='ocrx_word' id='word_1_1087' title='bbox 1989 2634 2171 2672; x_wconf 62' lang='lat' dir='ltr'>praesentem,</span> <span class='ocrx_word' id='word_1_1088' title='bbox 2188 2635 2275 2673; x_wconf 75' lang='lat' dir='ltr'>quarn</span> 
     </span>
     <span class='ocr_line' id='line_1_148' title="bbox 1214 2672 2275 2715; baseline -0.004 -7"><span class='ocrx_word' id='word_1_1089' title='bbox 1214 2676 1247 2708; x_wconf 91' lang='lat' dir='ltr'>ad</span> <span class='ocrx_word' id='word_1_1090' title='bbox 1263 2675 1464 2714; x_wconf 88' lang='lat' dir='ltr'>incommoda,</span> <span class='ocrx_word' id='word_1_1091' title='bbox 1481 2685 1544 2714; x_wconf 85' lang='lat' dir='ltr'>quae</span> <span class='ocrx_word' id='word_1_1092' title='bbox 1563 2675 1642 2705; x_wconf 89' lang='lat' dir='ltr'>nobis</span> <span class='ocrx_word' id='word_1_1093' title='bbox 1662 2674 1824 2705; x_wconf 88' lang='lat' dir='ltr'>acciderunt</span> <span class='ocrx_word' id='word_1_1094' title='bbox 1838 2684 1885 2715; x_wconf 88' lang='lat' dir='ltr'>per</span> <span class='ocrx_word' id='word_1_1095' title='bbox 1899 2672 2048 2704; x_wconf 86' lang='lat' dir='ltr'>Comitem</span> <span class='ocrx_word' id='word_1_1096' title='bbox 2066 2673 2222 2711; x_wconf 81' lang='lat' dir='ltr'>Marchiae,</span> <span class='ocrx_word' id='word_1_1097' title='bbox 2241 2673 2275 2704; x_wconf 91' lang='lat'>&amp;</span> 
     </span>
     <span class='ocr_line' id='line_1_149' title="bbox 1215 2710 2277 2756; baseline -0.005 -10"><span class='ocrx_word' id='word_1_1098' title='bbox 1215 2716 1366 2756; x_wconf 86' lang='lat' dir='ltr'>complices</span> <span class='ocrx_word' id='word_1_1099' title='bbox 1378 2714 1457 2752; x_wconf 89' lang='lat' dir='ltr'>suos,</span> <span class='ocrx_word' id='word_1_1100' title='bbox 1472 2713 1616 2753; x_wconf 85' lang='lat' dir='ltr'>diligenter</span> <span class='ocrx_word' id='word_1_1101' title='bbox 1630 2715 1780 2752; x_wconf 77' lang='lat' dir='ltr'>respicere,</span> <span class='ocrx_word' id='word_1_1102' title='bbox 1798 2714 1831 2743; x_wconf 91' lang='lat'>&amp;</span> <span class='ocrx_word' id='word_1_1103' title='bbox 1849 2714 1878 2742; x_wconf 86' lang='lat' dir='ltr'>in</span> <span class='ocrx_word' id='word_1_1104' title='bbox 1891 2712 1990 2749; x_wconf 84' lang='lat' dir='ltr'>nobis,</span> <span class='ocrx_word' id='word_1_1105' title='bbox 2007 2711 2156 2742; x_wconf 81' lang='lat' dir='ltr'>voluntatis</span> <span class='ocrx_word' id='word_1_1106' title='bbox 2174 2710 2277 2742; x_wconf 85' lang='lat' dir='ltr'>vestrae</span> 
     </span>
     <span class='ocr_line' id='line_1_150' title="bbox 1216 2747 2279 2792; baseline -0.005 -7"><span class='ocrx_word' id='word_1_1107' title='bbox 1216 2754 1393 2792; x_wconf 85' lang='lat' dir='ltr'>beneplacito</span> <span class='ocrx_word' id='word_1_1108' title='bbox 1405 2754 1527 2783; x_wconf 92' lang='lat' dir='ltr'>omnino</span> <span class='ocrx_word' id='word_1_1109' title='bbox 1541 2752 1695 2791; x_wconf 75' lang='lat' dir='ltr'>submiffis,</span> <span class='ocrx_word' id='word_1_1110' title='bbox 1714 2751 1860 2782; x_wconf 82' lang='lat' dir='ltr'>consilium</span> <span class='ocrx_word' id='word_1_1111' title='bbox 1878 2760 2035 2789; x_wconf 86' lang='lat' dir='ltr'>apponere,</span> <span class='ocrx_word' id='word_1_1112' title='bbox 2051 2750 2127 2790; x_wconf 91' lang='lat' dir='ltr'>quod</span> <span class='ocrx_word' id='word_1_1113' title='bbox 2149 2750 2229 2781; x_wconf 89' lang='lat' dir='ltr'>vobis</span> <span class='ocrx_word' id='word_1_1114' title='bbox 2242 2747 2279 2780; x_wconf 88' lang='lat' dir='ltr'>ad</span> 
     </span>
     <span class='ocr_line' id='line_1_151' title="bbox 1217 2788 2278 2832; baseline -0.006 -8"><span class='ocrx_word' id='word_1_1115' title='bbox 1217 2794 1353 2832; x_wconf 86' lang='lat' dir='ltr'>gloriam,</span> <span class='ocrx_word' id='word_1_1116' title='bbox 1371 2793 1404 2823; x_wconf 74' lang='grc' dir='ltr'>δε</span> <span class='ocrx_word' id='word_1_1117' title='bbox 1419 2791 1517 2829; x_wconf 86' lang='lat' dir='ltr'>nobis,</span> <span class='ocrx_word' id='word_1_1118' title='bbox 1536 2791 1583 2821; x_wconf 90' lang='lat' dir='ltr'>cui</span> <span class='ocrx_word' id='word_1_1119' title='bbox 1596 2790 1632 2821; x_wconf 89' lang='lat' dir='ltr'>de</span> <span class='ocrx_word' id='word_1_1120' title='bbox 1642 2791 1704 2829; x_wconf 88' lang='lat' dir='ltr'>jure</span> <span class='ocrx_word' id='word_1_1121' title='bbox 1718 2789 1807 2821; x_wconf 79' lang='lat' dir='ltr'>deesse</span> <span class='ocrx_word' id='word_1_1122' title='bbox 1820 2800 1880 2820; x_wconf 91' lang='lat' dir='ltr'>non</span> <span class='ocrx_word' id='word_1_1123' title='bbox 1895 2789 2017 2828; x_wconf 73' lang='lat' dir='ltr'>debetis,</span> <span class='ocrx_word' id='word_1_1124' title='bbox 2035 2789 2115 2820; x_wconf 87' lang='lat' dir='ltr'>cedat</span> <span class='ocrx_word' id='word_1_1125' title='bbox 2130 2788 2164 2819; x_wconf 88' lang='lat' dir='ltr'>ad</span> <span class='ocrx_word' id='word_1_1126' title='bbox 2181 2788 2278 2818; x_wconf 64' lang='lat' dir='ltr'>hono-2</span> 
     </span>
     <span class='ocr_line' id='line_1_152' title="bbox 1214 2842 1284 2862; baseline -0.029 0"><span class='ocrx_word' id='word_1_1127' title='bbox 1214 2842 1284 2862; x_wconf 90' lang='lat' dir='ltr'>rem.</span> 
     </span>
     <span class='ocr_line' id='line_1_153' title="bbox 1251 2864 2279 2904; baseline -0.007 -3"><span class='ocrx_word' id='word_1_1128' title='bbox 1251 2870 1350 2901; x_wconf 86' lang='lat' dir='ltr'>Velitis</span> <span class='ocrx_word' id='word_1_1129' title='bbox 1367 2871 1450 2900; x_wconf 88' lang='lat' dir='ltr'>etiam</span> <span class='ocrx_word' id='word_1_1130' title='bbox 1465 2868 1547 2899; x_wconf 87' lang='lat' dir='ltr'>verba</span> <span class='ocrx_word' id='word_1_1131' title='bbox 1564 2867 1656 2897; x_wconf 81' lang='lat' dir='ltr'>faelicis</span> <span class='ocrx_word' id='word_1_1132' title='bbox 1675 2868 1822 2897; x_wconf 85' lang='lat' dir='ltr'>memoriae</span> <span class='ocrx_word' id='word_1_1133' title='bbox 1841 2865 1978 2904; x_wconf 72' lang='lat' dir='ltr'>isabellae,</span> <span class='ocrx_word' id='word_1_1134' title='bbox 1996 2865 2140 2904; x_wconf 81' lang='lat' dir='ltr'>quondam</span> <span class='ocrx_word' id='word_1_1135' title='bbox 2156 2864 2279 2902; x_wconf 87' lang='lat' dir='ltr'>Impera-</span> 
     </span>
     <span class='ocr_line' id='line_1_154' title="bbox 1215 2903 2278 2947; baseline -0.008 -7"><span class='ocrx_word' id='word_1_1136' title='bbox 1215 2910 1288 2940; x_wconf 89' lang='lat' dir='ltr'>tricis</span> <span class='ocrx_word' id='word_1_1137' title='bbox 1300 2932 1310 2947; x_wconf 86' lang='lat'>,</span> <span class='ocrx_word' id='word_1_1138' title='bbox 1329 2909 1464 2939; x_wconf 83' lang='lat' dir='ltr'>consortis</span> <span class='ocrx_word' id='word_1_1139' title='bbox 1485 2906 1586 2938; x_wconf 87' lang='lat' dir='ltr'>vestrae</span> <span class='ocrx_word' id='word_1_1140' title='bbox 1597 2930 1608 2944; x_wconf 82' lang='lat'>‚</span> <span class='ocrx_word' id='word_1_1141' title='bbox 1624 2905 1724 2935; x_wconf 90' lang='lat' dir='ltr'>sororis</span> <span class='ocrx_word' id='word_1_1142' title='bbox 1737 2904 1841 2936; x_wconf 86' lang='lat' dir='ltr'>nostrae</span> <span class='ocrx_word' id='word_1_1143' title='bbox 1857 2928 1867 2943; x_wconf 89' lang='lat'>,</span> <span class='ocrx_word' id='word_1_1144' title='bbox 1882 2914 1962 2944; x_wconf 86' lang='lat' dir='ltr'>quae,</span> <span class='ocrx_word' id='word_1_1145' title='bbox 1979 2912 2042 2934; x_wconf 88' lang='lat' dir='ltr'>ante</span> <span class='ocrx_word' id='word_1_1146' title='bbox 2054 2904 2165 2934; x_wconf 92' lang='lat' dir='ltr'>obitum</span> <span class='ocrx_word' id='word_1_1147' title='bbox 2180 2903 2278 2941; x_wconf 83' lang='lat' dir='ltr'>suum,</span> 
     </span>
     <span class='ocr_line' id='line_1_155' title="bbox 1216 2943 2280 2986; baseline -0.007 -8"><span class='ocrx_word' id='word_1_1148' title='bbox 1216 2957 1269 2986; x_wconf 86' lang='lat' dir='ltr'>pro</span> <span class='ocrx_word' id='word_1_1149' title='bbox 1290 2947 1370 2977; x_wconf 84' lang='lat' dir='ltr'>nobis</span> <span class='ocrx_word' id='word_1_1150' title='bbox 1391 2947 1494 2977; x_wconf 86' lang='lat' dir='ltr'>ultimo</span> <span class='ocrx_word' id='word_1_1151' title='bbox 1516 2945 1597 2975; x_wconf 89' lang='lat' dir='ltr'>vobis</span> <span class='ocrx_word' id='word_1_1152' title='bbox 1619 2943 1686 2974; x_wconf 82' lang='lat' dir='ltr'>dixit</span> <span class='ocrx_word' id='word_1_1153' title='bbox 1699 2967 1709 2982; x_wconf 91' lang='lat'>‚</span> <span class='ocrx_word' id='word_1_1154' title='bbox 1727 2944 1761 2974; x_wconf 89' lang='lat' dir='ltr'>ad</span> <span class='ocrx_word' id='word_1_1155' title='bbox 1777 2944 1944 2974; x_wconf 88' lang='lat' dir='ltr'>memoriam</span> <span class='ocrx_word' id='word_1_1156' title='bbox 1958 2952 2108 2982; x_wconf 83' lang='lat' dir='ltr'>revocare,</span> <span class='ocrx_word' id='word_1_1157' title='bbox 2125 2943 2159 2974; x_wconf 89' lang='lat'>&amp;</span> <span class='ocrx_word' id='word_1_1158' title='bbox 2174 2951 2280 2980; x_wconf 86' lang='lat' dir='ltr'>opere,</span> 
     </span>
     <span class='ocr_line' id='line_1_156' title="bbox 1216 2985 1537 3024; baseline -0.012 -7"><span class='ocrx_word' id='word_1_1159' title='bbox 1216 2987 1236 3017; x_wconf 81' lang='lat' dir='ltr'>si</span> <span class='ocrx_word' id='word_1_1160' title='bbox 1252 2986 1359 3024; x_wconf 85' lang='lat' dir='ltr'>placet,</span> <span class='ocrx_word' id='word_1_1161' title='bbox 1376 2985 1537 3022; x_wconf 84' lang='lat' dir='ltr'>adimplere.</span> 
     </span>
     <span class='ocr_line' id='line_1_157' title="bbox 1254 3017 2277 3062; baseline -0.006 -7"><span class='ocrx_word' id='word_1_1162' title='bbox 1254 3025 1342 3062; x_wconf 80' lang='lat' dir='ltr'>Super</span> <span class='ocrx_word' id='word_1_1163' title='bbox 1356 3023 1407 3054; x_wconf 88' lang='lat' dir='ltr'>hiis</span> <span class='ocrx_word' id='word_1_1164' title='bbox 1419 3024 1452 3054; x_wconf 88' lang='lat'>&amp;</span> <span class='ocrx_word' id='word_1_1165' title='bbox 1467 3023 1524 3054; x_wconf 87' lang='lat' dir='ltr'>aliis</span> <span class='ocrx_word' id='word_1_1166' title='bbox 1538 3020 1747 3059; x_wconf 85' lang='lat' dir='ltr'>beneplacitum</span> <span class='ocrx_word' id='word_1_1167' title='bbox 1761 3019 1886 3051; x_wconf 87' lang='lat' dir='ltr'>vestrum</span> <span class='ocrx_word' id='word_1_1168' title='bbox 1901 3020 1983 3050; x_wconf 87' lang='lat' dir='ltr'>nobis</span> <span class='ocrx_word' id='word_1_1169' title='bbox 1996 3042 2006 3059; x_wconf 89' lang='lat'>,</span> <span class='ocrx_word' id='word_1_1170' title='bbox 2024 3020 2053 3050; x_wconf 90' lang='lat' dir='ltr'>in</span> <span class='ocrx_word' id='word_1_1171' title='bbox 2070 3019 2204 3051; x_wconf 87' lang='lat' dir='ltr'>omnibus</span> <span class='ocrx_word' id='word_1_1172' title='bbox 2219 3017 2277 3057; x_wconf 86' lang='lat' dir='ltr'>pla-</span> 
     </span>
     <span class='ocr_line' id='line_1_158' title="bbox 1216 3059 1829 3102; baseline -0.01 -8"><span class='ocrx_word' id='word_1_1173' title='bbox 1216 3073 1279 3094; x_wconf 90' lang='lat' dir='ltr'>cere</span> <span class='ocrx_word' id='word_1_1174' title='bbox 1294 3063 1484 3102; x_wconf 84' lang='lat' dir='ltr'>cupientibus,</span> <span class='ocrx_word' id='word_1_1175' title='bbox 1500 3059 1647 3091; x_wconf 86' lang='lat' dir='ltr'>rescribere</span> <span class='ocrx_word' id='word_1_1176' title='bbox 1663 3059 1829 3098; x_wconf 73' lang='lat' dir='ltr'>dignemini,</span> 
     </span>
    </p>
   </div>
   <div class='ocr_carea' id='block_1_38' title="bbox 1252 3134 1990 3178">
    <p class='ocr_par' dir='ltr' id='par_1_57' title="bbox 1252 3134 1990 3178">
     <span class='ocr_line' id='line_1_159' title="bbox 1252 3134 1990 3178; baseline -0.009 -7"><span class='ocrx_word' id='word_1_1177' title='bbox 1252 3138 1341 3171; x_wconf 90' lang='lat' dir='ltr'>Teste</span> <span class='ocrx_word' id='word_1_1178' title='bbox 1356 3139 1438 3178; x_wconf 88' lang='lat' dir='ltr'>Rege</span> <span class='ocrx_word' id='word_1_1179' title='bbox 1453 3137 1525 3176; x_wconf 87' lang='lat' dir='ltr'>apud</span> <span class='ocrx_word' id='word_1_1180' title='bbox 1538 3135 1655 3175; x_wconf 86' lang='lat' dir='ltr'>Burdeg.</span> <span class='ocrx_word' id='word_1_1181' title='bbox 1678 3135 1782 3166; x_wconf 64' lang='lat' dir='ltr'>ostavo</span> <span class='ocrx_word' id='word_1_1182' title='bbox 1801 3134 1847 3166; x_wconf 90' lang='lat' dir='ltr'>die</span> <span class='ocrx_word' id='word_1_1183' title='bbox 1858 3134 1990 3174; x_wconf 88' lang='lat' dir='ltr'>Januarii.</span> 
     </span>
    </p>
   </div>
   <div class='ocr_carea' id='block_1_39' title="bbox 1238 3255 2257 3355">
    <p class='ocr_par' dir='ltr' id='par_1_58' title="bbox 1238 3255 2257 3355">
     <span class='ocr_line' id='line_1_160' title="bbox 1238 3255 2257 3355; baseline -0.011 -55"><span class='ocrx_word' id='word_1_1184' title='bbox 1238 3264 1399 3312; x_wconf 78' lang='lat' dir='ltr'>Ejusmodi</span> <span class='ocrx_word' id='word_1_1185' title='bbox 1415 3266 1535 3298; x_wconf 84' lang='lat' dir='ltr'>Littera</span> <span class='ocrx_word' id='word_1_1186' title='bbox 1553 3265 1640 3296; x_wconf 86' lang='lat' dir='ltr'>Petro</span> <span class='ocrx_word' id='word_1_1187' title='bbox 1655 3255 1824 3355; x_wconf 57' lang='lat' dir='ltr'>deJVZoea’</span> <span class='ocrx_word' id='word_1_1188' title='bbox 1851 3261 1972 3307; x_wconf 49' lang='grc' dir='ltr'><em>Μαρια</em></span> <span class='ocrx_word' id='word_1_1189' title='bbox 1984 3259 2154 3306; x_wconf 82' lang='lat' dir='ltr'>Imperialis</span> <span class='ocrx_word' id='word_1_1190' title='bbox 2170 3257 2257 3291; x_wconf 69' lang='lat' dir='ltr'>Aule</span> 
     </span>
     <span class='ocr_line' id='line_1_161' title="bbox 1716 3321 1808 3343; baseline 0.022 -2"><span class='ocrx_word' id='word_1_1191' title='bbox 1716 3321 1736 3341; x_wconf 82' lang='lat' dir='ltr'><em>u</em></span> <span class='ocrx_word' id='word_1_1192' title='bbox 1759 3321 1808 3343; x_wconf 73' lang='lat' dir='ltr'>ici.</span> 
     </span>
    </p>
   </div>
   <div class='ocr_carea' id='block_1_40' title="bbox 1215 3389 2426 4155">
    <p class='ocr_par' dir='ltr' id='par_1_59' title="bbox 1215 3389 2426 3625">
     <span class='ocr_line' id='line_1_162' title="bbox 1215 3389 2426 3466; baseline -0.002 -38"><span class='ocrx_word' id='word_1_1193' title='bbox 1215 3397 1301 3458; x_wconf 80' lang='lat' dir='ltr'>RE</span> <span class='ocrx_word' id='word_1_1194' title='bbox 1310 3396 1502 3466; x_wconf 62' lang='lat' dir='ltr'>Xslllliagistro</span> <span class='ocrx_word' id='word_1_1195' title='bbox 1517 3395 1604 3426; x_wconf 88' lang='lat' dir='ltr'>Petro</span> <span class='ocrx_word' id='word_1_1196' title='bbox 1618 3395 1654 3426; x_wconf 92' lang='lat' dir='ltr'>de</span> <span class='ocrx_word' id='word_1_1197' title='bbox 1668 3393 1759 3425; x_wconf 89' lang='lat' dir='ltr'>Vinea</span> <span class='ocrx_word' id='word_1_1198' title='bbox 1769 3396 1786 3432; x_wconf 69' lang='lat'>⁴¹,</span> <span class='ocrx_word' id='word_1_1199' title='bbox 1806 3393 1923 3433; x_wconf 84' lang='lat' dir='ltr'>Magnae</span> <span class='ocrx_word' id='word_1_1200' title='bbox 1938 3391 2088 3432; x_wconf 85' lang='lat' dir='ltr'>lmperialis</span> <span class='ocrx_word' id='word_1_1201' title='bbox 2106 3389 2189 3420; x_wconf 87' lang='lat' dir='ltr'>Aulae</span> <span class='ocrx_word' id='word_1_1202' title='bbox 2198 3390 2281 3429; x_wconf 88' lang='lat' dir='ltr'>Judi-</span> <span class='ocrx_word' id='word_1_1203' title='bbox 2291 3392 2368 3424; x_wconf 84' lang='lat' dir='ltr'>Ann.</span> <span class='ocrx_word' id='word_1_1204' title='bbox 2382 3393 2426 3425; x_wconf 58' lang='lat' dir='ltr'>D:</span> 
     </span>
     <span class='ocr_line' id='line_1_163' title="bbox 1289 3443 2401 3467; baseline -0.01 0"><span class='ocrx_word' id='word_1_1205' title='bbox 1289 3447 1316 3467; x_wconf 90' lang='lat' dir='ltr'>c1</span> <span class='ocrx_word' id='word_1_1206' title='bbox 1359 3447 1374 3466; x_wconf 91' lang='lat' dir='ltr'>a</span> <span class='ocrx_word' id='word_1_1207' title='bbox 1385 3445 1471 3466; x_wconf 85' lang='lat' dir='ltr'>utem.</span> <span class='ocrx_word' id='word_1_1208' title='bbox 2318 3443 2349 3462; x_wconf 78' lang='lat'>12</span> <span class='ocrx_word' id='word_1_1209' title='bbox 2394 3457 2401 3463; x_wconf 69' lang='grc'>,</span> 
     </span>
     <span class='ocr_line' id='line_1_164' title="bbox 1253 3442 2402 3514; baseline -0.005 -9"><span class='ocrx_word' id='word_1_1210' title='bbox 1253 3460 1417 3514; x_wconf 70' lang='lat' dir='ltr'>Scripfimus</span> <span class='ocrx_word' id='word_1_1211' title='bbox 1430 3483 1517 3513; x_wconf 86' lang='lat' dir='ltr'>nuper</span> <span class='ocrx_word' id='word_1_1212' title='bbox 1531 3471 1665 3502; x_wconf 91' lang='lat' dir='ltr'>Domino</span> <span class='ocrx_word' id='word_1_1213' title='bbox 1679 3470 1792 3507; x_wconf 78' lang='lat' dir='ltr'>vestro,</span> <span class='ocrx_word' id='word_1_1214' title='bbox 1807 3469 1914 3499; x_wconf 86' lang='lat' dir='ltr'>sororio</span> <span class='ocrx_word' id='word_1_1215' title='bbox 1930 3465 2193 3511; x_wconf 66' lang='lat' dir='ltr'>nostrokarisfimo,</span> <span class='ocrx_word' id='word_1_1216' title='bbox 2207 3466 2273 3498; x_wconf 85' lang='lat' dir='ltr'>Fre·</span> <span class='ocrx_word' id='word_1_1217' title='bbox 2287 3476 2339 3499; x_wconf 71' lang='lat' dir='ltr'>An.</span> <span class='ocrx_word' id='word_1_1218' title='bbox 2352 3442 2402 3506; x_wconf 41' lang='lat' dir='ltr'>i}</span> 
     </span>
     <span class='ocr_line' id='line_1_165' title="bbox 1215 3505 2363 3552; baseline -0.008 -8"><span class='ocrx_word' id='word_1_1219' title='bbox 1215 3514 1329 3552; x_wconf 88' lang='lat' dir='ltr'>derico,</span> <span class='ocrx_word' id='word_1_1220' title='bbox 1348 3513 1405 3543; x_wconf 90' lang='lat' dir='ltr'>Dei</span> <span class='ocrx_word' id='word_1_1221' title='bbox 1422 3511 1506 3550; x_wconf 69' lang='lat' dir='ltr'>grati-21</span> <span class='ocrx_word' id='word_1_1222' title='bbox 1520 3534 1530 3548; x_wconf 87' lang='lat'>,</span> <span class='ocrx_word' id='word_1_1223' title='bbox 1548 3509 1747 3540; x_wconf 87' lang='lat' dir='ltr'>Rornanorum</span> <span class='ocrx_word' id='word_1_1224' title='bbox 1765 3507 1930 3547; x_wconf 80' lang='lat' dir='ltr'>Imperatori</span> <span class='ocrx_word' id='word_1_1225' title='bbox 1971 3505 2152 3545; x_wconf 75' lang='lat' dir='ltr'>significantes</span> <span class='ocrx_word' id='word_1_1226' title='bbox 2166 3515 2191 3535; x_wconf 84' lang='lat' dir='ltr'>et</span> <span class='ocrx_word' id='word_1_1227' title='bbox 2205 3506 2274 3538; x_wconf 89' lang='lat' dir='ltr'>sedi·</span> <span class='ocrx_word' id='word_1_1228' title='bbox 2286 3515 2321 3538; x_wconf 82' lang='lat' dir='ltr'>H.</span> <span class='ocrx_word' id='word_1_1229' title='bbox 2338 3520 2363 3546; x_wconf 91' lang='lat'>3.</span> 
     </span>
     <span class='ocr_line' id='line_1_166' title="bbox 1216 3529 2393 3586; baseline -0.01 -3"><span class='ocrx_word' id='word_1_1230' title='bbox 1216 3555 1323 3585; x_wconf 88' lang='lat' dir='ltr'>tionem</span> <span class='ocrx_word' id='word_1_1231' title='bbox 1337 3552 1419 3582; x_wconf 85' lang='lat' dir='ltr'>nobis</span> <span class='ocrx_word' id='word_1_1232' title='bbox 1434 3550 1537 3580; x_wconf 63' lang='lat' dir='ltr'>factam</span> <span class='ocrx_word' id='word_1_1233' title='bbox 1551 3559 1599 3586; x_wconf 91' lang='lat' dir='ltr'>per</span> <span class='ocrx_word' id='word_1_1234' title='bbox 1612 3547 1761 3578; x_wconf 83' lang='lat' dir='ltr'>Comitem</span> <span class='ocrx_word' id='word_1_1235' title='bbox 1779 3545 1917 3576; x_wconf 78' lang='lat' dir='ltr'>Marchiae</span> <span class='ocrx_word' id='word_1_1236' title='bbox 1932 3529 1964 3575; x_wconf 66' lang='grc' dir='ltr'>ἐξ</span> <span class='ocrx_word' id='word_1_1237' title='bbox 1978 3544 2134 3581; x_wconf 84' lang='lat' dir='ltr'>complices</span> <span class='ocrx_word' id='word_1_1238' title='bbox 2145 3543 2224 3583; x_wconf 84' lang='lat' dir='ltr'>suos,</span> <span class='ocrx_word' id='word_1_1239' title='bbox 2238 3546 2272 3577; x_wconf 89' lang='lat'>&amp;</span> <span class='ocrx_word' id='word_1_1240' title='bbox 2287 3549 2393 3578; x_wconf 62' lang='lat' dir='ltr'>[bidem.</span> 
     </span>
     <span class='ocr_line' id='line_1_167' title="bbox 1216 3584 1898 3625; baseline -0.015 -3"><span class='ocrx_word' id='word_1_1241' title='bbox 1216 3600 1331 3622; x_wconf 89' lang='lat' dir='ltr'>eventus</span> <span class='ocrx_word' id='word_1_1242' title='bbox 1344 3589 1468 3625; x_wconf 77' lang='lat' dir='ltr'>nostros,</span> <span class='ocrx_word' id='word_1_1243' title='bbox 1486 3587 1554 3617; x_wconf 89' lang='lat' dir='ltr'>dum</span> <span class='ocrx_word' id='word_1_1244' title='bbox 1573 3586 1688 3617; x_wconf 75' lang='lat' dir='ltr'>essemus</span> <span class='ocrx_word' id='word_1_1245' title='bbox 1702 3588 1730 3615; x_wconf 86' lang='lat' dir='ltr'>in</span> <span class='ocrx_word' id='word_1_1246' title='bbox 1748 3584 1898 3617; x_wconf 23' lang='lat' dir='ltr'>Pictaviazf</span> 
     </span>
    </p>

    <p class='ocr_par' dir='ltr' id='par_1_60' title="bbox 1216 3619 2420 3861">
     <span class='ocr_line' id='line_1_168' title="bbox 1254 3619 2306 3662; baseline -0.007 -3"><span class='ocrx_word' id='word_1_1247' title='bbox 1254 3629 1347 3659; x_wconf 89' lang='lat' dir='ltr'>Nunc</span> <span class='ocrx_word' id='word_1_1248' title='bbox 1364 3637 1432 3658; x_wconf 89' lang='lat' dir='ltr'>vero</span> <span class='ocrx_word' id='word_1_1249' title='bbox 1454 3626 1610 3662; x_wconf 88' lang='lat' dir='ltr'>levitatem,</span> <span class='ocrx_word' id='word_1_1250' title='bbox 1629 3627 1722 3655; x_wconf 91' lang='lat' dir='ltr'>immo</span> <span class='ocrx_word' id='word_1_1251' title='bbox 1745 3624 1836 3661; x_wconf 86' lang='lat' dir='ltr'>potius</span> <span class='ocrx_word' id='word_1_1252' title='bbox 1849 3620 2039 3651; x_wconf 81' lang='lat' dir='ltr'>infidelitatem</span> <span class='ocrx_word' id='word_1_1253' title='bbox 2058 3619 2181 3651; x_wconf 89' lang='lat' dir='ltr'>Comitis</span> <span class='ocrx_word' id='word_1_1254' title='bbox 2193 3621 2279 3652; x_wconf 81' lang='lat' dir='ltr'>Tho-</span> <span class='ocrx_word' id='word_1_1255' title='bbox 2302 3623 2306 3627; x_wconf 80' lang='grc'>’</span> 
     </span>
     <span class='ocr_line' id='line_1_169' title="bbox 1216 3657 2277 3698; baseline -0.007 0"><span class='ocrx_word' id='word_1_1256' title='bbox 1216 3667 1263 3698; x_wconf 91' lang='lat' dir='ltr'>los.</span> <span class='ocrx_word' id='word_1_1257' title='bbox 1279 3667 1373 3697; x_wconf 90' lang='lat' dir='ltr'>eidem</span> <span class='ocrx_word' id='word_1_1258' title='bbox 1390 3664 1522 3695; x_wconf 89' lang='lat' dir='ltr'>Domino</span> <span class='ocrx_word' id='word_1_1259' title='bbox 1536 3663 1628 3693; x_wconf 83' lang='lat' dir='ltr'>vestro</span> <span class='ocrx_word' id='word_1_1260' title='bbox 1642 3663 1816 3698; x_wconf 84' lang='lat' dir='ltr'>intimamus,</span> <span class='ocrx_word' id='word_1_1261' title='bbox 1837 3660 1951 3697; x_wconf 79' lang='lat' dir='ltr'>qualiter</span> <span class='ocrx_word' id='word_1_1262' title='bbox 1972 3659 2048 3689; x_wconf 89' lang='lat' dir='ltr'>idem</span> <span class='ocrx_word' id='word_1_1263' title='bbox 2065 3657 2190 3698; x_wconf 86' lang='lat' dir='ltr'>Comes,</span> <span class='ocrx_word' id='word_1_1264' title='bbox 2207 3670 2277 3691; x_wconf 90' lang='lat' dir='ltr'>cum</span> 
     </span>
     <span class='ocr_line' id='line_1_170' title="bbox 1216 3697 2275 3744; baseline -0.008 -7"><span class='ocrx_word' id='word_1_1265' title='bbox 1216 3716 1304 3744; x_wconf 85' lang='lat' dir='ltr'>nuper</span> <span class='ocrx_word' id='word_1_1266' title='bbox 1324 3706 1394 3735; x_wconf 86' lang='lat' dir='ltr'>inter</span> <span class='ocrx_word' id='word_1_1267' title='bbox 1415 3713 1467 3733; x_wconf 89' lang='lat' dir='ltr'>nos</span> <span class='ocrx_word' id='word_1_1268' title='bbox 1484 3701 1576 3732; x_wconf 85' lang='lat' dir='ltr'>foedus</span> <span class='ocrx_word' id='word_1_1269' title='bbox 1598 3702 1744 3737; x_wconf 81' lang='lat' dir='ltr'>iniremus,</span> <span class='ocrx_word' id='word_1_1270' title='bbox 1764 3699 1796 3729; x_wconf 70' lang='grc' dir='ltr'>ὃς</span> <span class='ocrx_word' id='word_1_1271' title='bbox 1810 3697 1969 3728; x_wconf 88' lang='lat' dir='ltr'>adinvicem</span> <span class='ocrx_word' id='word_1_1272' title='bbox 1983 3697 2168 3739; x_wconf 86' lang='lat' dir='ltr'>confoederati</span> <span class='ocrx_word' id='word_1_1273' title='bbox 2182 3698 2275 3729; x_wconf 88' lang='lat' dir='ltr'>fuisse-</span> 
     </span>
     <span class='ocr_line' id='line_1_171' title="bbox 1218 3737 2420 3782; baseline -0.012 -7"><span class='ocrx_word' id='word_1_1274' title='bbox 1218 3755 1295 3782; x_wconf 85' lang='lat' dir='ltr'>mus,</span> <span class='ocrx_word' id='word_1_1275' title='bbox 1314 3742 1390 3781; x_wconf 88' lang='lat' dir='ltr'>quod</span> <span class='ocrx_word' id='word_1_1276' title='bbox 1411 3742 1477 3772; x_wconf 87' lang='lat' dir='ltr'>alter</span> <span class='ocrx_word' id='word_1_1277' title='bbox 1493 3739 1608 3770; x_wconf 87' lang='lat' dir='ltr'>alterum</span> <span class='ocrx_word' id='word_1_1278' title='bbox 1626 3740 1691 3769; x_wconf 85' lang='lat' dir='ltr'>totis</span> <span class='ocrx_word' id='word_1_1279' title='bbox 1704 3738 1809 3768; x_wconf 90' lang='lat' dir='ltr'>viribus</span> <span class='ocrx_word' id='word_1_1280' title='bbox 1828 3737 1848 3755; x_wconf 66' lang='lat'>³*</span> <span class='ocrx_word' id='word_1_1281' title='bbox 1867 3737 1974 3774; x_wconf 88' lang='lat' dir='ltr'>juvaret</span> <span class='ocrx_word' id='word_1_1282' title='bbox 1994 3744 2092 3766; x_wconf 88' lang='lat' dir='ltr'>contra</span> <span class='ocrx_word' id='word_1_1283' title='bbox 2101 3745 2220 3768; x_wconf 91' lang='lat' dir='ltr'>omnem</span> <span class='ocrx_word' id='word_1_1284' title='bbox 2234 3739 2278 3767; x_wconf 87' lang='lat' dir='ltr'>vi-</span> <span class='ocrx_word' id='word_1_1285' title='bbox 2293 3747 2341 3774; x_wconf 74' lang='lat'>¹1.</span> <span class='ocrx_word' id='word_1_1286' title='bbox 2354 3753 2420 3781; x_wconf 54' lang='lat'>4,5‚</span> 
     </span>
     <span class='ocr_line' id='line_1_172' title="bbox 1217 3774 2275 3819; baseline -0.008 -6"><span class='ocrx_word' id='word_1_1287' title='bbox 1217 3792 1330 3813; x_wconf 85' lang='lat' dir='ltr'>ventem</span> <span class='ocrx_word' id='word_1_1288' title='bbox 1348 3782 1486 3819; x_wconf 88' lang='lat' dir='ltr'>(excepto</span> <span class='ocrx_word' id='word_1_1289' title='bbox 1502 3777 1637 3817; x_wconf 68' lang='lat' dir='ltr'>praedi&amp;o</span> <span class='ocrx_word' id='word_1_1290' title='bbox 1654 3776 1785 3806; x_wconf 91' lang='lat' dir='ltr'>Domino</span> <span class='ocrx_word' id='word_1_1291' title='bbox 1798 3774 1891 3804; x_wconf 86' lang='lat' dir='ltr'>vestro</span> <span class='ocrx_word' id='word_1_1292' title='bbox 1906 3774 1915 3810; x_wconf 90' lang='lat'><em>)</em></span> <span class='ocrx_word' id='word_1_1293' title='bbox 1933 3783 1986 3804; x_wconf 90' lang='lat' dir='ltr'>nec</span> <span class='ocrx_word' id='word_1_1294' title='bbox 2000 3784 2052 3804; x_wconf 89' lang='lat' dir='ltr'>nos</span> <span class='ocrx_word' id='word_1_1295' title='bbox 2065 3774 2121 3804; x_wconf 86' lang='lat' dir='ltr'>sme</span> <span class='ocrx_word' id='word_1_1296' title='bbox 2135 3775 2275 3814; x_wconf 79' lang='lat' dir='ltr'>ipso,nec</span> 
     </span>
     <span class='ocr_line' id='line_1_173' title="bbox 1217 3811 2239 3861; baseline -0.008 -10"><span class='ocrx_word' id='word_1_1297' title='bbox 1217 3821 1274 3861; x_wconf 89' lang='lat' dir='ltr'>ipse</span> <span class='ocrx_word' id='word_1_1298' title='bbox 1288 3821 1342 3850; x_wconf 83' lang='lat' dir='ltr'>sme</span> <span class='ocrx_word' id='word_1_1299' title='bbox 1355 3819 1436 3848; x_wconf 89' lang='lat' dir='ltr'>nobis</span> <span class='ocrx_word' id='word_1_1300' title='bbox 1450 3825 1549 3855; x_wconf 77' lang='lat' dir='ltr'>pacem</span> <span class='ocrx_word' id='word_1_1301' title='bbox 1564 3815 1608 3845; x_wconf 90' lang='lat' dir='ltr'>vel</span> <span class='ocrx_word' id='word_1_1302' title='bbox 1623 3823 1748 3854; x_wconf 84' lang='lat' dir='ltr'>treugam</span> <span class='ocrx_word' id='word_1_1303' title='bbox 1763 3815 1895 3844; x_wconf 86' lang='lat' dir='ltr'>iniremus</span> <span class='ocrx_word' id='word_1_1304' title='bbox 1911 3822 1978 3842; x_wconf 90' lang='lat' dir='ltr'>cum</span> <span class='ocrx_word' id='word_1_1305' title='bbox 1995 3811 2077 3852; x_wconf 87' lang='lat' dir='ltr'>Rege</span> <span class='ocrx_word' id='word_1_1306' title='bbox 2094 3812 2239 3851; x_wconf 85' lang='lat' dir='ltr'>Franciae,</span> 
     </span>
    </p>

    <p class='ocr_par' dir='ltr' id='par_1_61' title="bbox 1217 3850 2278 3976">
     <span class='ocr_line' id='line_1_174' title="bbox 1254 3850 2278 3895; baseline -0.007 -7"><span class='ocrx_word' id='word_1_1307' title='bbox 1254 3858 1402 3895; x_wconf 88' lang='lat' dir='ltr'>Tandem,</span> <span class='ocrx_word' id='word_1_1308' title='bbox 1420 3856 1500 3886; x_wconf 86' lang='lat' dir='ltr'>nobis</span> <span class='ocrx_word' id='word_1_1309' title='bbox 1512 3853 1688 3892; x_wconf 82' lang='lat' dir='ltr'>inconsultis,</span> <span class='ocrx_word' id='word_1_1310' title='bbox 1708 3854 1740 3883; x_wconf 73' lang='grc' dir='ltr'>δε</span> <span class='ocrx_word' id='word_1_1311' title='bbox 1756 3861 1816 3882; x_wconf 92' lang='lat' dir='ltr'>non</span> <span class='ocrx_word' id='word_1_1312' title='bbox 1829 3851 2019 3892; x_wconf 83' lang='lat' dir='ltr'>praemunitis,</span> <span class='ocrx_word' id='word_1_1313' title='bbox 2037 3850 2128 3881; x_wconf 88' lang='lat' dir='ltr'>eidem</span> <span class='ocrx_word' id='word_1_1314' title='bbox 2142 3851 2216 3890; x_wconf 86' lang='lat' dir='ltr'>Regi</span> <span class='ocrx_word' id='word_1_1315' title='bbox 2229 3850 2278 3881; x_wconf 84' lang='lat' dir='ltr'>ad-</span> 
     </span>
     <span class='ocr_line' id='line_1_175' title="bbox 1217 3889 2278 3934; baseline -0.008 -6"><span class='ocrx_word' id='word_1_1316' title='bbox 1217 3898 1295 3928; x_wconf 74' lang='lat' dir='ltr'>haesit</span> <span class='ocrx_word' id='word_1_1317' title='bbox 1311 3919 1320 3934; x_wconf 82' lang='lat'>,</span> <span class='ocrx_word' id='word_1_1318' title='bbox 1340 3897 1409 3925; x_wconf 89' lang='lat' dir='ltr'>inter</span> <span class='ocrx_word' id='word_1_1319' title='bbox 1430 3903 1481 3924; x_wconf 86' lang='lat' dir='ltr'>nos</span> <span class='ocrx_word' id='word_1_1320' title='bbox 1499 3891 1590 3922; x_wconf 87' lang='lat' dir='ltr'>foedus</span> <span class='ocrx_word' id='word_1_1321' title='bbox 1611 3901 1669 3921; x_wconf 92' lang='lat' dir='ltr'>non</span> <span class='ocrx_word' id='word_1_1322' title='bbox 1689 3890 1848 3928; x_wconf 82' lang='lat' dir='ltr'>attendens,</span> <span class='ocrx_word' id='word_1_1323' title='bbox 1867 3897 1998 3927; x_wconf 85' lang='lat' dir='ltr'>tanquam</span> <span class='ocrx_word' id='word_1_1324' title='bbox 2019 3889 2103 3920; x_wconf 88' lang='lat' dir='ltr'>famae</span> <span class='ocrx_word' id='word_1_1325' title='bbox 2117 3890 2171 3919; x_wconf 88' lang='lat' dir='ltr'>suae</span> <span class='ocrx_word' id='word_1_1326' title='bbox 2183 3890 2278 3928; x_wconf 77' lang='lat' dir='ltr'>prodi-</span> 
     </span>
     <span class='ocr_line' id='line_1_176' title="bbox 1218 3926 2032 3976; baseline -0.011 -10"><span class='ocrx_word' id='word_1_1327' title='bbox 1218 3945 1285 3976; x_wconf 85' lang='lat' dir='ltr'>gus,</span> <span class='ocrx_word' id='word_1_1328' title='bbox 1302 3936 1336 3965; x_wconf 70' lang='grc' dir='ltr'>δε</span> <span class='ocrx_word' id='word_1_1329' title='bbox 1348 3931 1497 3971; x_wconf 83' lang='lat' dir='ltr'>juramenti</span> <span class='ocrx_word' id='word_1_1330' title='bbox 1513 3931 1596 3960; x_wconf 86' lang='lat' dir='ltr'>nobis</span> <span class='ocrx_word' id='word_1_1331' title='bbox 1610 3928 1724 3967; x_wconf 81' lang='lat' dir='ltr'>praestiti</span> <span class='ocrx_word' id='word_1_1332' title='bbox 1740 3930 1893 3959; x_wconf 87' lang='lat' dir='ltr'>immemor</span> <span class='ocrx_word' id='word_1_1333' title='bbox 1907 3926 2032 3958; x_wconf 65' lang='lat' dir='ltr'>effeetus.</span> 
     </span>
    </p>

    <p class='ocr_par' dir='ltr' id='par_1_62' title="bbox 1218 3961 2278 4155">
     <span class='ocr_line' id='line_1_177' title="bbox 1256 3961 2276 4013; baseline -0.008 -10"><span class='ocrx_word' id='word_1_1334' title='bbox 1256 3973 1344 4013; x_wconf 80' lang='lat' dir='ltr'>Igitur</span> <span class='ocrx_word' id='word_1_1335' title='bbox 1358 3970 1477 4001; x_wconf 82' lang='lat' dir='ltr'>vestram</span> <span class='ocrx_word' id='word_1_1336' title='bbox 1493 3968 1644 3999; x_wconf 84' lang='lat' dir='ltr'>amicitiam</span> <span class='ocrx_word' id='word_1_1337' title='bbox 1660 3976 1789 4006; x_wconf 87' lang='lat' dir='ltr'>rogamus</span> <span class='ocrx_word' id='word_1_1338' title='bbox 1809 3967 1935 3997; x_wconf 87' lang='lat' dir='ltr'>attentius</span> <span class='ocrx_word' id='word_1_1339' title='bbox 1968 3967 2074 3996; x_wconf 88' lang='lat' dir='ltr'>uatinus</span> <span class='ocrx_word' id='word_1_1340' title='bbox 2089 3988 2098 4003; x_wconf 91' lang='lat'>,</span> <span class='ocrx_word' id='word_1_1341' title='bbox 2117 3966 2189 4002; x_wconf 80' lang='lat' dir='ltr'>iuxta</span> <span class='ocrx_word' id='word_1_1342' title='bbox 2203 3961 2276 4007; x_wconf 80' lang='lat' dir='ltr'>fidu-</span> 
     </span>
     <span class='ocr_line' id='line_1_178' title="bbox 1219 4002 2276 4048; baseline -0.009 -6"><span class='ocrx_word' id='word_1_1343' title='bbox 1219 4013 1310 4048; x_wconf 87' lang='lat' dir='ltr'>ciam,</span> <span class='ocrx_word' id='word_1_1344' title='bbox 1327 4019 1412 4048; x_wconf 86' lang='lat' dir='ltr'>quam</span> <span class='ocrx_word' id='word_1_1345' title='bbox 1434 4008 1469 4038; x_wconf 91' lang='lat' dir='ltr'>de</span> <span class='ocrx_word' id='word_1_1346' title='bbox 1491 4007 1574 4037; x_wconf 87' lang='lat' dir='ltr'>vobis</span> <span class='ocrx_word' id='word_1_1347' title='bbox 1594 4014 1780 4044; x_wconf 75' lang='lat' dir='ltr'>reportamus,</span> <span class='ocrx_word' id='word_1_1348' title='bbox 1797 4005 1896 4035; x_wconf 90' lang='lat' dir='ltr'>litteras</span> <span class='ocrx_word' id='word_1_1349' title='bbox 1915 4014 1954 4035; x_wconf 92' lang='lat' dir='ltr'>no</span> <span class='ocrx_word' id='word_1_1350' title='bbox 1980 4015 2019 4035; x_wconf 86' lang='lat' dir='ltr'>ras</span> <span class='ocrx_word' id='word_1_1351' title='bbox 2038 4004 2129 4034; x_wconf 89' lang='lat' dir='ltr'>eidem</span> <span class='ocrx_word' id='word_1_1352' title='bbox 2142 4002 2276 4032; x_wconf 81' lang='lat' dir='ltr'>Domino</span> 
     </span>
     <span class='ocr_line' id='line_1_179' title="bbox 1219 4042 2277 4087; baseline -0.01 -7"><span class='ocrx_word' id='word_1_1353' title='bbox 1219 4049 1313 4080; x_wconf 82' lang='lat' dir='ltr'>vestro</span> <span class='ocrx_word' id='word_1_1354' title='bbox 1327 4071 1338 4087; x_wconf 86' lang='lat'>,</span> <span class='ocrx_word' id='word_1_1355' title='bbox 1363 4048 1396 4079; x_wconf 89' lang='lat'>&amp;</span> <span class='ocrx_word' id='word_1_1356' title='bbox 1418 4046 1521 4077; x_wconf 87' lang='lat' dir='ltr'>statum</span> <span class='ocrx_word' id='word_1_1357' title='bbox 1546 4045 1673 4076; x_wconf 88' lang='lat' dir='ltr'>nostrum</span> <span class='ocrx_word' id='word_1_1358' title='bbox 1694 4043 1839 4083; x_wconf 86' lang='lat' dir='ltr'>diligenter</span> <span class='ocrx_word' id='word_1_1359' title='bbox 1855 4049 1996 4082; x_wconf 85' lang='lat' dir='ltr'>exponere</span> <span class='ocrx_word' id='word_1_1360' title='bbox 2009 4066 2019 4082; x_wconf 87' lang='lat'>,</span> <span class='ocrx_word' id='word_1_1361' title='bbox 2038 4043 2070 4072; x_wconf 89' lang='lat'>&amp;</span> <span class='ocrx_word' id='word_1_1362' title='bbox 2086 4050 2169 4079; x_wconf 89' lang='lat' dir='ltr'>penes</span> <span class='ocrx_word' id='word_1_1363' title='bbox 2186 4042 2277 4084; x_wconf 82' lang='lat' dir='ltr'>ipsum</span> 
     </span>
     <span class='ocr_line' id='line_1_180' title="bbox 1218 4078 2278 4155; baseline -0.018 -35"><span class='ocrx_word' id='word_1_1364' title='bbox 1218 4086 1410 4120; x_wconf 82' lang='lat' dir='ltr'>commodum</span> <span class='ocrx_word' id='word_1_1365' title='bbox 1430 4085 1464 4119; x_wconf 67' lang='grc' dir='ltr'>ὃς</span> <span class='ocrx_word' id='word_1_1366' title='bbox 1486 4084 1628 4116; x_wconf 83' lang='lat' dir='ltr'>honorem</span> <span class='ocrx_word' id='word_1_1367' title='bbox 1649 4081 1781 4152; x_wconf 50' lang='lat' dir='ltr'>nostruin</span> <span class='ocrx_word' id='word_1_1368' title='bbox 1793 4091 1944 4122; x_wconf 73' lang='lat' dir='ltr'>procurare</span> <span class='ocrx_word' id='word_1_1369' title='bbox 1954 4081 2060 4118; x_wconf 59' lang='lat' dir='ltr'>velitis,</span> <span class='ocrx_word' id='word_1_1370' title='bbox 2075 4080 2112 4111; x_wconf 73' lang='lat' dir='ltr'>ita</span> <span class='ocrx_word' id='word_1_1371' title='bbox 2122 4078 2199 4119; x_wconf 88' lang='lat' dir='ltr'>quod</span> <span class='ocrx_word' id='word_1_1372' title='bbox 2205 4079 2278 4155; x_wconf 67' lang='lat' dir='ltr'>gdeffl.</span> 
     </span>
    </p>

    <p class='ocr_par' dir='ltr' id='par_1_63' title="bbox 2243 4126 2275 4148">
     <span class='ocr_line' id='line_1_181' title="bbox 2243 4126 2275 4148; baseline 0 -8"><span class='ocrx_word' id='word_1_1373' title='bbox 2243 4126 2275 4148; x_wconf 70' lang='lat' dir='ltr'>n-</span> 
     </span>
    </p>
   </div>
  </div>
 </body>
</html>
