2570 4261
116 173 195 206 Ann.
212 173 254 204 D.

140 220 224 251 1277.

120 253 188 280 de.
206 261 230 280 x.

103 1413 123 1432 '¹²
138 1414 178 1443 11.
191 1423 240 1451 90.

273 98 349 134 162

273 177 328 210 dita
339 203 347 217 ,
367 178 453 210 altero
467 186 586 216 corum,
600 176 721 214 scilicet,
742 175 909 215 Lewelino‚
929 175 976 207 vel
985 174 1098 216 David,
1116 176 1291 218 decedente,
1307 179 1343 211 ad

274 218 388 250 Regem
403 219 436 247 ὃς
452 216 576 246 hceredes
589 215 650 245 suos
665 215 751 244 libere
765 223 926 245 revertatur.

310 249 384 286 Item
394 278 403 293 ,
418 255 553 285 concedit
569 254 603 284 δε
620 252 773 284 confirmat
791 252 942 283 Dominus
956 252 1023 283 Rex
1039 254 1118 292 quod
1134 254 1227 286 diistus
1244 256 1347 287 Lewe-

271 294 345 325 linus
361 296 395 325 Sc
409 293 532 323 lizeredes
548 293 608 331 sui,
626 292 662 322 de
679 301 802 330 corpore
817 292 866 322 suo
881 292 1009 331 legitime
1024 295 1208 332 procreandi,
1223 294 1345 325 habeant

271 334 306 363 &
322 341 434 363 teneant
451 332 649 369 Angleseiam,
668 340 704 360 eo
721 330 813 361 modo
829 341 888 370 quo
904 332 980 369 prius
995 341 1058 361 eam
1073 334 1182 371 tenuit,
1200 333 1345 364 reddendo

271 380 325 438 Ρὲο
341 381 396 438 1tiea,
415 364 622 439 anililis‘singulis
629 392 654 439 st
668 369 703 438 ml}
719 369 892 400 scaccarium
913 369 1043 401 Domini
1060 370 1152 410 Regis
1166 372 1264 403 Sancti
1281 371 1345 402 Mi-

474 419 489 439 e
538 420 589 438 a..
655 418 684 438 er
706 417 796 438 nooru
834 433 840 438 .

270 419 288 440 c
308 418 894 486 lteersn',‘goncerd‘itllgsominusoReanuod
916 457 1019 478 omnes
1035 471 1045 486 ,
1068 457 1196 479 tenentes
1215 457 1298 479 terras
1313 450 1344 479 in

269 493 392 523 quatuor
413 488 550 518 cantredis
565 511 575 527 ,
601 489 634 519 δε
654 487 711 517 aliis
733 488 812 518 terris
830 485 972 525 praedietis
1027 497 1094 525 quas
1115 487 1263 518 Dominus
1278 488 1343 518 Rex

269 525 401 555 continet
413 525 445 555 iii
463 535 552 557 manu
566 527 612 557 sua
627 527 762 565 (exceptis
776 526 846 564 illis,
864 525 966 565 quibus
981 509 1047 569 Reii
1066 527 1139 568 hanc
1162 527 1278 566 gratiam
1301 527 1343 557 fa-

267 572 333 593 cere
347 563 494 602 recusavit)
511 574 624 597 teneant
641 575 684 595 eas
699 564 770 595 adeo
786 565 874 595 libere
891 564 924 594 &
942 564 1081 603 plenarie,
1097 568 1167 595 licut
1182 574 1246 595 ante
1261 576 1344 606 guer-

267 611 330 631 ram
345 611 441 633 tenere
455 604 683 642 consueverunt,
710 604 744 634 &
765 603 873 634 eisdem
890 603 1065 633 libertatibus
1081 603 1116 634 &
1131 605 1343 635 consuetudini-

267 639 321 670 bus
335 641 473 680 gaudeant
525 644 629 682 quibus
650 643 726 680 prius
741 642 860 681 gaudere
882 641 1028 671 solebant:
1060 641 1101 672 Ita
1115 643 1192 681 quod
1209 643 1268 682 illi,
1292 644 1342 681 qui

266 685 420 711 tenuerunt
434 682 470 712 de
484 666 620 721 Principe
629 704 639 719 ,
653 681 690 711 de
706 690 812 711 caetero
825 689 939 711 teneant
953 688 1038 711 terras
1052 681 1111 712 illas
1125 681 1160 712 de
1178 681 1262 722 Rege
1276 705 1286 720 ‚
1307 683 1341 714 &

266 717 425 750 haeredibus
440 721 509 759 suis,
525 731 575 759 per
590 721 696 751 servitia
714 719 856 750 consueta.

304 756 399 797 Item,
418 760 620 790 controversiae
636 759 670 789 &
687 759 906 796 contentiones,
924 766 1015 788 motae
1031 758 1077 789 vel
1096 759 1252 790 movendae
1268 761 1341 791 inter

264 793 432 835 Principem
448 799 481 829 ὃ(
497 799 712 837 quoscumque,
730 797 962 827 terminabuntur
978 797 1012 828 &
1029 797 1196 828 decidentur
1212 822 1221 837 ,
1244 799 1345 829 secun-

263 833 337 865 dum
352 835 424 875 leges
442 835 605 876 Marchiae,
623 837 660 867 de
674 835 728 866 hiis
744 845 809 873 quae
831 836 1006 878 contingunt
1022 837 1053 866 in
1072 835 1220 875 Marchia3
1237 838 1288 875 &,
1303 838 1345 868 se-

264 873 396 905 cundum
412 874 485 915 leges
498 876 614 907 Waiiiae
623 900 632 914 ,
650 873 688 904 de
706 875 789 905 rebus
803 876 988 906 contentioiis
1003 884 1067 914 quae
1084 876 1114 905 in
1127 876 1234 907 wallia
1248 878 1345 907 orien-

263 919 318 942 tur.

300 950 376 982 Item
392 976 402 990 ‚
428 951 571 983 Gi-iffinus
594 952 734 990 Wychan
756 952 840 983 faciet
863 951 1002 983 Domino
1023 951 1099 993 Regi
1124 952 1293 993 homagium
1308 953 1345 984 de

263 991 360 1030 terris,
379 1002 446 1029 quas
460 991 569 1023 tenebit
582 992 613 1021 in
627 991 760 1022 dominio
777 991 826 1022 suo
842 992 872 1021 in
886 991 939 1030 Jal.
955 992 989 1022 δε
1005 991 1166 1024 Lewelinus
1180 1002 1234 1030 pro
1247 994 1343 1032 terris,

262 1038 331 1067 quas
346 1031 457 1061 tenebit
472 1032 503 1061 in
517 1030 652 1061 dominio
666 1031 792 1069 ejusdem
806 1032 838 1060 in
857 1030 1043 1061 Edeirniann.

300 1067 375 1099 Item
390 1093 400 1107 ,
429 1069 578 1100 Dominus
594 1068 661 1100 Rex
682 1069 867 1100 confirmabit
889 1069 1028 1108 praedi&o
1050 1068 1199 1101 Lewelino
1214 1069 1342 1109 Principi

261 1116 367 1138 ornnes
382 1117 482 1148 terras,
502 1119 570 1147 quas
585 1118 664 1139 nunc
681 1108 819 1147 possidet,
839 1108 943 1147 absque
959 1108 1013 1139 ulla
1030 1108 1194 1147 calumpnia
1210 1108 1249 1139 sui
1263 1132 1274 1148 ,
1296 1110 1342 1141 vel

260 1145 378 1177 suorum
393 1147 558 1186 haeredum3
577 1157 695 1186 excepta
711 1146 857 1191 Angleieizi¹
871 1170 881 1185 ‚
903 1157 968 1191 quae
987 1147 1084 1177 eidem
1101 1147 1250 1179 Lewelino
1266 1158 1340 1179 con-

261 1183 422 1217 firmabitur
435 1187 470 1217 ad
486 1187 575 1217 vitam
589 1185 686 1225 suam,
703 1187 738 1218 &
753 1186 913 1217 haeredibus
926 1186 979 1216 suis
989 1209 999 1225 ,
1014 1186 1050 1217 de
1067 1195 1188 1224 corpore
1207 1188 1258 1217 suo
1272 1197 1341 1226 pro-

259 1224 406 1264 creandis,
424 1225 493 1256 sicut
531 1224 682 1256 raedic‘tum
698 1224 739 1255 est
755 1235 761 1255 :
790 1224 830 1256 Et
844 1233 961 1263 excepta
975 1226 1110 1263 portione
1128 1225 1232 1266 Davyd
1250 1225 1340 1257 fratris

258 1262 299 1292 sui
316 1263 445 1303 ibidem,
461 1275 499 1303 po
542 1263 690 1295 decessum
707 1263 833 1303 ejusdem
850 1263 992 1302 Principis
1009 1274 1015 1293 :
1042 1263 1079 1294 Et
1096 1264 1204 1295 satisfiet
1218 1264 1339 1296 Oweno

258 1301 293 1331 &
311 1301 478 1341 Roderico,
494 1303 623 1334 fratribus
642 1303 766 1342 ejusdem
784 1302 943 1340 Lewelini,
961 1303 1037 1341 juxta
1053 1302 1179 1333 formam
1197 1314 1246 1342 per
1262 1314 1336 1342 piae-

258 1339 351 1371 dietos
386 1342 527 1381 utriusque
544 1343 626 1380 partis
646 1342 837 1380 consiliarios,
852 1341 974 1379 superius
990 1343 1176 1380 nominatos,
1194 1343 1337 1380 praelocu-

258 1386 332 1409 tam:
376 1388 387 1411 t
405 1381 498 1412 didius
510 1380 659 1411 Dominus
676 1380 742 1411 Rex
756 1381 1003 1419 compositionem
1014 1382 1087 1411 inter
1102 1381 1216 1412 eosdem
1233 1381 1337 1413 Lewe-

257 1417 369 1456 linum,
389 1418 558 1458 Owenum,
573 1419 607 1451 &
621 1419 821 1458 Rodericum,
840 1428 911 1450 curn
932 1419 1005 1450 faeta
1023 1422 1038 1437 *
1056 1419 1157 1459 fuerit,
1178 1420 1269 1452 modo
1285 1421 1337 1452 de-

257 1456 320 1486 bito
337 1457 532 1488 confirmabit.

293 1494 384 1535 Item,
404 1496 583 1535 praestabitur
600 1496 729 1536 Principi
756 1496 917 1528 condustus
934 1507 985 1535 per
1003 1496 1182 1536 Episcopum
1198 1497 1336 1529 Affaven-

254 1533 321 1573 sen,
340 1536 374 1566 &
390 1535 542 1574 praedi&os
560 1535 728 1567 Robertum
745 1536 779 1567 &
796 1536 961 1566 Antonium
978 1559 988 1575 ‚
1012 1537 1046 1567 &
1062 1537 1131 1566 alios
1145 1537 1182 1567 de
1197 1536 1336 1568 Concilio

255 1571 385 1643 DodnirRi
402 1575 509 1645 Regu,
526 1584 598 1615 quos
613 1575 711 1606 secum
726 1575 830 1606 ducere
846 1575 1007 1614 voluerint,
1024 1575 1110 1615 usque
1124 1575 1158 1606 ad
1173 1577 1225 1608 tria
1243 1577 1335 1609 milia-

254 1622 294 1642 ria
326 1623 341 1643 e
387 1624 407 1644 o
427 1624 447 1644 o
458 1623 514 1643 ano

293 1651 359 1682 Ubi
375 1615 533 1684 occuirent'
544 1651 674 1690 Principi
692 1651 852 1691 Episcopus
875 1651 1057 1683 Bathonensis
1073 1653 1108 1684 &
1130 1653 1242 1685 Comes
1260 1653 1333 1685 Lin-

250 1689 374 1729 colniae,
393 1701 465 1723 cum
479 1691 526 1722 sui
547 1690 699 1722 Comitiva
714 1713 724 1729 ‚
747 1690 782 1721 ad
800 1691 1026 1722 conducendum
1051 1692 1143 1730 ipsum
1166 1692 1199 1722 ad
1222 1693 1333 1724 Domi-

249 1729 459 1799 ‹rjiudeegem
476 1731 561 1772 usque
576 1730 611 1761 ad
633 1730 839 1769 Rodelasium,
860 1730 1002 1762 morando
1017 1753 1027 1769 ,
1047 1731 1081 1762 ὅ(
1099 1731 1134 1762 ad
1157 1733 1269 1771 propria
1287 1744 1331 1764 re-

271 1778 325 1798 eun
347 1779 376 1800 o.

291 1805 374 1838 Cum
390 1816 485 1839 autem
499 1809 590 1840 dietus
603 1808 739 1846 Princeps
755 1809 865 1839 venerit
882 1807 1068 1839 Rodelanum
1086 1833 1096 1847 ,
1123 1809 1235 1840 ibidem
1251 1810 1331 1841 ordi-

252 1846 368 1877 nabitur
390 1857 439 1885 per
455 1847 624 1878 Dominum
646 1848 674 1878 R
713 1856 783 1885 em,
808 1846 887 1885 quod
909 1857 990 1879 certo
1006 1848 1040 1878 &
1063 1850 1245 1886 competenti
1264 1850 1329 1888 die,

251 1885 348 1915 eidem
365 1885 493 1924 Principi
509 1897 524 1917 a
543 1886 681 1917 Domino
732 1895 784 1925 ege
805 1886 923 1924 praefixo
940 1909 950 1925 ‚
975 1887 1072 1917 veniet
1087 1886 1223 1917 London.
1247 1887 1329 1919 suum

250 1922 419 1964 homagium
436 1925 547 1955 ibidem
562 1924 699 1955 Domino
717 1924 794 1964 Regi
811 1924 950 1964 facturus,
969 1926 1003 1955 &
1018 1924 1083 1955 Rex
1099 1925 1262 1964 providebit
1278 1927 1329 1958 sibi

249 1960 285 1991 de
300 1964 456 1994 venerabili
471 1965 504 1995 δε
522 1964 621 1996 securo
635 1963 784 1995 conductu
802 1964 916 2003 eundo,
935 1963 1096 2002 morando,
1114 1965 1148 1995 &
1162 1964 1198 1995 ad
1215 1967 1328 2005 propria

248 1999 346 2032 secure
362 2002 550 2041 revertend03

286 2039 340 2078 Et,
358 2042 582 2080 nichilominus,
599 2040 678 2071 idem
696 2039 835 2080 Princeps
846 2065 855 2080 ,
870 2041 905 2072 ad
922 2040 1099 2072 securitatem
1116 2042 1329 2080 praemissorum

249 2077 413 2115 pleniorem
431 2103 440 2119 ‚
466 2081 598 2110 liberabit
615 2079 752 2111 Domino
770 2079 846 2120 Regi
862 2080 968 2111 decem
986 2080 1098 2111 obsides
1121 2081 1158 2111 de
1175 2083 1327 2113 nobiliori-

251 2118 304 2147 bus
318 2126 399 2149 terrae
413 2119 488 2158 suae,
506 2129 576 2159 quos
593 2120 756 2157 perquirere
777 2120 884 2157 poterit
899 2143 909 2157 ,
930 2119 1034 2158 absque
1053 2119 1253 2158 compulsione
1268 2132 1329 2153 car—

248 2157 321 2186 ceris
336 2158 369 2188 &
385 2158 627 2188 exhaeredationis.
666 2157 705 2187 Et
720 2157 854 2188 Tuderus
869 2157 940 2188 filius
956 2157 1090 2198 Etnyned
1106 2159 1206 2197 juravit
1219 2161 1250 2190 in
1265 2162 1328 2191 ani-

251 2203 331 2225 mani
348 2196 420 2227 dicti
434 2196 595 2235 Principis,
613 2197 647 2227 &
662 2197 692 2226 in
708 2197 837 2227 animam
858 2196 936 2228 suam
951 2198 1114 2235 propriam,
1130 2198 1164 2229 &
1181 2197 1327 2230 Goroune

246 2232 319 2264 filius
333 2233 460 2274 Heilyn,
478 2236 513 2266 &
529 2234 626 2266 David
647 2235 684 2265 ab
700 2234 844 2274 Ennyann
860 2258 870 2275 ,
894 2245 949 2274 pro
964 2235 992 2266 se
1006 2237 1040 2267 &
1062 2236 1119 2266 aliis
1135 2236 1172 2267 de
1187 2235 1326 2269 Concilio

246 2272 374 2310 ejusdem
391 2274 547 2313 Principis,
561 2274 727 2312 juraverunt
750 2275 827 2313 quod
843 2284 964 2313 operam
987 2274 1098 2306 dabunt
1117 2275 1270 2307 efficacem
1286 2277 1323 2308 de

244 2311 390 2348 praedietis
406 2313 552 2344 obsidibus
567 2312 759 2353 perquirendis
770 2336 780 2352 ‚
807 2316 841 2346 &
859 2314 941 2344 dicio
956 2312 1092 2344 Domino
1111 2313 1188 2355 Regi
1202 2315 1325 2346 liberan-

244 2349 286 2380 dis
303 2351 336 2382 :id
359 2352 439 2382 diem
460 2352 660 2383 rationabilem
677 2375 687 2390 ,
713 2351 795 2382 dieto
811 2352 937 2391 Principi
954 2362 1004 2391 per
1021 2352 1193 2391 praedic‘tum
1214 2353 1325 2385 Domi-

244 2398 318 2419 num
334 2389 451 2430 Regem
467 2391 546 2429 super
559 2390 616 2421 hoc
631 2390 848 2432 praefigendum.

281 2427 320 2459 Et
332 2429 444 2468 insuper
459 2430 538 2461 idem
555 2428 692 2471 Princeps
707 2429 864 2468 concessit,
888 2429 965 2470 quod
982 2430 1039 2469 ipse
1051 2431 1085 2462 &
1099 2430 1139 2462 illi
1156 2454 1167 2470 ,
1190 2432 1239 2472 qui
1255 2432 1320 2464 sunt

240 2465 278 2497 de
294 2466 432 2499 Concilio
447 2469 515 2507 suo,
539 2467 636 2499 statim
646 2468 798 2507 jurabunt;
817 2479 934 2499 necnon
951 2469 986 2500 δε
1000 2470 1101 2508 viginti
1116 2470 1266 2510 homines,
1284 2471 1321 2502 de

262 2506 371 2538 uolibet
387 2506 535 2539 Cantredo
549 2507 628 2546 quod
644 2506 686 2538 est
702 2508 733 2537 in
752 2517 838 2538 manu
854 2508 898 2538 sua
913 2531 922 2545 ,
949 2518 1001 2546 per
1017 2508 1112 2538 fideles
1131 2508 1221 2548 Regis
1237 2533 1248 2549 ,
1273 2510 1317 2541 ibi

239 2516 446 2616 {cerame
470 2546 642 2615 raeda>
655 2546 1177 2617 &redissetisfruare
1192 2548 1318 2618 isidam

237 2594 652 2668 fidelsstpsisfimissgiigtieffffiiniii
668 2608 776 2663 R'egis‚
794 2596 1050 2668 quodlrprfzrniffa',
1067 2597 1209 2669 qusntuiii
1225 2599 1319 2664 inliplf

236 2660 269 2690 sis
286 2661 345 2705 est,
364 2662 480 2694 fideliter
496 2663 704 2702 observabimt‚
724 2664 758 2694 δε
775 2672 826 2701 per
840 2662 1014 2701 praedietum
1030 2663 1197 2704 Principem
1217 2664 1314 2696 obser-

235 2702 605 2781 vagtprofictiigsspxssriinoeps
619 2741 648 2771 in
662 2740 757 2780 aliquo
772 2740 1002 2785 contravenerit,
1017 2740 1051 2771 &
1064 2739 1122 2770 hoc
1137 2751 1197 2785 non
1214 2751 1316 2774 ernen-

233 2777 343 2810 daverit
358 2788 489 2821 tempore
502 2781 702 2818 competenti,
721 2788 827 2810 extunc
844 2779 894 2817 ipsi
909 2778 1044 2809 recedent
1060 2789 1076 2810 a
1092 2778 1241 2820 fidelitate,
1258 2782 1314 2812 ho-

236 2819 351 2856 magio,
368 2818 500 2849 dominio
513 2820 547 2850 &
562 2819 674 2849 servitio
688 2817 759 2848 dieti
776 2817 913 2857 Principis
919 2841 929 2856 ,
946 2819 981 2849 δε
994 2841 1004 2857 ,
1028 2817 1064 2848 ad
1080 2818 1258 2850 voluntatem
1277 2822 1312 2852 &

235 2856 401 2888 mandatum
415 2857 485 2888 dieti
501 2857 626 2888 Domini
643 2857 733 2897 Regis
748 2880 758 2895 ,
784 2857 951 2887 transferent
966 2857 992 2887 sc
1008 2856 1043 2887 ad
1061 2856 1177 2896 Regem
1193 2859 1227 2889 ὃς
1245 2858 1313 2889 Do-

231 2895 349 2962 }ninum
363 2895 464 2935 suum,
482 2897 516 2928 &
531 2895 612 2927 dieto
626 2896 780 2928 Lewelino
793 2895 1014 2927 adversabuntur
1031 2897 1061 2927 in
1085 2905 1226 2936 quantum
1242 2908 1309 2936 pos-

246 2942 304 2964 unt.

269 2970 308 3003 Et
322 2971 466 3005 sciendum
479 2974 558 3014 quod
573 2984 623 3014 per
638 2973 809 3012 praedic'tum
817 2972 984 3004 Robertum
997 2972 1033 3003 de
1040 2971 1186 3014 Tybetot,
1204 2975 1313 3008 haben-

232 3016 293 3041 tem
308 3011 476 3049 potestatem
491 3014 525 3044 &
540 3013 655 3051 speciale
669 3012 835 3044 mandatum
848 3011 882 3043 ad
898 3012 956 3042 hoc
971 3011 1132 3044 aDomino
1138 3013 1223 3054 Rege
1236 3025 1310 3056 prae-

230 3048 335 3089 ditio,
362 3059 476 3081 necnon
495 3052 528 3082 &
569 3062 598 3082 er
620 3052 794 3090 praediCtum
818 3050 985 3088 Principem
1008 3050 1049 3081 est
1066 3051 1208 3092 juratum,
1230 3055 1309 3093 quod

229 3088 360 3125 praedicti
373 3090 482 3120 articuli
500 3089 555 3120 fide
566 3092 617 3121 iter
631 3092 665 3122 &
680 3090 860 3122 inviolabiter
873 3090 1095 3121 observabuntur
1107 3091 1176 3122 hinc
1190 3094 1266 3124 inde.

269 3125 304 3157 In
322 3129 401 3166 cujus
414 3129 453 3159 rei
472 3127 667 3159 testimonium
683 3152 693 3168 ‚
716 3129 819 3169 scripto
834 3152 844 3168 ‚
867 3129 1023 3160 remanenti
1042 3137 1126 3167 penes
1138 3132 1307 3168 praedictum

229 3163 398 3197 Dominum
414 3166 528 3206 Regem
542 3190 552 3206 ‚
577 3168 660 3207 sigilla
678 3169 881 3206 praediftorum
903 3167 1012 3199 Tuderi
1027 3167 1061 3198 &
1082 3168 1218 3203 Gorouw
1235 3183 1241 3188 ·
1272 3173 1308 3204 &

228 3203 352 3244 scripto,
371 3207 625 3249 remanenti-penes
637 3206 805 3250 pmdffitum
827 3207 995 3251 Dominum
1007 3205 1173 3246 Principem
1187 3233 1198 3249 ,
1222 3195 1306 3251 sigilla

227 3245 432 3283 praedictorum
446 3244 551 3275 Prioris
567 3246 601 3277 &
617 3244 735 3276 Antonii
748 3245 809 3276 sunt
823 3250 954 3285 apposita.

267 3282 341 3314 Acta
357 3284 391 3314 &
407 3283 469 3315 data
482 3283 556 3322 apud
571 3284 746 3324 Aberconvy
761 3285 807 3314 die
829 3284 950 3324 Martis,
967 3286 1100 3325 proximo
1113 3294 1177 3317 ante
1190 3287 1305 3320 Festum

226 3319 324 3389 {an-&ti
339 3321 477 3361 Martini,
494 3332 571 3353 anno
584 3321 712 3354 Domini
726 3323 879 3354 millesimo
893 3324 1088 3356 ducentesimo
1103 3324 1305 3367 septuagesimo

238 3368 353 3396 eptimo.

226 3398 494 3471 „tsssfflzefffieffi
509 3400 642 3478 ²223?
636 3424 683 3470 ess
692 3401 935 3479 2335052e11112ff³0
922 3402 1130 3480 &assuffissffs
1147 3405 1304 3476 3333&

227 3472 287 3518 Dei
300 3474 450 3517 Euangelia
461 3487 497 3509 eo
508 3479 575 3509 dem
588 3479 721 3509 articulos
733 3480 930 3511 inviolabiliter
944 3481 1109 3520 observare,
1126 3481 1161 3512 δε
1180 3485 1303 3520 promit-

227 3519 398 3558 timuslpro
413 3518 496 3548 nobis
508 3518 542 3548 &
557 3517 713 3548 haeredibus
728 3518 829 3549 nostris
843 3542 853 3558 ,
877 3530 930 3550 nos
945 3543 955 3559 ‚
979 3520 1074 3561 aliqua
1087 3527 1144 3551 arte
1158 3521 1202 3552 vel
1222 3524 1302 3563 inge-

227 3558 294 3589 nio,
309 3553 399 3596 aliquo
411 3564 540 3593 tempore
556 3557 584 3586 in
600 3558 775 3587 contrarium
788 3567 849 3588 non
862 3559 967 3588 venire.

223 3586 299 3666 apln
318 3601 396 3634 cujus
411 3596 451 3625 rei
471 3594 667 3626 testimonium
690 3596 869 3636 praesentibus
891 3597 1012 3637 sigillum
1027 3597 1159 3629 nostrum
1181 3598 1301 3632 fecimus

301 3638 339 3657 ni.

260 3704 265 3709 Ι
295 3674 337 3695 ata
350 3668 423 3704 apud
438 3669 698 3718 Aberconwey-die
713 3672 829 3714 Martis,
847 3675 983 3715 proximo
1003 3683 1069 3707 ante
1087 3675 1206 3707 Festum
1226 3677 1298 3707 San-

222 3702 409 3781 sepdglflgrtini
424 3730 434 3746 ,
459 3719 534 3742 anno
559 3712 684 3744 Domini
708 3713 858 3745 millesimo
877 3713 1073 3747 ducentefimo
1096 3715 1298 3756 septuagesimo

722 84 1537 145 CONVENTIONES,
1592 71 1982 149 LiTERAE,

2475 188 2554 221 Ann.
2569 194 2570 198 ’

2499 239 2570 270 1277

2475 270 2544 298 Edv.
2566 282 2570 299 i

1442 277 1582 322 Princeps
1599 277 1709 310 Wlliae
1726 282 1828 324 quieta
1835 278 1994 310 ‹clamavit
2015 279 2090 325 Regi
2114 287 2244 324 quatuor
2260 279 2405 313 cantreda

1672 338 1742 359 cum
1756 326 1895 360 terminis
1914 329 1950 364 &⁶
1957 322 2074 370 finibus
2083 328 2161 373 fitis.

1384 415 1447 476 O
1459 412 1580 444 Mnibus
1594 413 1703 445 Christi
1717 415 1843 447 fidelibus
1856 439 1867 455 ,
1886 415 1921 446 ad
1942 425 2013 456 quos
2032 416 2181 456 praesentes
2200 418 2300 450 litterae
2318 429 2455 458 pervene-
2473 425 2528 450 Aa.
2540 425 2568 460 ζ.

1380 488 1412 519 D
1458 453 1530 496 rint,
1550 453 1710 486 Lewelinus
1730 454 1801 485 filius
1819 454 1956 494 Griffini,
1976 454 2111 496 Princeps
2131 456 2245 488 Walliae
2258 481 2268 497 ‚
2291 459 2406 490 salutem
2425 461 2456 490 in
2472 466 2503 490 Ε.
2521 471 2546 491 ι.

1415 500 1525 521 omino.
2472 505 2503 528 L.
2517 505 2554 528 A.

1417 529 1547 560 Noverit
1561 529 1734 562 Universitas
1748 531 1855 572 vestra,
1873 531 1952 572 quod
1971 543 2024 563 nos
2038 556 2048 572 ,
2071 543 2125 574 pro
2138 534 2222 565 nobis
2240 536 2274 567 &
2295 536 2454 569 haeredibus
2474 548 2536 575 377.
2556 521 2570 568 ἕ

1379 566 1498 610 nostris,
1518 569 1704 601 concedimus
1716 594 1725 609 ‚
1750 573 1918 602 remittimus
1932 572 1966 602 &
2007 573 2116 602 uietum
2132 574 2285 605 clamamus
2297 576 2453 616 magnifico
2472 581 2570 607 Penesc

1378 604 1523 649 Principi,
1540 608 1574 638 δε
1588 608 1723 639 Domino
1737 609 1837 639 nostro
1850 582 2160 651 DominoclidwardO,
2178 611 2236 643 Dei
2254 615 2357 653 gratia,
2375 615 2405 645 R

1380 643 1495 684 Angliae
1509 645 1623 686 illustri,
1642 648 1675 678 &
1688 648 1844 679 haeredibus
1862 649 1914 680 suis
1932 650 2141 688 imperpetuum
2158 674 2167 690 ,
2191 660 2308 692 quatuor
2321 662 2402 684 cantr
2438 666 2452 686 a
2469 658 2525 683 Rot.

1378 693 1447 713 cum
1469 686 1598 716 terminis
1618 686 1651 717 &
1673 686 1775 717 finibus
1794 687 1846 718 suis
1859 711 1868 727 ,
1893 688 1961 718 sicut
1976 711 1986 726 ,
2011 689 2094 719 clarae
2115 692 2266 721 memoriae
2279 714 2289 730 ‚
2305 691 2453 724 Dominus
2471 693 2570 730 Wall.5

1379 721 1524 754 Henricus
1539 725 1683 764 quondam
1699 725 1764 756 Rex
1773 725 1902 766 Angliae,
1920 727 1965 758 vel
1980 727 2131 767 praedi&us
2144 728 2290 761 Dominus
2297 729 2452 763 Edwardus
2468 735 2497 758 E·
2519 742 2542 760 ¹·

1379 771 1457 792 nunc
1474 762 1539 793 Rex
1553 763 1623 794 filius
1636 765 1714 803 suus,
1731 774 1764 795 ea
1776 775 1833 796 unc
1855 776 1919 796 uam
1934 765 2040 803 plenius
2052 775 2201 799 tenuerunt
2236 769 2269 799 &
2282 779 2384 800 omnes
2396 779 2452 801 ter·
2471 779 2507 798 m·
2525 781 2552 798 2·

1379 809 1421 830 ras
1433 801 1468 831 &
1481 810 1641 845 tenemen-ta
1663 813 1728 842 quae
1748 804 1825 834 idem
1871 806 1985 835 ominus
2006 804 2102 836 noster
2124 805 2190 836 Rex
2207 792 2363 839 edwardus
2377 811 2453 850 cepit

1380 839 1414 870 &
1429 849 1492 880 capi
1514 841 1548 871 &
1564 841 1643 871 seiiiri
1658 841 1727 873 fecit
1742 843 1771 872 in
1789 852 1908 873 manum
1927 843 2003 873 suam
2015 867 2026 882 ‚
2053 844 2099 875 vel
2117 845 2174 876 alio
2196 846 2287 877 modo
2306 847 2453 886 adquisivit

1380 877 1460 915 super
1475 889 1528 909 nos
1540 880 1705 918 ubicunque
1718 882 1748 911 in
1762 881 1881 921 Wallia,
1898 890 2014 922 excepta
2029 882 2075 914 An
2098 883 2189 924 leseia,
2206 885 2240 915 &
2254 887 2321 926 quic
2343 887 2390 917 uid
2407 889 2453 926 ju-

1379 917 1431 956 ris,
1444 920 1640 977 proprietatis,
1658 918 1853 960 possessionis,
1873 922 1991 951 astionis
2012 921 2046 952 &
2064 933 2080 952 c
2092 923 2157 952 amii
2177 924 2260 954 nobis
2280 926 2314 956 &
2353 926 2454 957 aeredi-

1379 955 1431 986 bus
1444 968 1450 971 ·
1478 956 1580 988 nostris
1594 959 1765 995 conpetebat
1780 960 1813 990 &
1829 968 1980 999 conpetere
1992 969 2119 1000 poterat,
2136 972 2315 1003 quacumque
2327 963 2363 995 de
2373 965 2453 996 causa
2472 974 2488 990 α
2502 975 2541 1002 11,
2555 983 2570 1009 9

1379 995 1426 1038 vel
1441 997 1566 1035 ratione,
1585 998 1614 1027 in
1627 998 1776 1036 cantreda,
1791 1000 1869 1028 tetris
1883 1001 1916 1029 ὅ(
1931 1001 2098 1029 tenementis
2117 1001 2256 1039 praediffls
2269 1025 2279 1040 ,
2305 1004 2339 1034 ὃς
2354 1006 2453 1035 termi-

1378 1043 1421 1064 nis
1433 1035 1467 1065 &
1481 1034 1583 1066 finibus
1595 1035 1763 1066 eorumdem
1772 1059 1781 1074 ,
1799 1036 1927 1067 habenda
1941 1038 1975 1067 ὃ(
1990 1038 2110 1069 tenenda
2127 1038 2222 1069 eidem
2235 1041 2372 1073 Domino
2387 1053 2453 1074 nos-

1378 1081 1424 1103 tro
1441 1073 1517 1114 Regi
1530 1075 1564 1105 ὃ(
1578 1074 1734 1106 haeredibus
1747 1075 1799 1106 suis
1807 1099 1818 1115 ,
1836 1077 1929 1114 quieta
1943 1076 1977 1107 &
1996 1076 2083 1106 soluta
2098 1075 2134 1107 de
2153 1078 2236 1108 nobis
2249 1080 2282 1111 &
2296 1080 2453 1114 haeredibus

1376 1111 1479 1143 nostris
1492 1115 1521 1143 in
1536 1123 1712 1155 perpetuum.

1415 1151 1474 1191 Et,
1500 1153 1584 1193 siquae
1603 1153 1652 1183 scri
1674 1162 1744 1184 turae
1761 1153 1806 1184 vel
1825 1153 2011 1184 instrumenta
2025 1176 2035 1192 ,
2061 1163 2111 1191 per
2129 1164 2194 1195 quae
2212 1155 2297 1194 posfit
2317 1157 2451 1195 praedicta

1375 1191 1541 1230 concessio,
1558 1194 1639 1223 remil
1654 1202 1682 1223 io
1695 1193 1729 1224 &
1743 1193 1835 1231 quieta
1849 1193 1982 1223 clamatio
1999 1192 2137 1232 infringi,
2163 1194 2193 1223 in
2208 1203 2272 1225 toto
2285 1197 2330 1226 vel
2344 1197 2374 1227 in
2390 1207 2454 1235 par·

1377 1238 1421 1268 te,
1441 1231 1619 1262 inveniantur
1629 1254 1638 1269 ,
1654 1231 1788 1263 volumus
1803 1231 1836 1262 &
1852 1231 2054 1269 concedimus,
2074 1241 2128 1270 pro
2145 1233 2230 1264 nobis
2247 1234 2280 1265 &
2294 1233 2451 1267 haeredibus

1375 1268 1477 1338 1nostris
1490 1292 1499 1308 ‚
1523 1268 1601 1315 quod
1623 1270 1768 1309 praedidtae
1790 1269 1934 1311 scripturae
1951 1271 1997 1301 vel
2013 1269 2199 1302 instrumenta
2218 1272 2320 1304 nullius
2340 1276 2452 1312 penitus

1386 1316 1427 1338 int
1442 1317 1592 1339 momenti.

1411 1345 1445 1376 In
1462 1348 1541 1390 cujus
1560 1348 1601 1379 rei
1623 1347 1820 1380 testimonium
1841 1346 2022 1388 praesentibus
2041 1347 2161 1388 sigillum
2181 1349 2314 1382 nostrum
2331 1351 2454 1384 fecimus

1372 1394 1487 1424 apponi.

2445 618 2450 622 '
2469 625 2562 646 merar.

1411 1466 1479 1498 Dat.
1499 1467 1574 1508 apud
1590 1468 1776 1500 Aberconwe
1796 1467 1842 1498 die
1864 1467 1966 1499 Martis
1985 1470 2118 1507 proxima
2136 1478 2201 1501 ante
2220 1470 2338 1503 Festum
2355 1472 2452 1505 Sansti

1373 1504 1512 1546 Martini,
1531 1517 1607 1539 anno
1621 1507 1748 1538 Domini
1762 1506 1913 1538 millesimo
1926 1507 2122 1539 ducentesimo
2133 1509 2261 1548 septimo.

1370 1643 1507 1687 Princeps
1526 1641 1636 1675 ticilliae
1658 1640 1741 1674 dedit
1760 1639 1933 1687 potestatem
1960 1644 2037 1688 Regi
2059 1642 2178 1690 Angliae
2195 1669 2206 1687 ,
2238 1642 2285 1676 ad
2305 1642 2447 1678 ordinan-

1415 1689 1491 1722 dum
1506 1690 1588 1737 quod
1600 1690 1709 1735 frater
1727 1689 1861 1735 ejufiz'em
1877 1693 2024 1738 Principis
2040 1689 2151 1725 habeat
2168 1691 2252 1725 mille
2265 1695 2378 1727 Marc.
2397 1693 2451 1727 vel

1413 1742 1494 1772 citra
1506 1751 1563 1787 pro
1584 1744 1675 1772 terris
1688 1767 1698 1783 ,
1724 1738 1850 1772 eundem
1867 1738 2112 1788 contingentibus.

1368 1829 1430 1892 O
1442 1828 1578 1868 Mnibus‚
1595 1829 1629 1860 ad
1644 1839 1716 1868 quos
1726 1828 1872 1866 praesentes
1886 1829 1986 1861 littera:
2007 1830 2184 1868 pervenerint
2200 1853 2209 1869 ,
2237 1830 2399 1863 Lewelinus
2411 1830 2445 1862 fi·
2463 1829 2540 1862 Ann.
2552 1830 2570 1862 Ι

1443 1869 1492 1898 lius
1506 1868 1644 1907 Griffini,
1666 1868 1802 1908 Princeps
1815 1869 1949 1908 W’alliae,
1967 1869 2082 1901 salutem
2092 1871 2123 1899 'm
2137 1868 2282 1900 Domino.
2489 1879 2570 1908 1277⁴

1401 1906 1531 1938 Noverit
1545 1907 1723 1938 Univeriitas
1738 1907 1829 1938 vestra
1842 1908 1919 1947 quod
1932 1918 1985 1939 nos
1995 1908 2096 1939 damus
2107 1908 2260 1948 magnifico
2269 1908 2395 1947 Principi
2407 1910 2442 1940 &
2457 1911 2510 1937 An.
2534 1919 2565 1945 5.

1364 1945 1499 1976 Domino
1511 1946 1612 1977 nostro
1650 1946 1784 1977 Domino
1799 1945 1956 1985 Edwardo,
1977 1947 2036 1978 Dei
2049 1946 2135 1987 gratiii
2149 1969 2159 1986 ,
2188 1946 2266 1988 Regi
2281 1947 2394 1988 Angliae
2407 1949 2442 1978 il-
2459 1951 2489 1975 Ε.
2510 1957 2534 1975 ι-

1363 1984 1459 2024 lustri,
1475 1984 1611 2016 Domino
1619 1970 1787 2023 l-liberniae‚
1803 1986 1837 2016 ὃς
1850 1985 2117 2025 DuciAquitaniae,
2136 1994 2235 2016 tenore
2247 1986 2441 2026 praesentium,
2459 1990 2490 2014 L·
2503 1989 2530 2013 A
2535 2009 2540 2014 -
2547 1986 2570 2022 f

1382 2023 1514 2054 lenariam
1529 2024 1698 2062 potestatem
1713 2024 1879 2063 ordinandi,
1897 2025 1975 2065 quod
1990 2025 2166 2055 Rothericus
2179 2025 2265 2056 frater
2278 2025 2374 2056 noster
2390 2026 2440 2057 ha·
2463 2033 2526 2060 377-
2541 2026 2567 2053 b·

1385 2071 1427 2092 eat
1440 2062 1476 2093 de
1491 2062 1608 2093 denariis
1625 2062 1728 2093 nostris
1750 2063 1786 2093 us
1802 2072 1838 2093 ue
1858 2063 1894 2093 ad
1913 2063 2054 2094 summam
2075 2063 2155 2094 mille
2174 2063 2344 2094 Marcamm
2358 2088 2369 2104 ‚
2393 2065 2439 2096 vel
2458 2067 2532 2091 renes

1365 2102 1452 2140 citra,
1470 2112 1522 2143 pio
1538 2103 1668 2139 portione
1682 2110 1747 2140 quae
1761 2103 1785 2131 ei
1807 2111 1854 2132 em
1868 2101 1986 2133 debetur
2005 2102 2042 2132 de
2059 2103 2193 2132 omnibus
2213 2104 2292 2133 terris
2307 2103 2341 2134 &
2360 2112 2440 2134 tene—
2457 2105 2570 2131 Camera

1361 2144 1464 2172 mentis
1476 2163 1486 2179 ,
1509 2141 1633 2170 eundem
1653 2142 1712 2177 jure
1733 2140 1910 2171 haereditario
1931 2142 2163 2179 contingentibus
2182 2141 2377 2182 ubicumque3
2401 2143 2438 2173 ita
2459 2144 2516 2169 Rae.

1362 2179 1439 2217 quod
1454 2180 1538 2248 nobis
1552 2179 1627 2210 dic‘ta
1643 2180 1754 2209 summa
1770 2180 1900 2219 pecuniae
1918 2179 1979 2218 illa,
1997 2189 2083 2219 quam
2098 2179 2192 2213 eidem
2206 2179 2369 2212 Rotherico
2383 2181 2439 2212 sol-
2455 2179 2536 2245 ⁴fiVall-
2548 2189 2570 2216 5¹

1360 2227 1454 2249 vimus
1485 2229 1501 2249 a
1515 2227 1630 2249 ¹ocetur.
2479 2241 2484 2246 .
2506 2227 2530 2246 ι.

1400 2242 1486 2288 Uitia
1499 2266 1593 2288 tamen
1608 2257 1697 2288 dicitas
1713 2256 1790 2287 mille
1801 2255 1914 2287 Marcas
1929 2257 2017 2288 nichil
2029 2257 2059 2289 in
2077 2257 2132 2288 hac
2154 2267 2231 2298 parte
2244 2259 2349 2296 poterit
2361 2259 2439 2290 ordi·
2454 2266 2493 2286 m.
2515 2267 2542 2288 1.

1358 2304 1448 2334 nare,
1471 2305 1563 2326 ratum
1578 2296 1698 2326 habituri
1713 2296 1746 2326 &
1769 2304 1879 2335 gratum
1893 2296 2029 2334 quicquid
2043 2319 2054 2335 ,
2078 2297 2109 2327 in
2127 2296 2221 2328 forma
2254 2297 2369 2328 raedicia
2407 2299 2439 2329 in

1359 2334 1525 2373 praemiffis,
1543 2344 1592 2374 per
1611 2334 1723 2365 dietum
1741 2333 1907 2364 Dominum
1927 2334 2058 2365 nostrum
2073 2335 2204 2375 Regem,
2223 2307 2306 2368 fiierit
2326 2321 2439 2368 ordina-

1358 2382 1431 2443 tmsii
1445 2413 1524 2450 cujus
1537 2413 1578 2443 rei
1592 2411 1789 2443 testimonium
1802 2411 1851 2442 has
1866 2411 1967 2444 litteras
1980 2411 2088 2443 nostras
2099 2411 2160 2444 fieri
2175 2411 2294 2444 fecimus
2304 2421 2439 2452 patentes.

1395 2493 1467 2525 Dat.
1481 2493 1556 2533 apud
1571 2494 1773 2534 Aberconwey
1788 2517 1800 2533 ‚
1826 2492 1872 2524 die
1886 2491 1989 2525 Martis
2008 2493 2138 2532 proxima
2154 2503 2219 2526 ante
2234 2494 2350 2526 Festum
2365 2495 2437 2527 Sari-

1354 2533 1395 2564 Cti
1410 2533 1546 2573 Martini,
1563 2543 1640 2565 anno
1648 2532 1773 2564 Domini
1790 2532 1942 2564 millesimo
1954 2533 2148 2565 ducentefimo
2161 2534 2364 2574 septuagesimo
2376 2536 2437 2576 sep-

1352 2574 1435 2604 timo.

1402 2708 1452 2740 De
1469 2710 1638 2754 quingentis
1651 2709 1795 2748 Marcis,
1822 2718 1898 2752 quas
1915 2709 2054 2752 Princeps
2069 2705 2180 2741 Walliae
2188 2706 2291 2752 Jblvet
2309 2710 2385 2756 Regi·

1679 2766 1737 2802 pro
1754 2764 1839 2787 terra
1857 2753 1894 2788 de
1909 2755 2087 2804 Anglcfiya.

1351 2843 1414 2906 O
1425 2842 1565 2882 Mnibus‚
1583 2844 1730 2886 praesentes
1745 2843 1846 2875 litteras
1860 2841 1957 2874 visuris
1970 2843 2015 2876 vel
2034 2843 2167 2875 audituris
2178 2867 2188 2883 ,
2208 2844 2246 2876 L.
2260 2844 2330 2876 filius
2344 2844 2427 2877 Grif-
2445 2845 2522 2876 Ann.
2531 2847 2570 2879 D⁴

1424 2882 1490 2921 fini,
1509 2882 1646 2922 Princeps
1661 2883 1796 2922 Walliae,
1813 2882 1940 2913 salutem.
2465 2894 2551 2924 1277.

1383 2921 1511 2952 Noverit
1519 2920 1694 2954 Universitas
1709 2921 1816 2961 vestra,
1832 2931 1903 2959 nos,
1920 2930 1974 2961 pro
1987 2921 2072 2953 nobis
2084 2922 2119 2953 &
2132 2921 2293 2954 haeredibus
2305 2922 2423 2964 nostris,
2441 2927 2494 2952 An.
2510 2935 2539 2961 5.

1348 2961 1436 2992 teneri
1448 2961 1555 2992 solvere
1568 2961 1702 2993 Domino
1717 2959 1881 3000 Edwardo,
1896 2959 1957 2990 Dei
1967 2960 2072 3000 gratia,
2089 2961 2120 2991 R
2158 2962 2292 3001 iAngliae
2306 2963 2423 3002 illustri,
2440 2967 2469 2990 E.
2489 2973 2513 2990 1-

1347 2999 1382 3031 &
1396 2999 1554 3031 haeredibus
1568 3000 1621 3032 suis
1634 3001 1668 3032 ad
1687 3000 1858 3032 scaccarium
1879 2999 1959 3030 suum
1995 3000 2024 3029 in
2040 2969 2237 3045 Festoef‘saneti
2252 3000 2422 3041 Michaelis,
2438 3001 2546 3040 L.A.f.

1345 3038 1420 3077 apud
1433 3037 1594 3078 Cestriam,
1615 3041 1779 3083 quingentas
1791 3037 1907 3083 Marcas
1920 3061 1930 3076 ‚
1954 3023 2065 3083 singulis
2079 3049 2158 3069 annis
2171 3062 2180 3078 ‚
2204 3049 2259 3077 pro
2273 3048 2344 3085 terra
2358 3041 2422 3072 An-
2441 3048 2504 3076 377.
2523 3040 2549 3069 b.

1365 3078 1478 3118 leseyae‚
1497 3078 1530 3108 &
1544 3089 1597 3118 pro
1612 3087 1688 3119 parte
1702 3077 1798 3109 David
1812 3077 1898 3107 fratris
1911 3076 2017 3115 nostri,
2034 3077 2178 3117 quousque
2191 3078 2420 3118 persolverimus,
2437 3082 2509 3106 Penes
2517 3083 2570 3108 Ca-

1344 3087 1378 3149 ἕ(
1391 3117 1572 3148 docuerimus
1584 3128 1638 3148 nos
1657 3115 1816 3156 persolvisse
1837 3124 1944 3146 tantam
1959 3118 2142 3156 quantitatem
2158 3118 2304 3155 pecuniae,
2329 3128 2418 3158 quan-
2436 3126 2532 3145 merar.

1342 3165 1406 3187 turn
1423 3155 1594 3187 debebamus
1614 3156 1748 3187 Domino
1769 3155 1900 3186 Henrico
1912 3178 1924 3194 ,
1951 3155 2099 3193 quondam
2119 3155 2150 3185 R
2187 3156 2196 3185 i
2217 3155 2332 3196 Angliae
2347 3158 2416 3197 patri
2435 3159 2491 3183 Rot.

1342 3195 1409 3233 suo,
1428 3194 1462 3226 &
1476 3194 1568 3225 eidem
1590 3194 1725 3226 Domino
1740 3193 1884 3239 Edivardo
1898 3217 1909 3233 ,
1931 3201 2076 3240 tamquam
2091 3164 2195 3238 haerffii
2216 3194 2266 3239 suo
2279 3207 2298 3239 3¹
2316 3196 2351 3227 &
2369 3195 2416 3227 fiet
2435 3193 2508 3222 Wall.
2523 3203 2563 3230 5„

1341 3235 1424 3264 nobis
1437 3234 1526 3264 littera
1544 3233 1669 3264 Domini
1680 3234 1768 3273 Regis
1781 3234 1817 3264 de
1831 3241 1981 3274 quietantia
1997 3243 2027 3264 in
2040 3233 2152 3272 singulis
2166 3232 2353 3265 solutionibus
2367 3245 2417 3275 pe-
2437 3236 2466 3259 E.
2486 3242 2510 3260 1·

1342 3275 1434 3304 cuniae
1449 3272 1624 3310 supradidtae.
2432 3279 2470 3299 m.
2493 3280 2519 3299 1.
2547 3309 2557 3315 .

1378 3311 1413 3342 In
1430 3312 1510 3356 cujus
1530 3312 1570 3342 rei
1592 3310 1787 3342 testimonium
1807 3311 1991 3352 praesentibus
2005 3311 2127 3352 sigillum
2145 3311 2277 3343 nostrum
2297 3312 2418 3344 fecimus

1340 3360 1458 3392 apponi.

1375 3431 1444 3463 Dat.
1459 3430 1533 3470 apud
1548 3430 1729 3464 Aberconwe
1743 3456 1754 3472 ,
1777 3433 1823 3464 die
1838 3431 1941 3463 Martis
1959 3431 2090 3473 proxim&
2099 3441 2166 3463 ante
2185 3431 2300 3463 Festum
2318 3430 2414 3462 Sanffi

1338 3471 1483 3510 Martini,
1509 3480 1586 3501 anno
1605 3471 1730 3502 Domini
1752 3472 1904 3503 millesimo
1925 3470 2122 3503 ducentesimo
2138 3471 2338 3511 septuagefimo
2353 3469 2413 3509 sep-

1337 3513 1421 3542 timo.

1333 3646 1385 3677 De
1407 3655 1496 3678 1000
1515 3645 1658 3682 Marcis,
1681 3656 1737 3692 per
1754 3646 1866 3681 Wlliae
1885 3647 2053 3690 Principem
2071 3646 2234 3676 annuatim
2244 3652 2300 3688 pro
2316 3640 2407 3687 Insit-

1388 3692 1419 3725 la
1438 3692 1599 3739 Anglestiae
1607 3694 1763 3739 fhlvendis
1774 3722 1784 3738 ,
1809 3693 1907 3728 eidem
1923 3696 2058 3740 Principi
2064 3702 2203 3741 perpetuo
2219 3687 2352 3732 remijffis.
2421 3716 2501 3748 Am·
2514 3717 2558 3755 Di

1331 3780 1461 3836 REX
1478 3782 1627 3822 omnibus,
1646 3784 1681 3815 ad
1694 3794 1783 3825 quos,
1801 3784 1863 3816 &c.
1875 3783 2000 3815 salutem.
2369 3819 2381 3829 Α
2419 3765 2528 3831 211712757,

1423 3820 1521 3851 Sciatis
1535 3823 1630 3861 quod,
1645 3833 1714 3854 curn
1728 3834 1779 3862 per
1792 3823 1918 3854 formam
1932 3823 2024 3860 paci-5,
2041 3821 2177 3862 internos
2189 3825 2224 3846 ex
2238 3825 2314 3863 parte
2329 3829 2402 3859 ΗΠΒ)
2419 3838 2449 3861 Ε.
2472 3843 2498 3862 1.

1332 3862 1367 3892 &
1381 3860 1559 3892 Lewelinnm
1572 3861 1663 3892 filium
1678 3861 1799 3893 Griffini
1813 3885 1824 3900 ,
1849 3861 1948 3892 Princi
1985 3870 2016 3890 m
2031 3856 2147 3888 Walhae
2160 3864 2195 3885 ex
2215 3856 2297 3886 altera
2314 3858 2401 3903 refor-
2418 3876 2474 3900 Rae.

1331 3907 1433 3937 matae,
1450 3899 1528 3929 idem
1541 3899 1701 3932 Lewelinus
1717 3901 1738 3921 ²¹¹²
1753 3901 1787 3931 &
1802 3900 1926 3930 haeredes
1948 3899 1978 3929 ui
1991 3919 2001 3935 ,
2013 3895 2062 3940 ‚de
2073 3894 2124 3938 suo
2142 3904 2263 3963 ctffiiore
2276 3895 2402 3934 legitime
2419 3909 2495 3939 ΜΗ,
2509 3919 2540 3947 5.,

1329 3937 1515 3977 procreandi,
1532 3946 1677 3970 teneantur
1690 3939 1773 3970 nobis
1785 3962 1795 3977 ,
1817 3948 1871 3977 pro
1892 3935 2051 3980 Angleseia·
2069 3933 2146 3977 nulle
2206 3943 2279 3965 arcas
2293 3935 2401 3966 solvere
2416 3952 2447 3975 E.
2464 3957 2488 3977 1,

1326 3977 1489 4015 annuatim,
1506 3977 1541 4008 ad
1553 3977 1734 4010 Soeccarium
1748 3976 1879 4008 nostrum
1893 3973 1991 4006 Sane'ti
2005 3956 2171 4010 Michaelis3

1365 4015 1435 4047 Nos
1445 4014 1534 4049 dicias
1553 4017 1632 4052 mine
1644 4015 1762 4051 Marcas
1781 4023 1885 4047 annuas
1899 4011 1995 4045 eidem
2014 4009 2165 4043 Lewelino
2186 4011 2220 4044 δε
2241 4011 2400 4081 hae‘edsffl?
2417 3995 2553 4063 :tn-113s92,
2565 4014 2570 4050 ]

2388 4072 2400 4089 Σ
