2570 4261
0 961 1 982 ³
24 958 27 961 ’
51 965 128 995 Ann.
142 962 183 994 D.

71 1004 153 1033 1262.

0 1038 1 1046 ¹
50 1046 104 1071 An.
119 1042 166 1077 46.

0 1140 1 1152 ¹
49 1102 137 1154 Claus-

51 1158 102 1192 46.
115 1154 150 1188 &-

52 1204 98 1230 47.
114 1198 147 1221 H.
161 1201 185 1228 3.

52 1232 160 1268 m.4.d-

59 2159 79 2179 ὓ
94 2161 195 2195 I.750.

760 168 873 214 ET
957 172 1226 215 ACTA

0 254 1 308 l
45 254 177 326 Agr-&zu
192 256 250 288 aliis
264 256 479 290 Marchionibus
490 257 587 290 amicis
601 257 701 290 nostris
715 258 748 289 ὃς
764 258 860 289 vestris
875 279 884 295 ,
910 258 985 297 quod
1000 268 1118 290 ornnem
1131 283 1142 304 ,
1167 269 1253 299 quam

0 319 1 356 l
44 339 151 370 rium.

196 304 328 333 poterunt
347 298 521 328 dilioentiam
544 306 687 338 apponant
701 319 710 334 ‚
740 297 818 335 quod
840 296 1030 334 colligationes
1051 298 1254 335 paedia-orum

197 334 372 366 Walensium
387 323 567 366 dissolvantur
604 337 637 366 &
652 334 729 375 quod
741 335 790 374 ipsi
803 334 837 366 ad
852 333 937 364 fidem
950 334 1071 365 nostram
1086 344 1256 366 convertan-

194 380 252 403 tur:
271 374 304 404 δε
316 375 400 404 etiam
415 373 493 411 quod
506 358 633 410 praedicti
646 373 829 404 Marchiones
841 372 874 402 &
888 371 979 402 fideles
993 373 1081 403 nostri
1095 382 1178 404 terras
1191 384 1257 404 nos-

195 419 248 441 tras
261 413 295 443 &
311 411 410 442 Castra
421 413 452 441 in
471 420 555 441 manu
575 411 668 442 nostra
687 410 829 442 existentia
843 433 853 449 ,
876 420 943 440 cum
962 421 1032 448 opus
1045 411 1144 449 fuerit,
1159 412 1255 442 custo-

194 448 288 488 diant,
307 450 341 480 &
355 459 387 479 ea
400 449 436 478 ab
450 449 631 479 inimicorum
651 448 814 480 nostrorum
834 449 986 479 incursibus
1005 457 1149 489 tueantur,
1168 450 1256 480 taliter

194 497 246 518 vos
259 487 390 517 habentes
402 488 430 516 in
446 487 590 527 praemiffis
603 488 679 526 quod
694 487 808 518 affecitio
817 510 826 525 ‚
845 496 929 525 quam
944 487 1035 518 fideles
1048 487 1136 518 nostri
1152 488 1257 519 babent

194 535 258 566 erga
271 535 339 563 nos,
358 534 407 563 per
421 525 674 564 promptitudinem
692 526 784 565 operis
797 549 807 564 ,
830 526 981 563 praesertim
995 525 1066 556 dum
1087 535 1162 557 extra
1178 526 1258 567 Reg-

196 572 266 594 num
277 562 425 601 fuerimus,
442 563 493 593 hiis
504 563 601 594 diebus
616 563 759 595 evidenter
773 572 899 602 appareat
913 566 942 594 in
956 563 1069 595 effectu.

233 641 322 674 Teste
335 642 417 684 Rege
431 643 503 682 apud
519 643 651 674 Ambian.
667 653 704 674 22
718 644 765 675 die
776 643 843 683 Julii
852 668 862 682 ‚
881 654 955 675 anno
967 646 1027 677 &e
1040 643 1087 683 46.

201 776 320 807 Littera
337 773 464 819 Affonsb
478 776 682 807 Romanorum
702 779 738 813 ω’-
761 774 884 818 Castellae
903 779 976 823 Regi
991 802 1000 817 ‚
1035 774 1070 807 de
1081 779 1260 821 gratiarum

244 822 358 854 afflone
369 821 461 868 super
481 823 598 854 auxilio
626 821 722 855 oblato
740 850 750 866 ‚
787 823 823 856 de
847 835 903 855 non
925 822 1082 869 praestando
1108 823 1261 854 auxilium

241 879 346 903 contra
365 872 474 917 Regem
492 871 678 903 Alemanniae
691 898 700 914 ‚
726 883 833 905 necnon
852 870 888 904 dc
895 870 1023 917 fi‘lffidiO
1045 870 1209 915 Africano.

203 956 420 1019 MAgnisico
439 958 564 998 Principi
577 982 586 998 ,
609 960 642 991 &
663 959 880 1001 Consanguineo
897 960 946 992 suo
968 959 1122 991 karisi'imo-
1130 956 1266 994 Aifonso,

287 996 346 1027 Dei
360 998 462 1037 gratia,
476 998 677 1029 Romanorum
695 999 769 1038 Regi
782 1000 888 1039 semper
904 999 1051 1039 AugustO,
1069 995 1265 1039 &·Castel·lae,

201 1034 315 1072 Toleti,
333 1034 479 1075 Legionis,
498 1037 620 1067 Galetiae
637 1075 639 1077 ι
656 1037 761 1068 Sibiliae
777 1060 786 1077 ,
812 1037 969 1068 Cordubiae
982 1060 992 1076 ‚
1019 1036 1159 1072 Murciae,
1177 1033 1264 1064 Gien.

204 1073 238 1103 &
251 1071 390 1113 Algarbiae
403 1074 478 1115 Regi
494 1074 608 1113 illustri,
626 1060 770 1107 l-lenricus
782 1075 881 1107 ezidem
894 1074 980 1116 gratini
995 1097 1005 1114 ,
1027 1075 1088 1106 &c.
1103 1073 1218 1103 salutem
1231 1073 1265 1103 &

204 1110 318 1141 sincerae
330 1111 485 1144 dilectionis
498 1114 641 1145 affectum.

244 1148 388 1183 Discretos
399 1153 432 1183 &
449 1152 597 1191 prudentes
616 1154 689 1184 viros
701 1175 711 1190 ,
738 1152 908 1184 Ferrandum
930 1150 1084 1194 Roderici,
1104 1149 1220 1193 Albem.
1233 1146 1267 1192 de

208 1187 311 1219 Caneis
324 1190 449 1229 Rubeis,
469 1192 502 1222 ὃς
516 1191 631 1222 Petrum
645 1190 681 1221 de
695 1190 833 1229 Castello,
850 1191 885 1221 ad
898 1200 965 1228 nOS,
984 1199 1053 1220 curn
1067 1189 1163 1219 litteris
1174 1185 1268 1229 vestris

206 1225 242 1256 de
257 1227 414 1267 credentia,
432 1231 574 1260 venientes
595 1230 717 1269 benigne
738 1231 893 1266 recepimus
907 1236 938 1259 ut
957 1228 1096 1265 decebat3
1121 1227 1168 1270 qui
1188 1224 1269 1269 nobis

205 1273 304 1296 contra
318 1266 461 1298 Walenses
474 1269 507 1300 ὃς
519 1269 586 1299 alios
599 1267 731 1299 Rebelles
742 1267 852 1297 nostros
865 1277 898 1297 ex
913 1274 988 1304 parte
1001 1265 1109 1302 vestra,
1128 1267 1147 1294 ii
1161 1264 1209 1294 ind
1220 1272 1269 1306 ffe-

207 1314 317 1344 remus‚
335 1305 482 1337 subsidium
497 1314 661 1344 competens
673 1305 852 1344 obtulerunt,
867 1304 947 1343 super
962 1313 1021 1343 quo
1034 1304 1116 1334 vobis
1127 1302 1161 1333 ad
1175 1311 1225 1331 mu
1236 1309 1269 1331 ti-

205 1342 304 1373 modas
317 1345 467 1382 gratiarum
479 1345 642 1383 assurgimus
656 1343 791 1374 afflones:

244 1381 434 1421 significantes
446 1384 527 1414 vobis
542 1381 619 1420 quod
637 1380 764 1420 praedie'ti
778 1379 923 1411 Walenses
942 1389 1048 1419 treugas
1064 1379 1212 1410 nobiscum
1225 1388 1273 1422 ce-

205 1428 324 1458 perurit,
342 1421 376 1452 &
392 1421 429 1451 illi
441 1421 477 1451 de
490 1421 596 1461 Regno
610 1419 708 1450 nostro
727 1420 806 1450 variis
819 1420 1021 1450 turbationibus
1042 1419 1176 1449 haetenus
1190 1426 1275 1461 agita-

207 1460 227 1488 ti
240 1481 250 1496 ,
267 1459 282 1488 a
295 1460 458 1490 turbationis
470 1459 599 1490 instantia
611 1458 716 1489 cessant
729 1458 762 1488 ad
778 1459 908 1496 praesens·
930 1457 1131 1505 propterguod
1140 1479 1149 1495 ,
1166 1456 1216 1486 sub
1231 1466 1274 1485 in-

206 1496 321 1527 tervallo
341 1497 499 1536 hujusmodi
521 1499 577 1536 jam
597 1496 784 1527 transtulimus
805 1506 858 1526 nos
878 1481 913 1526 ad
933 1506 1021 1537 partes
1040 1496 1199 1527 Gallicanas
1220 1503 1273 1531 pro

226 1534 371 1566 uibusdam
386 1537 504 1575 negotiis
551 1545 602 1566 nos
618 1536 651 1567 &
667 1534 804 1575 Regnum
823 1534 952 1565 nostrum
972 1535 1167 1574 tangentibus,
1190 1541 1275 1576 erpe-

205 1545 315 1604 tdiendis
332 1574 438 1605 ibidem
455 1584 461 1604 :
487 1559 556 1605 N⁷os
568 1582 663 1605 autem
677 1596 687 1613 ,
713 1583 782 1605 cum
800 1574 911 1604 necesse
930 1573 1121 1610 habuerimus,
1139 1572 1274 1602 auxilium

207 1611 352 1651 vestrum,
368 1613 451 1643 nobis
465 1613 592 1643 oblatum
625 1622 695 1643 cum
709 1613 726 1643 s
739 1612 818 1643 eciali
833 1611 934 1643 fiducia
947 1613 1126 1651 requiremus.

244 1650 334 1690 Super
348 1651 406 1683 hoc
418 1660 513 1682 autern
529 1635 610 1690 quod
619 1651 688 1682 dieti
700 1622 813 1682 Iffuncii
827 1649 863 1681 de
877 1650 1007 1681 Subsidio
1021 1651 1103 1681 vobis
1116 1648 1274 1689 praestando

208 1698 308 1720 contra
320 1689 434 1730 Regem
450 1690 628 1723 Alemanniae
639 1690 795 1730 petierunt,
814 1699 866 1719 vos
877 1690 1017 1720 credimus
1029 1699 1090 1719 non
1100 1689 1182 1719 latere
1198 1686 1276 1725 quod

208 1727 265 1767 ipse
279 1727 440 1758 Germanus
455 1728 551 1759 noster
563 1729 597 1759 &
612 1728 704 1759 homo
717 1728 797 1768 ligius
810 1727 923 1766 existat,
939 1727 1047 1758 dudum
1063 1729 1092 1758 in
1105 1727 1220 1765 Regem
1235 1725 1276 1754 A-

206 1765 354 1796 lemanniae
367 1774 534 1805 coronatus,
552 1767 586 1797 &
599 1766 684 1797 etiam
698 1766 775 1804 quod
789 1775 917 1804 oporteat
929 1776 981 1796 nos
996 1766 1103 1804 ipsum,
1117 1775 1206 1806 quem
1219 1763 1277 1795 Ec-

207 1803 289 1833 clesia
302 1803 437 1836 Romana
452 1804 566 1844 Regem
579 1813 686 1843 reputat
701 1806 734 1836 &
747 1805 878 1846 appellat,
893 1814 945 1842 pro
959 1804 1006 1834 Re
1026 1815 1042 1834 e
1061 1814 1170 1842 tenere,
1209 1812 1276 1839 rop-

208 1850 250 1872 tet
262 1841 357 1881 quod,
373 1842 487 1881 Imperii
502 1843 643 1884 pendente
659 1845 776 1883 negotio
797 1843 846 1873 sub
860 1843 987 1874 examine
1039 1853 1152 1874 omanae
1199 1841 1275 1871 ccle-

208 1880 273 1919 fiae,
292 1891 351 1911 non
365 1882 522 1920 possemus,
541 1882 616 1912 salvo
628 1881 694 1913 fidei
709 1884 743 1914 δε
759 1881 893 1913 fidelitatis
906 1881 1024 1912 vinculo
1039 1905 1049 1920 ,
1069 1882 1169 1921 quibus
1182 1879 1274 1910 eidem

209 1917 343 1950 Ecclesiae
354 1920 531 1960 astringimur
545 1943 556 1959 ,
575 1920 654 1961 super
668 1921 727 1951 hoc
741 1920 846 1951 aliciuid
864 1929 1044 1965 attemptare3
1064 1928 1275 1956 verumtamen,

210 1957 228 1987 si
245 1958 371 1995 praefatus
385 1968 533 1998 germanus
544 1959 638 1989 noster
651 1959 733 1990 vobis
745 1960 885 1997 injuriatus
896 1959 979 1990 fuerit
992 1960 1021 1988 in
1034 1959 1127 1999 aliquo
1138 1981 1148 1996 ,
1171 1959 1204 1989 &
1217 1956 1275 1987 hoc

209 1996 244 2025 ad
261 1998 448 2028 monitionem
471 1998 505 2029 &
519 1997 719 2029 induetionem
739 1997 864 2028 nostram
884 1997 1033 2028 emendare
1053 1997 1173 2028 noluerit
1187 2019 1198 2034 ,
1223 2005 1276 2025 nos

210 2034 290 2102 {uper
305 2035 362 2066 hoc
371 2058 381 2074 ,
399 2035 478 2075 quod
490 2036 614 2075 foedera,
630 2037 702 2067 inter
716 2046 767 2067 vos
781 2059 791 2075 ,
815 2036 848 2067 &
863 2046 914 2066 nos
929 2036 1091 2074 contradia,
1109 2034 1278 2072 desiderant,

222 2082 353 2104 aciemus.

250 2111 396 2143 Caeterum
410 2113 489 2153 super
501 2113 579 2145 faCto
592 2113 774 2152 Wasconiae,
792 2112 827 2144 de
838 2123 897 2154 quo
910 2113 1037 2152 praediffl
1051 2111 1165 2143 Nuncii
1176 2121 1228 2141 nos
1243 2121 1276 2142 ex

211 2158 287 2189 parte
301 2150 393 2181 vestra
411 2154 426 2168 ³*
441 2152 647 2191 sollicitarunt,
670 2152 754 2183 vobis
773 2153 904 2183 volumus
919 2151 974 2182 esle
992 2160 1095 2182 notum
1115 2150 1193 2189 quod
1214 2160 1279 2188 pru-

210 2188 307 2219 dentes
320 2191 397 2220 vitos
411 2191 444 2222 &
456 2190 610 2231 solempnes
624 2190 764 2221 Nuncios
782 2190 880 2230 pluries
897 2190 932 2221 ad
952 2189 1138 2221 Wasconiam
1158 2187 1279 2220 destina-

210 2227 321 2266 vimus,
339 2227 375 2258 ad
392 2229 596 2267 complendum
609 2239 660 2267 pro
673 2237 749 2269 parte
766 2229 859 2259 nostra
872 2239 937 2269 quae
950 2229 981 2259 in
1001 2229 1195 2259 conventione
1208 2228 1279 2257 inter

210 2276 262 2297 vos
274 2267 308 2297 &
321 2276 373 2297 nos
387 2267 452 2298 inita
465 2270 662 2299 continentur:
683 2267 761 2307 Qi,
775 2267 810 2298 ad
830 2278 882 2298 nos
900 2267 1018 2306 reversi,
1035 2267 1187 2297 afferebant
1201 2266 1278 2306 quod

210 2304 297 2336 nichil
318 2315 372 2346 pro
392 2314 468 2344 parte
486 2306 581 2337 nostra
603 2307 732 2337 remansit
750 2306 864 2337 ulterius
884 2305 1066 2344 faciendum3
1091 2314 1213 2336 attamen
1227 2327 1236 2342 ,
1259 2304 1279 2335 fi

210 2342 278 2384 quid
293 2344 376 2374 nobis
390 2346 420 2375 in
433 2345 577 2383 praemissis
589 2345 680 2375 visum
692 2345 775 2376 fuerit
795 2344 930 2375 omissum
943 2368 954 2382 ,
976 2345 1020 2375 vel
1041 2344 1134 2375 minus
1151 2343 1281 2388 comple-

211 2389 273 2412 tum
286 2405 296 2420 ,
319 2383 426 2423 placeat
447 2384 527 2414 vobis
547 2384 669 2422 aliquem
681 2406 691 2422 ‚
715 2383 761 2413 seu
781 2383 887 2428 aliquos
905 2383 941 2413 de
955 2383 1053 2413 vestris
1071 2383 1105 2413 ad
1121 2390 1208 2422 partes
1223 2381 1279 2412 illas

211 2421 339 2459 mittere,
356 2422 390 2452 &
405 2431 457 2453 nos
477 2422 542 2453 tales
555 2423 584 2452 in
599 2422 749 2452 occursum
764 2420 798 2451 ad
809 2421 886 2452 diem
899 2444 908 2456 ,
933 2430 1018 2459 quem
1031 2421 1114 2451 nobis
1127 2419 1280 2460 affignave-

209 2460 282 2497 ritis,
301 2460 460 2497 mittemus,
477 2461 525 2499 qui
542 2460 653 2497 plenam
666 2459 809 2489 habebunt
823 2458 992 2499 potestatem
1005 2458 1126 2490 faciendi
1143 2460 1177 2489 ὅ(
1196 2468 1282 2489 com-

209 2497 303 2566 plendi
316 2507 380 2565 (ἷξες
395 2507 447 2565 pho
461 2506 537 2536 parte
553 2497 664 2536 nostra,
680 2497 834 2528 secundum
851 2498 1076 2528 conventionem
1097 2496 1280 2536 praedkstam,

224 2543 312 2565 uerint
352 2546 416 2566 cieri
436 2546 460 2566 a.

250 2572 300 2603 De
311 2573 429 2604 subsidio
443 2583 513 2604 vero
527 2573 688 2611 Affi-icano,
703 2574 738 2605 de
758 2584 818 2612 quo
837 2573 906 2605 dieti
921 2573 1034 2604 Nuncii
1054 2573 1177 2604 similiter
1198 2582 1281 2603 men-

213 2611 322 2642 tionem
337 2612 480 2650 fecerunt,
499 2613 581 2643 vobis
594 2613 613 2643 fi
634 2612 779 2643 nificamus
789 2612 868 2653 quod
881 2613 1018 2652 Regnum
1032 2611 1180 2650 nostrum,
1197 2621 1282 2643 occa-

213 2651 291 2682 sione
305 2651 497 2681 turbationum
511 2651 598 2691 praedi
629 2661 724 2689 arum,
737 2661 797 2681 non
810 2652 840 2681 in
852 2650 937 2681 firmo
950 2650 1021 2681 statu
1035 2648 1142 2680 existit:

252 2688 428 2720 Ceffantibus
441 2697 535 2720 autem
550 2690 758 2730 impedimentis
773 2689 927 2727 praedietis,
946 2689 979 2720 &
995 2689 1065 2719 statu
1079 2688 1177 2729 Regni
1191 2688 1281 2719 nostri

213 2728 244 2758 in
259 2727 358 2757 melius
370 2727 540 2765 reformato,
558 2728 676 2758 libenter
691 2728 771 2767 super
783 2728 842 2759 hoc
856 2728 992 2759 faciemus
1005 2725 1084 2767 quod
1103 2726 1208 2758 honori
1221 2737 1283 2760 ves-

215 2775 261 2807 tro
274 2767 307 2798 δε
322 2765 424 2796 nostro
437 2768 600 2797 noverimus
615 2768 779 2797 convenire.

216 2883 239 2913 ti
250 2841 340 2873 Teste
352 2840 436 2911 Rgge
449 2840 521 2880 apud
533 2840 671 2873 SanCtum
691 2841 870 2874 Germanum
884 2842 920 2874 de
935 2842 1041 2882 pratis,
1063 2842 1097 2873 16
1112 2841 1158 2874 die
1173 2842 1283 2883 Augus-

246 2904 256 2920 ,
273 2890 366 2919 anno,
420 2890 445 2911 c.

243 3005 293 3038 De
310 3002 455 3037 Emendis
473 3005 721 3051 Interceptionum
741 3015 845 3038 contra
869 3007 1002 3052 Treugas
1020 3017 1090 3039 cum
1109 3005 1258 3039 Lewelino

666 3053 829 3099 faciendis.

199 3176 204 3182 Ι
221 3136 348 3193 REX
366 3139 513 3177 omnibus,
532 3139 591 3170 &e
608 3140 728 3171 salutem.

321 3176 418 3208 Sciatis
433 3186 485 3207 nos
505 3179 709 3209 venerabilibus
728 3179 849 3218 patribus
863 3203 872 3218 ,
898 3180 937 3210 R.
954 3178 1140 3217 Coventra&
1160 3178 1286 3210 Liclifel-

176 3215 185 3256 ζ
221 3213 313 3253 denfi,
327 3215 362 3246 &
375 3214 404 3246 S.
415 3213 600 3247 Norwicensi
615 3216 759 3261 Episcopis
793 3218 828 3249 &
847 3218 954 3249 dileffls
975 3219 1009 3250 &
1024 3216 1150 3248 fidelibus
1165 3217 1284 3255 nostris,

220 3251 379 3296 Humftido
390 3252 428 3283 de
439 3252 541 3284 Bohun
556 3253 668 3285 Comiti
676 3254 738 3285 Her
764 3256 826 3287 ord.
840 3257 991 3296 &jacobo
1003 3257 1040 3287 de
1055 3256 1190 3293 Aldithel,
1211 3265 1284 3296 quos

221 3291 358 3322 mittimus
372 3291 407 3321 ad
429 3291 533 3322 vadum
555 3293 591 3323 de
606 3292 814 3335 Muntgomery
832 3296 863 3325 in
881 3294 1016 3326 Crastino
1038 3295 1111 3325 beati
1135 3294 1282 3325 Michaelis

181 3326 188 3334 ’
219 3330 351 3368 proximo
365 3337 502 3367 venturo,
520 3331 621 3370 quibus
633 3331 767 3362 omnibus
779 3355 790 3370 ,
813 3333 858 3363 vel
872 3343 973 3365 eorum
994 3333 1129 3373 aliquibus
1141 3356 1151 3371 ,
1175 3334 1222 3364 vel
1236 3333 1283 3363 ali-

222 3369 287 3406 cui,
303 3377 374 3407 quos
385 3367 431 3411 vel
443 3377 529 3411 quem
550 3368 656 3414 ibidem
669 3368 765 3414 'adeste
778 3372 929 3415 eontigerit
941 3395 951 3411 ‚
973 3372 1086 3411 plenam
1104 3370 1209 3416 dedisse
1229 3381 1283 3411 po-

222 3405 529 3486 {eessssiffibfssscsseffibffr‘
541 3406 1180 3492 {Ziffidssess‘i'smffiffii‘i'eeffrssssffiqffssii
1199 3419 1284 3493 ἑῖἓῗῖζ

221 3483 456 3553 copatxrgtgormain
476 3491 636 3522 treugarum
656 3491 728 3515 inter
742 3494 796 3515 nos
813 3485 848 3516 &
869 3485 1047 3517 Lewelinum
1061 3486 1149 3517 filium
1166 3486 1284 3518 Gnffini

221 3533 261 3553 mi
361 3531 367 3551 :

239 3559 1225 3643 m5222¹1n2l333¹123⁸q5⁶0⁵⁶v252¹3e3ss'saffiru'plazl‘f‘enziavgihffifit
1236 3563 1285 3632 ἓξὲξ

218 3610 335 3670 {eloco
379 3637 413 3668 &
432 3636 528 3667 diebus
546 3635 742 3668 continuandis
757 3659 767 3675 ,
792 3637 812 3668 fi
829 3639 940 3670 necesse
955 3640 1037 3670 fuerit
1082 3641 1126 3671 vel
1146 3640 1199 3670 alio
1219 3640 1283 3679 die,

238 3687 305 3708 uem
319 3660 356 3707 ad
365 3675 423 3706 hoe
435 3675 609 3713 providerint
623 3675 668 3720 vel
681 3673 852 3715 providerit,
867 3679 986 3708 nomine
999 3663 1099 3709 nostro
1113 3680 1142 3708 in
1157 3679 1284 3718 praemis»

216 3686 253 3746 gs
265 3715 408 3753 duxerint,
427 3713 472 3744 vel
486 3713 595 3745 duxerit
609 3713 778 3745 faciendum.
1043 3744 1046 3745 ⁷

257 3753 370 3785 Damus
383 3754 466 3784 etiam
482 3753 602 3792 praefatis
615 3751 777 3791 Episcopis‚
795 3750 924 3796 Cornifi,
941 3754 976 3785 &
991 3754 1106 3794 Jacobo
1120 3779 1130 3793 ,
1155 3755 1201 3786 vel
1218 3755 1285 3785 alio-

220 3802 285 3837 rum
297 3792 448 3837 aliquibus,
467 3800 538 3835 quos
551 3791 696 3858 velsquem
709 3789 800 3821 adesse
810 3792 958 3830 contigerit
966 3814 976 3831 ,
992 3794 1103 3838 plenam
1118 3794 1284 3838 potestatem

243 3915 259 3935 e
308 3915 478 3945 atos‚inpr
506 3916 546 3937 mi
674 3917 685 3936 i
760 3916 776 3936 a
899 3927 911 3943 ,
947 3916 963 3936 e
1011 3917 1055 3939 atu
1085 3930 1092 3937 .

311 3945 406 3983 cujus,
425 3945 487 3976 &e⁴

227 3997 498 4098 aszeffifll'gi'llffipo
512 4021 600 4054 Baffet
619 4021 779 4061 Justiciario
800 4019 899 4051 nostro
920 4019 1032 4060 Angliae
1046 4021 1120 4063 apud
1142 4022 1289 4055 Bannebir.

261 4099 336 4127 nm.
354 4098 379 4126 Ι.
396 4098 429 4128 Ρ.
448 4100 490 4129 11.

1309 170 1341 216 Ρ
1382 178 1422 219 U
1466 173 1498 220 B
1535 174 1568 222 'L
1604 183 1624 224 1
1662 176 1701 225 C
1736 181 1790 228 A.
2301 201 2353 247 73

2366 272 2442 308 Ann.
2460 272 2501 309 D.

2388 318 2472 346 1262.

1295 348 1416 380 Littera
1433 352 1540 395 Regis,
1567 355 1696 387 Ricara'a
1714 358 1788 403 Regi
1807 360 2027 402 Romanorum,
2053 361 2090 395 de
2108 366 2151 396 Re
2199 372 2354 409 agrotante
2372 359 2435 382 ΗΜ·
2452 365 2478 390 3·

1346 395 1430 452 apitii
1444 400 1589 430 Santium
1606 404 1792 436 Germanum
1808 405 1843 438 de
1860 410 1979 451 Pratis,
2003 412 2040 447 ᾤ’
2060 410 2096 444 de
2107 412 2147 456 β
2157 411 2236 454 sidio
2255 409 2352 443 eidem

1342 446 1415 491 Regi
1439 447 1644 480 Romanorum
1660 449 1833 487 exhibendo.

1295 526 1421 581 REX
1440 528 1581 561 kariffimo
1595 531 1680 564 Fratri
1698 535 1747 565 suo
1762 512 1886 569 Ricardo
1897 563 1907 576 ,
1932 542 2030 572 eadem
2050 543 2134 582 gratis
2150 543 2224 584 Regi
2239 537 2350 574 Roma-
2372 543 2447 573 Ann-
2464 538 2505 573 D-

1318 606 1323 611 ,
1358 575 1459 597 norum
1472 568 1584 608 fflssstfiz
1597 570 1704 610 semper
1712 573 1856 614 August0,
1872 577 1985 609 salutem
2000 584 2068 611 cur'n
2079 582 2206 613 fraternae
2220 583 2348 613 dileetio-
2392 581 2476 619 1262.

1295 614 1338 634 nis
1349 604 1461 637 affeetu.
2368 623 2420 647 An.
2435 620 2483 655 46.

1334 643 1451 674 Litteras
1468 645 1570 689 vestras
1583 648 1665 678 nobis
1679 649 1857 690 transmffas,
1874 663 1922 692 per
1941 665 2006 694 quas
2025 658 2156 694 petivistis
2177 668 2208 690 ut
2226 659 2263 690 de
2279 658 2350 689 statu
2365 662 2394 685 H
2396 680 2400 685 ·
2417 668 2441 694 3-

1296 681 1395 726 nos’rro
1406 684 1487 714 vobis
1498 694 1656 730 curaremus
1668 689 1795 728 prospera
1809 693 1956 731 nunciare,
1972 704 2007 724 eo
2027 696 2183 732 jocundiori
2199 699 2297 728 animo
2310 707 2353 727 re-
2372 694 2460 734 Claus.

1297 730 1331 787 pe
1342 730 1440 788 eimuS,
1457 732 1514 761 quo
1527 733 1710 756 easnovimus
1725 736 1758 757 ex
1779 730 1886 760 intimae
1900 731 2057 764 sinceritatis
2078 734 2225 766 affefflbus
2241 745 2353 776 proces-
2373 735 2420 770 46·
2439 736 2473 767 (3·

1310 771 1318 788 1
1366 782 1375 796 ⁷
1534 800 1538 805 .
1607 801 1612 806 .
2419 793 2425 799 .
2440 776 2473 799 H·
2484 780 2510 807 3„

1336 796 1467 841 Verum,
1492 809 1555 837 quia
1575 800 1676 833 scii-nus
1689 802 1765 847 quod
1784 807 1865 836 vobis
1879 830 1888 845 ,
1911 808 1946 839 ad
1965 809 2111 841 cumulum
2133 811 2307 842 recreationis
2322 811 2356 842 &
2378 783 2485 847 27-ϊᾶ-

1299 835 1472 880 exultationis
1484 859 1495 881 ,³
1518 839 1631 870 accedet
1648 842 1782 885 quicquid
1800 845 1887 875 nostri
1905 849 2032 886 corporis
2051 848 2166 887 sospitati
2181 850 2359 889 congruerit,

1300 881 1347 904 aut
1361 873 1469 904 cesserit
1482 886 1511 905 in
1524 877 1701 923 profestum,
1716 879 1780 910 ideo
1798 883 1878 913 vobis
1891 886 2008 922 apertius
2022 886 2121 917 statum
2137 888 2264 918 nostrum
2277 888 2357 918 duxi-

1301 921 1363 941 mus
1375 913 1572 957 exponendum
1587 939 1597 954 ,
1623 924 1781 961 intimantes
1799 922 1879 951 vobis
1899 923 1976 960 quod
1990 924 2163 956 infestatione
2179 926 2269 956 febrili
2285 925 2357 956 adeo

1301 949 1417 993 depreffi
1431 951 1578 996 fu¹m¹r¹³.&
1592 962 1676 985 attriti
1689 979 1698 993 ,
1723 957 1798 996 quod
1819 963 1930 998 negotia
1945 961 2039 993 nostra
2051 985 2060 1000 ,
2085 974 2137 1004 pro
2155 966 2255 995 ouibus
2270 973 2359 1001 partes

1302 986 1458 1032 Gallicanas
1471 989 1624 1030 adivunus,
1642 994 1771 1038 nondum
1775 1000 1924 1063 epotuimus
1938 1001 2081 1039 expedire:
2166 996 2173 1003 ⁴

1342 1025 1390 1055 Set
1412 1036 1485 1064 lam,
1503 1028 1622 1073 favente·
1633 1030 1720 1061 salutis
1739 1043 1773 1062 au
1792 1036 1853 1064 tore
1868 1058 1876 1072 ,
1901 1037 2135 1069 deambulationes
2153 1041 2270 1070 facimus
2287 1047 2361 1069 extra

1306 1063 1413 1094 ledium
1425 1087 1434 1102 ,
1459 1065 1594 1105 sperantes
1616 1078 1645 1098 in
1664 1068 1796 1101 Domino
1814 1073 1891 1109 quod
1906 1076 1936 1104 in
1957 1078 2088 1114 proximo
2102 1080 2256 1115 poterimus
2276 1077 2362 1107 dietas

1304 1101 1395 1132 fac-ere
1410 1112 1625 1143 competentem
1651 1107 1726 1151 unde
1746 1119 1796 1139 vos
1819 1119 1948 1178 rogamus
1964 1123 2094 1150 quatenus
2113 1115 2147 1145 de
2162 1116 2232 1146 statu
2251 1115 2362 1153 vestm,

1303 1150 1388 1188 quem
1401 1140 1563 1185 prosperum
1578 1151 1608 1174 ut
1619 1152 1765 1188 proprium
1777 1156 1851 1186 agno
1862 1158 1925 1179 cere
1945 1151 1964 1170 *²
1984 1161 2158 1191 peroptamus
2172 1178 2181 1192 ,
2204 1155 2287 1185 nobis
2301 1163 2364 1184 cre-

1305 1179 1361 1208 bro
1375 1178 1526 1218 significare
1538 1191 1638 1212 curetis
1644 1206 1661 1227 ,.
1671 1194 1726 1214 una
1737 1194 1806 1215 cum
1820 1185 1920 1217 vestrae
1933 1187 2108 1226 beneplacito
2117 1192 2273 1223 voluntatis.

1345 1216 1490 1262 Caeteruin
1504 1219 1540 1250 de
1553 1220 1683 1251 Subsidio
1696 1245 1706 1259 ‚
1731 1222 1767 1253 de
1787 1234 1845 1262 quo
1864 1224 1979 1257 dileetus
1994 1228 2027 1258 ὃς
2048 1228 2132 1258 fidelis
2151 1229 2244 1260 noster
2266 1230 2364 1261 Petrus

1307 1254 1343 1284 de
1357 1255 1491 1300 Sabaudia
1506 1268 1594 1298 nuper
1614 1260 1699 1290 nobis
1719 1262 1809 1300 tetigit
1829 1273 1862 1294 ex
1875 1272 1951 1303 parte
1967 1265 2072 1304 vestra,
2092 1268 2125 1297 ὃς
2139 1268 2174 1297 de
2195 1278 2252 1305 quo
2264 1293 2273 1306 ,
2299 1278 2364 1299 anie

1306 1294 1556 1326 transfretationem
1576 1298 1695 1329 vestram
1711 1322 1720 1337 ,
1743 1300 1918 1332 oblationem
1940 1304 2021 1334 vobis
2042 1304 2160 1335 fecimus
2179 1307 2247 1336 sicut
2261 1306 2366 1344 nostis,

1308 1340 1411 1363 votum
1423 1333 1553 1379 nostrum
1567 1337 1700 1375 consequi
1720 1348 1778 1368 non
1795 1341 1961 1380 potuimu33
1986 1342 2062 1372 unde
2081 1352 2133 1382 pro
2154 1345 2236 1374 vobis
2250 1367 2259 1382 ,
2282 1346 2368 1384 magis

1307 1380 1393 1440 guam
1405 1381 1459 1408 pro
1472 1374 1553 1404 nobis
1567 1374 1696 1406 dolemus
1711 1385 1717 1404 z
1742 1375 1944 1409 Verumtamen
1960 1402 1969 1418 ‚
1991 1390 2060 1411 cum
2075 1383 2103 1411 in
2124 1381 2256 1421 Angliam
2269 1383 2369 1412 reversi

1322 1419 1458 1448 uerlmuS,
1476 1421 1595 1456 ornnem
1608 1423 1692 1451 quam
1704 1416 1856 1454 poterimus
1870 1419 1945 1448 circa
1966 1418 2022 1450 hoc
2037 1419 2209 1460 diligentiam
2222 1420 2368 1461 impende-

1311 1457 1390 1492 mus,
1408 1458 1572 1493 memoriter
1588 1452 1734 1482 retinentes
1746 1453 1851 1485 labores
1871 1456 1904 1487 δε
1919 1456 2001 1488 taedia
2019 1468 2100 1496 quae,
2118 1460 2238 1498 negotiis
2252 1460 2369 1499 propriis

1310 1486 1463 1517 discrimini
1480 1488 1654 1532 &Ofortunae
1675 1492 1830 1523 commissis
1844 1517 1854 1532 ‚
1886 1504 1939 1532 pro
1958 1496 2156 1527 reformatione
2176 1496 2259 1528 statiis
2279 1497 2370 1528 nostri

1311 1533 1448 1564 gratanter
1463 1526 1496 1556 δε
1512 1527 1658 1560 liberaliter
1671 1530 1797 1560 subiistis.

1352 1563 1627 1610 Qiapropterparati
1640 1568 1754 1612 summ,
1772 1570 1805 1600 &
1819 1571 1920 1602 erimus
1935 1594 1946 1610 ,
1970 1582 2023 1612 pro
2041 1573 2120 1613 poffe
2134 1573 2231 1605 nostro
2243 1597 2253 1612 ,
2272 1573 2370 1605 vestris

1312 1600 1404 1632 favere
1418 1602 1571 1647 desideriis,
1589 1606 1622 1636 &
1638 1617 1667 1636 in
1682 1607 1739 1637 hoc
1753 1608 1787 1638 &
1801 1609 1829 1638 in
1844 1609 1917 1648 aliis,
1936 1611 2083 1642 honori&
2098 1613 2254 1643 exaltationi
2268 1612 2369 1643 vestrae

1313 1642 1548 1681 congruentibus,
1562 1653 1681 1675 omnem
1696 1647 1847 1677 amicitiam
1863 1658 1948 1687 quam
1963 1652 2114 1688 poterimus
2130 1674 2140 1689 ,
2154 1651 2196 1682 ,δε
2209 1651 2369 1682 subventio-

1312 1680 1505 1747 :gigreauxilium
1524 1682 1606 1713 vobis
1620 1705 1630 1722 ‚
1656 1691 1798 1724 tamquam
1820 1685 1969 1718 Germano
1988 1688 2087 1719 nostro
2108 1688 2273 1729 kariffimo‚
2294 1690 2375 1720 exhi-

2386 1156 2402 1174 θ
2418 1157 2440 1188 Ῑ,
2455 1159 2519 1193 γςίι·

1313 1794 1439 1865 teggrsiise
1454 1795 1535 1836 Rege
1553 1799 1626 1838 apud
1641 1799 1775 1832 Sanstum
1795 1801 1974 1834 Germanum
1993 1803 2029 1835 de
2049 1802 2137 1835 Pratis
2149 1825 2159 1842 ,
2186 1813 2224 1843 30
2239 1800 2285 1835 die
2303 1800 2372 1843 sep·

1338 1959 1386 1990 De
1402 1961 1606 1994 Matrimonia
1622 1966 1699 1997 inter
1717 1966 1831 1997 Ducem
1852 1963 2114 2012 Brnnffwicenftm
2128 1993 2138 2008 ,
2161 1970 2198 2004 (9⁴
2214 1964 2349 2012 sbrorem

1537 2009 1730 2045 Marchionis
1747 2016 1985 2047 Montis-Feretri
2002 2015 2158 2048 contracto.

1316 2093 1543 2154 MAndatum
1564 2094 1605 2125 est
1618 2095 1698 2140 Duci
1713 2097 1870 2130 Bruneswik
1883 2099 1978 2139 quod,
1995 2109 2063 2131 cum
2078 2102 2149 2130 inter
2161 2100 2266 2140 ipsum,
2286 2100 2319 2132 &
2332 2100 2374 2130 so·
2397 2108 2473 2142 Αῃῃ,
2486 2107 2528 2143 D„

1400 2141 1494 2176 rorem
1516 2132 1693 2165 Marchionis
1715 2135 1828 2167 Montis
1851 2137 1940 2168 Ferati
1953 2161 1962 2176 ,
1983 2148 2078 2169 coram
2103 2139 2183 2177 Rege
2205 2139 2237 2170 &
2263 2139 2374 2170 Reoina
2426 2153 2507 2181 1062,

1316 2167 1459 2216 Franciae,
1475 2171 1605 2216 Angfiae,
1623 2174 1657 2203 &
1673 2173 1813 2206 Navarrae
1827 2185 1874 2214 per
1889 2176 2002 2215 Regem
2021 2178 2054 2208 &
2069 2176 2203 2207 Nuncios
2216 2178 2297 2217 ipsius
2309 2164 2376 2208 bu-
2398 2174 2460 2216 An-
2504 2177 2509 2180 ”

1317 2215 1358 2236 cis
1371 2207 1593 2241 Matrimonium
1605 2210 1784 2250 solempniter
1798 2214 1829 2245 sit
1844 2215 2039 2252 comraCtum,
2057 2217 2200 2254 quatinus,
2217 2215 2293 2246 idem
2308 2215 2376 2246 Dux
2400 2233 2434 2254 H.
2453 2237 2478 2264 3,

1318 2244 1352 2275 ad
1366 2247 1540 2286 praesentiam
1555 2249 1642 2288 Regis
1658 2250 1791 2282 London.
1812 2254 1921 2291 veniat⁷
1940 2254 1968 2283 in
1985 2253 2136 2293 Qindena
2154 2253 2268 2297 Paschae
2282 2255 2376 2294 proxi*
2398 2267 2464 2293 Clau
2479 2287 2486 2294 ‚

1317 2293 1505 2353 glipusventura
1520 2312 1531 2328 ,
1555 2290 1706 2329 conjugem
1725 2289 1801 2321 suam
1820 2291 1985 2331 praedictam
2002 2292 2066 2322 inde
2082 2292 2116 2322 ad
2137 2301 2246 2332 propria
2258 2292 2375 2332 perduo·
2397 2306 2443 2339 4⁶·
2485 2309 2529 2338 47«

2444 2211 2449 2216 .
2463 2192 2509 2225 46,

2399 2347 2457 2378 H.3
2477 2352 2512 2371 m,

1317 2398 1540 2472 a111'{“)est‹2&lc{ege
1552 2403 1770 2444 apud‘SaniStum
1785 2405 1962 2438 Germanum
1973 2406 2008 2437 de
2020 2405 2123 2446 Pratis,
2138 2407 2157 2438 6
2170 2406 2216 2438 die
2222 2404 2375 2445 Octobris,
2402 2390 2427 2417 3⁴
2441 2382 2467 2408 A*

1401 2462 1409 2477 ‚
1481 2462 1488 2469 .

1599 2569 1659 2600 Pro
1678 2570 1715 2601 R.
1736 2567 1958 2615 Archiepiscopo
1979 2571 2099 2603 Carent.

1320 2645 1537 2707 HEnricus,
1557 2650 1614 2681 Dei
1632 2653 1732 2692 gratia,
1752 2653 1816 2684 Rex
1832 2653 1940 2695 Angliae
1955 2677 1965 2693 ,
1989 2653 2133 2685 Dominus
2149 2649 2297 2685 Hiberniae
2311 2679 2322 2694 ,
2345 2653 2378 2687 &
2401 2658 2476 2692 Αῃῃ.
2492 2656 2532 2693 D,

1402 2686 1471 2718 Dux
1487 2688 1683 2727 Aequitanniae
1698 2714 1708 2730 ,
1732 2691 1839 2723 dileeto
1859 2693 1976 2724 Clerico
1996 2694 2030 2724 &
2045 2692 2221 2724 Cancellario
2241 2693 2307 2733 suo,
2325 2694 2378 2725 W.
2430 2700 2513 2730 1262..

1319 2722 1355 2753 de
1372 2723 1507 2765 Menon,
1526 2727 1648 2758 salutem.
2400 2742 2452 2766 An.
2469 2741 2517 2774 46.

1341 2761 1529 2807 ‘Mandamus
1541 2765 1622 2797 vobis
1636 2766 1728 2806 quod,
1746 2767 1868 2800 scrutatis
1881 2769 1994 2800 Rotulis
2007 2768 2187 2800 Cancellariae
2201 2769 2322 2809 nostrae,
2340 2770 2381 2801 fa-
2402 2782 2436 2804 H.
2454 2786 2479 2813 3.

1320 2809 1396 2846 cniatis
1411 2803 1512 2835 habere
1525 2806 1675 2836 venerabili
1688 2806 1762 2837 Patri
1778 2807 1816 2838 R.
1831 2808 1945 2839 Carent.
1962 2808 2143 2848 Archiepisco
2157 2809 2242 2839 breve
2256 2809 2336 2839 suum
2348 2810 2381 2839 de
2403 2819 2443 2842 Ex
2462 2818 2534 2843 Bure-

1319 2837 1451 2879 lrberate,
1472 2842 1507 2873 de
1522 2844 1645 2874 termino
1665 2844 1760 2875 Sancti
1782 2845 1931 2877 Michaelis
1953 2848 2085 2886 proximo
2105 2848 2264 2886 praeterito,
2283 2847 2319 2878 de
2332 2857 2381 2878 an-
2403 2853 2516 2882 destit-

1320 2887 1380 2909 nuo
1393 2879 1481 2911 feodo
1496 2881 1562 2920 suo,
1577 2882 1655 2922 quod
1668 2885 1786 2924 percipit
1800 2884 1834 2915 ad
1850 2885 2028 2916 Scaccarium
2042 2884 2180 2915 nostrum»
2399 2898 2519 2919 remem-

2402 2936 2456 2967 pore
2463 2934 2496 2958 H.
2508 2937 2533 2967 g.

1357 2954 1444 2999 Teste
1460 2957 1567 2996 meipso
1578 2958 1650 2996 apud
1662 2959 1799 2992 sanetum
1813 2961 1992 2992 Germanum
2011 2961 2046 2992 de
2059 2960 2148 2992 Pratis
2166 2985 2175 3000 ,
2196 2962 2212 2990 8
2226 2961 2272 2993 die
2287 2962 2382 2995 06:0-

1321 2993 1395 3032 bris,
1410 3005 1487 3026 anno
1500 2996 1594 3036 Regni
1608 2998 1696 3029 nostri
1710 3000 1760 3037 46.

1324 3121 1382 3152 Pro
1402 3117 1621 3153 Execusoribus
1641 3121 1798 3156 Amaudei
1819 3123 1969 3169 quandam
1996 3127 2119 3157 Comitis
2142 3123 2318 3167 &baudi-2,
2343 3128 2380 3163 est*

1440 3167 1557 3201 Thomae
1571 3168 1608 3201 de
1626 3169 1784 3204 Sabaudia
1797 3171 1948 3218 quondam
1967 3175 2090 3205 Comitis
2109 3173 2264 3206 Flandriae.

1403 3253 1535 3291 Enricus,
1553 3251 1707 3298 Dei-gratia
1754 3255 1819 3286 Rex
1837 3256 1949 3297 Angliae
1963 3281 1973 3295 ,
1999 3255 2143 3288 Dominus
2163 3257 2322 3294 Hiberniae,
2343 3254 2377 3288 &-
2399 3245 2478 3281 ΑΜ·
2492 3246 2535 3282 D„

1405 3291 1473 3322 Dux
1486 3292 1643 3331 Aquitaniae
1658 3316 1668 3331 ,
1690 3293 1721 3324 di
1730 3295 1795 3326 ecto
1810 3294 1925 3327 Clerico
1946 3297 1978 3327 &
1994 3295 2169 3327 Cancellario
2187 3296 2252 3333 suo,
2270 3295 2322 3325 W.
2341 3295 2376 3325 de
2420 3288 2505 3320 1262·

1321 3328 1458 3368 Metron,
1476 3329 1597 3360 salutem.
2397 3331 2452 3355 An.
2467 3329 2517 3364 4⁶·

1359 3367 1457 3398 Sciatis
1471 3369 1546 3407 quod
1562 3376 1569 3384 '
1580 3368 1613 3399 ad
1629 3367 1787 3400 instantiam
1802 3370 1995 3403 Executorum
2009 3372 2256 3402 Testamentorum
2271 3368 2378 3401 Amair-
2397 3371 2432 3394 H.
2449 3376 2476 3403 3»

1321 3404 1367 3443 di,
1383 3407 1527 3446 quondam
1542 3391 1630 3436 (jom-
1645 3407 1805 3447 sabaudiae,
1823 3409 1855 3440 ὃς
1872 3411 2000 3441 Thomae
2013 3409 2048 3440 de
2060 3410 2193 3440 Sabaudia
2208 3431 2218 3446 ,
2233 3409 2376 3447 quondam
2399 3409 2516 3449 1⁴:²⁶3qu

1322 3443 1411 3474 Com.
1428 3445 1580 3482 Flandriae,
1599 3445 1696 3475 Fratris
1709 3447 1764 3484 ejus
1779 3471 1789 3484 ‚
1815 3449 2030 3479 concesserimus
2046 3448 2195 3479 venerabili
2216 3446 2288 3476 Patri
2310 3446 2378 3477 Phi-
2399 3442 2437 3469 del
2461 3447 2518 3471 th⁶

1322 3482 1399 3522 lippo
1417 3482 1584 3523 Lugdunen.
1600 3483 1716 3523 illecto,
1733 3485 1819 3515 Fratri
1834 3487 2032 3526 praediffiiorum
2053 3485 2172 3516 Amaudi
2188 3484 2221 3515 &
2234 3485 2380 3523 Thomae,
2399 3488 2446 3507 m·
2466 3488 2533 3507 ‘2¹⁸⁶

1323 3521 1356 3552 &
1371 3521 1522 3552 Attornato
1541 3522 1741 3559 praedictorum
1760 3523 1970 3563 Executoruin,
1985 3524 2062 3563 quod
2077 3524 2112 3554 de
2132 3532 2217 3553 arrera
2239 3524 2267 3554 'is
2281 3523 2380 3554 feodo-
2401 3526 2457 3556 ΡΜ
2465 3523 2532 3555 ΗΒ·

1322 3569 1386 3589 rum
1400 3560 1527 3597 suorum,
1542 3570 1607 3599 quae
1619 3561 1658 3590 eis
1671 3563 1893 3593 concesietamus
1907 3565 2049 3594 annuatim
2061 3563 2203 3602 percipien
2223 3571 2238 3591 a
2252 3562 2287 3592 ad
2295 3562 2381 3593 Scac-

1322 3600 1430 3628 carium
1445 3598 1590 3637 nostrum,
1608 3599 1683 3629 idem
1697 3599 1810 3630 Electus
1825 3603 1959 3639 percipiat
1972 3624 1982 3640 ‚
2008 3610 2056 3641 per
2067 3608 2173 3630 annum
2185 3624 2196 3638 ,
2214 3599 2248 3635 ad
2262 3600 2381 3632 Scacca-

1322 3638 1394 3667 rium
1411 3637 1554 3674 nostrum,
1570 3637 1648 3667 mille
1664 3636 1790 3668 Marcas:

1360 3674 1424 3705 Viz.
1439 3674 1472 3704 ad
1487 3675 1665 3705 Scaccarium
1678 3676 1808 3706 nostrum
1822 3675 1917 3707 Pasch.
1931 3677 2062 3714 proximo
2076 3676 2189 3715 sequens
2210 3676 2287 3707 mille
2301 3676 2382 3708 Mar-

1323 3722 1385 3751 cas,
1401 3714 1435 3744 &
1449 3712 1484 3743 ad
1498 3713 1676 3744 Scaccarium
1691 3713 1820 3744 nostrum
1839 3715 1936 3744 Sanffl
1957 3714 2104 3745 Michaelis
2124 3715 2254 3752 proximo
2268 3716 2382 3756 sequens

1342 3753 1484 3791 uingentas
1506 3750 1642 3789 Marcas,
1664 3751 1700 3781 ὅ(
1720 3751 1754 3781 ad
1769 3752 1947 3783 Scaccarium
1965 3752 2094 3784 nostrum
2115 3752 2229 3784 Paschae
2250 3756 2382 3794 proximo

1333 3800 1435 3830 equens
1449 3790 1509 3819 alias
1529 3790 1692 3829 quingentas
1714 3789 1849 3828 Marcas3
1875 3791 1908 3822 &
1925 3791 1961 3821 sic
1976 3815 1985 3830 ‚
2009 3792 2045 3822 de
2061 3802 2136 3822 anno
2156 3793 2185 3822 in
2206 3802 2330 3829 annum,
2347 3792 2381 3822 nd

1323 3829 1436 3896 eostslelrn
1447 3828 1597 3866 terminos,
1615 3827 1692 3858 mille
1706 3827 1818 3859 Mamas
1832 3851 1842 3866 ,
1864 3829 1956 3860 donec
1977 3831 2110 3870 praedidta
2125 3830 2218 3862 debita
2236 3832 2261 3861 ei
2281 3830 2383 3860 fuerint

1359 3878 1371 3897 r
1383 3877 1402 3896 o
1412 3874 1466 3896 uta.

1323 3876 1399 3935 peEt
1415 3905 1479 3935 ideo
1490 3904 1572 3934 vobis
1586 3903 1750 3935 mandamus
1761 3904 1855 3943 quod,
1874 3904 1994 3937 scrutatis
2002 3906 2116 3939 Rotulis
2123 3906 2302 3939 Cancellariae
2317 3913 2383 3937 nos-

1325 3953 1391 3982 trae,
1410 3944 1495 3973 breve
1510 3942 1529 3961 ¹¹²
1544 3943 1576 3972 de
1590 3941 1705 3972 liberate
1716 3944 1758 3980 ei,
1775 3943 1820 3973 vel
1840 3953 1919 3974 certo
1940 3945 2093 3978 Attomato
2111 3945 2178 3984 suo,
2192 3947 2227 3976 de
2243 3945 2382 3985 praedietis
2401 3952 2419 3972 ὴ
2431 3948 2454 3978 i.
2470 3954 2533 3985 75³4

1326 3993 1412 4014 ari-era
1431 3983 1461 4011 iis
1473 3980 1573 4012 habere
1587 3980 1690 4012 faciatis
1704 3981 1773 4012 ficut
1785 3980 1952 4021 praedistum
1965 3983 2013 4015 est.

1366 4022 1412 4051 Te
1437 4031 1454 4051 e
1466 4021 1522 4050 mei
1543 4019 1573 4049 so
1585 4019 1658 4059 apud
1672 4019 1809 4050 Sannum
1821 4019 1958 4053 Maurum
1971 4022 2006 4054 de
2025 4021 2156 4061 Fossatis,
2174 4030 2210 4052 12
2222 4021 2267 4052 die
2287 4019 2382 4052 oero-

1329 4061 1402 4097 bris,
1421 4068 1496 4089 anno
1541 4059 1606 4098 egui
1621 4057 1708 4089 nostri
1720 4058 1767 4096 46.
1862 4096 1889 4128 K
2339 4096 2383 4125 De
