2570 4261
243 113 319 152 128

98 198 174 230 Ann.
189 195 229 226 D.
245 195 447 228 monasterium
462 194 491 224 in
512 192 636 224 crastino
653 191 765 222 Sanctae
775 189 920 221 Trinitatis
941 189 1073 230 proximo
1092 187 1206 225 futuro,
1222 186 1301 223 super

695 94 1932 147 CONVENTIONES‚LITERAE,
2564 149 2570 180 ἡ

1334 180 1560 212 Castellanorurn
1582 182 1765 222 conducere,
1789 182 1823 213 δε
1840 182 1870 212 ἰη
1894 183 1949 220 eis,
1964 180 2015 212 sub
2036 180 2132 219 aliquo
2156 180 2273 222 colore,
2287 192 2396 216 merces
2414 180 2542 217 Ann.D.
2556 184 2570 222 'li

1333 219 1391 250 suas
1405 230 1559 258 reponere:
1579 231 1633 251 nec
1649 223 1750 260 etiarn,
1769 222 1799 251 in
1815 220 1932 251 navibus
1944 220 1995 250 suis
2010 221 2131 257 propriis
2165 230 2275 251 merces
2292 223 2326 253 &
2340 224 2395 254 bo-
2438 231 2524 261 1294·
2568 227 2570 254 1

121 244 205 275 1294.

99 279 167 303 Euv.
190 283 213 301 ι.

100 701 227 736 ⁵11.632.

101 1173 176 1204 Ann.
187 1171 228 1202 D.

121 1220 205 1250 1294.

99 1256 150 1279 Aa.
173 1260 215 1278 22.

98 1294 130 1318 E.
154 1299 175 1316 r.

97 1332 228 1354 Rot.Scot.

100 1376 145 1392 22.
161 1370 189 1393 E.
208 1376 228 1395 1.

96 1414 133 1430 m.
154 1414 179 1432 2.

246 236 363 266 neootiis
379 236 413 264 δε
426 231 648 270 inquisitionibus
663 229 828 267 supradistis.
876 267 881 271 .
912 266 918 271 ⁵
967 265 991 271 '—
1264 263 1268 268 Ι
1295 262 1300 267 .

282 259 408 310 T'ropter.
419 270 497 308 quod
510 270 641 300 volumus
656 267 734 306 quod
747 267 816 297 scire
830 266 932 297 faciatis
949 264 1070 302 elidem,
1088 263 1166 302 quod
1187 262 1240 293 sint
1262 262 1301 291 ibi

245 310 281 340 ad
298 310 418 341 eundem
429 308 522 346 diem3
541 309 574 338 δε
590 307 710 336 similiter
724 306 801 336 diem
825 304 925 342 duelli,
942 305 980 333 eis
998 303 1110 340 datum,
1127 311 1225 332 coram
1246 310 1300 330 vo-

246 350 288 379 bis
303 348 438 386 assignetis
452 356 550 376 coram
565 346 647 375 nobis
657 344 730 382 apud
748 341 1054 385 Westrnonasterium,
1072 343 1101 370 in
1120 339 1224 382 eodetn
1247 337 1301 382 sta-

248 395 295 424 tu,
311 396 370 423 quo
381 385 529 423 negotium
544 383 596 414 fuit
610 382 786 421 adjornatum
801 390 900 412 coram
918 380 1019 418 vobis,
1038 388 1074 410 ita
1088 378 1166 417 quod
1186 381 1256 421 iint,
1272 386 1302 405 in

247 424 366 462 propriis
380 423 502 460 perionis
516 423 567 452 suis
602 421 676 459 apud
687 419 977 451 VVestmonasterium
989 418 1024 448 ad
1038 416 1201 449 faciendum
1219 415 1302 452 mde,

246 464 281 493 &
294 460 488 498 recipiendum
502 444 585 498 quocs
592 459 679 490 Curia
691 459 785 490 nostra
797 458 990 488 considerabit.
1074 495 1079 500 .
1214 493 1218 497 ³

284 498 322 529 Et
341 499 475 529 volumus
497 498 575 536 quod
596 499 711 528 interim
732 507 792 528 non
812 495 980 535 procedatur
999 496 1028 538 in
1046 494 1142 537 aliquo
1156 517 1166 530 ,
1192 491 1302 535 dist-um

247 536 372 567 duellum
385 545 431 567 tan
452 545 533 575 ente,
547 536 692 575 quousque
704 537 832 567 venerint
846 543 944 564 coram
959 534 1098 570 nobis,&
1111 530 1305 575 inde-ordina-

245 577 368 606 verimus
390 586 428 606 vo
441 583 565 606 untatem
587 574 713 606 nostram
728 598 738 614 ,
768 572 924 605 secundum
944 571 1023 609 quod
1053 571 1136 601 nobis
1163 569 1305 601 videbitur

246 613 405 644 consonum
422 615 532 644 rationi.
1156 647 1162 653 .

282 651 390 721 Et‚lde
408 652 542 683 consensu
563 651 694 682 vestrum
707 651 793 682 trium
807 650 928 688 aliquem
943 648 1068 686 probum
1082 647 1232 677 hominem
1267 643 1304 675 de

246 691 318 721 terra
336 691 381 721 ilfi

243 729 376 760 officium
386 716 435 768 jul
452 731 567 766 iciariae,
585 727 670 766 usque
685 728 718 757 ad
733 727 854 758 reditum
868 725 994 769 vestrum
1009 723 1044 754 ad
1059 734 1146 762 partes
1166 723 1241 760 illas,
1256 721 1303 752 vel

246 768 392 807 quousque
407 769 487 806 super
501 768 558 798 hoc
576 766 651 796 aliter
667 776 715 805 per
730 777 782 796 nos
792 766 874 796 fuerit
884 764 1055 795 ordinatum.
1106 801 1111 807 .

283 806 320 836 Et
339 807 472 837 volumus
491 805 585 844 quod,
604 805 639 835 ad
660 805 782 835 eundem
796 804 872 835 diem
886 802 987 839 duelli,
1006 802 1126 831 habeatis
1139 809 1236 844 coram
1249 808 1303 829 no-

244 845 287 874 bis
300 845 452 875 recordum
467 845 499 875 &
514 843 678 882 processum
693 845 731 874 rei
745 843 833 881 illius,
851 843 907 872 una
920 851 988 873 cum
1002 841 1060 871 hoc
1076 840 1164 870 brevr.

280 921 372 953 Teste
386 921 467 961 Rege
481 920 556 960 apud
571 920 705 952 Cantuar.
725 930 761 950 21
777 920 822 951 die
834 918 945 959 Aprilis.

245 1044 430 1091 Aay'ornatio
458 1047 546 1092 Regis
570 1047 688 1086 Senia,
707 1044 797 1090 fhper
818 1041 938 1088 justitia
953 1042 1089 1089 Epiftopo
1115 1039 1309 1082 Dunclmensi
1337 1036 1368 1094 E

683 1091 863 1126 exhibenda.

312 1179 370 1211 EX
387 1181 420 1212 &
435 1181 556 1219 superior
571 1179 719 1211 Dominus
735 1178 829 1217 Regni
844 1178 967 1215 Scotiae,
985 1176 1092 1208 dileeto
1105 1176 1139 1208 &
1155 1174 1230 1205 fideli
1243 1174 1303 1213 suo,

326 1219 466 1257 Johanni,
484 1219 584 1249 efidem
599 1218 705 1256 gratia,
724 1217 799 1256 Regi
815 1217 939 1254 Scotiae,
955 1216 1077 1246 salutem.

287 1258 443 1296 Qerelam
457 1258 618 1289 venerabilis
632 1257 718 1287 Patris
728 1279 737 1295 ,
751 1256 869 1286 Antonii
881 1254 1082 1285 Dunelmeniis
1097 1253 1245 1292 Episcopi,
1259 1263 1303 1282 re-

248 1298 392 1335 cepimus,
410 1298 606 1327 continentem
624 1295 721 1334 quod,
741 1295 811 1325 cum
833 1294 888 1332 ipse
909 1293 994 1324 Villas
1016 1293 1052 1323 de
1066 1292 1201 1330 Berewyk
1214 1292 1248 1322 &
1266 1291 1302 1322 de

249 1334 435 1373 Hadington,
460 1345 526 1365 cum
541 1335 730 1373 pertinentiis,
757 1342 788 1363 ut
802 1334 846 1370 jus
864 1332 998 1363 Ecclesiae
1015 1331 1069 1362 suae
1088 1330 1303 1374 Dunelmensis,

248 1373 264 1402 a
284 1373 366 1403 vobis
384 1374 524 1411 petiviiset
538 1396 548 1412 ,
579 1374 613 1403 ὃ(
632 1382 700 1403 cum
719 1372 820 1411 magns⁴
838 1370 965 1402 instantia
983 1369 1085 1409 pluries
1102 1370 1183 1400 vobis
1201 1369 1303 1407 suppli—

246 1410 334 1441 casset
352 1412 430 1449 quod
456 1414 481 1442 ei
508 1412 573 1442 inde
592 1413 620 1442 in
639 1411 726 1441 Curia
745 1409 835 1441 vestra
848 1409 982 1449 justitiam
1002 1408 1061 1439 fieri
1079 1408 1224 1446 faceretis,
1250 1418 1302 1438 vos

242 1449 270 1479 id
290 1450 315 1479 ei
334 1449 424 1480 facere
441 1451 596 1490 denegastis
609 1475 618 1488 ,
644 1451 677 1481 ὃς
696 1451 725 1479 in
739 1448 843 1487 justiti&
857 1473 866 1486 ,
891 1448 941 1478 sibi
958 1448 1038 1486 super
1061 1447 1118 1478 hoc
1142 1446 1301 1477 exhibenda

244 1488 363 1518 totaliter
381 1488 521 1526 defuistis;
547 1497 661 1528 propter
681 1487 759 1526 quod
777 1487 855 1517 idem
874 1486 1029 1525 Episcopus
1046 1486 1127 1515 nobis
1143 1509 1152 1524 ,
1177 1494 1207 1515 ut
1225 1486 1305 1523 supe-

243 1527 308 1556 riori
328 1527 461 1557 Domino
477 1527 525 1557 Re
546 1529 573 1557 ni
591 1528 696 1558 Scotiae
710 1550 719 1565 ,
743 1536 811 1556 cum
827 1525 954 1556 instantia
972 1524 1157 1565 supplicavit,
1180 1532 1211 1555 ut
1229 1524 1303 1562 sibi,

243 1564 322 1602 super
340 1566 414 1604 hoc,
433 1567 462 1596 in
482 1536 564 1596 veffri
583 1565 743 1603 desedium,
758 1563 892 1602 justitiam
912 1563 970 1594 fieri
989 1564 1130 1607 faciamus.

280 1603 348 1634 Nos
366 1605 450 1634 ivitur
485 1606 533 1642 qui
552 1605 657 1642 sumus,
682 1604 716 1634 δε
734 1603 790 1633 else
807 1602 943 1633 debemus
962 1601 1088 1641 singulis,
1113 1600 1148 1631 de
1167 1600 1303 1639 potestate

243 1642 276 1672 δί
296 1629 437 1673 Βοττιῗηίο
456 1629 572 1682 iiostro,
599 1644 626 1673 in
648 1640 805 1673 exhibenda
821 1640 926 1709 {ustitia
942 1640 1102 1684 debitores,
1127 1640 1303 1684 adjornamus

242 1690 295 1710 vos
309 1681 387 1719 quod
410 1681 464 1712 sitis
482 1692 581 1712 coram
599 1682 700 1719 nobis,
718 1681 746 1710 in
764 1681 821 1710 cra(
836 1690 885 1709 ino
903 1679 998 1709 saneti
1011 1678 1148 1717 johannis
1166 1677 1304 1716 Bapnstae,

241 1720 406 1757 ubicunque
425 1727 493 1754 tunc
511 1720 646 1750 fuerimus
665 1722 693 1749 in
714 1718 832 1758 Anglii,
851 1718 967 1756 praefato
982 1716 1126 1757 Episcopo
1138 1717 1217 1754 super
1233 1727 1305 1754 prae-

242 1757 328 1787 miffis
346 1758 516 1797 responsuri,
534 1760 567 1790 &
586 1759 697 1789 ulterius
710 1758 827 1795 faciuri,
845 1759 878 1788 &
893 1757 1032 1794 recepturi
1047 1755 1126 1793 quod
1138 1754 1225 1786 Curia
1238 1765 1304 1786 nos-

241 1804 268 1826 ta
286 1797 502 1827 consideraverit
520 1799 548 1827 in
566 1798 618 1828 hac
637 1806 730 1836 parte,
749 1797 782 1827 &
800 1796 922 1826 habeatis
940 1796 980 1825 ibi
998 1795 1055 1825 hoc
1074 1795 1168 1825 breve.

275 1871 365 1902 Teste
384 1871 468 1911 Rege
486 1873 558 1911 apud
576 1872 708 1904 Cantuar.
727 1881 765 1902 22
783 1871 829 1902 die
845 1871 955 1913 Aprilis.

279 1948 317 1979 Et
335 1949 498 1980 mandatum
517 1950 557 1980 est
576 1950 603 1980 V
606 1950 751 1981 icecomiti
770 1948 994 1979 Northumbriae
1010 1971 1020 1987 ,
1051 1948 1131 1987 qubd
1156 1946 1303 1986 praedietas

242 1986 359 2025 litteras,
377 1990 406 2018 in
428 1989 542 2028 propria
561 1989 679 2027 person-22
696 1988 758 2025 sua,
777 1987 893 2026 praesato
915 1987 943 2017 R
980 1989 988 2017 i
1006 1987 1111 2018 deferat
1128 1987 1161 2018 &
1180 1987 1302 2025 praesen-

241 2033 296 2062 tet,
323 2026 470 2058 sufficienti
489 2026 654 2058 testimonio
673 2027 768 2057 secum
785 2026 926 2057 adhibito:
965 2036 1000 2056 eu
1018 2036 1067 2064 per
1082 2026 1166 2063 alios,
1189 2024 1224 2056 ad
1242 2026 1300 2056 hoc

240 2063 358 2095 idoneos
371 2090 380 2103 ,
412 2067 459 2104 qui
478 2066 719 2104 praesentationem
738 2064 895 2095 earundem
913 2065 1065 2095 litterarum
1079 2088 1090 2102 ,
1120 2073 1190 2095 curn
1207 2063 1301 2094 eidem

245 2101 321 2140 Regi
338 2103 412 2134 facita
429 2104 513 2134 fuerit
528 2128 537 2143 ,
568 2103 738 2134 sufficienter
757 2102 899 2134 testificari
914 2103 1022 2133 valeant
1036 2128 1045 2141 ‚
1073 2103 1123 2133 sibi
1141 2102 1242 2133 deferri
1261 2101 1302 2132 fa-

240 2142 310 2179 ciat,
330 2151 363 2172 ac
381 2143 465 2173 etiam
483 2142 656 2181 praesentari,
675 2143 708 2172 ὃς
728 2142 841 2180 qualiter
860 2142 916 2172 hoc
934 2141 1096 2172 mandatum
1112 2141 1201 2180 Regis
1218 2140 1301 2171 fuerit

241 2188 389 2217 executus,
417 2180 507 2220 Regi,
526 2181 666 2219 praedicstis
684 2180 730 2209 die
748 2181 781 2210 &
801 2180 887 2217 loco,
912 2190 962 2218 per
979 2179 1080 2212 litteras
1098 2180 1154 2211 suas
1172 2179 1303 2210 distinete

240 2218 276 2249 &
293 2228 386 2255 aperte
404 2219 553 2250 certificet:
573 2219 611 2250 Et
629 2220 686 2250 hoc
705 2218 898 2259 breve-Regis
916 2219 1053 2250 remittat:

276 2294 366 2326 Teste
382 2303 412 2326 ut
425 2295 512 2334 supra.

259 2437 309 2470 De
325 2434 475 2482 distordia
487 2436 626 2483 sedanda
650 2441 727 2470 inter
746 2436 877 2470 homines
898 2438 1013 2485 Angliae
1030 2441 1066 2477 &⁰
1084 2441 1217 2482 Baiana,
1241 2443 1278 2478 (ῤ’

438 692 465 721 ui
478 691 593 721 idoneus
609 691 640 719 iit
653 692 686 721 δε
707 690 885 727 communis,
902 687 1038 726 assignetis
1052 686 1071 704 ²*
1089 685 1123 715 ad
1142 685 1233 715 facien
1254 693 1303 714 um
1321 698 1323 702 ¹

1333 268 1369 288 na
1388 258 1530 289 diciorum
1552 259 1778 290 Castellanorum
1799 269 1923 297 ponere,
1940 259 2102 289 durantibus

1335 296 1478 326 discordiis
1493 298 1565 328 inter
1581 298 1709 336 praefatos
1723 297 1884 328 Baionenses
1899 298 1932 328 &
1952 296 2145 336 Castessanos,
2163 297 2260 337 quod,
2278 298 2298 328 si
2319 299 2394 331 forte

1335 335 1470 373 fecerint,
1487 345 1588 366 eorum
1600 337 1724 374 periculo
1737 336 1915 374 relinquatur.

1373 373 1428 410 Et,
1445 374 1525 412 super
1539 375 1614 413 hoc,
1633 376 1767 413 petierunt
1785 375 1936 405 memorati
1950 373 2148 405 Procuratores
2170 376 2205 406 &
2224 374 2340 406 Nuncii
2359 376 2397 407 de

1336 410 1511 454 Pprtuoalia,
1531 415 1609 451 quia,
1618 413 1652 443 ad
1667 412 1807 443 vehendas
1817 423 1924 443 merces
1938 413 1971 443 &
1986 413 2063 443 bona
2077 413 2123 444 sua
2134 412 2168 443 ad
2184 421 2268 444 terras
2283 414 2317 445 ὃς
2331 414 2396 445 loca

1337 448 1418 479 diver
1429 460 1444 479 a
1477 452 1594 482 navibus
1606 462 1666 482 non
1682 451 1862 490 habundant,
1874 460 1905 482 ut
1918 451 2101 489 Baionenses,
2118 451 2164 482 seu
2178 451 2223 482 alii
2235 452 2273 483 de
2286 451 2397 483 Domi-

1336 488 1388 530 nio
1400 474 1517 528 nostro,
1534 491 1571 520 eis
1585 499 1686 528 naves,
1704 489 1739 520 ad
1753 490 1892 521 vehendas
1909 500 2016 520 merces
2033 490 2066 520 &
2085 490 2163 520 bona
2182 490 2242 529 sua,
2261 501 2330 521 cum
2350 493 2396 523 in-

1336 525 1491 565 diguerint,
1507 537 1560 565 pro
1574 527 1623 558 suo
1637 528 1747 566 dando,
1763 528 1935 559 ministrent:
1956 528 2158 559 Promittentes
2172 528 2259 559 iidem
2281 529 2395 561 Procu-

1337 573 1439 594 ratores
1453 567 1487 596 &
1503 566 1538 596 N
1540 567 1634 606 uncii,
1650 566 1677 597 se
1692 566 1833 605 praedictis
1846 567 2062 605 BaionenfibuS,
2081 568 2116 598 ὃς
2130 566 2186 597 aliis
2198 567 2235 597 de
2249 566 2396 599 Dominio

1337 602 1454 641 nostro,
1474 613 1557 635 naves
1578 604 1613 634 ad
1633 613 1721 643 partes
1743 605 1910 644 Portugaliae
1933 607 2117 644 ducentibus,
2131 605 2190 644 plus
2208 604 2321 636 daturos
2341 617 2395 645 pro

1337 642 1439 680 naulo,
1458 643 1545 681 quam
1561 643 1619 674 aliis
1631 643 1863 682 quibuscumque.

1374 717 1443 748 Nos
1463 726 1575 758 autem,
1600 719 1767 758 praedictam
1788 719 1911 751 formam
1932 722 1966 753 &
1986 721 2194 752 ordinationem
2212 722 2287 760 pacis
2308 731 2397 755 ratam

1339 755 1473 787 habentes
1487 758 1521 788 &
1533 767 1658 797 gratam,
1673 758 1759 796 ipsam
1768 780 1779 796 ‚
1795 767 1934 797 quantum
1947 761 1977 789 in
1992 761 2073 790 nobis
2087 759 2145 798 est,
2162 770 2355 798 acceptamus:

1358 795 1543 839 'Mandantes
1558 797 1639 827 vobis
1656 798 1689 827 ὃ(
1702 796 1818 827 firmiter
1830 797 2157 836 injungentes,quatenus
2172 800 2301 837 gentibus
2308 800 2396 838 saepe-

1335 832 1405 863 dicti
1418 833 1507 873 Regis
1523 833 1707 873 Portugaliae,
1716 835 1752 865 de
1765 836 1988 874 quibuscumque
2002 837 2122 874 partibus
2135 836 2268 868 Dominii
2280 838 2319 868 sui
2334 840 2397 870 fue·

1337 872 1408 910 rint,
1425 874 1458 904 &
1470 872 1671 912 cujuscumque
1687 872 1858 904 conditionis
1871 874 2006 913 existant,
2024 885 2085 905 non
2099 875 2235 914 inferatis,
2253 877 2324 907 infra
2338 886 2395 908 ter-

1339 911 1453 954 minum
1466 911 1656 950 antediemm,
1673 910 1848 951 dampnum,
1866 912 2026 944 molestiam
2039 922 2086 944 aut
2105 922 2270 954 gravamen,
2286 915 2325 946 set
2345 926 2396 947 eos

1336 949 1433 986 potius
1455 950 1539 988 (quos
1558 949 1609 980 sub
1630 951 1809 988 proteffione
1828 952 1862 983 &
1879 950 2022 982 securitate
2041 951 2152 990 nostra,
2177 954 2302 984 termino
2323 964 2396 992 prae-

1337 987 1418 1018 dicto
1436 987 1570 1026 durante,
1595 988 1767 1027 suscipimus)
1790 998 1956 1029 proregere,
1979 989 2147 1029 defendere,
2169 1000 2203 1022 ac
2226 994 2314 1029 tueri,
2341 1003 2396 1030 pro

1359 1025 1436 1064 offe,
1453 1027 1606 1057 nullatenus
1619 1028 1772 1065 omittatis,
1790 1027 1825 1057 ad
1838 1031 2030 1066 quaecurnque
2044 1028 2107 1059 loca
2127 1038 2284 1068 terrarum,
2298 1031 2398 1062 nostro

1370 1065 1482 1097 ominio
1494 1065 1681 1105 subditarum,
1698 1065 1771 1105 ipsos
1785 1075 1834 1106 per
1846 1074 1965 1106 terram,
1983 1066 2029 1098 vel
2041 1076 2118 1098 mare
2139 1069 2288 1109 contigerit
2308 1068 2397 1100 decli-

1336 1113 1412 1133 nare.

1373 1140 1409 1173 In
1421 1143 1512 1181 cujus,
1529 1143 1591 1175 &c.

1374 1231 1441 1262 Dat.
1462 1231 1596 1263 Cantuar.
1614 1242 1650 1274 23
1666 1234 1712 1264 die
1724 1233 1843 1272 Aprilis,
1860 1242 1936 1265 anno
1948 1232 2071 1265 Domini
2090 1231 2240 1264 millesimo
2260 1232 2399 1265 ducente-

1337 1270 1408 1302 fimo
1422 1271 1607 1311 nonagesimo
1622 1282 1731 1312 quarto.

1336 1413 1443 1444 Litera
1465 1409 1596 1444 Blanchae
1618 1411 1699 1444 Filiae
1716 1410 1820 1443 Sanfli
1839 1409 2006 1452 Ludovici,
2028 1421 2083 1457 pro
2106 1408 2265 1444 Fratribus
2289 1413 2398 1443 Μίνω-

1383 1457 1466 1492 ribus
1477 1487 1486 1499 ,
1510 1460 1651 1503 occasione
1666 1457 1844 1503 Testamenti
1859 1458 2015 1505 Johannis
2030 1457 2197 1502 Pcckimm,
2216 1471 2307 1506 nuper
2328 1463 2399 1492 Ar-

1380 1507 1549 1555 chiepiftopi
1565 1508 1796 1551 Cantuarienfis.

1338 1602 1395 1663 A

1338 1678 1416 1709 Dieu

1336 1764 1393 1786 tant
1406 1766 1493 1801 come
1507 1757 1560 1788 elle
1570 1765 1641 1801 puet
1655 1757 1782 1800 d'amour
1795 1758 1829 1788 &
1844 1756 1880 1786 de
1895 1756 2072 1787 Reverence.

1373 1794 1738 1826 00
1747 1805 1800 1864 a

1337 1880 1449 1902 cuteurs
1462 1871 1498 1902 de
1513 1872 1599 1903 Frere
1610 1873 1624 1911 J
1627 1872 1702 1941 ξῇῗη
1713 1857 1749 1903 de
1766 1871 1889 1941 Rielspihan
1896 1895 1907 1911 ,
1920 1871 1989 1910 jadis
2004 1871 2182 1940 Argevlesque
2193 1872 2230 1903 de
2241 1871 2398 1904 Cantorbi-

1336 1920 1783 1991 rejleoggiisugkrlsffasitccg‘nieqte
1798 1919 2035 1989 puiglyiiiiteavilgilis
2047 1920 2085 1979 lees
2099 1920 2148 1979 diz
2169 1948 2266 1980 Freroe
2285 1949 2400 1981 veilliez

1335 1987 1439 2026 aidier,
1457 1999 1472 2018 a
1486 1988 1545 2019 leur
1605 1998 1662 2027 on,
1678 1998 1713 2020 en
1726 1960 1780 2019 teie
1801 1991 1942 2026 mamere,
1959 1996 2013 2018 tres
2032 1987 2110 2018 douz
2126 1987 2214 2026 Sires,
2233 1998 2290 2027 que
2310 1989 2330 2019 il
2347 1987 2398 2019 diz

1335 2025 1473 2057 Convent
1487 2027 1562 2058 sente
1578 2037 1633 2066 que
1648 2037 1694 2058 ma
1706 2028 1796 2065 priere
1810 2027 1829 2057 li
1841 2028 1878 2057 ait
1893 2027 1955 2057 valu
1970 2036 2070 2057 envers
2082 2036 2163 2057 vous.

1374 2065 1412 2134 Lsi
1431 2064 1606 2135 fflgssejehu
1626 2076 1697 2097 vous
1714 2074 1794 2106 gart,
1811 2065 1894 2097 l’ame
1907 2066 1941 2098 &
1953 2064 1980 2097 le
1996 2074 2078 2104 cors,
2093 2074 2130 2096 en
2145 2066 2221 2097 bone
2232 2065 2400 2105 prosperite,

1332 2113 1382 2141 par
1406 2114 1420 2134 a
1533 2128 1539 2134 .

1371 2189 1482 2220 Donne
1495 2200 1510 2220 a
1526 2190 1641 2231 Poiss'y,
1657 2191 1685 2221 le
1699 2190 1834 2222 vendredi
1846 2200 1923 2229 apres
1939 2189 1977 2220 les
1987 2189 2124 2230 huitienes
2140 2188 2177 2220 de
2189 2189 2316 2230 Pasquee.

1334 2331 1354 2351 ⁴*
1382 2329 1487 2363 Edisti
1507 2333 1583 2376 (five
1600 2334 1757 2364 Citatiom's
1776 2343 1855 2378 qm,
1881 2335 1911 2363 in
1922 2330 2035 2376 ficreto
2050 2331 2200 2364 Tranatu
2213 2341 2394 2374 memorato,
2413 2341 2548 2381 ⁰11,634,

1506 2390 1648 2413 revocata
1659 2379 1785 2425 fuerat)
1801 2383 1954 2413 renovatio
1968 2382 2005 2418 ὠ·
2024 2383 2220 2426 aggravatio.

2123 244 2339 291 d'iffentionibus
2358 263 2394 293 &
2413 262 2480 288 Edv.
2497 271 2538 289 1*-

1413 1601 1556 1634 Trcihaut
1577 1603 1610 1634 &
1629 1601 1804 1645 trespuissant
1824 1601 1943 1641 Prince‚
1967 1602 2018 1633 son
2039 1609 2094 1632 tres
2112 1601 2192 1632 chier
2211 1603 2246 1634 δε
2263 1609 2318 1634 tres
2334 1612 2397 1634 ame
2414 1603 2491 1635 Ann.
2500 1603 2543 1636 D.

1420 1641 1555 1680 Seigneur
1575 1643 1608 1673 ὃς
1631 1641 1756 1679 Coulm,
1774 1641 1802 1685 se
1822 1640 1860 1671 illi
1882 1641 1963 1679 plait,
1981 1639 2124 1680 Edovart,
2142 1650 2191 1679 par
2211 1641 2235 1672 la
2256 1651 2348 1686 gra-ce-
2359 1642 2397 1672 de
2432 1652 2520 1683 1294.

1453 1680 1520 1724 Roy
1534 1680 1742 1724 d'Engleterre‚
1758 1679 1892 1719 Seigneur
1904 1678 2056 1717 d’Irlande,
2075 1680 2108 1710 &
2125 1679 2194 1724 Duc
2207 1679 2397 1719 d’Aquitaine,
2412 1685 2463 1710 An.
2481 1693 2527 1712 22.

1337 1703 1479 1755 Blanclie,
1494 1719 1564 1757 Jadis
1586 1719 1654 1749 Fille
1674 1719 1712 1749 du
1737 1718 1804 1759 Roy
1819 1718 1855 1748 de
1870 1717 1992 1756 France,
2008 1717 2075 1748 salut
2088 1718 2122 1749 &
2135 1727 2212 1749 vraie
2223 1728 2342 1757 amour,
2360 1720 2395 1751 &
2411 1725 2441 1748 Ε.
2465 1731 2488 1750 r.

1819 1795 1862 1826 aie
1881 1803 1961 1840 grant
1978 1795 2118 1838 devotion
2137 1804 2172 1826 au
2191 1794 2328 1826 Convent
2348 1795 2397 1827 des
2410 1763 2527 1826 zeii?-

1787 1842 1799 1864 t
1812 1833 1850 1864 les
1865 1833 1914 1864 diz
1926 1833 2040 1871 Freroe,
2056 1841 2130 1864 aient
2145 1844 2161 1864 a
2173 1833 2231 1864 fere
2249 1844 2298 1864 aus
2321 1834 2398 1865 Exe-
2414 1840 2489 1865 Turr.

1334 2465 1524 2526 PHilippus
1561 2465 1619 2496 Dei
1633 2466 1739 2505 gratia,
1758 2465 1884 2497 Franciae
1898 2464 1964 2510 Rex
1986 2464 2093 2495 diledm
2115 2463 2259 2502 Magistro
2278 2465 2396 2511 Nicho-
2415 2475 2491 2507 Am,
2504 2476 2547 2508 D·

1402 2504 1447 2535 lao
1467 2506 1503 2535 de
1527 2489 1632 2545 [ongo
1652 2504 1676 2535 P
1799 2514 1855 2543 co,
1872 2503 1990 2534 Clerico
2010 2503 2078 2542 suo,
2095 2502 2209 2534 salutem
2222 2505 2256 2536 &
2268 2504 2398 2536 dileetio·
2441 2524 2527 2555 1294

1334 2552 1545 2612 neiffiandamus
1558 2582 1642 2613 vobis
1658 2583 1785 2621 quatinus
1801 2581 1895 2620 Paris,
1913 2582 1942 2611 in
1958 2581 2091 2619 proximo
2104 2579 2206 2612 nostro
2221 2580 2397 2612 Parlaemen-
2413 2557 2529 2620 ssn'ffz‘

1335 2627 1368 2650 to
1382 2619 1511 2658 sedente,
1529 2621 1694 2652 citationem
1709 2622 1741 2651 &
1758 2620 1884 2651 edietum
1899 2618 2029 2650 nostrum
2042 2618 2134 2658 palam
2148 2620 2182 2650 &
2195 2619 2307 2658 publice
2323 2621 2397 2660 lega-
2414 2634 2456 2658 Ex
2475 2636 2547 2660 Run-

1333 2659 1383 2696 tis,
1402 2659 1436 2689 ὅ(
1449 2658 1552 2690 faciatis
1565 2668 1649 2698 prout
1662 2659 1775 2690 inferius
1790 2659 1960 2690 continetur.
2415 2669 2462 2697 del.
2475 2672 2503 2697 in

509 2488 614 2519 Gentes
635 2488 721 2533 Regis
743 2487 937 2533 Portugaliae‚
962 2490 1026 2525 &c-

92 2581 168 2612 Ann.
178 2581 218 2611 D.

119 2629 202 2658 1294..

90 2663 144 2688 An.
160 2669 203 2686 22.

90 2702 120 2725 Ε.
144 2708 166 2727 1.

301 2580 359 2624 EX
373 2579 506 2624 universis
519 2580 683 2610 hominibus
700 2580 768 2619 suis,
783 2590 833 2619 per
848 2580 981 2620 Angliam
996 2581 1030 2612 δε
1043 2581 1213 2617 vasconiam
1228 2593 1301 2615 con-

278 2619 652 2694 Intsdiuiigriiisiiletstiigs'tros,
670 2664 729 2687 tam
754 2656 789 2687 de
812 2657 933 2696 Anglii,
957 2658 1042 2696 quam
1064 2658 1100 2688 de
1117 2658 1239 2698 Baionii,
1265 2661 1299 2692 &

243 2694 352 2726 Gentes
370 2695 398 2725 R
439 2697 458 2725 is
477 2695 645 2734 portugalia:
663 2695 696 2725 &
715 2695 878 2734 leisbon,
902 2697 935 2727 &
953 2696 1024 2726 locis
1042 2696 1114 2734 aliis,
1140 2698 1219 2736 super
1237 2701 1299 2736 qui·
2414 2710 2501 2737 Tum'.

90 2740 149 2763 Par.
161 2745 204 2763 22.

91 2779 120 2801 E.
146 2784 166 2801 1.
186 2784 219 2802 m.

91 2821 137 2840 ιο.

91 3581 224 3617 ⁰11.633.

240 2733 355 2764 busdam
373 2735 422 2763 vio
432 2735 526 2772 entiis,
543 2735 645 2773 injuriis
663 2735 696 2764 δε
715 2733 855 2764 nonnullis
872 2734 1018 2773 dampnis,
1042 2733 1110 2765 datis
1127 2735 1195 2766 hinc
1213 2737 1297 2775 inde,

241 2774 328 2811 gravis
347 2771 517 2803 diffeniionis
535 2773 647 2803 materia
665 2771 800 2802 suscitata:
821 2772 934 2802 tandem
952 2772 1031 2810 super
1046 2774 1191 2810 praemiffis
1203 2779 1298 2805 omni-

240 2812 291 2840 bus
311 2811 558 2841 intervenientibus
578 2810 828 2849 Procuratoribus,
846 2811 879 2842 ὃς
898 2810 1023 2841 Nunciis
1041 2812 1168 2849 praeditsti
1189 2813 1296 2852 Regis,

238 2849 389 2886 specialiter
415 2849 450 2880 ad
469 2859 520 2879 nos
539 2848 625 2879 missis
641 2873 651 2888 ,
683 2849 812 2888 quaedam
830 2849 922 2881 forma
937 2850 1012 2889 pacis
1029 2849 1071 2880 est
1088 2852 1154 2882 inita
1172 2853 1201 2882 in
1219 2852 1296 2884 hunc

240 2888 380 2926 niodum,
399 2888 548 2926 videlicet,

279 2963 369 3002 Qiod
384 2964 421 2994 de
440 2964 574 2995 omnibus
594 2963 743 3002 dampnis,
762 2965 839 2995 malis
863 2966 897 2997 δε
911 2965 1067 3005 violentiis,
1085 2976 1150 3005 quae
1168 2968 1300 2999 dicuntur

241 3001 298 3031 effe
320 3002 390 3032 faeta
414 3003 446 3033 ὃς
467 3003 559 3033 habita
583 3004 654 3034 inter
668 3004 797 3033 homines
811 3003 938 3039 nostros,
956 3014 1015 3035 tam
1030 3005 1066 3035 de
1077 3006 1196 3045 Anglia,
1214 3008 1300 3045 quam

240 3039 276 3069 de
298 3039 418 3083 Baiona,
437 3041 469 3071 Sc
491 3040 562 3071 dieti
583 3043 671 3081 gentis
694 3042 878 3081 Portugaliae,
897 3043 1066 3073 assumantur
1089 3053 1208 3082 quatuor
1229 3046 1301 3076 boni

244 3077 376 3121 hommes
392 3079 478 3115 (duo,
496 3080 614 3117 scilicet,
630 3080 665 3109 de
680 3080 800 3110 Baionat
821 3081 853 3111 &
867 3081 925 3111 duo
942 3081 978 3111 de
994 3082 1101 3119 Regno
1117 3082 1297 3124 Portugaliae)

239 3126 288 3153 qui
305 3116 340 3146 de
353 3118 486 3158 omnibus
501 3119 645 3148 veritatem
662 3120 677 3147 ’ξι
693 3118 838 3158 fidedignis
854 3120 1010 3158 inquirant,
1020 3122 1054 3151 ὅ(
1069 3122 1199 3152 emendas
1216 3124 1299 3154 utris-

239 3164 296 3192 que
308 3154 366 3184 fieri
381 3156 500 3193 iaciant,
518 3166 601 3193 prout
617 3156 736 3187 viderint
753 3157 903 3188 faciendae:

276 3192 313 3222 Et
334 3192 483 3223 ordinandi
502 3203 602 3232 pacem
625 3195 658 3225 &
681 3194 810 3226 firmandi
831 3206 894 3227 eam
914 3196 1027 3234 plenam
1042 3197 1161 3228 habeant
1177 3199 1299 3237 potesta-

238 3240 305 3261 tem.

275 3269 327 3308 Et,
346 3269 366 3299 fi
386 3270 475 3300 forsan
497 3270 541 3299 isti
563 3280 683 3308 quatuor
703 3272 878 3303 concordare
899 3284 958 3304 non
974 3273 1097 3312 poffint‚
1118 3273 1202 3306 liceat
1214 3276 1297 3307 nobis

237 3308 451 3351 illistq-uatuoss
473 3309 622 3348 adjungere
643 3311 773 3347 quintum
797 3311 946 3342 hominem
961 3335 971 3351 ,
996 3313 1130 3343 senssitum
1151 3314 1184 3344 &
1206 3317 1297 3346 neutri

237 3355 307 3383 parti
320 3347 490 3389 iuspeafiium:
511 3348 544 3378 δε
560 3346 637 3385 quod
651 3349 739 3385 major
753 3359 813 3385 pars
828 3350 948 3380 istorum
963 3353 1088 3393 quinque
1107 3351 1295 3392 ordinaverit,

239 3384 361 3415 statuerit
382 3394 466 3423 atque
484 3385 628 3416 diffinierit
644 3387 673 3415 in
689 3387 739 3416 hac
754 3397 846 3424 parte,
864 3388 981 3419 firmiter
999 3390 1178 3428 obiervetur3
1196 3392 1236 3422 ita
1256 3401 1297 3422 ta-

240 3431 306 3451 men
326 3423 403 3467 quod
427 3423 532 3461 praefati
552 3423 750 3454 Procuratores
763 3426 796 3455 ὃς
814 3426 848 3455 N
851 3428 928 3457 uncii
943 3428 979 3457 de
994 3428 1170 3466 Por-rugans,
1185 3429 1296 3460 dffium

240 3458 402 3491 Dominum
416 3462 515 3500 suurn,
530 3461 643 3501 Regem
661 3462 845 3501 portugaliae,
861 3464 940 3502 super
957 3466 1094 3503 praedisto
1110 3468 1227 3506 quinto,
1247 3479 1296 3506 per

239 3506 292 3526 nos
306 3498 419 3537 Regem
434 3500 561 3539 Anglice,
579 3500 774 3540 adjungendo,
792 3502 935 3533 consulere
947 3505 1076 3544 valeant,
1093 3507 1171 3544 cujus
1184 3507 1214 3535 in
1237 3507 1296 3538 hoc

241 3535 281 3564 est
298 3538 463 3579 expectanda
478 3539 615 3569 voluntas.

279 3572 298 3616 *f
315 3573 367 3616 Izt,
384 3578 446 3613 quia
464 3585 545 3606 terrae
568 3576 691 3614 nostrae,
709 3578 743 3619 ὃς
766 3577 856 3615 Regis
880 3579 1026 3620 praediffl,
1045 3581 1168 3613 multum
1192 3581 1296 3614 distant

240 3610 427 3655 abinvicem,
445 3616 478 3645 &
494 3616 641 3654 negotium
657 3616 815 3652 hujuimodi
833 3619 868 3647 ita
882 3620 912 3647 in
925 3619 1005 3649 brevi
1028 3620 1125 3651 discuti
1145 3621 1179 3651 &
1203 3620 1295 3651 deter-

239 3658 340 3691 minari
353 3660 411 3679 non
424 3655 539 3691 poterit3
559 3663 608 3691 per
621 3654 789 3693 praedictum
806 3656 917 3694 Regem
931 3656 1100 3689 Pormoaliae
1119 3659 1151 3689 &
1172 3668 1225 3689 nos
1247 3669 1295 3688 or-

239 3686 348 3716 dinetur
362 3688 394 3717 &
408 3688 469 3727 fiat,
488 3693 566 3728 quod
583 3701 677 3731 gentes
696 3692 751 3722 suae
769 3694 801 3724 &
820 3694 941 3733 nostrae,
958 3706 1009 3733 per
1020 3683 1198 3728 ‘hominium
1212 3696 1293 3727 suurn

241 3724 275 3754 &
294 3723 420 3754 nostrum
437 3749 446 3764 ,
471 3737 527 3758 tam
547 3740 595 3767 per
615 3739 715 3760 terram
730 3755 740 3769 ,
765 3732 851 3769 quam
871 3742 920 3769 per
939 3743 1033 3772 mare,
1056 3737 1096 3766 ire
1112 3736 1145 3766 &
1165 3736 1227 3766 nav*
1249 3746 1294 3766 are

239 3760 343 3804 ppffint
360 3762 469 3802 secure,
488 3776 535 3802 per
553 3768 730 3806 quascunque
744 3778 833 3808 partes
847 3769 991 3802 Dominio
1004 3773 1055 3804 suo
1070 3776 1103 3806 &
1119 3773 1219 3804 nostro
1241 3774 1294 3804 ub-

239 3799 330 3842 ditasss,
361 3807 488 3837 tanquam
505 3805 647 3836 assecurati
665 3808 818 3838 alterutrim
832 3830 842 3846 ,
877 3808 960 3845 usque
979 3810 1013 3839 ad
1031 3813 1186 3842 terminum
1204 3811 1293 3842 Festi-

239 3846 330 3881 vitatis
347 3836 527 3884 Pentepostes·
573 3846 706 3880 proximo
724 3854 893 3883 venturum,
919 3848 947 3875 in
965 3858 1090 3888 annum,
1115 3850 1186 3880 infra
1204 3859 1292 3888 quem

238 3884 409 3912 terminum,
425 3880 483 3905 iaus
501 3889 528 3908 vi
549 3889 607 3910 etur
626 3882 785 3920 hujusmodi
803 3884 882 3921 poffe
899 3894 917 3913 n
953 3888 1046 3918 otium
1064 3887 1212 3920 terminari-

276 3912 313 3942 Et
332 3922 377 3950 ut,
395 3912 517 3957 durante·
528 3917 668 3961 securitate
690 3921 843 3960 praedidffi,
861 3922 933 3953 nich'
969 3928 1161 3964 contrarium,
1177 3927 1224 3958 seu
1239 3927 1289 3957 ad-

236 3951 345 3994 yersum
364 3950 453 3989 (quod
466 3952 542 3995 abiit)
561 3965 721 3996 contingit,
741 3970 790 3996 per
806 3960 884 3998 quod
921 3962 1043 3994 raedigkae
1058 3966 1133 4002 pacis
1148 3965 1291 3996 ordinatio

231 3989 412 4030 mstmgamr,
430 3999 490 4020 non
505 3990 584 4023 liceat
599 3993 825 4037 Mercatoribus,
845 3998 880 4031 de
920 4002 1073 4041 ortugalia,
1088 4003 1191 4043 aliquas
1204 4013 1289 4036 naves

1333 2735 1540 2795 PHssippus,
1558 2735 1616 2765 Dei
1631 2735 1734 2774 gratia,
1750 2735 1876 2766 Franciae
1895 2733 1977 2773 Rex,
1994 2733 2153 2772 Edwardo,
2172 2733 2273 2765 eadem
2291 2735 2397 2774 gratia,

1398 2774 1474 2813 Regi
1494 2774 1606 2813 Angliae
1625 2774 1837 2811 consanguineo
1862 2772 1928 2812 suo,
1947 2782 2016 2803 cum
2038 2773 2187 2803 notorium
2207 2773 2240 2804 sit
2259 2774 2292 2804 &
2308 2775 2399 2804 mani-

1332 2811 1452 2880 festgm’
1478 2810 1538 2847 &a
1554 2819 1634 2850 prout
1652 2815 1680 2842 in
1695 2815 1778 2851 priori
1797 2814 1925 2842 citatione
1942 2810 2026 2851 menfi’
2043 2810 2214 2850 Decembris,
2235 2813 2315 2851 usque
2335 2812 2393 2842 haee

1333 2861 1384 2880 ver
1403 2860 1438 2887 a‚·

1371 2889 1461 2927 Super
1475 2889 1615 2927 praedietis
1629 2898 1724 2921 autem
1739 2889 1892 2927 omnibus,
1910 2898 1974 2927 quae
1998 2889 2029 2919 in
2048 2887 2153 2918 nostrae
2173 2888 2310 2919 cimtionis
2335 2888 2398 2920 edi-

1334 2927 1384 2958 ἂο
1399 2951 1409 2966 ,
1435 2937 1534 2958 contra
1553 2939 1607 2960 vos
1626 2928 1773 2969 proposito
1787 2951 1797 2967 ,
1822 2928 1975 2966 specialiter
1996 2928 2179 2958 continentur
2192 2949 2202 2966 ‚
2224 2927 2396 2965 jamdudum

1335 2966 1528 3005 praecipiendo
1549 2968 1631 2998 vobis
1655 2966 1822 2998 mandamus
1844 2965 1894 2997 sub
1917 2967 2028 3005 poenis,
2047 2975 2113 3004 quas
2135 2974 2169 2996 ex
2192 2965 2332 3004 praediffls
2352 2968 2398 2997 in·

1336 3015 1446 3036 currere
1460 3006 1604 3044 poteritis,
1622 3006 1667 3037 vel
1677 3006 1736 3044 jam
1753 3004 1905 3043 potuissetis
1920 3004 2082 3043 incurrisse,

1374 3045 1520 3082 Qatenus
1534 3044 1667 3074 vicesima
1680 3044 1727 3074 die
1748 3043 1911 3075 Nativitatis
1933 3043 2120 3082 Dominicae,
2136 3042 2241 3080 iamdiu
2261 3042 2303 3074 est
2325 3053 2398 3080 prae-

1334 3084 1431 3120 terita‚
1469 3091 1534 3112 uam
1554 3083 1637 3113 vobis
1658 3083 1848 3120 peremptorie
1869 3081 2066 3120 assignavimus
2086 3081 2165 3119 quod
2181 3090 2280 3112 coram
2293 3082 2396 3120 nobis,

1336 3121 1406 3152 sicut
1426 3120 1462 3151 de
1483 3120 1586 3159 ebatis,
1609 3120 1726 3151 Pariiius
1745 3122 1961 3159 compareretis3
1986 3121 2020 3152 ὃς
2039 3120 2107 3151 ficut
2124 3128 2269 3150 tantorum
2285 3119 2396 3150 facino-

1333 3169 1399 3190 rum
1412 3160 1446 3191 &
1459 3158 1623 3189 excessuum
1637 3158 1751 3197 qualitas
1767 3160 1912 3197 exigebat,
1930 3159 2010 3200 super
2035 3157 2158 3197 eisdem,
2175 3167 2298 3196 quorum
2320 3168 2395 3196 cog-

1335 3199 1405 3228 nitio
1418 3197 1452 3228 ad
1467 3207 1520 3227 nos
1532 3199 1667 3235 pertinet,
1686 3198 1719 3228 &
1733 3197 1865 3235 praedidia
1878 3198 2068 3238 tangentibu8‚
2087 3197 2122 3228 &
2136 3206 2200 3235 quae
2213 3205 2247 3227 ex
2260 3197 2297 3227 eis
2316 3197 2395 3235 sequi

1335 3236 1464 3274 possent,
1481 3237 1515 3268 δε
1528 3236 1663 3266 omnibus
1678 3235 1737 3266 aliis
1746 3261 1755 3274 ,
1774 3246 1838 3274 quae
1850 3245 1951 3268 contra
1965 3246 2018 3267 vos
2033 3233 2169 3266 vellemus
2182 3244 2343 3273 proponere
2355 3236 2391 3267 &

1334 3275 1495 3314 poffemus,
1511 3274 1682 3312 responsuri,
1698 3275 1731 3305 &
1743 3276 1797 3314 juri
1811 3276 1938 3315 parituri,
1955 3275 1990 3306 &
2005 3272 2084 3312 quod
2101 3273 2209 3312 justum
2230 3273 2300 3304 effet
2315 3273 2394 3304 audi-

1334 3315 1404 3351 turi,
1429 3313 1462 3345 &
1484 3314 1568 3343 etiarn
1590 3314 1745 3353 recepturi,
1769 3313 1954 3351 significando
1976 3312 2077 3351 vobis,
2094 3311 2238 3350 praediebae
2254 3313 2394 3342 citationis

1333 3361 1450 3390 tenore,
1473 3351 1569 3389 quod,
1593 3351 1650 3382 five
1671 3351 1752 3382 dictis
1772 3351 1818 3384 die
1841 3354 1875 3384 &
1893 3352 1962 3382 loco
1983 3351 2215 3389 compar-ueritis,
2237 3350 2294 3381 five
2315 3360 2392 3388 non,

1334 3401 1387 3420 nos
1405 3390 1603 3421 nichilominus
1621 3390 1649 3419 in
1669 3389 1808 3427 praedictis
1828 3389 2046 3430 procederemus
2058 3411 2068 3427 ‚
2099 3398 2185 3428 prout
2204 3388 2393 3426 deberemus,

1339 3428 1430 3459 vestra
1444 3428 1564 3458 absentia
1577 3437 1635 3458 non
1650 3428 1796 3467 obstante,

1372 3467 1420 3497 Ad
1433 3476 1518 3505 quam
1533 3465 1609 3496 diem
1624 3476 1684 3497 non
1697 3466 1896 3505 comparuistis
1904 3490 1915 3505 ‚
1930 3475 1962 3498 ut
1974 3465 2125 3505 debuistis,
2141 3475 2197 3497 nec
2209 3463 2392 3504 postea,diu-

1335 3506 1391 3536 tius
1403 3506 1470 3536 licet
1483 3505 1651 3543 expediatus.

1371 3545 1470 3583 Qare
1484 3554 1551 3581 vos,
1569 3543 1700 3580 exigente
1707 3543 1832 3584 justitifi,
1849 3552 2052 3576 contumacem
2067 3542 2276 3580 reputavimus,
2290 3541 2323 3573 &
2336 3548 2392 3578 po-

1331 3581 1435 3612 suimus
1448 3583 1476 3612 in
1496 3581 1649 3612 defectum.

1369 3619 1525 3658 Praeterea,
1544 3619 1689 3657 publicato
1711 3621 1855 3658 praedietae
1876 3619 1983 3651 nostrae
2003 3619 2143 3651 citationis
2162 3617 2275 3655 εάἰᾶο,
2290 3616 2391 3660 locum

1331 3657 1457 3688 vestrum
1477 3667 1547 3689 tunc
1567 3666 1663 3688 tenens
1684 3660 1714 3689 in
1729 3659 1846 3691 Ducatu
1867 3659 2043 3697 Aquitaniae,
2060 3659 2095 3689 &
2111 3658 2142 3687 in
2160 3657 2237 3688 terris
2249 3654 2391 3693 praediffls

1331 3695 1516 3734 senescallus,
1534 3694 1697 3735 officiales,
1723 3699 1756 3729 &
1778 3698 1823 3728 alii
1845 3697 1972 3727 Ministri
1994 3696 2099 3734 vestri,
2120 3705 2155 3725 ac
2174 3701 2269 3733 gentes
2288 3692 2390 3724 vestrae

1333 3734 1475 3771 praediffis
1495 3734 1663 3765 facinoribus
1685 3746 1744 3766 non
1766 3737 1894 3767 contenti
1929 3734 2067 3773 praediffis
2087 3733 2165 3764 malis
2179 3730 2390 3763 accumulantes

1331 3773 1475 3802 horribilia
1493 3773 1527 3803 ὃς
1541 3774 1705 3813 nephanda,
1724 3774 1860 3813 quosdam
1877 3759 2082 3810 Normannos,
2099 3772 2148 3808 qui
2164 3769 2267 3799 morati
2280 3769 2389 3802 fuerant

1333 3812 1361 3840 in
1383 3809 1480 3847 Burgo
1502 3812 1535 3842 ὃς
1552 3810 1626 3841 Burd
1662 3813 1695 3842 al.
1714 3823 1764 3850 per
1785 3812 1887 3842 decem
1906 3821 1996 3843 annos
2014 3808 2176 3845 &amplius
2195 3807 2324 3850 *ob-hoc
2345 3807 2392 3840 so-

1329 3849 1405 3886 lum,
1424 3849 1488 3886 quia
1503 3849 1616 3885 Lingua
1628 3821 1742 3882 gallica
1755 3850 1958 3890 loquebantur,
1974 3848 2064 3887 palam
2076 3846 2110 3877 δι’,
2123 3829 2238 3882 pubiice
2258 3845 2389 3877 inhuma-

1330 3888 1403 3917 niter
1416 3887 1600 3926 occiderunt,
2069 3901 2072 3904 >

1368 3925 1524 3963 Quendam
1544 3935 1577 3955 ex
1599 3927 1655 3965 eis,
1674 3928 1704 3956 in
1726 3926 1881 3957 communi
1898 3924 2002 3965 placia,
2020 3923 2051 3952 in
2070 3919 2154 3951 frusta
2174 3930 2294 3960 quatuor
2313 3921 2391 3953 divi-

1329 3962 1444 4001 dentes,
1463 3963 1548 3994 frusta
1561 3965 1614 4002 ipsa
1629 3966 1807 4003 projecerunt
1819 3966 1848 3994 in
1863 3971 1978 4000 aquam:
2023 3999 2029 4004 .
2240 3999 2244 4004 Ι

1365 4001 1522 4042 Quendam
1535 4003 1637 4044 etiam,
1650 4003 1817 4036 servientem
1829 4000 1975 4038 nostrum,
1989 3996 2106 4031 missum
2120 3997 2194 4037 apud
2209 3997 2313 4030 Villam
2327 3996 2390 4032 Re-

2300 4035 2392 4076 galera
