2570 4261
174 133 197 172 8
645 112 1449 164 CONVENTIONES,

16 244 95 278 ἈΙ-ιη.
110 245 149 277 D.

15 294 128 351 3530?
241 305 301 336 Pro
319 303 452 335 civitate
472 299 602 337 Baionae‚
630 290 736 325 debitis
751 288 839 324 brevi
859 301 986 337 tempore
997 287 1162 335 sblvendis.

16 365 80 427 {fn}
89 371 134 397 ²9·
230 387 256 418 E
265 385 296 417 X
318 384 424 416 duetus
439 382 488 412 fibi
506 379 628 418 Mnjmt,
642 377 758 417 Juratis,
775 375 895 406 Civibus
909 375 943 406 &
958 375 1010 405 tou
1025 370 1234 406 communitati

12 421 68 464 Ro't.
88 420 145 475 l'as·
232 425 357 456 Civitatis
368 422 421 466 sur,
438 420 568 462 Baionze,
584 417 706 460 salutern:
730 453 739 461 λ
1012 451 1020 463 ‚

11 485 67 502 con.
83 485 128 510 29,
189 463 334 510 ⁸Dileetos
349 461 402 504 sibi
412 458 593 493 Pelegrinum
609 455 645 485 de
667 451 977 498 Villa,&Bemardum
992 451 1011 481 d
1022 449 1232 512 Anesse,Con:

11 517 42 539 E.
53 523 75 540 1,
84 524 120 541 m,
167 512 244 534 cives
258 503 291 532 &
304 499 435 530 Nuncios
447 495 568 533 vestros,
584 494 619 524 ad
635 503 704 531 nos,
721 501 756 522 ex
772 500 846 530 parte
854 490 962 529 vestra,
979 489 1218 527 transmissos‚gra

15 559 27 568 ··
166 550 252 573 tanter
263 538 438 575 recepimu33
454 535 488 565 &
505 543 568 572 quae
584 532 666 563 nobis
681 540 715 562 ex
741 539 816 568 parte
832 528 924 560 vestri
939 535 1104 560 curaverunt
1126 536 1232 566 propo-

15 568 41 586 θ’
166 590 248 618 nere,
266 577 413 613 diligenter
429 571 614 603 intelleximus
628 571 663 602 &
679 570 815 606 benigne.
953 606 958 611 Ι
1200 603 1210 612 Α

202 618 237 648 Et
252 617 314 654 quia
329 616 398 644 inter
414 620 533 649 caetera,
546 620 594 649 per
609 609 724 641 eosdem
739 606 973 649 propositanobis
987 613 1022 649 ex
1035 603 1230 648 parte-vestra,

163 656 347 694 supplicarunt
362 660 408 690 ut,
426 650 461 681 ad
476 649 643 680 solvendum
665 644 777 684 debita,
794 647 823 675 in
839 645 938 683 quibus
961 642 1120 687 stipendarii
1143 642 1230 672 nostri

162 695 243 725 vobis
258 699 384 723 tenentur
393 713 402 729 ,
419 689 456 720 de
471 697 571 720 mutuo
585 687 635 718 sibi
649 685 727 716 facto
742 693 790 723 per
804 683 954 726 nonnullos
969 681 1057 725 Cives
1072 681 1115 725 ὃς
1124 681 1227 725 probos

162 732 291 764 homines
316 729 445 761 Civitatis
465 726 567 757 nostrae
584 724 745 764 praedidrae,
761 722 833 752 dum
848 721 936 751 iidem
960 719 1118 758 stipendarii
1141 719 1228 750 nostri

160 773 190 802 in
235 770 334 801 artibus
349 767 446 799 vestris
466 775 578 796 moram
596 769 751 799 traxerunt,
767 759 916 791 occasione
942 768 1067 797 guerrae,
1083 759 1154 789 inter
1175 768 1226 789 nos

160 810 195 841 ὅ(
238 816 325 843 egem
339 806 463 838 Franciae
476 803 585 834 dudum
597 810 684 839 ortae,
700 809 789 838 opem
799 808 939 837 apponere
953 806 1126 828 curaremus:

198 844 290 878 Vobis
306 846 384 884 super
402 845 459 874 hoc
477 843 564 873 taliter
580 839 779 878 respondemus
791 860 800 876 ‚
852 837 906 867 uod
932 836 1039 866 nedum
1057 836 1087 866 in
1104 835 1170 874 hiis,
1187 835 1226 867 set

159 886 192 918 in
209 886 265 917 aliis
283 883 504 924 quibuscumque
519 903 529 918 ,
549 889 618 923 'quae
635 877 761 921 vestrum
779 886 817 915 po
842 884 880 906 int
899 876 1067 912 contingere
1086 884 1226 917 commo-

159 925 231 956 dum
249 926 282 956 &
298 924 454 958 honorem,
473 926 556 958 parati
572 916 681 956 semper
698 925 802 947 erimus
818 914 910 945 facere
928 923 992 954 quae
1003 921 1156 952 poterimus
1171 913 1226 944 bo-

160 974 200 995 no
218 963 325 1001 modo,
395 998 400 1003 ·
897 992 902 997 .
1102 990 1107 996 ,

198 1002 308 1032 Verum
355 1008 418 1037 quia
435 1004 563 1034 tempora
579 993 671 1026 adhuc
688 991 818 1024 nondum
835 992 916 1022 nobis
933 990 1088 1022 claruerunt
1100 998 1136 1020 ita
1150 987 1226 1028 pros-

161 1041 227 1080 pere
243 1049 273 1070 ut
287 1023 423 1069 vellemus
442 1034 582 1074 (quamvis
601 1044 633 1064 ea
646 1042 698 1072 pro
715 1032 795 1062 nobis
812 1032 846 1062 &
864 1031 944 1060 vobis
961 1029 1101 1068 speremus
1118 1028 1223 1059 foelici-

161 1088 202 1110 ter
226 1077 374 1109 succedere
393 1074 462 1106 infra
484 1073 579 1109 breve)
606 1082 657 1102 vos
669 1068 820 1101 affectuose
841 1070 1007 1112 requirimus
1021 1069 1056 1100 &
1072 1077 1223 1112 remmus,

158 1126 289 1156 quatenus
311 1113 430 1146 moleste
450 1122 509 1143 non
523 1112 620 1149 geratis
634 1110 654 1141 si
667 1108 801 1148 praedicta
820 1107 917 1138 vestra·
931 1115 1029 1151 petitio
1042 1130 1051 1145 ,
1077 1117 1136 1138 non
1154 1106 1224 1151 insra

159 1164 218 1187 tam
243 1156 328 1185 breve
343 1161 455 1192 tempus
488 1150 598 1181 forsitan
610 1157 640 1180 ut
654 1147 776 1185 vellem,
792 1145 919 1185 expedita
951 1145 1115 1176 dilationem
1134 1153 1223 1183 capiat

156 1194 316 1233 aliqualem·
338 1202 407 1223 cum
421 1174 508 1230 ipsiim
522 1187 651 1226 expedire
664 1185 855 1223 intendamus,
872 1168 934 1223 posi
947 1193 1012 1229 noti-
1022 1184 1103 1215 multi
1110 1192 1224 1222 tempo-

158 1234 194 1265 ris
206 1217 398 1268 intervallum,
416 1229 526 1261 favente
540 1227 690 1272 Domine,
707 1233 790 1264 prout
804 1223 900 1255 nostro
913 1223 1016 1254 honori
1029 1223 1063 1254 &
1077 1222 1175 1254 vestrae
1191 1233 1223 1255 u-

158 1271 248 1303 tilitati
261 1271 423 1302 noverimus
437 1276 598 1302 convenire.

193 1348 283 1381 Teste
296 1347 381 1386 Rege
394 1345 466 1386 apud
483 1344 615 1377 Lincoln.
632 1344 679 1376 28.
697 1341 744 1374 die
758 1340 904 1374 Februarii.

233 1478 282 1511 De
301 1476 450 1521 Exequiis
470 1470 628 1505 Edmundi
645 1473 769 1504 Comitis
789 1465 939 1502 Cornubiae
962 1464 1155 1501 celebrandis.

6 1554 82 1586 Ann-
97 1551 137 1584 D·
159 1559 285 1618 REX
300 1558 460 1591 Venerabili
472 1560 502 1589 in
514 1556 630 1588 Christo
641 1554 819 1587 Herefordiae
831 1553 974 1593 Episcopo
994 1553 1118 1597 salutern.

31 1603 44 1624 1
52 1602 114 1633 30¹·
243 1600 329 1631 Bonae
344 1599 492 1630 memoriae
499 1595 671 1634 EdmundO,
699 1594 823 1626 uondam
830 1592 949 1623 Comite
962 1591 1116 1623 Cornubiae
1124 1614 1134 1630 ,
1142 1590 1221 1635 Con-

2 1635 56 1659 An.
66 1641 112 1666 ²9-
159 1637 291 1676 sanguieo
314 1637 426 1675 nostro,
443 1637 513 1667 sicut
527 1634 661 1665 Domino
676 1642 694 1671 p
705 1634 796 1671 acuit,
812 1642 900 1671 nuper
911 1633 942 1662 in
953 1630 1074 1662 Patriam
1083 1639 1162 1669 ,quae
1175 1638 1226 1660 iter

5 1674 35 1698 E.
47 1679 70 1698 ¹·
157 1676 197 1707 est
213 1678 322 1708 cunctis
338 1675 499 1707 mortalibus
521 1673 666 1711 generale,
684 1679 804 1710 vocato,
1039 1709 1043 1714 ,
1118 1672 1119 1676 ’
1140 1708 1144 1713 .

8 1713 53 1736 Roe
59 1731 63 1736 ¹
72 1709 111 1738 εἰ·
198 1716 262 1747 Nos
276 1716 432 1747 humationi
447 1713 581 1752 Corporis
595 1712 690 1750 ipsius,
708 1712 737 1741 in
753 1708 928 1740 Monasterio
939 1708 977 1739 de
990 1707 1101 1746 Harles,
1117 1707 1163 1738 die
1175 1707 1225 1746 Jo-

5 1752 89 1781 ²9³¹3·
101 1757 124 1774 ¹·
159 1755 201 1786 vis
223 1756 354 1793 proximo
374 1763 437 1784 ante
455 1752 645 1783 Dominicam
659 1752 688 1780 'in
702 1749 801 1780 Ramis
814 1747 972 1779 Palrnarum
1008 1746 1145 1778 faciendae
1161 1757 1226 1785 pro-

4 1795 41 1812 ⁷''·
57 1787 97 1812 ¹⁶·
110 1786 135 1814 d·
158 1796 307 1832 ponimus,
326 1793 458 1824 Domino
472 1790 665 1827 concedente,
683 1787 855 1826 personaliter
867 1788 954 1817 intere
979 1797 994 1816 e
1008 1809 1019 1824 ,
1036 1790 1050 1802 ¹⁶

4 1822 137 1853 “II-330·
197 1832 425 1863 Benevolentiam
447 1830 568 1861 vestram
589 1836 691 1859 attente
710 1834 837 1863 rogantes
853 1827 996 1864 quatinus,
1012 1825 1053 1855 ob
1066 1834 1225 1855 commune

156 1871 333 1901 humanitatis
352 1870 499 1908 debitum,
523 1878 557 1898 ac
579 1866 665 1901 nostri
687 1864 947 1902 honorificentiam,
974 1863 1008 1893 ad
1028 1864 1224 1894 humationem

158 1910 323 1947 priedidtam
345 1909 403 1947 ejus
423 1909 476 1940 unii
494 1905 659 1943 nobiscum,
676 1914 745 1934 cum
760 1903 913 1933 devotione
926 1901 1088 1932 celebraturi
1099 1903 1225 1946 exequias

157 1949 186 1978 in
206 1948 323 1986 praefatis
338 1947 405 1977 loco
418 1948 451 1977 &
465 1947 605 1982 termino,
622 1943 811 1986 concurratis,
828 1950 858 1973 ut
871 1951 906 1972 ex
922 1940 979 1972 hoc
1000 1941 1126 1972 divinam
1142 1940 1224 1973 mise-

155 1987 309 2018 ricordiam
325 1986 436 2017 valeatis
449 1984 559 2017 uberius
572 1991 735 2023 promereri.

193 2063 300 2102 Teste,
319 2064 380 2095 &c.

192 2139 360 2173 Consimiles
373 2141 469 2173 litterae
487 2138 802 2211 dirigunmgffepiigceppis
815 2135 1011 2169 &Abbatibus
1016 2135 1185 2176 subscriptis,

194 2260 352 2326 &5273
369 2278 510 2319 Episcopis-
707 2254 821 2323 §ZZZ
833 2254 866 2321 ‘Ji
878 2253 1032 2332 ‹Cis'e‘ssZsseffr'

707 2331 822 2362 Abbati
840 2331 871 2360 de
891 2330 1022 2367 stanlegh
1036 2333 1065 2359 in
1081 2328 1189 2369 Wltff

707 2370 821 2401 Abbati
839 2370 870 2399 de
889 2368 1055 2410 Bordeflegh.

707 2408 821 2440 Abbati
851 2409 883 2438 de
919 2407 1015 2446 Regali
1052 2407 1106 2438 loco
1138 2408 1225 2446 juxta

784 2450 874 2477 Oxon.

708 2485 820 2517 Abbati
839 2487 870 2516 de
887 2484 977 2515 Glouc.

661 2552 666 2558 ,
711 2528 802 2555 Priori
821 2527 946 2568 PVygorn.

155 2335 268 2365 Abbati
282 2335 313 2364 de
326 2336 390 2364 Eve
405 2331 481 2362 laam.

154 2374 266 2404 Abbati
281 2373 312 2402 de
323 2376 376 2403 Teu
395 2370 474 2400 esbir.

153 2413 275 2443 Abbatii
286 2412 318 2441 de
338 2414 380 2441 W
379 2408 550 2440 inchecombe.

156 2451 269 2481 Abbati
285 2451 316 2480 de
331 2447 405 2489 Pers
401 2449 472 2479 hore.

155 2489 268 2519 Abbati
281 2490 312 2519 de
329 2489 434 2518 bindon.

154 2528 266 2561 Abbati
281 2528 311 2558 de
325 2530 351 2557 Ε
347 2524 425 2569 yves
421 2526 494 2557 ham.

311 2654 503 2701 Indulgentia
515 2663 568 2699 pro
588 2655 681 2700 Rege,
707 2650 743 2684 de
754 2650 912 2697 Confeffire
934 2649 1075 2698 eligendo.

3 2745 82 2776 Ann.
96 2744 136 2776 D.
160 2740 367 2804 BOnifacius
387 2739 554 2783 Episcopus,
569 2738 661 2781 sentus
671 2736 816 2782 ¹servorum
832 2736 889 2767 Dei
905 2735 1046 2767 carissimo
1061 2736 1091 2780 in
1105 2733 1221 2765 Christo

30 2793 116 2824 130¹·
217 2779 276 2824 ,fili-0
288 2779 436 2817 Edvardo,
453 2777 530 2815 Regi
545 2777 656 2814 Anghae
670 2775 780 2814 illustri,
797 2774 911 2806 salutem
927 2775 960 2806 &
974 2774 1160 2812 apostolicam
1172 2773 1225 2803 be-

6 2826 120 2889 {trajo
160 2818 507 2895 neffiffiisrsimarbitramur
527 2855 559 2886 δε
581 2863 759 2892 congruum,
776 2860 806 2883 ut
819 2851 966 2890 personam
979 2859 1076 2889 tuam,
1092 2850 1223 2881 devotio-

160 2904 195 2924 ne
210 2896 388 2933 praeclaram,
405 2895 437 2925 &
453 2894 589 2930 regalium
605 2894 738 2924 virtutum
745 2890 826 2922 titulis
835 2891 1011 2928 insignitam,
1028 2888 1174 2928 apostolici
1182 2888 1222 2920 fa—

163 2936 235 2964 voris
257 2933 424 2972 plenitudine
444 2932 652 2971 prosequentes,
677 2931 750 2961 votis
769 2930 821 2960 tuis
841 2929 985 2960 liberaliter
1004 2938 1175 2966 annuamus,
1191 2929 1220 2958 in

161 2971 212 3002 hiis
224 2974 347 3004 maxime
361 2982 423 3011 quae
438 2973 540 3002 animae
555 2979 609 3001 tuae
620 2969 733 3000 salutem
746 2967 879 3006 respicere
889 2967 1073 2998 dinoscantur.

196 3010 268 3041 Tuis
288 3012 379 3050 itaque
391 3009 635 3047 supplicationibus
647 3008 785 3045 inclinati,
802 3007 965 3037 auctoritate
978 3006 1028 3036 tibi
1043 3004 1219 3048 praesentium

157 3048 350 3087 indulgemus,
367 3058 395 3079 ut
408 3049 493 3078 libere
507 3046 603 3086 poffis,
622 3047 747 3086 quotiens
759 3054 950 3083 opportunum
961 3044 1042 3074 fuerit
1050 3066 1059 3082 ,
1070 3043 1219 3086 discretum

158 3088 209 3117 tibi
231 3087 333 3122 eligere
352 3085 568 3124 Confessorem,
593 3086 625 3116 &
646 3086 671 3116 ei
689 3093 734 3115 tua
755 3083 881 3114 confiteri
895 3091 1028 3123 peccata,
1046 3092 1109 3120 qui,
1126 3080 1219 3112 audit&

157 3124 343 3156 Confeffione
361 3124 424 3161 tufi,
447 3125 516 3161 tibi,
535 3132 614 3161 prout
627 3125 728 3154 animae
741 3131 796 3153 tuae
810 3122 885 3153 saluti
899 3121 1028 3160 expedire
1042 3120 1159 3158 viderit,
1176 3120 1218 3149 in-

154 3162 274 3200 jungere
295 3163 383 3194 valeat
394 3163 588 3201 poenitentiam
605 3162 764 3198 salutarem,
781 3162 814 3191 ὃ(
826 3160 902 3199 super
917 3162 969 3191 hiis
981 3159 1143 3190 auctoritate
1154 3167 1219 3188 nos-

158 3202 200 3233 tra
212 3201 384 3232 beneficium
399 3200 501 3231 debitae
514 3199 686 3231 absolutionis
701 3199 876 3237 impendere·
887 3199 936 3230 nifi
942 3198 1005 3230 talia
1011 3197 1219 3235 fuerint,prop-

159 3250 200 3272 ter
216 3252 278 3279 quae
291 3240 374 3272 Sedes
388 3238 550 3277 Apostolica
564 3238 597 3268 sit
613 3239 712 3268 merito
726 3223 900 3268 consulenda.

196 3278 281 3310 Ponit
299 3289 410 3317 quoque
429 3275 579 3315 dispensare
592 3285 688 3306 tecum
701 3275 778 3313 super
791 3275 999 3314 quibuscunque
1013 3275 1086 3305 votis
1099 3272 1219 3312 emissis,

158 3318 191 3348 &
208 3317 366 3348 emittendis
389 3315 591 3355 (Continentisz
603 3337 612 3352 ,
633 3313 745 3352 jerosol.
761 3315 793 3344 ὃς
820 3314 1050 3352 peregrinationis
1062 3313 1136 3355 votis
1147 3311 1218 3342 dun-

156 3363 229 3386 taxat
251 3354 507 3394 exceptioripsaque
522 3362 604 3391 vota,
620 3352 697 3390 super
712 3353 809 3390 quibus
823 3361 919 3383 tecum
934 3353 972 3383 sic
987 3351 1094 3383 duxerit
1109 3348 1220 3388 dispen-

159 3393 293 3433 sandum,
316 3395 367 3425 tibi
386 3395 415 3423 in
436 3393 486 3423 alia
499 3393 604 3429 pietatis
620 3401 720 3428 opera,
738 3398 818 3428 prout
831 3390 986 3422 secundum
1003 3389 1101 3420 Deum
1115 3390 1220 3418 animae

159 3439 216 3462 tuae
235 3432 307 3463 saluti
318 3432 448 3471 expedire
459 3431 559 3461 viderit
571 3429 659 3470 (super
675 3438 732 3468 quo
746 3436 823 3459 tuam
832 3452 843 3468 ,
858 3430 893 3461 &
905 3429 963 3468 ejus
977 3436 1125 3460 oneramus
1139 3425 1222 3457 Con-

158 3469 312 3507 scientiam)
329 3477 512 3501 commutare.

197 3507 278 3538 Nulli
291 3518 380 3548 ergo,
396 3509 457 3540 &c.

198 3581 257 3613 Dat
272 3582 358 3616 later.
377 3583 439 3616 Kal.
458 3584 571 3623 Martii,
584 3581 714 3615 Pontific.
733 3582 819 3614 nostri
830 3592 904 3614 anno
916 3582 1036 3621 septimo

1008 3660 1051 3689 N.
1070 3656 1218 3688 Leonardi.

3 2885 46 2926 L}
62 2885 123 2927 xsu-

0 2942 67 2973 'tog-r.

196 3734 251 3765 Sub
254 3733 317 3774 filis
325 3735 416 3774 sericis
424 3739 503 3777 flavi
516 3738 640 3779 rubeique
655 3735 753 3767 colom's.

13 3842 95 3920 Αἲξ)
100 3840 148 3909 Β·
160 3855 352 3904 Indulgentia
371 3869 424 3904 pro

13 3922 66 3946 An.
83 3928 127 3953 29.

444 3859 644 3905 sbrvientibus
664 3863 771 3907 Regis,
796 3858 878 3905 quod
889 3858 1010 3904 pfflim,
1036 3862 1068 3891 in
1086 3855 1220 3902 abftntiae

311 3911 423 3951 proprii
445 3909 628 3952 Sacerdotis,
648 3909 803 3955 Capellam
821 3910 907 3954 Regis
923 3907 1064 3951 confiteri.

14 3961 62 4021 {x
70 3966 138 4022 ¹214-
164 3989 362 4051 BOtiifacius
376 3989 401 4020 E
421 3991 477 4021 isco
497 3993 803 4037 uS‚.servus'seryorum
818 3991 892 4031 Dei,
910 3990 1049 4022 cariffimo
1063 3992 1092 4020 in
1106 3988 1220 4034 Christo

15 4040 26 4059 r
36 4042 53 4069 g
158 4067 213 4098 ben
213 4027 298 4099 egla
298 4027 397 4098 011ssssan
417 4039 435 4060 o
448 4052 458 4068 ‚
511 4040 558 4069 egi
575 4031 686 4069 Anghae
704 4030 798 4063 illustri
811 4053 821 4069 ,
845 4030 958 4063 salutem
975 4030 1009 4062 δε
1027 4027 1220 4069 Apostohcam

1506 112 1904 168 LITERAE,

1313 200 1463 232 Personam
1487 209 1563 232 tuam
1576 224 1586 240 ‚
1611 200 1765 231 devotione
1784 200 1944 238 praeclaram
1956 222 1966 238 ,
1989 199 2202 232 mansuetudinis
2232 211 2349 235 munere
2368 199 2444 231 Anu.
2461 200 2502 233 D.

1276 239 1437 279 praeditam,
1466 240 1499 271 δε
1514 240 1667 277 Regalium
1688 240 1823 269 virtutum
1844 239 1927 269 titulis
1940 238 2145 279 refulgentem,
2162 240 2348 279 conscriptam
2394 248 2480 279 13012
2531 243 2538 246 “

1275 280 1304 308 in
1321 279 1436 316 petitore
1449 278 1545 309 nostro
1559 287 1699 316 portamus
1712 300 1722 316 ,
1746 278 1780 308 &
1799 277 1873 307 illam
1894 277 1995 307 favoris
2015 277 2162 316 apostolici
2179 280 2350 317 plenitudine
2367 279 2434 307 Edv.
2459 288 2481 308 1.

1274 317 1483 362 prosequentes,
1509 328 1572 356 quae
1584 317 1659 361 yotis
1674 317 1726 346 tuis
1745 315 1864 347 insidere
1881 316 2069 354 conspicimus
2081 340 2091 356 ,
2109 317 2226 348 libenter
2239 319 2351 350 exaudi-

1273 364 1356 386 tionis
1371 364 1455 392 gratia
1469 365 1662 393 praevenimus.

1312 394 1385 423 Tuis
1405 394 1496 431 itaque
1510 392 1752 431 supplicationibus
1767 392 1908 430 inclinati,
1925 392 2086 424 au&oritate
2105 394 2157 425 tibi
2171 394 2346 432 praesentium

1272 431 1469 470 indulgemus,
1486 440 1517 462 ut
1528 440 1586 462 tam
1600 432 1712 470 clerici,
1731 432 1815 469 quam
1827 431 1907 469 laici,
1925 432 1965 461 tui
1979 431 2124 463 servientes
2138 433 2172 463 δε
2187 432 2348 472 famili-arm,

1274 469 1418 506 praesentes
1438 471 1472 501 &
1492 469 1612 509 posteri,
1629 471 1681 500 tuis
1699 470 1838 507 obsequiis
1858 469 2024 500 familiariter
2045 470 2212 510 insistentes,
2230 472 2343 510 quando

1271 517 1331 538 non
1346 507 1458 545 possunt
1469 508 1573 538 habere
1585 509 1698 546 copiam
1720 509 1825 546 proprii
1844 507 2018 547 Sacerdotis,
2034 510 2160 546 quotiens
2172 520 2345 548 opOitunurn

1273 545 1370 584 fuerit,
1389 545 1492 584 possint
1515 545 1669 584 Capellano
1686 554 1736 576 tuo
1757 556 1856 577 eorum
1871 546 1997 577 confiteri
2010 555 2138 585 peccata:
2158 548 2236 587 Qii,
2253 549 2344 581 audita‘i

1272 584 1448 614 confessione
1458 584 1595 623 ipsorum,
1612 586 1668 623 eis,
1686 594 1737 622 pro
1748 584 1918 623 commissis,
1935 586 2129 623 poenitentiam
2143 586 2282 617 salutarem
2289 589 2344 619 im-

1270 623 1389 667 pendam
1408 623 1458 653 nisi
1473 622 1535 653 talia
1552 622 1655 654 fuerint
1672 631 1785 662 propter
1800 633 1862 662 quae
1868 623 1989 655 fueritad
1996 624 2102 655 Sedem
2119 624 2344 663 *Apostolicam
2366 622 2500 654 *II-88¹4

1269 661 1422 700 specialiter
1440 662 1652 693 recurrendum.

1306 738 1388 770 Nulli
1406 747 1494 777 ergo,
1511 738 1573 770 &c.

1306 815 1373 846 Dat.
1393 815 1518 846 lateran.
1538 814 1600 846 Kal.
1620 814 1734 854 Martii,
1751 814 1929 854 pontificatfis
1948 815 2036 848 nostri
2047 827 2122 849 anno
2136 819 2266 858 septimo.

2090 903 2182 942 Sigillo
2199 906 2305 947 avulsb.

1264 1048 1324 1078 Pro
1344 1045 1550 1091 firvientibus
1567 1046 1723 1081 Edwardi
1738 1048 1802 1093 filii
1830 1052 1937 1096 Regis,
1964 1048 2001 1082 de
2022 1053 2152 1096 pcccatis
2172 1049 2340 1096 confitendis

1443 1097 1546 1142 Capell
1551 1108 1607 1128 ano
1621 1123 1631 1139 ,
1659 1101 1690 1129 in
1714 1095 1849 1143 abfintia
1862 1101 1979 1144 proprii
1995 1097 2174 1133 Sacerdotis.

1262 1180 1466 1242 Bon-isacius
1479 1181 1650 1227 Episcopus,
1668 1182 1760 1228 servus
1769 1182 1912 1228 servorum
1928 1183 2005 1228 Dei,
2021 1183 2129 1228 dilecto
2140 1182 2213 1229 Filio
2232 1184 2347 1230 Nobili
2361 1177 2485 1212 Anu-D·

1335 1220 1407 1264 Viro
1420 1243 1430 1260 ‚
1455 1220 1587 1265 Edvardo
1601 1230 1794 1260 primogenito
1810 1221 1942 1252 carissimi
1968 1233 1996 1252 iri
2021 1221 2136 1252 Christo
2151 1222 2213 1254 Filii
2226 1223 2311 1254 nostri
2326 1247 2336 1263 ,
2387 1228 2471 1259 1301·

1261 1255 1385 1327 ffffiarffl
1393 1259 1484 1297 Regis
1502 1260 1616 1298 Angliae
1633 1259 1756 1300 illustris,
1772 1259 1886 1292 salutem
1900 1261 1934 1292 &
1948 1260 2144 1299 Apostolicam
2162 1262 2337 1294 benedictio-
2357 1261 2412 1322 ’ἔηι-
2426 1268 2470 1292 29·

1299 1321 1384 1381 Pium
1404 1337 1567 1368 arbitramur
1586 1338 1620 1369 &
1645 1348 1807 1376 congruum
1820 1361 1831 1377 ‚
1860 1346 1890 1369 ut
1916 1339 1944 1368 in
1968 1338 2020 1368 hiis
2045 1339 2169 1376 prompti
2195 1338 2278 1370 simus
2301 1339 2335 1371 ad
2361 1338 2401 1361 Ex
2410 1317 2470 1363 ‘'1¹⁶-

1264 1383 1381 1413 gratias,
1399 1386 1461 1414 quae
1474 1376 1589 1421 salutem
1596 1376 1745 1415 respiciunt
1758 1376 2103 1423 Animarumfflraesertim
2118 1378 2193 1408 circa
2231 1378 2336 1410 ersonas
2357 1380 2422 1410 ‘⁰8⁹-

1263 1414 1453 1484 ἧεῐξιῑεὲοένπὲξὲ
1462 1412 1608 1453 sublimes,
1626 1426 1704 1454 quae,
1722 1426 1791 1453 pura
1805 1414 1860 1446 fide
1876 1415 2055 1454 conspicuae,
2072 1415 2140 1446 Deo
2153 1416 2186 1447 &
2227 1417 2335 1449 celeliae

1267 1530 1273 1535 .
1300 1490 1374 1521 Tuis
1381 1477 1471 1530 itaque
1490 1491 1733 1530 supplicationibus
1754 1491 1892 1531 inclinati,
1911 1492 2074 1524 au&oritate
2093 1493 2145 1523 tibi
2163 1493 2338 1532 praesentium

1264 1528 1463 1570 indulgemus,
1480 1539 1526 1570 ut,
1543 1539 1601 1561 tam
1620 1530 1743 1570 Clerici,
1760 1533 1844 1569 quam
1858 1531 1954 1569 Laici,
1972 1533 2012 1562 tui
2024 1531 2180 1562 Servientes
2193 1533 2226 1563 &
2241 1533 2335 1564 Fami-

1264 1567 1356 1607 liares,
1375 1569 1516 1607 praesentes
1537 1569 1571 1600 &
1591 1568 1693 1608 posteri
1709 1593 1719 1608 ,
1750 1571 1813 1613 tuis¹
1825 1569 1962 1608 obsequiis
1979 1569 2147 1600 familiariter
2171 1571 2337 1611 insistentes,

1264 1608 1378 1645 quando
1402 1617 1460 1639 non
1486 1606 1597 1646 possunt
1622 1608 1724 1639 habere
1748 1618 1863 1646 copiam
1889 1609 1992 1646 proprii
2009 1607 2183 1647 Sacerdotis,
2209 1612 2337 1648 quotiens

1263 1646 1551 1724 &numm-fuerit,
1570 1646 1672 1685 poffint
1689 1645 1846 1691 Capellono
1863 1655 1912 1691 tuo
1929 1656 2028 1677 eorum
2055 1646 2182 1691 confiteri
2198 1658 2314 1693 peccata
2320 1659 2334 1694 v:

1263 1685 1478 1754 ammam
1496 1685 1675 1762 {glffl‘a‘sse
1688 1686 1832 1755 lissiffltffi'
1846 1695 1973 1755 ἓέἰίὴξίω
1987 1685 2198 1756 cffffmelffssfiass’
2199 1696 2342 1758 ⁰152”¹t·e¹¹t¹<i

1264 1761 1583 1807 ὃεάειῃ-ΑροὶὶοΙίςαῐζο
1598 1748 1747 1802 [ρεέίεΙίῑεῐ
1759 1747 1970 1793 recurrendum?
1996 1732 2015 1762 P
2048 1732 2078 1762 Pt
2126 1735 2145 1764 q
2236 1735 2287 1758 em
2303 1738 2318 1758 a

1302 1800 1384 1831 Nulli
1400 1811 1471 1838 ergo
1487 1811 1609 1832 omnino
1625 1803 1778 1832 hominurn
1795 1801 1877 1832 liceat
1893 1801 1966 1832 hanc
1985 1802 2118 1840 paginam
2140 1801 2242 1834 nostrae
2264 1813 2336 1835 con-

1264 1838 1394 1870 cessionis
1408 1839 1576 1878 infringere,
1592 1841 1638 1871 vel
1650 1841 1676 1870 ei
1693 1839 1755 1870 ausu
1772 1840 1920 1870 temerario
1935 1841 2090 1871 contraire:

1286 1877 1399 1923 *Siquis*
1413 1886 1506 1923 autem
1525 1879 1582 1909 hoc
1600 1887 1762 1916 attemptare
1780 1877 1898 1923 praesum
1920 1877 1980 1922 serit
1994 1901 2005 1917 ,
2022 1878 2247 1915 indignationem
2268 1890 2335 1911 om-

1263 1916 1505 1987 ffffifsstssclgrtp,
1529 1917 1726 1986 &beatorum
1750 1915 1823 1948 Petri
1840 1916 1874 1949 &
1915 1916 1985 1956 auli,
2002 1916 2204 1955 Apostolorum
2218 1918 2294 1958 ejus,
2309 1918 2338 1951 se

1304 2031 1372 2064 Dat.
1392 2032 1519 2065 Lateran.
1538 2032 1601 2065 Kal.
1619 2032 1734 2073 Martii,
1751 2032 1933 2065 Pontificatfis
1950 2032 2036 2065 nostn'
2052 2044 2127 2065 anno
2142 2033 2272 2073 septimo.

1732 2110 1788 2142 Sub
1797 2110 1859 2152 filis
1869 2109 1962 2152 sericis
1969 2110 2050 2151 flavi
2062 2111 2187 2152 rubeique
2198 2111 2298 2143 coloris.

1317 2259 1565 2291 Procuratorium
1582 2257 1619 2291 de
1633 2257 1791 2291 tranando
1808 2258 2026 2289 cum'Nunciis
2045 2258 2176 2290 francia
2183 2256 2278 2302 [ἔφη

1677 2318 1750 2353 pace
1765 2309 1933 2339 Scotorum.

2361 2391 2436 2424 Ann.
2445 2393 2485 2426 D.

2383 2442 2396 2462 1
2419 2442 2467 2463 01.

1262 2470 1348 2509 lippi,
1366 2468 1424 2500 Dei
1443 2469 1545 2508 gratia,
1593 2471 1653 2506 egis
1669 2469 1840 2500 Francorum
1854 2468 1977 2507 illustris,
1994 2467 2232 2506 consanguinei&
2246 2467 2331 2500 fratris
2355 2475 2384 2500 E.
2397 2441 2418 2500 Ξ

1261 2509 1348 2541 nostri
1365 2508 1512 2547 karissimi,
1530 2519 1578 2547 per
1592 2507 1720 2546 speciales
1731 2508 1792 2538 suos
1804 2507 1938 2538 Nuncios
1953 2506 2034 2537 nobis
2050 2506 2174 2545 faeJcam,
2351 2513 2405 2537 Rot.
2422 2511 2484 2539 Alu-

1302 2546 1542 2578 Conceffissemus
1557 2547 1662 2585 aliquos
1683 2555 1773 2577 certos
1793 2545 1902 2577 nostros
1922 2547 2057 2584 nuncios,
2074 2545 2108 2576 ad
2125 2545 2250 2576 mediam
2264 2556 2331 2585 qua-
2352 2558 2420 2578 man.
2437 2560 2473 2585 ²9

1261 2586 1464 2625 dragesimam,
1481 2585 1553 2624 apud
1575 2584 1707 2616 Cantuar.
1724 2584 1859 2616 destinare
1872 2607 1882 2622 ,
1899 2584 1934 2615 ad
1957 2583 2131 2615 tradiandum
2147 2594 2216 2615 cum
2236 2584 2331 2616 homi-
2353 2591 2460 2617 E.i.m.

1263 2626 1344 2656 nibus
1358 2625 1391 2655 &
1405 2626 1532 2663 nunciis,
1548 2634 1617 2663 quos
1630 2624 1740 2654 ibidem
1752 2622 1843 2654 dietus
1856 2623 1921 2653 Rex
1933 2622 2072 2661 Franciae,
2090 2622 2167 2661 super
2182 2632 2251 2661 pace
2261 2634 2331 2659 geri-
2352 2635 2379 2662 7.

1262 2664 1297 2694 tis
1309 2663 1405 2700 Regni
1421 2662 1505 2694 nostri
1521 2662 1644 2701 Scotise,
1661 2663 1777 2694 duceret
1795 2660 2018 2692 transmittendos
2039 2662 2074 2692 ad
2095 2661 2254 2700 hujusmodi
2275 2671 2333 2694 ter-

1264 2703 1377 2732 minum
1390 2701 1476 2732 dict-:e
1484 2701 1587 2732 mediae
1602 2701 1835 2740 quadragesimae,

1302 2740 1347 2771 Ad
1363 2750 1458 2778 preces
1473 2740 1576 2779 praefati
1592 2739 1681 2777 Regis
1693 2740 1832 2777 Franciae,
1852 2739 1933 2768 nobis
1947 2739 2043 2768 iterato
2065 2736 2246 2777 transmissas,
2262 2748 2329 2778 pro-

1264 2780 1459 2815 rogaverimus
1473 2778 1558 2816 usque
1570 2779 1599 2807 in
1614 2777 1785 2816 quindenam
1800 2776 1862 2814 post
1876 2776 1976 2806 instans
1992 2775 2095 2807 festum
2111 2775 2237 2807 Pascbae:

1300 2817 1365 2849 Nos
1377 2817 1495 2849 dile&os
1507 2818 1541 2849 &
1552 2816 1646 2847 fideles
1660 2815 1768 2846 nostros
1776 2838 1786 2854 ,
1803 2815 1912 2846 nobiles
1924 2815 2016 2853 vitos,

1263 2391 1384 2460 RE}
1399 2393 1551 2432 omnibus,
1568 2392 1696 2438 adjquos
1710 2415 1720 2430 ,
1737 2392 1799 2423 &c.
1815 2391 1940 2436 salutem.
1978 2429 1984 2436 ·
2027 2430 2032 2435 ¹
2056 2429 2062 2436 ·
2211 2430 2217 2436 .
2241 2430 2247 2436 ἢ
2311 2430 2317 2436 .

1386 2441 1435 2462 um
1456 2454 1466 2469 ,
1488 2431 1522 2462 ad
1539 2431 1746 2500 refluisitionem
1770 2429 1923 2467 MagnifiCi
1940 2428 2075 2468 Principis
2090 2451 2100 2468 ,
2125 2428 2248 2460 Domini
2266 2428 2333 2460 Phi-

1298 2903 1460 2942 Johannem
1475 2906 1603 2933 Comitem
1629 2905 1791 2941 lVarennae,

1298 2943 1446 2972 Guidonem
1465 2942 1496 2972 de
1516 2941 1592 2971 Bello
1611 2946 1708 2981 Campo
1727 2944 1855 2972 Comitem
1875 2941 1969 2970 Wrr.

1297 2981 1488 3010 Audomarum
1501 2981 1532 3010 de
1546 2980 1675 3010 Valentia

1297 3019 1458 3057 Johannem
1470 3020 1502 3049 de
1516 3020 1615 3049 SanHo
1630 3004 1774 3057 Jobanne,
1801 3015 1841 3052 &-

1297 3060 1438 3106 Hugonens
1450 3058 1482 3088 de
1497 3059 1578 3096 Veer,
1598 3057 1703 3088 Milites
1712 3081 1723 3096 ‚

1295 3142 1418 3175 Nostros
1434 3142 1568 3174 Nuncios
1584 3142 1601 3174 s
1615 3142 1713 3174 ecialoe
1736 3141 1898 3172 ordinamus
1912 3163 1922 3180 ‚
1940 3138 2108 3178 affignarnus
2123 3162 2134 3179 ‚
2150 3140 2184 3171 δε
2207 3139 2328 3171 facimus

1258 3191 1308 3220 per
1321 3181 1478 3220 praesentes,
1495 3181 1529 3212 ad
1543 3190 1584 3212 tra
1614 3181 1736 3219 andum,
1753 3179 1939 3211 ordinandum
1961 3178 2328 3216 conveniendum,&con-

1258 3221 1432 3251 sentiendum
1445 3230 1515 3250 curn
1530 3219 1687 3257 hujusmodi
1703 3219 1864 3249 hominibus
1877 3220 1910 3249 ὅτ.
1923 3202 2047 3248 Nunciis
2059 3217 2129 3248 dicti
2141 3216 2230 3254 Regis
2245 3216 2328 3247 Fran-

1260 3260 1331 3297 ciae,
1348 3259 1425 3297 super
1438 3257 1633 3288 emendatione
1650 3257 1920 3295 inobedientiarum,
1936 3255 2122 3286 rebellionum
2139 3277 2150 3293 ,
2175 3263 2330 3294 contempae

1259 3305 1357 3335 tuum,
1374 3296 1617 3333 transgressionum
1635 3318 1645 3333 ,
1668 3296 1828 3334 injuriarum
1871 3292 2050 3332 excelsuum,
2067 3294 2101 3324 &
2120 3293 2329 3333 dampnorum,

1259 3337 1341 3366 nobis
1355 3336 1389 3366 &
1403 3335 1501 3366 nostris
1517 3345 1564 3372 per
1578 3334 1685 3364 dietam
1702 3342 1819 3371 gentem
1828 3318 1933 3365 §cotiae
1943 3332 2140 3371 illatorum,ac
2149 3333 2234 3363 etiam
2249 3330 2329 3371 super

1262 3374 1318 3405 aliis
1331 3374 1561 3410 contingentibus
1573 3372 1682 3402 &itam
1695 3382 1811 3411 pacem:

1300 3412 1407 3443 Rarum
1421 3412 1538 3442 habituri
1561 3411 1595 3442 &
1610 3409 1724 3442 firmum
1743 3409 1879 3450 quicquid
1893 3419 1994 3440 ornnes
2008 3407 2135 3447 praedicti
2166 3408 2328 3448 johannes,

1260 3450 1378 3488 Guido,
1396 3450 1587 3493 Audomarus,
1600 3448 1742 3487 johannes
1755 3449 1793 3480 de
1808 3449 1912 3492 Sandio
1923 3448 2051 3486 Johanne
2086 3448 2120 3479 &
2135 3431 2240 3486 hugo,
2258 3458 2326 3491 qua-

1258 3498 1322 3558 mqir
1335 3489 1382 3519 vel
1402 3497 1455 3520 tres
1475 3486 1616 3527 ipsorum,
1633 3487 1729 3519 nostro
1748 3488 1878 3526 nomine,
1895 3496 1925 3518 in
1939 3470 2087 3526 praemissis
2100 3486 2232 3517 duxerint
2257 3486 2327 3517 faci-

1260 3537 1296 3558 en
1317 3537 1376 3558 um.

1297 3603 1331 3635 In
1344 3604 1444 3642 cujus,
1459 3604 1521 3635 &c.

1296 3679 1364 3710 Dat.
1381 3679 1453 3718 apud
1466 3678 1597 3711 lincoln.
1613 3689 1638 3710 1.
1656 3679 1702 3710 die
1719 3679 1828 3711 Martii

1307 3804 1335 3831 *ἓ
1357 3804 1453 3838 Bulla
1477 3802 1655 3847 Remffonis
1670 3804 1706 3838 de
1722 3803 1858 3837 omnibus
1879 3801 2003 3837 decimis
2016 3805 2047 3834 in
2055 3798 2222 3847 fiabstdium
2240 3806 2323 3830 terrae
2337 3802 2473 3833 *11.882.·

1340 3853 1450 3897 fiinslae
1466 3851 1633 3898 deputatis,
1655 3868 1676 3887 a
1692 3856 1768 3899 Rege
1785 3855 1928 3898 perceptis
1945 3877 1956 3894 ,
1998 3853 2035 3888 ὠ·
2060 3847 2097 3882 de
2121 3845 2324 3880 exustionibus

1354 3911 1392 3932 ac
1412 3899 1643 3946 Impaefitionibus
1659 3899 1902 3948 quibufiumque.

1261 3982 1462 4054 BOfirliiifacius
1477 3984 1579 4023 Episco
1635 4008 1645 4025 ,
1659 3986 1752 4031 servus
1768 3985 1909 4029 seryorurn
1922 3981 1998 4019 Dei,
2015 3978 2155 4011 cariffimo
2168 3981 2197 4009 in
2207 3978 2322 4024 Christo

1261 4022 1541 4096 benedigicffisgrdo
1553 4046 1565 4063 ,
1618 4035 1666 4064 egi
1687 4021 1925 4063 Angliaeillustri,
1941 4018 2057 4052 salutem
2078 4018 2111 4050 &
2134 4017 2319 4086 αροῆοὴεέῐὲ
