2570 4261
141 250 217 282 Ann.
230 251 270 281 D.

140 299 247 365 1353:

126 1658 141 1673 ⁰
158 1657 180 1685 1.
194 1666 261 1693 540.

125 1845 201 1877 Ann.
218 1846 257 1877 D.

123 1895 240 1961 Αέῗξζ.

122 2004 163 2026 Ex
178 2006 223 2028 Au
229 2018 236 2023 -

120 2044 186 2074 togr.

293 181 367 221 192

291 257 330 287 rie
343 255 427 285 citare
443 258 568 282 curarent
583 258 613 280 ut
622 272 630 287 ,
648 248 719 279 infra
732 256 851 288 quatuor
863 248 985 287 menses,
1004 247 1068 287 post
1081 243 1246 278 citationem
1259 247 1350 288 suam,

292 305 341 333 per
363 293 388 322 se
403 315 412 329 ,
431 291 475 320 vel
502 298 550 326 per
563 288 780 318 Procuratorem
797 287 946 324 idoneum,
967 286 1135 325 Apostolico
1150 287 1176 316 se
1188 285 1350 327 conspeffitui

293 331 481 373 praesentaret,
498 329 528 358 in
542 326 644 357 eodem
659 326 793 363 negotio,
813 334 896 363 prout
910 325 983 355 ordo
996 326 1060 364 juris
1081 327 1219 365 exigeret,
1238 325 1349 364 procel-

322 378 377 399 riis:

290 373 318 403 su
326 407 404 437 ldem
425 415 494 435 vero
514 403 626 434 Electus
640 425 649 440 ,
668 410 751 440 prout
767 412 801 432 ex
822 410 920 432 tenore
939 402 1091 432 litterarum
1110 400 1225 438 ipsarum
1242 407 1348 438 pateat,

290 444 459 483 Magistrum
475 442 660 480 peremptorie
673 442 757 471 citare
771 442 877 471 curavit
892 441 1070 477 eundem‚ut
1085 441 1111 469 iri
1127 439 1284 476 hujusmodi
1294 447 1347 468 ter-

289 485 368 513 mino
386 481 556 519 Apostolico
574 481 600 510 se
622 479 785 520 conspectui
799 489 846 517 per
865 479 913 518 se,
926 479 971 509 vel
985 489 1034 516 per
1054 478 1269 508 Procuratorem
1282 476 1346 506 ido-

444 527 448 538 ⁴

286 529 662 596 negffingdffieessgffmodum
683 557 773 588 dietus
785 555 969 595 praedecessor
983 554 1163 584 Procuratori
1176 553 1344 584 eorumdem

286 597 389 627 Prioris
403 598 436 628 &
451 596 635 634 Conventus,
651 605 735 634 quem
751 604 865 632 propter
882 595 938 624 hoc
954 595 982 624 in
997 593 1099 622 eodem
1115 593 1238 635 termino
1255 592 1288 622 ad
1304 592 1344 622 se-

285 636 350 665 dem
367 636 563 673 Apostolicam
585 636 754 664 destinarunt
769 657 778 671 ,
797 632 930 662 dilectum
944 631 1031 661 filium
1046 630 1216 669 Migistruni
1231 629 1276 660 Ra
1296 641 1345 660 ne-

285 675 358 703 rium
382 674 418 703 de
440 674 568 704 Vitei·bio
588 672 772 711 Cipellanum
793 670 922 700 nostrum
946 670 1024 708 super
1047 669 1102 698 hoc
1117 669 1221 699 dederit
1236 678 1269 698 au
1291 670 1345 699 ito-

284 722 344 742 rem
358 735 368 750 ,
392 712 468 742 idem
487 711 653 750 Capellanus
668 733 677 748 ,
697 720 748 750 pro
770 710 850 739 dicio
864 708 1003 747 Magistro
1017 708 1131 738 nemine
1143 716 1343 744 comparente,

284 760 455 790 quamquam
469 751 560 789 ipsum
575 751 603 779 in
618 750 756 779 audientia
770 748 898 786 publica,
918 754 999 784 prout
1014 747 1100 789 moris
1114 746 1171 784 est,
1189 746 1288 783 pluries
1301 747 1343 777 ci-

284 791 332 819 tari
347 789 460 827 fecerit,
479 790 511 820 &
525 789 626 818 diutius
642 787 704 827 post
720 787 874 817 terminum
888 785 1037 824 expeftarit
1050 807 1059 822 ,

321 827 537 857 pronunciando
557 826 681 858 decrevit
702 826 815 855 eosdem
839 824 969 854 Priorem
985 846 995 861 ,
1021 823 1053 853 ὅ(
1074 822 1259 853 Conventum
1274 846 1283 861 ,
1309 823 1342 853 ὃς

282 865 497 896 Procuratorem
513 866 610 904 suum,
629 874 730 894 eorum
744 864 862 893 nomine
875 885 885 901 ,
903 861 965 891 fore
980 863 1009 891 in
1023 860 1223 901 poffeffionem
1238 861 1341 892 Eccle-

281 905 327 934 siae
348 905 470 942 praefatae
483 927 491 941 ,
514 903 592 934 causa
614 902 750 934 custodite
766 925 775 940 ,
794 900 966 931 inducendos
980 923 989 938 ,
1006 908 1088 943 prout
1108 901 1136 929 in
1153 901 1247 931 litten's
1260 901 1340 940 ipsius

283 942 427 979 Capellani
443 942 581 973 confectis
593 941 690 972 exinde
705 941 805 971 dicitur
821 940 926 978 plenius
939 940 1098 975 contineri,

322 981 468 1020 Qiocirca
493 980 649 1011 discretioni
672 979 770 1009 vestite
816 988 844 1008 er
870 977 1033 1016 Apostolica
1055 977 1153 1014 scripta
1175 977 1338 1008 mandamus

281 1029 407 1060 quatinus
423 1019 550 1060 praefatos
570 1019 712 1056 Priorem,
733 1019 764 1048 &
810 1026 983 1054 onventum,
1003 1015 1048 1046 vel
1063 1015 1185 1053 ipsorum
1202 1015 1338 1046 Procura-

281 1066 371 1088 torem
381 1081 388 1095 ,
407 1068 506 1089 eorum
517 1059 634 1088 nomine
645 1081 654 1095 ‚
673 1058 700 1087 in
715 1056 834 1094 ejusdem
856 1054 989 1085 Ecclesiae
1003 1054 1179 1093 corporalem
1193 1054 1337 1091 possessio-

279 1106 360 1134 nem,
378 1098 541 1127 austoritatc
555 1096 666 1133 nostra,
685 1105 733 1133 per
747 1104 798 1125 vos
830 1094 875 1124 vel
888 1093 955 1124 alios
967 1093 1100 1124 inducere
1113 1094 1274 1132 procuretis.

316 1134 546 1166 contradictores
565 1145 613 1171 per
633 1135 775 1165 censuram
796 1117 1018 1164 licclefiasticam
1031 1155 1041 1170 ,
1058 1131 1236 1170 appellatione
1259 1131 1336 1171 post-

279 1173 379 1212 posita,
397 1173 610 1213 compescendo.

317 1211 392 1241 Non
404 1211 532 1242 obstante
545 1212 564 1242 fi
580 1211 713 1250 aliquibus
728 1221 742 1241 a
755 1209 817 1240 sede
831 1207 995 1246 Apostolica
1007 1207 1038 1238 fit
1052 1207 1192 1239 indultum
1206 1208 1282 1248 quod
1292 1210 1335 1238 in-

279 1250 394 1287 terdici,
411 1251 550 1288 suspendi,
569 1251 613 1280 vel
627 1249 867 1280 excommunicari
882 1257 941 1277 non
954 1245 1057 1285 poffint
1075 1256 1123 1284 per
1136 1247 1236 1277 litteras
1251 1247 1332 1284 Apo-

280 1287 388 1318 stolicas
403 1311 412 1326 ,
431 1289 480 1319 nisi
500 1290 610 1329 plenam
631 1289 665 1319 ὃς
681 1287 850 1326 expressam,
868 1285 914 1317 vel
927 1286 962 1316 de
976 1285 1066 1316 verbo
1079 1285 1113 1316 ad
1128 1286 1247 1316 verbum
1260 1287 1334 1316 fece-

277 1327 331 1356 rint
346 1326 381 1356 de
397 1326 505 1358 indulto
519 1326 676 1364 hujusmodi
691 1327 874 1356 mentionem.

312 1401 383 1446 Dat.
399 1403 542 1445 Neapoli,
561 1403 682 1436 secundo
697 1401 760 1434 Kal.
776 1402 916 1433 Februarii
931 1424 940 1441 ,
956 1400 1141 1432 Pontificatus
1155 1399 1243 1432 nostri
1259 1410 1335 1433 anno

276 1451 379 1482 primo.

593 1520 719 1551 Plumbeo
726 1519 814 1558 sigilli
820 1520 953 1559 pendente
967 1530 985 1548 a
988 1518 1041 1560 filo
1054 1517 1176 1548 canabeo.

279 1660 297 1680 *
322 1662 411 1694 Bulla
429 1663 522 1695 Alex.
542 1665 624 1709 Papa
638 1674 692 1709 pro
711 1661 843 1694 Rertoldo
856 1689 865 1703 ‚
891 1662 1017 1702 Omne,
1038 1665 1073 1699 &
1092 1660 1256 1709 Ludowyco
1268 1689 1276 1703 ‚
1297 1660 1333 1693 de

319 1708 482 1753 conceffione
506 1714 546 1743 eis
565 1712 657 1756 falla
681 1710 716 1744 de
736 1713 861 1744 Ducam
875 1710 1029 1754 Asnalfie,
1055 1708 1238 1756 &pluribus
1257 1712 1332 1744 Ter-

319 1762 360 1791 ris
376 1762 406 1791 in
422 1759 537 1793 Sicilia.

275 1852 421 1913 HOC
441 1854 481 1884 est
507 1855 701 1891 transcriptum
726 1854 866 1889 cuiufilam
890 1852 1026 1892 privilegii
1053 1852 1211 1889 Apostolici
1227 1876 1236 1890 ,
1263 1862 1331 1882 cum

366 1893 606 1931 subscriptionibus
620 1894 702 1931 Papze
716 1894 748 1922 ἃ
761 1892 971 1928 (ἶπάῐηαίἰιιῐη,
989 1891 1113 1921 Conceffi
1130 1891 1277 1929 Bertoldo,
1296 1892 1328 1922 δε

272 1931 406 1969 Oddoni,
423 1942 455 1962 ac
471 1932 602 1962 Lodoico
618 1931 756 1961 Fratribus
775 1930 988 1960 Marchionibus
1007 1929 1043 1959 de
1058 1929 1278 1969 Hohemburch.

309 1969 464 2000 Alexander
488 1970 638 2010 Episcopus
652 1993 661 2008 ,
679 1970 767 1999 servus
782 1970 923 1999 servorum
939 1968 1010 2005 Dei,
1027 1968 1134 1998 dilectis
1148 1968 1224 2006 filiis,
1243 1968 1330 1998 nobi-

273 2009 342 2039 libus
365 2009 427 2038 viris
440 2032 450 2046 ,
472 2008 606 2039 Bertoldo
621 2032 630 2047 ,
655 2010 688 2038 &
710 2007 828 2038 Oddoni
845 2030 854 2045 ,
871 2017 904 2037 ac
927 2006 1068 2044 Lodoyco
1089 2007 1230 2044 fratribus,
1251 2007 1331 2037 Mar-

272 2047 419 2077 chionibus
433 2049 468 2077 de
481 2046 690 2077 Hohemburch
700 2069 710 2084 ,
727 2046 852 2077 fidelibus
871 2045 988 2084 nostris,
1005 2045 1121 2075 salutem
1136 2046 1168 2076 δε
1184 2045 1329 2086 Apostoli-

270 2096 333 2116 cam
349 2086 587 2116 benedic'tionem.

309 2124 444 2154 Clemens
464 2124 571 2162 semper
588 2125 621 2155 &
640 2124 714 2153 mitis
728 2146 738 2161 ‚
757 2123 786 2152 in
806 2123 858 2153 suis
871 2123 993 2159 actibus,
1012 2129 1099 2152 mater
1114 2122 1236 2153 Ecclesia
1250 2122 1328 2152 illum

268 2162 442 2202 benignitatis
456 2185 466 2200 ,
486 2164 560 2193 circa
583 2163 643 2193 suos
656 2162 726 2192 filios
747 2162 779 2192 ὃς
795 2161 932 2199 subditos,
948 2169 1024 2191 tenet
1038 2160 1174 2200 modum,
1193 2170 1238 2199 ut,
1256 2170 1328 2191 tam-

266 2210 354 2239 quam
367 2201 547 2231 vehementer
561 2202 588 2230 in
602 2201 733 2238 operibus
745 2201 850 2237 pietatis
864 2200 985 2230 exultans
998 2222 1008 2238 ,
1026 2200 1060 2230 &
1073 2200 1146 2238 quasi
1160 2210 1280 2230 amaenas
1294 2199 1326 2229 ii-

268 2240 298 2269 bi
320 2239 423 2270 delitias
440 2241 572 2270 extimans
590 2239 724 2277 misereri,
742 2239 822 2278 eligat
837 2239 924 2277 magis
944 2238 1049 2268 servare
1066 2238 1326 2276 mansuetudinem,

267 2288 353 2317 quam
368 2279 493 2315 rigorem
503 2301 510 2315 ‚
528 2279 561 2309 &
577 2278 720 2318 ignoscere
734 2286 841 2317 potius,
859 2287 944 2316 quam
958 2276 1058 2306 sevire.

303 2315 391 2346 Unde
406 2339 414 2354 ,
433 2316 453 2346 si
474 2316 586 2355 culpam
607 2317 635 2346 in
654 2325 797 2355 quoquam
818 2317 952 2354 repperiat
968 2315 1012 2345 vel
1034 2312 1186 2353 offenstim,
1205 2316 1267 2353 quia
1279 2315 1328 2346 de-

265 2354 393 2385 laetabile
408 2365 440 2385 ac
453 2355 607 2393 jocundum
621 2354 662 2385 est
676 2355 724 2385 sibi
736 2355 874 2385 dimittere
889 2353 1114 2393 delinquentem,
1129 2355 1158 2384 in
1172 2364 1267 2393 poenae
1282 2354 1326 2384 di-

265 2393 395 2424 missione
408 2393 452 2423 vel
466 2393 659 2424 moderatione
667 2393 825 2431 jocundum
835 2416 843 2430 ‚
862 2393 992 2422 libentius
1006 2393 1108 2431 parcit,
1128 2394 1213 2430 quam
1228 2392 1322 2432 feriat,

264 2432 298 2463 &
317 2432 376 2472 plus
392 2432 417 2462 se
430 2432 469 2462 illi
483 2433 634 2470 propitiam
647 2433 775 2470 exhibet,
795 2441 881 2469 quam
896 2430 1033 2461 severam:
1055 2430 1136 2461 Nam
1152 2433 1185 2462 &
1197 2431 1322 2470 agnoscit

265 2470 343 2511 quod
363 2481 456 2502 revera
477 2479 545 2502 tunc
561 2472 670 2510 egregie
685 2470 720 2501 de
733 2471 826 2508 aliquo
842 2469 964 2500 vindicta
979 2469 1109 2502 sumitur,
1128 2478 1195 2499 cum
1208 2471 1233 2500 ei
1248 2478 1325 2509 mag-

266 2510 414 2539 nanimiter
425 2509 595 2546 indulgetur.

305 2547 337 2578 Id
357 2549 432 2578 enim
455 2549 484 2578 in
506 2548 556 2578 suis
570 2548 710 2586 praecipue
731 2548 830 2586 quaerit
849 2548 881 2578 δε
893 2546 973 2577 obtat
984 2545 1107 2576 Ecclesia
1119 2546 1212 2584 quod,
1228 2547 1256 2576 in
1275 2545 1325 2577 suo

265 2586 392 2626 benigno
406 2586 519 2617 collecti
533 2587 658 2626 gremio,
674 2596 770 2616 amore
781 2596 813 2616 ac
826 2585 979 2616 devotione
993 2584 1157 2623 proficiant,
1171 2586 1204 2616 &
1218 2587 1247 2616 in
1263 2585 1324 2615 suo-

263 2634 328 2654 rum
341 2625 490 2655 dulcedine
504 2626 623 2655 uberum
638 2625 772 2655 continue
791 2624 979 2659 deicerentun
1001 2623 1101 2663 quibus
1121 2623 1218 2661 sponte
1230 2633 1281 2654 nos
1295 2625 1323 2654 in

264 2662 346 2693 donis
361 2664 393 2694 &
407 2665 513 2703 gratiis,
532 2663 669 2703 largifluos
682 2663 858 2700 exhibemus,
877 2672 908 2693 ut
922 2662 1116 2692 benevolentia
1130 2663 1162 2692 &
1176 2662 1323 2692 liberalita-

264 2709 294 2732 te
308 2701 400 2732 nostra
415 2711 559 2741 percepta,
577 2704 605 2732 in
619 2701 718 2732 nosti-is
731 2703 764 2732 &
785 2702 905 2740 ejusdem
918 2699 1051 2731 Ecclefiae
1072 2700 1253 2738 beneplacitis
1264 2701 1322 2731 for-

263 2739 317 2770 tiiis
329 2741 508 2771 roborentur.

298 2779 375 2818 Qia
388 2780 471 2819 igitur
484 2779 564 2820 ipsius
577 2778 711 2810 Ecclesiae
723 2778 841 2809 brachiis
855 2787 906 2808 vos
919 2777 1038 2808 totaliter
1050 2776 1315 2815 commisistiS,eam

262 2826 380 2847 matrem
402 2818 633 2856 recognoscentes
653 2820 686 2849 &
708 2817 869 2848 Dominam
882 2839 892 2854 ,
907 2815 996 2846 vestra
1012 2815 1116 2847 firmata
1128 2816 1266 2847 salubriter
1284 2817 1318 2848 ad

261 2855 342 2893 ipsius
355 2855 483 2888 mandata
497 2858 529 2888 &
544 2857 674 2895 obsequia
688 2857 848 2894 voluntate,
865 2864 934 2893 nos,
953 2854 988 2884 de
996 2855 1053 2885 hoc
1069 2855 1160 2885 multo
1174 2865 1318 2894 concepto

261 2894 367 2936 gaudio
384 2917 393 2933 ,
410 2896 544 2933 quoniam
566 2905 614 2933 per
636 2905 686 2925 vos
701 2917 710 2933 ,
728 2896 757 2924 in
781 2895 881 2933 quibus
895 2893 1021 2924 nobilitas
1037 2895 1166 2932 generis,
1178 2896 1318 2932 potentia,

261 2931 393 2962 industria
416 2934 449 2964 &
470 2934 522 2964 alia
544 2935 618 2971 plura
638 2933 721 2973 digna
741 2934 821 2963 laude
837 2941 1011 2963 concurrunt
1025 2955 1033 2969 ‚
1051 2933 1161 2970 honor,
1180 2942 1317 2963 commo-

260 2969 331 2999 dum
348 2971 380 3000 &
397 2972 525 3002 exaltatio
540 2972 672 3003 Ecclei'iae
690 2981 821 3009 poterunt
836 2970 986 3001 efficaciter
1008 2972 1166 3008 procurari:
1187 2970 1317 3002 Providi-

258 3018 320 3037 mus
344 3009 468 3045 personas
488 3011 589 3041 vestras
601 3033 611 3049 ,
631 3011 782 3048 prael'ertim
800 3020 866 3041 cum
885 3010 991 3040 dudum
1014 3009 1158 3048 diligenter
1173 3009 1206 3040 &
1221 3010 1317 3041 multi-

257 3047 366 3084 pliciter
386 3048 572 3079 laboraveritis
585 3049 730 3088 quondam
745 3049 923 3080 Fredericum
946 3048 1147 3078 Romanorum
1159 3047 1315 3089 Imperato-

259 3095 319 3115 rem
332 3086 365 3116 &
378 3086 545 3117 Conradum
560 3096 657 3117 natum
672 3089 742 3125 ejus,
756 3088 789 3117 ad
804 3088 883 3125 ipsius
895 3086 961 3116 sedis
974 3087 1157 3117 devotionern
1171 3089 1316 3125 attrahere,

256 3134 289 3154 ac
305 3125 377 3154 inter
396 3135 443 3155 eos
460 3126 492 3155 &
508 3125 661 3156 Ecclesiam
676 3127 751 3163 picis
765 3126 869 3156 fcedera
887 3125 1056 3162 reformare,
1073 3124 1155 3155 donis
1176 3126 1315 3157 honorare

259 3162 424 3202 condignis,
442 3163 625 3202 vestrumque
639 3163 738 3194 statum
753 3165 842 3203 gratiis
856 3164 1012 3201 magnificis
1025 3164 1166 3202 adaugere.

295 3200 376 3231 Hinc
389 3202 429 3232 est
444 3202 539 3242 quod,
556 3212 625 3232 cum
647 3201 750 3232 Siciliae
774 3202 925 3241 Regnum,
944 3212 1012 3232 cum
1028 3203 1164 3232 omnibus
1181 3203 1316 3234 districti-

252 3240 304 3269 bus
325 3240 358 3270 &
375 3241 542 3280 pertinentiis
557 3240 606 3271 suis
626 3239 659 3269 ad
683 3241 875 3278 Apostolicam
891 3241 983 3271 sedem
1002 3241 1084 3280 plene
1097 3242 1248 3280 pertineat,
1267 3242 1313 3272 sit-

252 3288 306 3316 que
322 3279 355 3309 ad
367 3280 424 3318 ejus
437 3278 611 3310 Dominium
624 3279 745 3310 totaliter
757 3279 938 3317 devolutun13

296 3316 379 3355 Nos,
396 3317 521 3348 volentes
534 3328 584 3348 vos
599 3320 629 3348 in
642 3317 690 3347 illo
706 3319 886 3357 prcerogariva
903 3318 1108 3348 beneficiorum
1118 3317 1235 3357 efferre,
1250 3319 1314 3350 Du-

258 3364 352 3384 catum
368 3356 495 3386 Amaifiae
528 3366 595 3387 curn
610 3355 793 3393 Civitatibus,
812 3355 916 3385 Castris
951 3356 1046 3394 Villis,
1065 3356 1222 3396 Casalibus,
1240 3358 1318 3388 vide-

262 3392 327 3422 licet
351 3393 484 3434 Amalfia,
502 3380 633 3434 s'lajana,
652 3394 747 3425 Vetita
767 3394 896 3432 Maiore,
915 3379 1008 3425 Vetita
1023 3394 1156 3434 Minore,
1176 3396 1318 3427 Rufforo-

261 3439 307 3467 re,
323 3430 628 3472 Casanova,Laureto‚
641 3433 769 3471 Toboli,
787 3433 881 3471 Scala,
900 3432 1036 3471 Ravello,
1048 3433 1225 3472 Tramonte,
1288 3446 1318 3466 e—

264 3468 490 3512 rulaaPogerula
503 3496 512 3509 ,
527 3472 603 3502 Pino
618 3495 628 3510 ,
642 3471 794 3510 Pigmonte
808 3495 817 3509 ,
837 3472 924 3502 Atran
940 3471 1062 3510 Maiori,
1081 3471 1192 3503 Minori
1205 3473 1267 3504 Insu
1279 3483 1293 3503 a
1307 3497 1316 3513 ,

263 3504 324 3549 Cra.
342 3515 428 3546 itana,
446 3512 479 3540 δε
501 3511 640 3547 Pafflana,
659 3520 773 3540 necnon
795 3520 862 3540 cum
880 3510 1044 3540 hominibus
1063 3511 1247 3550 eorumdem,
1264 3513 1319 3542 ho-

262 3552 327 3572 nori
349 3555 394 3583 us,
412 3548 530 3587 juribu:‚
545 3548 797 3588 jurisdictionibus,
810 3551 870 3587 jure
890 3557 1047 3586 patronatus
1069 3551 1317 3590 conventualium,

265 3580 299 3610 &
318 3590 377 3611 non
398 3588 624 3618 conventualium
645 3587 831 3618 Ecclesiarum
845 3611 855 3625 ,
870 3588 975 3626 pascuis
990 3611 1000 3626 ,
1016 3589 1195 3627 nemoribus,
1213 3591 1294 3626 pratis
1307 3612 1317 3628 ,

267 3617 492 3665 poffeffionibm,
510 3627 587 3656 terris
599 3626 680 3657 cultis
691 3627 724 3656 &
737 3626 864 3664 incultis,
881 3627 974 3665 aquis,
991 3635 1181 3664 aquarumque
1194 3627 1316 3660 decursi-

266 3657 336 3694 bus,
355 3657 479 3700 lusimus,
497 3663 529 3692 &
545 3674 613 3694 cum
633 3665 766 3695 omnibus
786 3665 938 3694 rationibus
958 3666 991 3695 ὃς
1011 3665 1180 3702 pertinentiis
1198 3665 1264 3704 suis,
1281 3669 1316 3698 &

266 3703 336 3737 CURU
355 3695 425 3733 hus,
441 3707 503 3735 quae
523 3701 557 3731 ad
578 3712 686 3732 merum
701 3704 733 3732 &
749 3703 869 3732 mixtum
886 3702 1039 3740 Imperium
1054 3704 1209 3743 pertinent,
1227 3714 1258 3734 ea
1274 3708 1317 3736 vi-

267 3732 444 3776 delicet-quae
456 3736 520 3780 sunt*
532 3739 567 3768 de
580 3740 710 3771 demanio
724 3742 752 3770 in
766 3740 943 3779 demanium,
961 3742 995 3772 &
1007 3750 1070 3780 quae
1083 3740 1144 3770 sunt
1155 3741 1192 3771 de
1204 3742 1316 3775 servitio

269 3780 299 3815 Ψ
310 3770 451 3814 ΓΕΠΉΨΓΠ
467 3774 605 3810 (Civitate
624 3779 727 3808 Littan.
742 3780 775 3810 &
789 3778 891 3809 Castro
903 3778 1037 3809 Gravian.
1053 3778 1194 3809 dumtaxat
1212 3791 1315 3821 excep-

267 3807 321 3844 tis)
341 3809 421 3839 vobis
438 3811 585 3853 vestrisque
605 3817 758 3847 haeredibus
779 3818 809 3847 in
823 3826 987 3857 perpetuum
1001 3841 1010 3855 ,
1027 3817 1062 3847 de
1076 3817 1191 3847 fratrum
1204 3821 1315 3852 nostro-

268 3855 333 3882 rum
350 3847 464 3891 consilio
478 3850 511 3880 δε
528 3852 629 3883 assensu
670 3856 701 3884 in
720 3855 836 3885 feudum
854 3856 1038 3886 concedimus
1051 3878 1060 3894 ,
1078 3855 1111 3885 &
1125 3855 1261 3888 donamus
1281 3868 1317 3890 ex

269 3891 346 3926 certa
365 3885 475 3916 scientia
488 3888 522 3917 &
537 3891 621 3924 gratia
635 3876 743 3929 speciali
759 3895 838 3930 (non
849 3893 1026 3923 obstantibus
1044 3895 1166 3933 qualibet
1179 3896 1318 3927 constitu-

263 3927 359 3964 tione,
377 3923 538 3969 generaliter
557 3927 599 3956 vel
611 3927 756 3964 specialiter
770 3930 843 3959 edita
857 3953 867 3967 ,
885 3930 929 3959 vel
941 3930 1063 3969 edenda,
1081 3942 1130 3969 per
1141 3942 1207 3970 quas
1219 3935 1317 3965 infrin-

266 3966 293 3997 gi
308 3981 318 3996 ,
335 3960 379 3990 vel
401 3971 513 4006 vacuari
533 3964 622 4007 posset
640 3966 701 3995 liaec
718 3968 811 3998 nostra
832 3968 977 3997 conceffio
989 3991 999 4006 ,
1015 3970 1061 3999 seu
1074 3971 1205 4008 donatio,
1225 3981 1272 4002 aut
1288 3974 1316 4003 ei

266 3998 482 4044 quomodolibet
495 4001 635 4045 derogari)
648 4005 692 4045 *ita
713 4006 790 4040 quod
802 4006 891 4034 nullus
900 4005 1064 4042 justiciarius
1077 4030 1088 4045 ,
1106 4018 1159 4038 nec
1171 4009 1314 4048 quisquam

265 4034 335 4066 alius
348 4034 474 4071 officialis
489 4037 586 4071 Curiae
599 4050 700 4079 major,
718 4050 764 4072 aut
779 4044 872 4073 minor
887 4044 1023 4081 (excepto
1030 4044 1139 4084 Legato
1152 4047 1220 4078 sedis
1235 4050 1317 4088 Apo-

738 156 1540 227 CONVENTIONES,
1598 158 1982 215 LITERAE,

1746 246 1914 278 Civitatibus
1925 270 1936 286 ‚
1954 246 2062 277 Castris
2075 269 2086 286 ,
2111 246 2193 278 Villis
2205 270 2215 286 ,
2230 247 2388 287 Cafalibus,
2405 249 2439 281 δε
2455 248 2529 280 Ann.
2546 250 2570 282 E

1736 296 1875 325 quaerere,
1893 287 1939 316 vel
1961 287 2087 326 exigere,
2103 295 2152 317 aut
2171 286 2318 325 ordinare,
2332 288 2377 318 vei
2388 287 2441 320 sta·
2453 297 2563 364 Hss553.

1382 241 1506 280 stolicae)
1530 244 1559 273 in
1580 243 1696 277 Ducatu

1381 281 1437 310 aitis
1458 281 1598 319 praedietis
1616 270 1722 324 aliquid'

1381 327 1456 366 tuere
1465 342 1474 358 ,
1489 320 1534 350 seu
1547 321 1698 364 potestate,
1713 324 1770 354 sive
1779 324 1968 362 jurisdictione
1980 325 2068 364 aliqua
2082 326 2122 355 uti
2135 324 2228 363 possit.

1416 359 1471 388 bed
1483 368 1550 396 vos,
1567 359 1710 398 iidemque
1727 362 1848 392 haeredes
1861 372 1893 392 ea
1906 364 2005 393 omnia
2019 385 2030 401 ,
2047 364 2083 393 de
2095 365 2194 401 quibus
2209 373 2276 401 vos,
2294 364 2323 393 in
2337 364 2439 402 praedi-

1379 395 1495 440 {storum
1512 398 1628 427 fratrum
1645 400 1786 436 piaesentia
1797 424 1807 439 ,
1833 410 1882 439 per
1905 401 2021 431 anulum
2045 401 2236 432 investivimus
2247 425 2257 440 ,
2274 402 2304 432 in
2320 401 2436 433 feudum

1379 434 1542 477 immediate
1555 446 1570 465 a
1584 435 1716 468 Romana
1729 438 1852 470 Ecclesia
1871 440 1978 478 integre
1998 439 2118 470 habeatis
2133 440 2165 470 &
2179 441 2310 479 teneatis,
2326 441 2438 471 nullum

1377 472 1463 539 εἰιυὲη
1477 495 1488 510 ,
1510 481 1610 513 praeter
1626 475 1714 515 ipsam
1725 499 1735 515 ‚
1752 478 1852 508 exinde
1870 477 2060 516 superiorem,
2081 478 2126 508 vel
2140 477 2304 509 Dominum
2316 479 2438 519 cognos-

1380 520 1433 540 cen
1454 520 1482 539 0.

1414 548 1433 566 ³*
1454 548 1593 580 Volumus
1602 559 1698 595 autern
1712 561 1760 592 ut,
1780 553 2030 593 quotienscumque
2041 553 2095 594 ipsi
2109 552 2241 584 Romana
2253 553 2376 586 Ecclesia
2387 565 2439 597 ge-

1377 585 1500 630 neralem
1517 598 1670 632 ereremum
1685 614 1695 629 ,
1712 601 1765 631 pro
1784 592 1944 623 defensione
1960 593 2056 632 Regni
2079 592 2185 630 praefaii
2198 615 2208 630 ‚
2225 597 2438 633 congregaverit

1377 624 1420 667 vel
1435 625 1590 671 indixerit,⁸
1603 638 1670 666 vos,
1685 629 1810 668 dictique
1825 631 1965 670 haeredes,
1983 631 2154 669 teneamini,
2172 640 2227 668 pro
2237 630 2353 662 Ducatu
2366 642 2441 672 prae-

1377 662 1456 693 dieto
1465 688 1474 700 ,
1493 673 1591 703 Viginti
1606 667 1723 707 milites,
1739 670 1818 707 equis
1831 670 1864 700 ὃ(
1878 671 1958 699 armis
1971 669 2104 700 decenter
2118 670 2260 707 munitm,
2274 669 2309 700 ad
2320 670 2441 701 servien-

1378 700 1511 746 {lumPsss
1527 703 1705 744 quadraginta
1718 707 1775 737 dies
1787 708 1815 737 in
1829 707 1928 738 vestris
1942 707 2096 746 sumptibus
2113 707 2206 738 eidem
2221 705 2355 739 Ecclesiae
2368 732 2379 748 ,
2395 710 2441 740 in-

1376 742 1416 769 tra
1431 741 1499 771 dicti
1516 741 1610 780 Regni
1626 744 1764 783 confinia,
1782 745 1919 776 exhibere.

1416 778 1485 809 Nos
1511 790 1625 823 quoque
1644 782 1678 812 ὃς
1694 784 1791 813 eadem
1811 783 1934 815 Ecclesia
1947 795 2014 823 vos,
2030 795 2063 815 ac
2075 785 2146 823 ipsos
2161 784 2284 815 haeredes
2297 786 2325 815 in
2338 785 2441 818 Duca-

1377 824 1420 846 tus
1443 818 1475 847 &
1493 819 1610 849 aliorum
1625 821 1828 859 praedffitorum
1847 824 1978 853 omnium
1995 824 2165 861 poss'effione
2179 825 2439 863 manutenebimus,

1376 856 1409 898 ἃ
1426 865 1524 887 contra
1537 868 1643 902 'omnes
1656 882 1666 898 ‚
1685 861 1734 902 qui
1754 870 1804 890 vos
1818 861 2044 900 molestaverint,
2062 863 2236 899 impetierint
2248 862 2292 892 vel
2309 863 2438 894 turbave-

1374 902 1428 923 rint
1442 894 1520 939 super
1534 896 1602 933 illis⁷
1621 897 1782 929 defensione
1795 900 1875 929 vobis
1889 899 2007 930 assistere
2020 902 2178 931 curabimus
2191 909 2337 937 oportuna.

1410 932 1448 962 Et
1461 956 1473 977 ,
1491 938 1511 964 li
1529 935 1650 978 aliquem
1668 936 1712 973 jus
1734 937 1763 967 in
1785 938 1823 967 eis
1835 960 1846 976 ,
1863 939 1907 968 vel
1929 938 2052 976 ipsorum
2068 940 2174 979 aliquo,
2193 948 2226 968 ex
2241 940 2413 970 succeffione
2423 964 2435 979 ,

1371 968 1524 1015 donatione
1540 996 1549 1009 ,
1565 984 1709 1013 emptione
1753 977 1976 1014 permutatione,
1995 986 2041 1007 aut
2054 987 2235 1016 quocumque
2255 978 2308 1007 alio
2325 978 2436 1017 modo,

1373 1008 1416 1038 vel
1433 1011 1514 1053 titulo
1533 1012 1635 1055 habere
1656 997 1830 1052 constiterit,
1850 1024 1902 1044 nos
1915 1015 1950 1044 de
1963 1015 2108 1053 condigno
2127 1017 2164 1045 illi
2178 1017 2367 1055 concambio,
2385 1018 2433 1048 vel

1374 1048 1455 1078 vobis
1472 1072 1482 1087 ,
1503 1050 1660 1089 priusquam
1680 1051 1820 1090 praemiffa
1831 1075 1840 1090 ,
1865 1053 1910 1083 vel
1925 1053 2027 1095 aliquid
2041 1054 2185 1085 dimittatis
2206 1063 2323 1093 eorum,
2341 1055 2370 1085 in
2383 1065 2435 1086 eo-

1371 1084 1435 1116 dem
1451 1086 1556 1131 Regno
1571 1089 1743 1124 studebimus
1757 1090 1910 1130 providere.

1406 1124 1491 1156 Nulli
1506 1137 1573 1167 ergo
1584 1153 1593 1166 ,
1610 1129 1671 1160 &c.

2455 562 2505 589 ‘L
2521 570 2570 599 54¹

1407 1201 1476 1233 Dat.
1496 1203 1621 1245 Neapoli
1642 1216 1690 1244 per
1711 1216 1829 1238 manum
1855 1206 1986 1248 Magistri
2003 1207 2152 1238 Scolarum
2174 1206 2304 1238 Parmen.
2321 1207 2432 1239 Sandhe

1368 1239 1510 1272 Romanae
1524 1243 1659 1287 Ecclesiae
1675 1244 1922 1284 Vicecancellarii‚
1939 1247 2040 1285 quinio
2057 1246 2098 1277 Id.
2115 1246 2196 1276 Febr.
2211 1245 2375 1277 Indictionis
2386 1256 2431 1287 13.

1403 1277 1603 1313 Incarnationis
1617 1283 1783 1314 Dominicae
1800 1295 1877 1314 anno
1889 1285 2036 1316 milleiimo
2050 1285 2243 1315 ducentesimo
2256 1288 2429 1325 quinquage-

1368 1315 1441 1385 {ittlno
1463 1329 1562 1363 quarto
1574 1343 1584 1359 ,
1610 1320 1794 1355 Pontificatsis
1815 1333 1883 1354 vero
1898 1323 2021 1355 Domini
2037 1323 2185 1355 Alexandri
2212 1323 2296 1362 Papae
2313 1323 2434 1363 Qarti,

1403 1365 1443 1386 no
1454 1366 1555 1397 primo.

1704 1438 1829 1470 plumbeo
1841 1440 1932 1478 Sigillo
1942 1441 2077 1479 pendente
2092 1452 2109 1470 a
2114 1439 2168 1482 filo
2180 1439 2301 1470 canabeo.

1369 1559 1459 1590 Bulla
1482 1559 1518 1592 de
1543 1561 1769 1606 Confirmatione
1791 1575 1844 1609 per
1872 1563 2088 1597 Alexandrum
2119 1566 2252 1595 omnium
2281 1559 2433 1608 Conceffio·

1411 1620 1485 1639 num
1506 1610 1666 1653 fallarum
1690 1622 1743 1658 per
1767 1613 1972 1645 Innocentium
1998 1615 2114 1658 Papam
2140 1607 2373 1646 Marchionibus
2393 1609 2430 1642 de

1414 1655 1641 1693 Hohemburch.

1367 1739 1515 1799 HOC
1533 1743 1573 1774 est
1587 1744 1781 1785 transcriptum
1795 1747 1936 1785 cujusdam
1971 1746 2089 1786 rivilegii
2103 1743 2425 1788 Apostolici,cums1iiq-
2442 1736 2519 1768 Ann-
2532 1737 2570 1769 D⁴

1457 1781 1652 1821 scriptionibus
1671 1783 1755 1822 Papte
1775 1785 1809 1815 &
1831 1785 1952 1816 Cardina
1964 1787 2023 1816 ium
2066 1783 2190 1815 concessi
2203 1784 2343 1814 nobilibus
2361 1792 2427 1812 viris
2462 1785 2546 1815 1255.

1364 1818 1513 1888 liernlifflo’
1529 1821 1648 1852 Oddoni
1663 1823 1695 1853 ὃς
1710 1823 1854 1863 Lodoyco
1866 1824 1994 1855 fratribus
2006 1808 2224 1855 Marchionibus
2240 1822 2278 1853 de
2288 1821 2423 1852 Hohem-
2440 1819 2558 1889 ἵξῃ·

1388 1869 1436 1888 [ΠΕ
1460 1882 1465 1887 .
2470 1876 2475 1881 ·
2519 1873 2526 1880 ·
2559 1876 2570 1886 x

1377 1935 1380 1939 ι
1400 1898 1555 1928 Alexander
1574 1898 1727 1938 Episcopus
1740 1923 1750 1938 ,
1765 1900 1856 1931 servus
1875 1900 2016 1932 favorum
2030 1900 2105 1940 Dei,
2121 1899 2231 1930 dilectis
2244 1897 2323 1936 filiis,
2340 1897 2424 1928 nobi·
2476 1895 2518 1918 Ex

1365 1934 1434 1965 libus
1448 1937 1528 1974 viris,
1547 1935 1696 1975 Bertoldo,
1715 1938 1851 1977 Oddoni,
1869 1940 1903 1970 δε
1916 1939 2060 1978 Lodoyco
2074 1962 2084 1977 ‚
2102 1939 2229 1970 fratribus
2245 1936 2422 1967 Mareliioni-
2440 1930 2538 1965 T'ws‘-

1365 1973 1468 2042 bugd}
1477 1974 1706 2015 Hohembiirch,
1724 1977 1850 2009 fidelibus
1861 1977 1980 2017 nostris,
1996 1977 2111 2009 salutem
2123 1979 2156 2009 &
2166 1975 2362 2015 Apostoiicam
2374 1975 2427 2005 be-
2440 1968 2538 1996 Bullat.

1366 2022 1401 2041 ne
1424 2016 1448 2042 ic
1463 2023 1569 2044 ionem.

1402 2049 1497 2081 Decet
1516 2053 1549 2082 &
1569 2053 1680 2091 expedit
1696 2053 1866 2084 devotorum
1880 2055 1913 2085 &
1925 2054 2099 2085 subditorum
2118 2054 2218 2084 merita
2231 2053 2324 2084 debita
2338 2052 2431 2084 consi-

1366 2087 1508 2133 deratione
1523 2092 1625 2128 pensari
1633 2115 1652 2135 ,Ἰ
1659 2100 1689 2137 ut
1701 2092 1784 2129 digni
1803 2094 1839 2136 ab
1854 2093 1989 2136 indignis,
2007 2102 2037 2124 ut
2052 2093 2225 2132 singulorum
2245 2092 2323 2130 afta,
2342 2091 2431 2130 quali-

1365 2129 1714 2212 telliqtuiisssdiiiiienigeiiiggrtii
1731 2130 1850 2199 ἕξοζέιῗίξὶ
1862 2130 2116 2207 giigrenrgi‘igitdir'sunt
2131 2169 2227 2207 modi,
2245 2169 2293 2207 qui
2308 2167 2427 2205 amplius

1363 2204 1395 2234 &
1413 2206 1510 2235 melius
1522 2206 1665 2237 serViverit
1680 2207 1784 2247 liquido
1798 2213 1977 2247 agnoscatur,
1995 2216 2128 2247 quatenus
2142 2208 2311 2245 unicuique,
2327 2206 2427 2236 secun·

1363 2242 1433 2272 dum
1457 2244 1532 2282 quod
1553 2246 1687 2275 meruerit
1701 2268 1710 2283 ,
1727 2247 1872 2277 retributio
1891 2247 2032 2286 condigna
2052 2248 2209 2284 proveniat:
2227 2245 2280 2284 Et,
2299 2246 2361 2282 quia
2375 2245 2425 2288 ubi

1364 2290 1497 2324 magnum
1511 2283 1640 2320 procedit
1653 2285 1838 2329 obsequium,
1853 2294 1961 2316 merces
1975 2295 2036 2315 non
2051 2285 2163 2316 modica
2178 2285 2251 2325 sequi
2263 2284 2364 2320 debet·²
2382 2292 2431 2321 ei,

1364 2321 1927 2402 qussi?qfiifss‘ilmfflsscssiiffissdss‘rgamssffi
1934 2324 2357 2403 ,Ρὲῗωιὲΐῗῃὲἓὲῗὲἀέἓὶῖὲῇω
2370 2359 2426 2390 fiil-

1365 2405 1466 2436 geatis,
1486 2408 1547 2428 non
1559 2407 1672 2439 oportet
1687 2400 1775 2429 multa
1789 2400 1942 2430 verborum
1953 2401 2103 2438 congerie,
2122 2409 2169 2430 aut
2183 2401 2281 2438 prolixi
2295 2397 2348 2427 stili
2361 2407 2426 2428 ora-

1365 2436 1430 2465 culo
1446 2436 1601 2475 explicare3
1620 2447 1688 2468 curri
1703 2438 1760 2468 satis
1772 2437 1950 2468 manifestum
1963 2439 2059 2469 existat
2077 2460 2087 2475 ,
2101 2438 2136 2469 &
2149 2439 2209 2477 plus
2222 2439 2250 2469 id
2263 2436 2336 2469 faeta
2352 2437 2429 2467 noti-

1363 2473 1448 2505 ficent
1462 2497 1472 2513 ,
1489 2476 1575 2515 quam
1593 2475 1684 2515 poss‘et
1699 2477 1872 2507 narrantibus
1887 2476 1992 2507 reserari
2010 2500 2020 2515 ,
2037 2485 2149 2515 propter
2163 2478 2240 2516 quod
2254 2475 2343 2514 digne
2358 2485 2426 2512 pro-

1364 2514 1499 2549 ponimus
1519 2514 1553 2544 &
1576 2514 1754 2552 Apostolicos
1771 2517 1845 2545 circa
1860 2525 1910 2545 vos
1932 2515 2116 2556 multiplicare
2129 2514 2254 2555 favores,
2272 2516 2306 2547 &
2321 2512 2424 2544 statum

1363 2550 1488 2582 vestrum
1502 2552 1654 2592 condignis
1667 2553 1866 2584 munificentiis
1878 2553 2018 2593 ampliare.

1400 2589 1480 2633 Cum
1500 2592 1592 2629 itaque
1605 2614 1615 2629 ‚
1638 2591 1707 2622 ficut
1727 2593 1756 2622 in
1779 2591 1873 2622 nostra
1895 2591 2072 2630 proposuistis
2095 2591 2239 2630 praesentia
2263 2589 2424 2630 constituti,

1362 2627 1457 2658 faeiicis
1470 2629 1669 2660 recordationis
1683 2629 1863 2661 Innocentius
1876 2629 1950 2668 Papa
1966 2629 2148 2668 praedeceffor
2169 2629 2283 2668 noster,
2300 2629 2425 2660 nonnul-

1361 2665 1404 2695 los
1426 2665 1586 2698 Comitatus
1600 2690 1610 2706 ,
1628 2669 1662 2699 &
1679 2668 1808 2706 quasdam
1828 2668 1956 2699 Batonias
1970 2691 1980 2706 ‚
1997 2669 2030 2699 &
2047 2668 2198 2706 Civitates,
2214 2678 2246 2698 ac
2261 2667 2424 2706 quamplura

1360 2703 1475 2743 Castra,
1493 2705 1615 2744 Casalia,
1633 2707 1666 2736 &
1681 2706 1756 2736 bona
1770 2708 1819 2736 alia
1831 2707 1937 2748 vobis,⁴
1947 2706 2096 2744 vestrisque
2112 2706 2282 2743 haeredibus,
2297 2708 2327 2736 in
2340 2706 2422 2750 Reg-

1360 2752 1400 2772 no
1415 2742 1536 2782 Siciliae,
1554 2743 1590 2774 de
1603 2744 1719 2774 fratrum
1733 2744 1847 2774 suorum
1862 2745 1980 2774 consilio
1999 2744 2032 2774 &
2056 2743 2178 2781 assensu,
2198 2744 2427 2782 confirmaverit,

1359 2781 1541 2820 concesserit,
1561 2783 1594 2813 &
1608 2783 1719 2813 donarit
1731 2793 1764 2813 ex
1780 2791 1854 2813 certa
1867 2782 1980 2813 scientia
1999 2783 2032 2813 &
2048 2783 2132 2821 gratia
2147 2782 2254 2820 speciali
2267 2805 2277 2820 ,
2293 2790 2376 2820 prout
2393 2782 2424 2813 in

1359 2819 1531 2857 Apostolicis
1550 2821 1702 2859 privilegiis
1721 2822 1755 2852 &
1774 2821 1869 2852 litteris
1889 2820 1969 2858 super
1987 2820 2046 2851 hoc
2069 2820 2191 2850 obtentis
2211 2820 2317 2857 plenius
2332 2821 2429 2851 conti-

1361 2867 1456 2888 netur:

1397 2896 1481 2934 Nos,
1499 2896 1595 2928 vestris
1615 2890 1856 2940 supplicationibus
1876 2898 2000 2928 inclinati
2017 2921 2025 2935 ‚
2045 2898 2289 2934 confirmationes,
2306 2897 2425 2927 conces-

1357 2934 1443 2966 siones
1462 2936 1495 2966 &
1515 2936 1682 2967 donationes
1705 2936 1862 2975 hujusmodi
1883 2945 1950 2966 ratas
1970 2938 2102 2966 habentes
2118 2937 2150 2967 &
2166 2944 2254 2973 gratas
2267 2958 2277 2973 ,
2296 2935 2366 2973 illas,
2385 2935 2421 2965 de

1357 2974 1474 3004 fratrum
1488 2973 1650 3005 nostrorum
1664 2976 1781 3007 consilio
1796 2975 1828 3005 &
1842 2974 1945 3005 assensu
1961 2998 1971 3012 ,
1988 2975 2151 3005 au&0ritate
2165 2973 2332 3012 Apostolica
2347 2983 2422 3004 con-

1356 3011 1518 3051 firmamus,
1534 3014 1566 3044 &
1579 3013 1719 3051 praesentis
1731 3013 1822 3052 scripti
1837 3014 1994 3054 patrocinio
2010 3014 2232 3044 communimus.

1397 3050 1482 3082 Nulli
1497 3061 1582 3092 ergo,
1597 3053 1657 3083 &c.

1394 3127 1462 3158 Dat.
1480 3128 1622 3168 Neapoli,
1639 3139 1660 3168 4
1675 3128 1716 3159 Id.
1733 3129 1880 3160 Februarii.

1394 3166 1560 3197 Indiffionis
1573 3177 1617 3206 13.

1392 3204 1528 3235 Incarnat.
1551 3205 1718 3236 Dominicae
1729 3216 1805 3236 anno
1822 3215 1906 3245 1254.
1924 3204 2109 3237 Pontificatsis
2129 3213 2198 3235 vero
2212 3204 2333 3241 dompni
2348 3202 2415 3234 Ale—

1357 3243 1452 3274 xindri
1469 3244 1554 3282 Papa:
1572 3245 1674 3283 Qiai‘ti
1687 3255 1762 3274 anno
1776 3247 1876 3285 primo.

1689 3320 1813 3350 Plumbeo
1827 3320 1915 3359 Sigillo
1925 3321 2057 3360 pendente
2071 3317 2151 3381 akfilo
2164 3318 2289 3348 canabeo.

1356 3441 1384 3468 ὃ*
1410 3443 1497 3475 Bulla
1520 3443 1703 3489 promissoria
1730 3444 1765 3477 de
1785 3442 1923 3490 ponendis
1946 3442 2091 3490 praediHis
2118 3438 2349 3474 Marchionibus
2377 3439 2414 3472 de
2433 3449 2564 3489 *1542-

1400 3490 1614 3525 Hohemburch
1633 3495 1663 3523 in
1680 3502 1755 3537 pace
1780 3496 1815 3532 ω’*
1832 3492 1987 3525 concordia
2004 3503 2073 3524 cum
2092 3488 2262 3534 Manfredo
2281 3491 2415 3533 Principe

1403 3540 1558 3573 Tarentin.

1358 3623 1504 3684 HOC
1521 3625 1561 3670 est
1576 3626 1765 3668 transcriptum
1779 3627 1920 3671 cujusdam
1935 3623 2257 3670 privilegiiApostolici,
2271 3629 2341 3664 cum
2348 3619 2413 3665 sub-
2431 3629 2506 3660 Am·
2523 3631 2570 3664 D)

1445 3662 1638 3701 scriptionibus
1659 3664 1697 3695 Pa
1764 3666 1797 3696 &
1818 3666 2006 3695 Cardinalium
2022 3686 2032 3701 ,
2049 3662 2174 3707 concessi
2191 3658 2329 3691 nobilibus
2347 3668 2411 3689 viris
2452 3677 2534 3707 1255,

1357 3700 1691 3742 Bertoldo,Oddoni,&
1707 3703 1847 3744 Lodoyco
1860 3704 1985 3734 fratribus
1998 3700 2215 3733 Marchiombus
2226 3697 2261 3727 de
2275 3695 2409 3727 Hohem-
2429 3710 2481 3734 Aa.
2499 3718 2544 3745 39.

1360 3740 1550 3809 bufflkditander
1564 3778 1736 3819 Episcopus,
1750 3780 1840 3811 servus
1857 3780 1998 3810 servorum
2020 3778 2092 3817 Dei,
2110 3773 2215 3819 dilectis
2228 3772 2290 3803 filiis
2301 3773 2407 3817 nobili·
2428 3749 2510 3811 Ηέκ

1357 3817 1408 3847 bus
1423 3818 1488 3846 viris
1503 3817 1636 3847 Bertoldo
1646 3841 1655 3856 ,
1676 3818 1813 3857 Oddoni,
1828 3819 1860 3849 &
1877 3818 2034 3857 Lodoyco,
2053 3813 2177 3845 fratribus
2194 3810 2409 3855 Marchionibus
2426 3822 2526 3859 Transc.

1357 3856 1393 3898 de
1406 3854 1632 3898 Hohemburch,
1649 3856 1775 3887 fidelibus
1795 3857 1910 3894 nostris,
1928 3856 2041 3886 salutern
2060 3853 2094 3885 δί
2109 3849 2303 3890 APOstOhCssm
2321 3850 2408 3882 bene·
2425 3860 2525 3889 Bullat.

1357 3892 1638 3969 dleizlgslfftgupientes
1658 3933 1860 3971 indempnitati
1873 3930 1972 3961 vestrae
1985 3925 2099 3966 paterna
2118 3925 2301 3969 sollicitudine
2316 3928 2413 3964 PYOVi-

1355 3967 1421 3999 dere
1432 3992 1443 4007 ,
1458 3968 1581 4001 fidelitati
1600 3970 1699 4001 vestrae
1713 3993 1723 4008 ‚
1737 3971 1772 4001 de
1791 3970 1906 4000 fratrum
1928 3967 2088 4009 nostrorum
2104 3963 2222 3993 consillo
2242 3965 2275 3995 &
2289 3965 2410 4004 assensu,

1356 4007 1533 4045 praesentium
1551 4017 1650 4039 tenore
1670 4008 1860 4047 promittimus
1874 4030 1884 4042 ,
1902 4004 1978 4042 quod
1993 4013 2045 4033 nos
2063 4001 2204 4040 iidemque
2225 4002 2317 4033 fratres
2328 4025 2338 4041 ,
2358 4013 2411 4034 vos

1357 4055 1425 4077 cum
1437 4046 1527 4078 nobili
1545 4047 1609 4079 viro
1623 4045 1791 4084 Manfredo,
1810 4043 1938 4082 Principe
1951 4041 2098 4073 Tarentin.
2113 4039 2133 4072 si
2152 4050 2218 4075 eum
2231 4040 2265 4072 ad
2279 4042 2411 4073 devotio-

2346 4088 2416 4114 nem
