2570 4261
738 161 848 203 ET
928 161 1192 204 ACTA

5 240 82 271 Ann-
97 240 137 272 D·
146 250 310 287 proteffione
323 259 353 279 cu
377 249 435 288 odi,
452 250 483 278 iat
497 247 581 278 libera
596 247 646 278 tibi
661 256 749 279 mente
763 247 916 288 defirviat,
934 247 988 286 ὠ,
1003 256 1030 278 te
1040 255 1202 287 protegente,

27 288 109 318 1252.

4 322 66 346 Hm.
83 328 108 355 3.

0 1407 10 1426 '
25 1407 123 1445 1.483-.

0 1529 69 1560 Ann.
84 1529 123 1560 D.

20 1577 102 1607 1252.

0 1611 44 1635 An.
64 1609 107 1644 36.

0 1688 32 1712 Ex
50 1666 108 1712 xsu-

0 1731 58 1760 mgr.

7 2718 84 2750 Ann.
101 2717 142 2752 D,

32 2765 114 2795 1252.

7 2799 60 2824 An.
80 2799 122 2832 36.

7 2875 48 2900 Ex
62 2856 120 2900 Asu-

7 2917 72 2947 ngr.

0 3859 85 3890 Ann.
98 3857 140 3890 D.

30 3905 113 3936 1252.

0 3939 59 3963 7Δάτι.
78 3938 124 3974 36.

0 3977 44 4000 Ἡ.
63 3983 89 4010 3.

11 4014 56 4039 Ax
64 4016 124 4041 Au-

0 4055 76 4088 *vogn

151 299 169 316 a
181 288 259 318 malis
273 248 389 319 omniblris
395 288 433 328 fit
440 288 561 327 ficurus:
581 290 671 325 Deus,
687 292 733 327 qui
747 286 909 316 ammirabili
918 289 1093 325 providentia
1107 288 1202 315 cunm

148 326 274 365 disponis,
294 335 321 356 te
331 326 483 366 fiaepplz'ctter
505 325 660 355 exhoranm
680 333 710 354 ut
732 334 835 355 terram
849 348 859 364 ,
876 337 955 365 quam
966 330 1114 363 unigenitus
1122 324 1201 365 filius

148 371 209 394 tuus
220 369 324 404 propri'o
336 367 467 403 sanguine
486 365 648 402 consecravit
660 387 669 402 ,
689 365 721 393 de
736 364 854 392 manibus
870 367 1031 393 inimicorum
1046 367 1133 392 Crucis
1148 367 1201 391 eri-

140 407 233 442 piens,
250 403 374 442 restituas
389 402 471 432 cultui
485 401 642 441 christiano,
660 409 729 431 vota
741 401 866 442 fidelium
886 403 925 431 ad
938 403 994 441 ejus
1014 401 1199 431 liberationem

146 441 303 481 instantium
319 441 517 479 misericorditer
531 442 665 476 dirigendo
679 444 706 469 in
722 445 799 469 viam
810 439 908 478 salutis
923 448 1030 471 aeternae
1046 464 1055 478 ,
1069 448 1117 478 per
1132 451 1197 468 eun-

143 480 202 509 dem
217 479 348 518 Christum
360 482 505 508 Dominum
521 477 634 517 nostrum
643 502 652 516 ,
671 480 729 508 δίς.

181 517 235 556 Et,
255 517 323 547 dum
347 517 445 547 dicunt
466 516 624 553 hujusmodi
640 527 750 556 preces,
769 517 906 554 pulsentur
920 516 984 546 duae
996 515 1199 554 Campanulae,

142 564 173 586 ut
185 556 240 594 illi,
260 557 306 593 qui
322 556 354 586 ad
368 565 452 594 opera
470 555 513 584 sua
529 555 641 584 exierint
655 578 664 591 ,
683 555 726 584 vel
747 557 775 585 in
796 556 926 585 domibus
940 555 990 585 suis
1005 555 1199 592 remanserint,

141 593 240 624 auditis
254 596 411 633 campanis,
430 594 521 624 dicant
531 599 612 631 pater
624 592 707 633 noster
715 617 724 631 ,
742 595 774 625 δε
790 594 851 623 alias
863 595 1017 632 orationes,
1037 602 1119 631 prout
1133 592 1197 622 Do-

142 633 238 663 minus
253 633 421 673 inspiraverit
435 633 481 662 eis.

176 669 248 701 Item
263 671 401 709 processio
412 671 457 700 fiat
470 680 485 699 a
500 668 601 707 Clero,
620 670 652 700 ὃς
667 670 772 710 populo
782 693 791 707 ,
811 670 920 739 singulis
936 672 1072 701 mensibus
1085 670 1196 700 sollem-

139 709 230 748 pniter
243 733 252 747 ,
275 711 362 749 prima
380 709 450 739 sexta
470 709 537 738 feria
557 709 672 746 niensis,
697 709 741 739 vel
753 709 805 738 alia
824 720 839 739 a
879 711 1022 740 arbitrium
1037 709 1162 746 Praelati,
1177 710 1197 739 Γ]

141 755 209 779 tunc
224 748 379 778 commode
393 747 450 777 fieti
461 756 521 776 non
536 746 632 785 posset.

179 786 216 816 Et
239 788 268 816 in
288 786 411 816 Ecclesia
425 808 434 823 ,
452 785 485 814 ad
505 795 589 824 quam
611 785 660 814 ibit
676 785 813 821 processio
825 809 834 823 ,
854 786 896 815 vel
914 788 942 817 in
961 785 1058 816 eadem
1073 784 1197 815 Ecclesia

143 825 218 854 unde
230 825 331 863 exibit,
350 825 368 854 Γ]
384 823 416 854 ad
432 822 512 853 aliam
527 822 563 852 de
578 823 652 853 facili
673 834 731 853 non
746 826 846 861 poterit
860 826 982 855 accessus
1000 825 1110 862 haberi,
1130 834 1197 854 can-

142 870 215 893 tetur
229 862 302 931 mgffa
319 863 350 892 de
366 865 454 891 Cruce.
483 877 495 890 v

179 900 235 939 Et,
272 900 327 931 itia
342 899 436 938 missa,
454 899 499 930 fiat
511 900 601 930 sermo
617 900 649 931 ὃς
664 899 818 931 exhortatio
831 900 863 930 ad
877 900 994 932 Clerum
1004 902 1036 932 &
1069 900 1198 940 opulum,

140 947 171 969 ut
188 948 269 969 orent
289 949 340 979 pro
359 938 459 978 Rege,
474 940 506 968 ὃ(
527 938 585 968 tota
605 938 733 968 societate
747 939 808 977 suri,
827 940 859 969 δε
875 950 926 980 pro
938 940 1029 970 Terra
1049 939 1148 977 aneia,
1166 946 1197 968 ut

138 987 201 1008 eam
215 978 312 1008 liberet
328 976 471 1007 Dominus
487 977 521 1007 de
536 978 660 1007 manibus
675 977 858 1016 paganorum.

178 1015 215 1046 Et
235 1016 315 1046 detur
329 1038 338 1054 ,
353 1016 515 1045 auctoritate
536 1015 666 1053 prat-dicia
682 1039 690 1054 ,
709 1016 877 1055 induigentia
893 1017 1006 1052 viginti,
1025 1016 1068 1045 vel
1083 1013 1197 1053 quadra-

140 1054 220 1091 ginta
246 1054 354 1084 dierum
381 1054 433 1083 hiis
458 1054 507 1091 qui
534 1054 705 1084 interfuerint
722 1053 892 1093 processioni
914 1056 947 1086 &
967 1054 1056 1084 missae
1070 1062 1196 1092 tantum,

141 1102 210 1122 cum
225 1102 283 1122 non
298 1093 400 1130 poterit
414 1092 581 1131 praedicator
596 1091 699 1123 haberi.

163 1168 248 1213 'Dat-
272 1170 375 1200 Perusii
392 1192 401 1207 ,
425 1170 507 1200 tertio
527 1168 590 1200 Kal.
615 1169 737 1200 OCtobr⁴
753 1168 940 1199 Pontificatus
953 1167 1043 1198 nostri
1057 1177 1131 1198 anno
1148 1167 1198 1199 de-

143 1217 230 1239 cimo.

454 1284 577 1314 plumbeo
586 1283 675 1322 sigillo
683 1284 814 1323 pendente
826 1295 844 1312 a
853 1282 900 1324 filo
912 1283 1036 1314 canaheo.

166 1409 193 1436 ²¹?
220 1407 309 1442 Bulla
325 1407 360 1441 de
377 1408 554 1441 Protefi‘ione
579 1410 662 1454 Regis
679 1419 747 1439 cum
764 1407 1010 1452 transfretaverit
1027 1408 1070 1441 acl
1075 1420 1177 1455 partes

560 1456 778 1500 Terrasiznc‘lae.

143 1542 364 1604 INnocentius
376 1541 544 1583 Episcopus,
561 1540 652 1573 servus
666 1540 808 1572 servorum
823 1541 896 1580 Dei,
905 1542 1065 1573 charissimo
1078 1543 1106 1573 in
1116 1543 1202 1574 Chri-

193 1582 237 1611 sto
250 1581 309 1612 filio
413 1581 509 1611 illustri
532 1580 606 1620 Regi
625 1580 737 1620 Angliae
758 1582 967 1620 crucesignato,
984 1581 1097 1612 salutem
1112 1584 1145 1613 &
1161 1583 1202 1613 A-

144 1620 312 1658 postolicam
324 1620 560 1651 benedictionem.

184 1658 313 1698 Dignum
330 1658 371 1688 est
385 1667 414 1688 ut
423 1681 432 1695 ,
448 1657 561 1688 caeiestis
576 1657 662 1696 Regis
674 1657 810 1696 obsequiis
824 1658 1004 1697 inhaerentes,
1021 1660 1203 1700 praerogativa

145 1697 282 1737 gaudeant
295 1698 386 1736 gratiae
402 1697 530 1734 specialis.

183 1736 260 1766 Cum
279 1736 361 1775 igitur
374 1736 439 1765 zelo
454 1734 516 1765 fidei
533 1735 565 1765 &
579 1733 736 1765 devotionis
750 1735 894 1773 accensus,
912 1735 991 1773 signo
1003 1735 1125 1766 vivificae
1139 1746 1205 1767 cru-

145 1774 185 1804 cis
197 1774 356 1812 assumpto,
373 1784 424 1814 pro
437 1772 554 1803 subsidio
564 1773 664 1803 Terrae
685 1774 785 1803 sanetae
799 1797 808 1810 ,
827 1784 885 1803 non
902 1768 992 1804 solum
1008 1783 1108 1805 terram
1124 1776 1205 1807 relin-

144 1821 248 1851 quere,
266 1813 365 1843 verum
381 1813 464 1842 etiam
477 1811 622 1851 personam
635 1821 774 1849 exponere
789 1812 820 1841 sis
834 1821 956 1851 paratus,

182 1851 267 1890 Nos,
283 1852 334 1881 tuis
349 1851 476 1890 precibus
490 1850 634 1888 inclinati,
652 1849 797 1888 personam
812 1860 904 1889 tuam,
921 1861 988 1881 cum
1003 1861 1106 1890 uxore,
1125 1852 1206 1882 sami-

144 1886 196 1928 iia,
215 1890 335 1929 Regno,
352 1891 445 1927 terris,
463 1890 496 1919 ὃς
510 1890 641 1918 omnibus
662 1889 762 1927 bonis,
780 1899 842 1928 quae
862 1889 1107 1927 impraesentiarum
1123 1893 1206 1921 ratio-

146 1929 275 1959 nabiliter
290 1927 425 1966 possides,
444 1928 492 1957 sub
508 1928 581 1957 beati
596 1927 673 1957 Petri
688 1928 720 1957 δε
734 1927 825 1957 nostra
839 1928 1017 1966 protectione
1029 1929 1189 1969 suscipimus
1199 1953 1208 1968 ,

148 1968 183 1998 &
203 1966 341 2005 praesentis
356 1967 447 2004 scripti
462 1967 620 2006 patrocinio
633 1968 852 1997 communimus.

183 2005 338 2036 Statuentes
360 2014 390 2035 ut
407 2028 415 2042 ,
443 2005 588 2043 postquam
606 2005 656 2034 iter
671 2005 752 2035 fueris
774 2005 961 2036 transmarinae
981 2007 1208 2045 peregrinationis

147 2044 283 2083 aggressus
297 2066 306 2081 ,
324 2053 355 2073 ea
375 2045 471 2073 omnia
489 2045 594 2082 integra
616 2051 746 2084 maneant
768 2044 801 2073 ὃς
822 2044 932 2083 quieta,
953 2042 1045 2076 donec
1064 2045 1099 2076 de
1118 2046 1208 2076 reditu

150 2091 202 2113 tuo
237 2083 280 2113 vel
294 2082 373 2112 obitu
389 2081 541 2112 certissime
556 2084 749 2118 cognoscatur.

186 2106 272 2151 binni
290 2128 357 2158 ergo
377 2122 498 2150 omnino
521 2120 671 2149 hominum
692 2120 772 2150 liceat
794 2119 866 2150 hanc
883 2122 1011 2160 paginam
1026 2122 1129 2153 nostrae
1144 2133 1211 2160 pro-

151 2160 280 2190 rectionis
300 2159 332 2189 ὃς
359 2157 566 2189 constitutionis
588 2158 738 2197 infringere
751 2181 760 2196 ,
785 2159 829 2190 vel
856 2159 881 2189 ei
897 2160 960 2190 ausu
976 2162 1123 2192 temerario
1140 2172 1211 2192 con-

152 2206 250 2230 traire·

188 2221 278 2276 Siqt'iis
290 2244 382 2266 autern
397 2235 452 2265 hoc
469 2242 632 2275 attemptare
646 2235 864 2304 praesumpserit,
882 2236 1103 2275 indignationem
1117 2240 1213 2269 omni-

153 2276 273 2316 potentis
294 2275 351 2304 Dei
365 2297 378 2316 ³.
393 2274 426 2304 &
448 2275 594 2305 beatorum
617 2272 692 2304 Petri
712 2275 744 2305 ὃς
788 2274 857 2314 auli,
876 2276 1080 2316 Apostolorum
1096 2279 1169 2316 ejus,
1187 2279 1213 2308 se

155 2315 267 2345 noverit
281 2313 464 2343 incursurum.

180 2390 260 2434 Dat.
275 2389 393 2428 Perufii,
407 2389 529 2421 secundo
544 2389 584 2420 Id.
600 2389 736 2420 OCtobris
749 2413 758 2429 ,
776 2388 958 2422 Pontificatfis
972 2392 1059 2423 nostri
1079 2403 1153 2424 anno
1166 2393 1214 2424 de-

159 2437 248 2459 cirtio.

269 2505 395 2535 Plumbeo
409 2503 499 2543 sigillo
506 2505 637 2544 pendente
653 2516 670 2534 a
676 2504 736 2546 filix
742 2504 835 2544 firicis
849 2509 928 2536 crocei
940 2505 1064 2547 rubeique
1079 2507 1176 2538 coloris.

180 2631 269 2664 Bulla
278 2631 369 2677 sitper
388 2633 689 2663 excommunicatione
718 2629 968 2675 defraudatomm
992 2631 1188 2669 decimarum.

160 2716 377 2778 INnocentius
390 2716 560 2755 Episcopus,
580 2716 672 2746 servus
686 2716 830 2747 servorum
846 2716 920 2755 Dei,
938 2717 1044 2750 dilectis
1057 2718 1116 2750 filiis

209 2755 313 2786 Abbati
325 2755 359 2795 βε
465 2753 556 2784 Priori
578 2755 619 2784 W
622 2754 821 2785 estmonasterii
838 2755 1043 2789 Londoniensis
1065 2757 1216 2799 Diocaesis‚

158 2794 270 2825 salutem
285 2795 318 2825 ὃς
336 2792 529 2836 Apostolicam
543 2793 782 2824 beneditstionem.
1070 2806 1072 2809 ·

193 2831 272 2863 Cum
286 2833 427 2863 carissimo
441 2832 469 2861 in
484 2830 601 2861 Christo
617 2831 674 2861 filio
687 2832 786 2862 nostro
800 2856 810 2871 ,
828 2832 869 2863 H.
884 2833 980 2864 illustri
995 2834 1069 2875 Regi
1086 2834 1215 2876 Angliae,

156 2881 208 2909 pro
220 2871 319 2902 Terrae
337 2870 434 2900 sandtae
447 2870 745 2908 subventione,ci·ucis
758 2872 777 2901 si
797 2871 898 2902 naculo
913 2873 1057 2912 insignito,
1074 2874 1215 2907 decimam

155 2911 289 2940 omnium
303 2907 563 2939 Ecclesiasticorum
577 2918 768 2948 proventuum
813 2912 876 2950 egui
893 2911 1003 2951 Angiiae
1012 2936 1020 2950 ,
1034 2923 1067 2944 ac
1080 2922 1216 2945 terrarum

155 2948 342 2987 subjecisarum
365 2946 460 2976 ditioni
477 2947 596 2990 ejusdem
609 2970 618 2986 ,
638 2947 721 2987 usque
740 2949 774 2979 ad
791 2958 900 2980 certum
916 2959 1025 2990 tempus
1037 2974 1047 2990 ,
1065 2962 1119 2990 pro
1137 2953 1217 2993 ipsius

155 2994 236 3017 terrae
249 2986 382 3023 subsidi0‚
400 2984 558 3015 duxerimus
572 2987 803 3024 concedendam3

194 3024 279 3062 Nos,
297 3023 422 3054 nolentes
435 3023 692 3067 ipsum-hujusmodi
708 3027 792 3064 gratia
805 3025 972 3065 defraudari,
994 3027 1153 3060 discretioni
1167 3041 1216 3061 ve-

157 3062 222 3093 strae
237 3072 287 3102 per
303 3061 468 3099 Apostolica
486 3061 534 3091 scri
556 3071 582 3093 ta
603 3063 764 3095 mandamus
775 3066 900 3103 quatinus
914 3067 944 3096 iri
956 3077 1054 3097 omnes
1076 3068 1151 3107 illos,
1167 3070 1214 3107 qui

158 3101 205 3133 vel
221 3102 251 3131 in
267 3099 448 3131 subtrahenda
464 3100 517 3138 ipsa
552 3101 642 3132 ecima
655 3125 664 3139 ,
683 3103 728 3133 vel
740 3114 798 3134 non
812 3105 942 3135 solvenda
956 3105 1072 3136 scienter
1087 3107 1215 3137 fraudem

158 3140 370 3177 commiserint,
382 3148 431 3178 per
445 3148 511 3176 VOS,
530 3139 574 3180 uel
589 3148 637 3178 per
652 3141 716 3171 alios
730 3143 891 3173 au&oritate
908 3144 1002 3174 nostra
1017 3147 1216 3176 excommuni-

156 3179 274 3209 cationis
295 3178 457 3208 sententiam
478 3179 621 3221 proferatis
636 3202 646 3217 ,
661 3179 693 3208 ὃς
711 3180 814 3211 faciatis
829 3192 890 3212 eam
911 3182 994 3221 usque
1007 3183 1040 3213 ad
1055 3184 1216 3215 satisfactio-

157 3227 225 3248 nem
240 3215 432 3253 condignam,
447 3215 631 3258 appellatione
642 3226 765 3257 remota,
783 3221 975 3251 inviolabiliter
989 3222 1135 3253 observari.

193 3254 268 3285 Non
283 3253 457 3297 obstantibus
472 3256 491 3283 si
504 3254 640 3292 aliquibus
654 3264 668 3284 a
684 3255 743 3287 sede
759 3258 923 3295 Apostolica
938 3259 978 3289 est
993 3260 1130 3292 indultum
1139 3261 1214 3300 quod

156 3293 312 3336 interdici,
337 3291 459 3331 suspendi
475 3315 489 3336 ,'
503 3292 535 3322 &
554 3296 794 3326 excommunicari
815 3307 872 3326 non
895 3298 1000 3336 poffint
1013 3323 1022 3337 ,
1042 3309 1089 3338 per
1112 3301 1214 3330 litteras

161 3331 350 3369 Apostolicas,
368 3340 427 3359 non
439 3330 568 3373 facientes
572 3331 694 3397 immam
710 3334 742 3363 ὃς
755 3335 908 3372 expressam
922 3360 931 3375 ,
950 3337 984 3366 de
1000 3339 1088 3368 verbo
1102 3339 1136 3368 ad
1152 3349 1213 3369 ver-

155 3371 243 3407 bum,
261 3369 296 3399 de
316 3369 423 3399 indulto
442 3368 575 3406 hujusmo.
591 3371 598 3398 i
614 3371 808 3411 mentionem,
825 3374 858 3403 &
879 3375 1081 3407 constitutione
1094 3377 1129 3407 de
1145 3377 1213 3408 dua-

156 3410 208 3440 bus
220 3409 298 3439 dietis
312 3407 384 3437 edita
401 3407 427 3435 in
441 3405 575 3436 Concilio
589 3409 718 3444 generali.

228 3446 284 3477 uod
297 3470 306 3486 ,
333 3446 352 3476 Γ]
375 3455 433 3489 non
451 3445 538 3491 ambo
557 3445 610 3475 hiis
630 3448 795 3486 exequendis
816 3452 958 3488 potueritis
979 3452 1105 3484 interesse
1117 3477 1127 3492 ,
1144 3453 1213 3485 alter

155 3486 283 3518 vestrum
299 3495 331 3515 ea
343 3483 541 3514 nichilominus
557 3493 712 3522 exequatur.

159 3562 261 3632 ciDat.
278 3562 381 3594 Perusii
395 3585 405 3601 ‚
425 3561 546 3592 secundo
563 3560 604 3592 Id.
623 3561 743 3593 Ostobr.
763 3563 946 3598 pontificatus
962 3568 1051 3600 nostri
1067 3579 1142 3600 anno
1161 3569 1211 3600 de-

189 3611 248 3632 mo.

832 3680 885 3710 Sub
888 3681 942 3723 filo
958 3684 1054 3715 canab.

177 3803 265 3836 Bulla
275 3805 365 3851 fizper
379 3806 500 3851 Legatis
522 3802 696 3846 indissimflis
714 3807 786 3850 Regi
798 3805 951 3839 tradendis
973 3820 1040 3842 cum
1061 3813 1118 3842 iter
1137 3822 1191 3844 ar-

479 3856 603 3898 ripuerit
620 3853 870 3897 transmarinum.

154 3935 372 3999 INnoceiitius
386 3939 555 3983 Episcopus,
574 3938 664 3968 servus
681 3939 823 3983 servorum
840 3937 914 3977 Dei,
927 3940 1033 3986 &leikis
1049 3943 1108 3987 filiis

205 3974 307 4004 Abbati
322 3977 355 4006 δε
460 3978 550 4007 Priori
564 3976 809 4019 *Nestmonasterii
834 3977 1035 4011 Londoniensis
1056 3981 1213 4020 Diocaefis‚

154 4012 283 4050 salutem,
302 4013 335 4043 &
350 4015 542 4053 Apostolicam
557 4015 793 4045 benedictionem.

196 4049 462 4120 givr'ri,lin1t,er1alios
472 4056 534 4093 pios
546 4053 620 4093 usin,
637 4054 666 4085 in
685 4063 754 4093 quos
769 4054 935 4087 decedentes
951 4055 1094 4097 interdum
1105 4060 1214 4098 erogari

1274 162 1746 213 PUBLICA.
2214 188 2286 227 ψ

1238 251 1321 293 praeci
1343 252 1402 281 iunt
1425 253 1500 297 bona
1520 253 1584 292 sua,
1609 256 1754 287 subventio
1776 257 1876 289 Terrae
1899 259 2000 290 san-stae
2013 282 2022 298 ‚
2047 260 2074 289 in
2101 259 2120 278 *⁶
2139 269 2192 293 cua
2218 259 2290 290 lesuS
2306 255 2380 286 Ann·
2396 256 2439 287 DJ

1240 286 1321 318 Chris
1338 299 1368 319 us
1382 289 1524 321 Dominus
1539 293 1631 323 noster
1652 297 1775 327 univeii'a
1794 297 1990 337 redemptionis
2005 299 2109 328 nostra:
2123 299 2287 329 sacramenta
2327 303 2409 333 1252·

1238 329 1369 370 patravit,
1388 329 1512 360 obtineat
1527 340 1663 368 magnum
1679 334 1789 371 locum,

1277 364 1448 396 Discretioni
1461 367 1559 398 vestrae
1573 380 1621 409 per
1635 371 1795 408 Apostolica
1814 372 1910 412 scripta
1919 375 2080 405 mandamus
2092 375 2217 414 quatinus
2230 384 2293 404 exe-

1236 411 1345 446 cutores
1358 404 1587 448 testamentorum
1603 408 1714 438 illorum
1726 410 1760 439 de
1778 410 1885 447 ch-io
1901 413 2010 451 Augiize
2024 438 2031 451 ,
2051 424 2083 444 ac
2100 415 2175 443 terris
2189 415 2218 443 d?-
2231 414 2292 443 ioni

1237 442 1365 485 carissimi
1380 442 1542 487 iirChristo
1557 444 1604 475 filii
1621 447 1710 476 nostri
1812 449 1919 480 illustris
1935 452 2018 491 Regis
2032 452 2292 490 Angiizcrticesig-

1236 488 1291 522 nuti
1306 480 1445 518 subjetsstis,
1464 484 1530 522 qui,
1549 484 1617 513 insra
1632 486 1783 516 triennium
1797 509 1806 524 ,
1824 487 1985 524 deputatum
2004 485 2103 520 Terrie
2117 491 2132 520 s
2130 491 2215 521 instae
2229 490 2294 520 sub-

1236 517 1320 561 sidio,
1341 519 1516 551 decesserunt
1531 521 1575 551 vel
1589 522 1772 562 decesserint,
1792 525 1876 564 usque
1887 527 1921 556 ad
1936 528 2054 558 reditum
2069 529 2137 559 dieti
2153 529 2239 568 Regis
2255 528 2291 559 de

1236 558 1356 593 partibus
1368 559 1549 589 transmarinis
1559 583 1567 597 ,

1275 593 1329 624 Per
1340 606 1407 634 vos,
1427 597 1471 627 vel
1485 608 1533 636 per
1545 599 1610 628 alios
1627 600 1760 629 moneatis
1772 602 1916 639 attentius,
1935 602 1969 632 &
1982 602 2133 634 efficaciter
2153 605 2292 635 inducatis

1235 632 1312 674 quod
1328 643 1375 670 ea,
1395 645 1458 672 quae
1473 636 1704 678 ipsi-decedentes
1737 648 1765 667 er
1783 649 1880 670 manus
1895 650 1992 670 eorum
2008 642 2167 673 indistimste
2184 645 2210 672 in
2230 643 2291 674 usus

1237 679 1301 714 pios*
1314 673 1477 715 mandarunt
1491 697 1500 712 ,
1517 678 1535 704 si
1552 675 1681 705 nondum
1715 685 1765 706 unt
1780 677 1912 714 assignata
1931 681 2013 708 certis
2027 682 2144 719 personii
2159 682 2191 711 ὃς
2206 681 2293 719 locis,

1235 708 1279 737 vel
1293 708 1348 748 ipsa
1360 711 1446 741 taliter
1461 713 1651 743 mandaverint
1661 716 1785 753 erogari,
1803 716 1886 746 vobis
1900 725 1967 746 curri
1982 718 2134 757 integritate
2148 719 2292 758 assignent,

1237 746 1367 779 tradenda
1380 759 1428 788 per
1441 760 1490 779 vos
1502 751 1590 781 eidem
1609 751 1683 791 Regi
1699 763 1765 782 cum
1779 755 1831 784 iter
1843 755 1984 794 arripuerit
1997 757 2225 795 transmarinum,

1274 784 1350 816 Non
1369 787 1544 819 obstantibus
1565 790 1699 827 aliquibus
1716 791 1809 822 litteris
1829 793 1908 830 super
1927 794 1983 824 hoc
2007 804 2022 824 a
2042 795 2105 825 sede
2132 796 2294 834 Apostolica

1235 821 1420 869 postmodum
1435 827 1585 864 impetratis
1605 828 1648 858 vel
1663 829 1853 868 impetrandis,
1873 842 1931 861 non
1946 832 2106 862 facientibus
2128 833 2162 863 de
2176 835 2294 873 prael'en-

1235 861 1307 890 tibus
1322 872 1513 903 mentionem,
1532 866 1564 896 ὅ(
1579 866 1779 898 constitutione
1794 868 1829 898 de
1841 868 1944 900 duabus
1955 870 2032 900 dietis
2046 871 2117 902 edita
2139 873 2167 901 in
2182 871 2295 903 Conci-

1235 898 1275 927 lio
1307 902 1416 931 enerali.

1275 907 1365 983 ᾇωά
1373 962 1383 977 ,
1398 940 1418 970 fi
1432 950 1491 983 non
1507 942 1592 971 ambo
1605 942 1657 972 hiis
1671 943 1835 982 exequendis
1847 946 1990 984 potueritis
2010 946 2155 985 interesse,
2168 947 2233 977 alter
2246 959 2295 979 ve-

1236 973 1326 1004 strum
1340 985 1370 1006 ea
1385 978 1587 1010 nichilominus
1600 989 1758 1019 exequatur.

1238 1045 1341 1120 cirgoat.
1362 1052 1466 1084 Perusii
1478 1076 1488 1092 ‚
1508 1054 1631 1086 secundo
1651 1055 1692 1087 Id.
1715 1057 1837 1088 Odiobr.
1853 1058 2038 1090 Pontificatfis
2050 1059 2141 1090 nostri
2154 1070 2230 1091 anno
2248 1061 2297 1092 de-

1988 1173 2079 1210 sigillo
2092 1173 2194 1213 avulso.

1236 1299 1325 1334 Bulla
1335 1301 1425 1350 sitper
1441 1303 1539 1349 ushris
1558 1308 1595 1343 ῤ’
1613 1306 1692 1338 male
1707 1306 1855 1353 acqusstis
1875 1304 2052 1353 affignandis
2070 1309 2142 1353 Regi
2159 1308 2274 1355 Angliae
2286 1333 2297 1350 ,

1490 1364 1558 1385 cum
1577 1357 1634 1386 iter
1650 1356 1745 1387 Terrae
1757 1356 1865 1400 fhnffae
1882 1358 2052 1401 arripuerit.

1238 1435 1456 1505 IIRTrliDcsscentius
1472 1436 1639 1483 Episcopus,
1645 1439 1745 1485 'servus
1760 1440 1901 1484 servorum
1918 1439 1992 1479 Dei,
2008 1440 2113 1471 dilec‘w
2128 1440 2187 1471 filio

1237 1513 1319 1542 licam
1335 1475 1652 1545 bgiilegdetigxgssffstem
1668 1477 1799 1509 London.
1814 1474 1969 1517 DiocaefiS‚
1983 1479 2094 1510 salutem
2104 1503 2114 1518 2
2127 1480 2160 1510 ὅ(
2175 1479 2299 1518 Aposto-

2309 338 2359 359 Hen
2386 343 2411 369 3.

2311 372 2324 387 ἕ
2334 373 2357 398 l.
2371 372 2438 406 484⁶

2320 1438 2397 1470 Ann.
2411 1440 2453 1472 D,

2340 1488 2424 1517 1252.

2316 1521 2367 1546 An.
2385 1518 2431 1555 36.

1275 1550 1410 1582 Volentes
1432 1554 1610 1591 expensarum
1632 1564 1737 1593 onera,
1762 1565 1825 1594 quae
1846 1555 1936 1585 subire
1956 1560 2067 1594 oportet
2081 1556 2251 1587 carissimum
2269 1558 2297 1586 in
2319 1560 2353 1583 H.
2377 1566 2402 1592 3·

1239 1588 1356 1620 Christo
1369 1591 1457 1621 silium
1473 1592 1603 1622 nostrum

1678 1593 1812 1624 illustrem
1827 1593 1942 1631 Regem
1960 1594 2086 1634 Angliae,
2106 1596 2169 1633 qui,
2187 1597 2251 1625 zelo
2264 1594 2297 1625 fi·
2320 1597 2425 1622 ExAn-

1238 1629 1283 1658 dei
1305 1629 1337 1659 &
1359 1628 1515 1661 devotionis
1536 1632 1664 1662 accensus
1677 1655 1686 1671 ,
1705 1633 1795 1663 crucis
1813 1633 1952 1671 assumpto
1969 1633 2128 1676 signaculo,
2145 1633 2178 1664 ad
2198 1634 2297 1665 Terrae
2319 1640 2383 1670 togr.

1239 1666 1340 1711 sancs'tae
1361 1667 1524 1711 succursum
1542 1678 1670 1707 potenter
1688 1671 1720 1701 &
1742 1669 1893 1709 magnifice
1915 1670 1940 1701 se
1954 1672 2092 1710 accingit,
2111 1672 2222 1711 alicujus
2238 1672 2303 1702 sub-

1240 1713 1380 1735 ventionis
1392 1708 1577 1738 amminiculo
1590 1709 1722 1739 sublevari
1733 1720 1742 1745 ς

1279 1743 1451 1787 Discretioni
1468 1755 1523 1776 tuae
1540 1754 1588 1784 per
1610 1747 1775 1784 Apostolica
1796 1746 1893 1787 scripta
1911 1746 2091 1786 mandamus,
2108 1750 2252 1788 quatinus,
2271 1749 2304 1780 si-

1242 1790 1290 1820 qui
1306 1780 1431 1822 usurarii,
1450 1784 1494 1814 vel
1511 1785 1553 1814 alii
1571 1785 1670 1824 aliqui,
1684 1786 1769 1816 aliena
1785 1786 1881 1816 i‘licite
1894 1786 2060 1824 detinentes,
2079 1787 2114 1817 de
2131 1786 2235 1828 Regno
2244 1787 2305 1818 An-

1242 1821 1323 1860 gliae,
1341 1831 1373 1852 ac
1396 1823 1472 1852 terris
1492 1823 1594 1853 ditioni
1615 1823 1737 1861 ejusdem
1760 1823 1846 1862 Regis
1868 1825 2011 1863 subjec‘kis,
2029 1826 2193 1862 poenitentia
2207 1826 2306 1864 ducii,

1244 1859 1333 1889 usuras
1347 1883 1356 1897 ‚
1383 1861 1416 1891 &
1438 1860 1475 1891 sic
1500 1861 1587 1892 ablata
1609 1861 1752 1892 restituere
1767 1863 1907 1893 voluerint
1921 1886 1930 1900 ,
1949 1863 1983 1893 de
1999 1865 2117 1903 quibus,
2132 1865 2180 1894 cui
2196 1864 2305 1896 restitui

1245 1897 1363 1928 debeant
1371 1922 1380 1936 ,
1398 1899 1507 1936 penitus
1522 1900 1679 1938 ignoratur:

1278 1936 1308 1979 Si
1319 1959 1328 1975 ,
1351 1947 1400 1976 per
1414 1937 1586 1968 Diocesanos
1601 1939 1632 1969 ὅ(
1654 1938 1831 1978 Presbyteros
1852 1939 2034 1979 parrochiales
2047 1940 2169 1977 ipsorum
2183 1941 2240 1972 hoc
2257 1951 2310 1979 pu-

1245 1974 1319 2004 blice
1334 1976 1475 2011 proposito
1491 1977 1519 2006 in
1532 1977 1617 2014 locis,
1636 1977 1665 2007 in
1682 1978 1782 2014 quibus
1796 1977 1918 2007 viderint
1934 1978 2083 2017 expedire,
2101 1989 2160 2009 non
2177 1989 2308 2017 apparue-

1247 2013 1300 2042 rint
1315 2013 1416 2082 aligui,
1433 2015 1532 2052 quibus
1547 2025 1646 2045 eorum
1661 2015 1798 2046 restitutio
1814 2016 1961 2054 debeatur,
1971 2027 2027 2060 *per
2043 2026 2085 2055 te,
2103 2018 2146 2047 vel
2163 2027 2211 2057 per
2223 2019 2308 2057 alios,
2336 2020 2343 2022 ’

1247 2061 1316 2091 quos
1336 2059 1350 2080 a
1391 2053 1447 2082 hoc
1468 2052 1578 2083 duxeris
1598 2054 1770 2091 deputandos
1783 2077 1792 2092 ‚
1815 2055 1910 2085 eadem
1935 2064 2043 2093 exigere
2061 2065 2095 2086 ac
2116 2058 2237 2095 recipere
2250 2067 2310 2087 non

1248 2089 1398 2133 postponas
1405 2114 1416 2130 ,
1433 2090 1610 2130 assignaturus
1624 2103 1655 2123 ea
1669 2092 1748 2123 (1]ἂο
1762 2092 1854 2132 Regi,
1874 2094 1942 2124 cum
1957 2094 2006 2124 iter
2019 2094 2162 2132 arripuerit
2177 2094 2310 2126 transma-

1249 2137 1351 2158 rinum.

1289 2167 1485 2206 Qantitatem
1499 2178 1568 2198 vero
1588 2178 1770 2206 receptorum
1783 2193 1792 2207 ,
1811 2170 1844 2200 &
1865 2172 1980 2200 nomina
2001 2179 2100 2200 eorum
2115 2180 2130 2200 a
2143 2172 2259 2209 quibus,
2277 2172 2311 2202 ὃς

1249 2215 1387 2249 quantum
1401 2217 1415 2237 a
1429 2206 1556 2246 quolibet
1572 2210 1706 2246 receperis
1720 2231 1730 2246 ,
1748 2207 1855 2238 studeas
1868 2210 1947 2239 nobis
1967 2210 2017 2240 tuis
2029 2209 2122 2240 litteris
2136 2209 2251 2240 fideliter
2266 2210 2311 2240 in-

1249 2252 1355 2275 rimare.

1288 2282 1518 2314 Contradierores
1539 2294 1587 2322 per
1605 2285 1747 2315 censuram
1771 2285 1993 2316 Ecclesiasticam
2009 2310 2019 2324 ,
2038 2286 2222 2324 appellatione
2235 2285 2314 2324 post-

1251 2322 1356 2360 posita,
1374 2322 1596 2360 compescendo:
1617 2323 1700 2354 Non·
1708 2323 1882 2354 obstantibus
1904 2324 2001 2354 litteris
2019 2325 2203 2364 postmodum
2218 2335 2233 2355 a
2252 2325 2314 2356 sede

1252 2359 1418 2397 Apostolica
1433 2362 1598 2405 impetratis,
1617 2372 1681 2401 quae
1694 2361 1730 2391 de
1744 2362 1886 2406 praemissis
1929 2363 2020 2393 lenam
2035 2364 2068 2394 &
2083 2363 2235 2401 expressam
2252 2374 2313 2394 non

1251 2398 1368 2466 Γςῗρῑίηῑ
1383 2408 1558 2467 meri-tionem
1567 2423 1577 2439 ,
1595 2401 1627 2432 St
1640 2401 1842 2432 constitutione
1852 2401 1888 2432 de
1920 2402 2005 2432 uabus
2018 2400 2096 2432 dietis
2108 2402 2181 2433 edita
2193 2403 2223 2434 in
2231 2401 2314 2433 Con-

1253 2445 1282 2467 ci
1293 2446 1322 2467 io
1337 2447 1436 2476 genera
1447 2448 1465 2468 1.

1292 2512 1360 2544 Dat.
1376 2513 1496 2552 Perufii‚
1514 2514 1554 2546 Id.
1570 2513 1694 2546 Ostobr.
1708 2515 1892 2547 Pontificatsis
1905 2516 1992 2547 nostri
2005 2526 2082 2546 anno
2095 2516 2218 2548 decimo.

1618 2590 1745 2622 Plumbeo
1759 2591 1849 2630 Sigillo
1855 2593 1987 2632 pendente
2000 2604 2018 2622 a
2024 2592 2078 2635 filo
2092 2593 2214 2624 canabeo.

1297 2732 1386 2765 Bulla
1406 2731 1441 2765 de
1461 2713 1571 2766 arando
1583 2743 1637 2779 pro
1655 2735 1731 2780 Rege
1743 2734 1858 2780 Angliae
1875 2736 1911 2772 &r
1923 2733 2064 2779 sbcietate
2073 2734 2135 2779 st‘a
2153 2730 2198 2766 ad
2209 2733 2284 2766 Ter-

1551 2794 1620 2814 ram
1631 2781 1772 2827 fimfsam
1792 2780 2022 2827 tranftuntibus.

1293 2865 1476 2897 Nnocentius
1491 2866 1514 2896 E
1536 2866 1663 2906 iscopus‚
1680 2868 1770 2898 servus
1777 2868 1920 2898 servorum
1934 2866 2007 2904 Dei,
2020 2865 2127 2897 dileffis
2141 2866 2202 2897 filiis
2218 2865 2319 2897 Abba-

1306 2906 1377 2936 tibus
1390 2929 1399 2944 ,
1424 2877 1568 2936 Prioribus
1582 2928 1591 2943 ‚
1608 2906 1641 2936 δε
1663 2905 1859 2937 Conventibus
1880 2906 1975 2936 Sanffi
1991 2905 2133 2935 Benedicti
2148 2904 2316 2936 Cistercien.

1256 2942 1354 2974 Sanrffi
1372 2944 1521 2984 Augustini
1537 2967 1546 2982 ,
1564 2945 1597 2974 ὃς
1612 2944 1731 2974 aliorum
1747 2944 1937 2983 quorumlibet
1961 2944 2122 2984 Ordinum‚
2139 2954 2172 2974 ac
2188 2944 2318 2983 religiosis

1256 2983 1312 3012 aliis
1335 2983 1463 3014 universis
1485 2982 1640 3013 constitutis
1655 2993 1703 3022 per
1720 2983 1857 3020 Regnum
1871 2982 1982 3021 Angliae
2020 2982 2216 3022 Hyberniam,
2236 2982 2319 3013 Was-

1257 3021 1373 3051 coniam
1389 3045 1399 3059 ,
1421 3022 1453 3052 &
1471 3021 1534 3052 alias
1557 3029 1638 3051 terras
1660 3021 1761 3051 ditioni
1777 3021 1908 3052 carissimi
1924 3022 1952 3051 in
2006 3020 2092 3050 bristo
2106 3020 2157 3050 filii
2172 3021 2261 3051 nostri
2279 3020 2319 3051 H.

2335 2861 2416 2901 Ann.
2430 2860 2473 2896 D.

2367 2904 2451 2939 1252.

2340 2944 2380 2967 Aa
2411 2943 2454 2977 36.

2341 2984 2373 3006 H.
2390 2989 2412 3014 3.

2344 3022 2381 3044 Ex
2395 3019 2454 3043 Au-

1256 3059 1366 3090 illustris
1385 3060 1471 3099 Regis
1490 3059 1602 3099 Angiiae
1623 3059 1756 3098 subjectas
1771 3062 1788 3098 ,l
1808 3061 1921 3091 salutem
1936 3060 1968 3091 &
1988 3058 2187 3101 Apostolicam
2208 3060 2324 3091 benedi·
2344 3063 2407 3092 togr.

1255 3098 1390 3128 &ionem.
2133 3124 2135 3127 .

1292 3137 1399 3167 Tmstus
1416 3137 1513 3167 dolore
1531 3137 1622 3167 cordis
1638 3136 1800 3166 intrinsecus
1822 3135 1976 3167 carissimus
1998 3137 2028 3166 in
2043 3135 2161 3167 Christo
2176 3136 2248 3167 filius
2265 3147 2319 3167 no-

1256 3174 1327 3215 ster,
1346 3176 1386 3205 H.
1401 3175 1511 3206 illustris
1521 3174 1584 3204 Rex
1599 3176 1725 3213 Angliae,
1745 3185 1777 3205 ac
1792 3177 1893 3205 intime
1909 3175 2080 3205 confusionis
2101 3176 2204 3205 rubore
2224 3175 2319 3215 perfu-

1253 3214 1310 3251 sus,
1326 3215 1403 3253 quod
1417 3214 1524 3244 Civitas
1540 3213 1627 3252 Regis
1640 3214 1750 3252 magni,
1766 3223 1836 3244 terra
1852 3213 2014 3244 Nativitatis
2028 3215 2101 3252 ejus,
2115 3212 2320 3243 videlicet'Do—

1255 3253 1332 3283 mina
1355 3253 1495 3283 Gentium
1510 3274 1519 3289 ,
1539 3261 1617 3282 nunc
1640 3251 1764 3288 Imperio
1787 3251 1910 3282 Domini
1924 3252 2030 3282 subdita
2044 3252 2199 3288 Babilonis,
2216 3251 2317 3282 tributa

1253 3292 1302 3320 sibi
1324 3292 1458 3321 servitutis
1479 3291 1496 3310 ἐκ
1518 3290 1706 3328 ignominiose
1728 3291 1858 3328 persolvit
1880 3303 1889 3329 3
1907 3290 2040 3328 quodque
2051 3289 2143 3319 nostra
2159 3289 2318 3331 haereditas,

1253 3328 1360 3359 Christi
1376 3329 1495 3369 pretioso
1509 3329 1639 3359 saiiffuine
1652 3329 1792 3368 dedicata,
1810 3339 1887 3360 nunc
1901 3330 1989 3369 gentis
2007 3328 2164 3358 immundae
2178 3329 2316 3366 spurcitiis

1252 3370 1374 3407 graviter
1390 3367 1492 3397 infecta
1507 3352 1649 3397 sord'escit:

1292 3406 1334 3436 Ac
1345 3430 1353 3445 ,
1371 3415 1485 3446 propter
1499 3405 1571 3444 hoc,
1590 3405 1666 3435 velut
1681 3404 1815 3444 Princeps
1829 3405 1998 3442 catholicus,
2015 3404 2079 3434 velo
2094 3404 2157 3446 fidei
2173 3404 2207 3434 &
2226 3404 2316 3436 devo-

1253 3445 1334 3474 tionis
1355 3445 1532 3475 veliementer
1552 3444 1680 3474 accensus
1693 3467 1702 3482 ,
1723 3455 1752 3474 re
1772 3446 1825 3474 ales
1848 3445 1981 3474 humeros
2001 3443 2105 3473 devote
2123 3442 2262 3482 supposuit
2278 3444 2316 3476 ad

1253 3482 1431 3513 baiulandum
1445 3482 1610 3512 honorabile
1623 3482 1732 3521 fignum
1767 3483 1857 3512 ‘tucis
2233 3512 2236 3517 ,

1288 3521 1343 3557 Et,
1359 3522 1427 3552 sicut
1449 3521 1517 3551 fidus
1529 3520 1631 3551 athleta
1649 3521 1729 3559 fidei,
1748 3520 1844 3559 Regni
1859 3520 1892 3550 &
1908 3527 2040 3549 terrarum
2056 3516 2164 3549 suarum
2184 3520 2315 3552 abdicatis

1251 3570 1304 3599 pro
1320 3559 1388 3590 Deo
1402 3559 1523 3597 deliciis,
1541 3568 1608 3588 cum
1624 3559 1782 3589 honorabili
1798 3558 2030 3588 commilitonum
2046 3559 2167 3587 exercitu
2183 3581 2193 3595 ,
2209 3559 2312 3590 vexillo

1252 3598 1351 3629 Crucis
1369 3599 1499 3636 explicito
1514 3620 1523 3635 ,
1548 3597 1665 3627 intendit
1680 3620 1689 3636 ,
1706 3604 1838 3635 operante
1857 3596 2012 3633 Domino,
2031 3595 2065 3626 ad
2085 3595 2313 3634 redemptionem

1254 3639 1408 3675 procedere
1422 3637 1507 3666 di<stae
1522 3644 1610 3665 terrae.

1291 3675 1370 3706 Cum
1384 3677 1474 3713 itique
1485 3673 1518 3704 ad
1537 3672 1659 3703 faelicem
1678 3671 1923 3703 consumationem
1941 3678 2000 3702 tam
2020 3671 2114 3710 ardui,
2133 3671 2172 3703 sui
2186 3673 2317 3704 conside-

1254 3715 1376 3751 ratione,
1392 3713 1512 3752 negotii,
1531 3712 1563 3741 ὃς
1580 3710 1710 3748 assumpti
1722 3711 1854 3741 haetenus
1868 3721 1882 3740 a
1899 3710 1990 3740 multis
2005 3711 2104 3740 mundi
2118 3710 2314 3751 Principibus,

1253 3752 1405 3790 cognoscat
1419 3753 1492 3781 idern
1508 3750 1572 3780 Rex
1588 3750 1740 3779 humanam
1756 3750 1928 3787 potentiam,
1947 3749 1996 3787 nisi
2008 3748 2110 3779 divino
2122 3749 2250 3780 fulciatur
2264 3761 2313 3780 au-

1252 3792 1319 3821 xilio
1333 3813 1343 3828 ,
1368 3800 1427 3820 non
1451 3788 1529 3829 posse
1549 3787 1696 3825 sufficere,
1713 3789 1778 3856 guia
1794 3797 1853 3817 non
1874 3789 1904 3817 in
1922 3786 2100 3818 multitudine
2122 3790 2257 3819 exercitus
2271 3789 2314 3819 est

1253 3829 1318 3859 belli
1338 3828 1454 3859 vicioria
1469 3851 1477 3865 ,
1498 3826 1542 3856 sed
1560 3826 1696 3856 fortitudo
1734 3836 1750 3855 e
1763 3826 1851 3861 caelo,
1869 3835 1902 3855 ac
1918 3835 1966 3862 per
1979 3825 2036 3856 hoc
2052 3825 2227 3864 vestrorum,
2243 3827 2313 3856 alio-⁷

1254 3877 1372 3906 rumque
1392 3866 1516 3897 fidelium
1536 3865 1708 3895 orationibus
1722 3887 1732 3902 ‚
1757 3866 1789 3896 &
1813 3864 1869 3894 aliis
1884 3863 2018 3894 Ecclesiae
2037 3862 2171 3904 suffragiis
2191 3865 2312 3904 indigeat

1257 3906 1394 3937 ad'uvari:
2028 3919 2034 3925 .

1289 3915 1510 3974 iJniveri‘itatem
1524 3940 1644 3971 vestram
1658 3949 1803 3979 rogamuS,
1820 3940 1854 3970 &
1871 3939 2017 3970 hortamur
2028 3942 2149 3978 attente,
2166 3950 2215 3979 pei·
2232 3939 2313 3977 Apo-

1254 3981 1352 4012 stolica
1375 3980 1455 4010 vobis
1474 3978 1588 4017 scripta,
1605 3981 1634 4009 in
1655 3981 1756 4009 virtute
1772 3978 1954 4017 obedientiae,
1973 3978 2098 4009 distriCte
2119 3979 2311 4019 praecipiendo

1255 4020 1416 4050 mandantes
1429 4041 1439 4056 ‚
1456 4018 1586 4058 quatinus
1607 4028 1658 4055 pro
1676 4018 1735 4057 ipso
1754 4016 1835 4056 Rege
1846 4040 1856 4055 ,
1872 4028 1905 4048 ac
1926 4017 2056 4048 societate
2075 4017 2119 4046 sua
2130 4026 2257 4055 exnunc,
2276 4017 2310 4047 &

1254 4057 1404 4099 postquam
1419 4055 1455 4090 {d
1474 4064 1575 4089 terram
1595 4057 1681 4096 ipsam
1700 4055 1852 4125 trangrerinr
1864 4078 1874 4095 ,
1889 4056 1954 4089 thus
1967 4057 2128 4088 orationum
2140 4054 2312 4099 vestrarum,

1309 4104 1313 4108 ·
1809 4103 1828 4124 2
2281 4101 2313 4123 m

2339 3290 2355 3308 ¹*
2373 3289 2472 3327 1485·
