2560 4261
1 341 78 373 Anti.
95 337 135 369 D.

7 386 89 417 ¹193-

7 725 75 759 'Ann
99 723 139 754 D.

10 748 94 804 1193..

8 805 144 838 A.4.R.r.

17 1570 32 1588 ⁸
48 1570 71 1599 1.
85 1578 129 1605 77.

724 246 837 289 ET
922 248 1188 290 ACTA

155 332 343 373 Prophetiffa,
358 343 411 364 nec
425 332 493 363 Filia
505 331 566 363 sum
581 332 747 371 Prophetae,
765 333 839 371 plura
852 340 945 363 tamen
958 333 994 363 de
1003 334 1101 363 futuris
1115 333 1208 363 turba-

156 373 278 403 tionibus
289 373 370 403 dolor
383 372 475 402 dicere
489 372 660 410 suggerebat,
678 371 723 401 sed
735 372 788 411 ipsa
802 372 901 409 verba,
918 382 981 411 quae
993 372 1126 411 suggerit,
1151 372 1208 401 sur-

156 412 238 480 ripit,l
251 412 286 479 {ci
300 412 401 478 εῃὶῧπῗ
422 410 492 440 vires
514 419 615 441 maeror
636 409 800 447 absorbens,
817 410 927 440 vocales
949 418 1054 440 meatus
1073 411 1208 440 anxietate

154 459 258 490 praecu
287 457 306 479 t.
369 457 416 477 ae.

157 582 268 616 Altera
291 582 436 615 Alienorae
459 585 571 629 Reginae
595 581 639 613 ad
658 580 699 626 J.
730 580 905 624 Caelqslinum
933 585 1048 627 Papam
1077 580 1112 613 de
1131 581 1208 613 Ft'lio

449 629 579 664 Ricardo
595 628 763 662 redimendo
784 632 914 663 Littera.

203 714 370 747 Anc‘iiffimo
394 714 485 759 Patri,
498 724 532 758 ac
557 714 690 757 Domino
710 714 747 744 C.
764 714 826 758 'Dei
832 713 948 783 1gratia,
966 714 1078 744 summo
1091 713 1210 745 Pontifi-

218 755 262 793 ci,
276 753 313 784 A.
331 753 429 783 effidem
444 752 543 792 granai,
560 752 670 792 Regina
686 753 813 792 Angliae,
865 752 946 782 uciffa
963 753 1210 790 Normanniae,&

161 791 309 823 Comitifla
328 791 499 831 Andegaviae
522 791 634 821 salutem
655 791 689 822 ὃς
713 791 907 821 misericordiae
926 790 1074 822 visceribus
1087 791 1211 821 abunda-

161 841 299 900 re'Taedet
319 869 440 899 animam
459 877 552 898 meam
575 867 642 898 vitae
661 877 751 906 meae,
768 868 902 907 quicquid
921 868 998 898 enim
1012 868 1124 898 verebar
1138 866 1213 895 acci-

159 907 376 978 dit,‘&basdl{1uc
395 906 549 946 expectatio
566 906 683 937 durioris
693 914 807 937 eventus
818 916 938 937 omnem
952 907 1066 945 gratiam
1082 903 1210 936 consola-

161 954 242 977 tionis
254 956 268 976 a
300 956 326 976 ci
346 953 375 976 it.

333 1021 455 1062 Quando
469 1033 512 1061 ego
525 1033 576 1053 non
588 1026 666 1053 timui
678 1026 811 1061 graviora
818 1020 937 1061 pericula
952 1023 1026 1051 veris
1040 1019 1052 1048 ἓ

162 1098 304 1130 Laborem
324 1100 415 1139 itaque
434 1099 468 1130 &
489 1099 618 1130 dolorem
638 1109 735 1130 meum
756 1099 944 1135 considerans,
961 1106 976 1126 a
991 1094 1212 1137 pusillanimitate

159 1137 263 1176 spiritus
274 1138 307 1169 &
320 1137 482 1178 tempestate
496 1137 647 1168 subvertor.
688 1136 752 1177 Ego
766 1147 834 1168 vero
844 1138 903 1174 jam
915 1134 1040 1177 delibor,
1060 1132 1212 1176 &dolori-

160 1176 213 1207 bus
225 1176 348 1206 festinata
358 1175 480 1207 senectus
493 1177 658 1216 paucitatem
670 1176 778 1206 dierum
791 1183 922 1216 meorum
936 1179 1050 1215 nunciat
1064 1171 1142 1201 mihi.
1177 1209 1182 1214 1

202 1214 351 1245 Multoties
366 1216 447 1247 vobis
462 1214 552 1254 scripsi
565 1223 647 1253 atque
660 1213 822 1245 sacrificium
838 1211 929 1242 cordis
941 1213 972 1241 in
988 1209 1079 1253 spiritu
1091 1217 1216 1240 contrito

163 1253 198 1284 &
219 1253 366 1284 humiliato
385 1254 540 1292 frequenter
561 1254 657 1283 obtuli.
690 1252 765 1289 Qia
786 1258 880 1280 tamen
898 1248 983 1280 semel
1003 1257 1102 1291 coepi,
1120 1247 1216 1285 loquar

161 1291 253 1322 adhuc
271 1291 305 1322 ad
318 1291 481 1323 Dominum
495 1301 591 1321 meum
627 1299 693 1320 cum
708 1290 758 1319 sim
774 1289 862 1328 pulvis
876 1288 909 1318 ὃ(
923 1287 1002 1318 cinis.
1022 1285 1144 1315 Dimitte
1155 1295 1216 1324 me,

169 1328 314 1368 Domine,
332 1339 361 1360 ut
373 1331 499 1370 plangam
514 1313 654 1366 paulusum
667 1327 796 1357 dolorem
809 1335 916 1357 meum.
945 1323 1055 1355 Nescio
1069 1325 1146 1353 enim
1158 1333 1217 1360 quo

163 1368 247 1404 pacto
259 1369 377 1406 impetus
396 1367 549 1404 anxietatis,
565 1375 600 1395 ex
612 1366 671 1405 ipso
683 1365 810 1403 planctu,
836 1364 869 1395 δε
884 1363 1068 1406 lacrymarum
1083 1362 1218 1402 profiisio-

163 1415 200 1435 ne
219 1406 351 1436 lentescit.
384 1406 445 1436 Diu
467 1404 610 1442 expeciavi
622 1412 675 1443 ego
689 1403 808 1444 perdita,
825 1402 846 1433 si
859 1401 944 1440 esset,
964 1411 1012 1441 qui
1024 1401 1122 1431 leniret
1135 1400 1218 1430 dolo-

163 1453 224 1473 rem
248 1446 355 1482 matris,
375 1445 424 1482 qui
444 1443 564 1479 diceret,
578 1441 683 1479 joseph
697 1441 765 1472 filius
777 1449 839 1472 tuus
850 1441 937 1479 vivit,
956 1441 989 1471 &
1002 1438 1118 1470 eduens
1130 1438 1171 1469 est
1182 1439 1218 1469 de

164 1482 295 1521 cisterna,
314 1492 368 1512 nec
380 1491 446 1511 eum
459 1482 515 1511 fera
549 1480 644 1511 essima
656 1479 809 1511 devoravit.

202 1519 232 1550 O
250 1520 306 1550 fera
325 1519 451 1558 pessima!
467 1520 531 1559 tigri
553 1529 583 1550 us
605 1520 638 1550 &
652 1518 755 1557 lamiis,
773 1519 910 1556 omnique
925 1516 982 1547 fera
994 1515 1148 1548 crudelior!
1170 1517 1219 1554 qui

164 1557 251 1589 fllium
271 1568 368 1589 meum
388 1559 407 1579 ³*
432 1558 550 1588 militem
570 1556 693 1596 Christi,
717 1557 862 1588 Christum
884 1556 1023 1593 Domini,
1040 1555 1217 1595 peregrinum

165 1596 302 1635 crucifixi,
320 1597 436 1628 vinculis
455 1597 595 1636 alligatum
609 1596 774 1636 Imperatori
789 1594 915 1626 vendidit
928 1595 961 1625 ὅ(
973 1594 1092 1625 tradidit.
1130 1593 1179 1623 Sic
1195 1595 1220 1623 ei

166 1635 262 1667 durior
283 1635 446 1667 adversarius
466 1635 632 1666 constitutus
650 1634 715 1674 est,
738 1643 764 1665 at
786 1644 820 1664 ue
841 1633 877 1664 de
896 1632 1033 1672 ergastulo
1053 1634 1082 1662 in
1100 1632 1221 1668 labyrin—

165 1674 265 1712 thum,
283 1674 317 1704 &
335 1674 370 1704 de
389 1674 481 1714 Scylla
499 1673 636 1704 transsatus
656 1673 696 1703 est
715 1674 744 1704 in
797 1671 950 1711 harybdim.
989 1672 1016 1702 A
1030 1670 1126 1701 diebus
1137 1669 1221 1709 Judae

165 1712 301 1744 Iscariotis
315 1722 374 1743 non
387 1712 428 1743 est
442 1713 571 1743 inventus
583 1711 675 1742 similis
686 1712 743 1750 illi,
762 1712 808 1750 qui
821 1711 858 1741 sic
872 1710 988 1741 violaret
1001 1710 1093 1748 legem
1107 1708 1222 1747 excelli,

187 1753 216 1782 ui
232 1752 268 1781 ita
280 1751 413 1782 malin'ose
427 1750 544 1781 traderet
553 1750 669 1789 justum.
705 1749 743 1781 Et
759 1751 821 1780 haec
836 1751 864 1780 in
879 1748 996 1780 occulto
1009 1749 1042 1780 ὃς
1055 1749 1085 1778 in
1100 1748 1222 1778 tenebris

180 1790 239 1820 acra
248 1788 323 1819 sunt:
343 1798 420 1820 erant
434 1790 509 1820 enim
521 1799 605 1827 opera
619 1789 804 1820 tenebrarum.

205 1827 380 1859 Memoriam
400 1828 576 1859 abundantiae
590 1827 724 1858 suavitatis
735 1836 792 1859 tuae
805 1835 880 1867 pater
897 1825 1092 1857 misericordiae
1127 1835 1224 1864 recor,

168 1874 201 1897 ut
221 1865 256 1896 de
276 1876 327 1896 ore
348 1867 452 1897 Leonis
463 1867 496 1897 &
507 1866 543 1896 de
557 1876 643 1897 manu
656 1865 756 1896 Bestiae
768 1867 864 1896 liberes
879 1867 1070 1895 innocentem.
1135 1873 1147 1894 t
1159 1873 1224 1901 quae

171 1905 223 1935 tibi
242 1905 339 1935 utilitas
359 1906 390 1935 in
407 1905 536 1944 sanguine
553 1906 623 1943 ejus,
641 1906 689 1944 qui
709 1904 744 1934 de
765 1914 850 1935 manu
861 1912 907 1934 tua
921 1903 1090 1934 exadtiffime
1103 1903 1226 1940 require-

169 1944 239 1974 tur?
266 1943 344 1981 Qia
363 1944 543 1974 credebamus
557 1943 706 1982 aliquando
727 1943 804 1981 quod
825 1942 994 1981 disposuisset
1010 1942 1155 1971 Dominus
1176 1950 1225 1980 per

169 1991 223 2012 vos
241 1980 300 2011 filio
318 1981 408 2011 facere
427 1981 659 2019 misericordiam,
674 1981 740 2012 faeti
760 1981 852 2016 sumus
873 1981 1007 2011 laetantes:
1026 1980 1119 2011 Nunc
1132 1987 1225 2010 autem

170 2029 212 2050 res
231 2020 261 2049 in
281 2020 452 2050 contrarium
473 2019 546 2050 versa
565 2019 621 2058 est,
640 2020 793 2060 triumphat
816 2020 892 2051 enim
912 2019 997 2058 longe
1008 2019 1116 2063 lateque
1128 2017 1226 2048 diabo-

170 2058 229 2095 lus,
249 2057 374 2095 sapientia
394 2059 485 2089 vincit
505 2058 657 2096 malitiam,
672 2059 721 2095 &,
738 2058 827 2088 audita
845 2059 873 2087 in
884 2059 1013 2097 gentibus
1029 2057 1077 2087 filii
1091 2057 1148 2086 mei
1159 2066 1226 2094 cap-

170 2097 266 2134 tione,
284 2095 408 2135 personat
430 2098 459 2127 in
473 2097 559 2128 triviis
572 2095 668 2134 Geth,
685 2097 717 2127 &¹
733 2098 762 2127 in
777 2097 907 2135 compitis
922 2095 1062 2126 Ascalonis
1074 2096 1226 2125 incircum-

171 2134 293 2165 cisorum
306 2134 425 2165 solennis
436 2134 582 2175 applausus.
618 2133 699 2165 Heu!
715 2134 784 2165 heu!
819 2134 928 2164 ercuffit
943 2145 995 2165 nos
1009 2134 1154 2164 Dominus
1188 2133 1227 2164 la-

169 2181 206 2212 ga
239 2172 311 2211 ravi‚
329 2173 363 2204 &
377 2173 555 2213 castigatione
566 2172 641 2204 fideli
679 2184 695 2204 a
708 2183 754 2203 me
767 2144 868 2204 vii'cera
882 2182 945 2203 mea
955 2174 1103 2214 Tyrannus
1115 2144 1228 2211 avulsit,

169 2212 204 2242 δε
219 2181 357 2242 {cclesias
375 2211 491 2249 spolians
510 2212 540 2242 in
553 2220 622 2242 terra
634 2195 802 2242 §anctorum
814 2212 906 2251 iniqua
916 2211 1003 2250 gessit.
1036 2211 1136 2241 Plebes
1146 2212 1229 2241 innu-

170 2259 259 2280 meras
277 2250 457 2280 amaritudine
479 2250 512 2281 &
533 2260 652 2280 maerore
670 2251 804 2281 confecit.
842 2249 875 2280 In
897 2249 938 2279 his
956 2250 1089 2280 omnibus
1109 2260 1168 2280 non
1188 2249 1229 2279 est

173 2288 280 2319 aversus
294 2289 372 2319 furor
385 2289 440 2327 ejus
471 2288 516 2319 sed
529 2288 620 2320 adhuc
635 2298 733 2319 manus
744 2290 799 2328 ejus
812 2296 930 2319 extenta.
966 2288 1042 2318 Non
1058 2290 1145 2327 parcit
1160 2287 1230 2318 Mo-

171 2326 269 2358 nachis
281 2349 290 2365 ,
315 2337 375 2357 non
395 2311 502 2358 recl’usis
515 2350 524 2365 ,
551 2337 610 2358 non
627 2328 763 2366 eremitis,
787 2337 847 2357 non
863 2327 1043 2365 monialibus,
1061 2337 1121 2357 non
1139 2327 1230 2367 lepro-

171 2366 212 2396 sis.
249 2365 391 2396 Perierunt
412 2368 487 2396 enim
508 2367 547 2403 jus
559 2366 593 2396 &
614 2365 653 2396 fas
665 2389 675 2405 ,
699 2367 783 2396 timor
798 2365 873 2404 Dei,
892 2365 959 2396 fides
973 2388 982 2403 ,
1008 2365 1106 2405 religio
1126 2366 1159 2397 &
1177 2366 1231 2396 ho-

171 2404 268 2472 neigas.
304 2403 414 2444 Exurge
427 2428 438 2444 ,
458 2414 541 2444 quare
558 2404 704 2435 obdormis
725 2404 855 2436 Domine
869 2405 880 2434 ?
898 2403 1009 2445 Exurge
1023 2405 1056 2436 &
1071 2414 1108 2435 ne
1119 2404 1231 2444 repellas

172 2453 203 2473 m
236 2453 309 2474 nem.

213 2481 333 2512 Moveat
353 2490 381 2513 te
411 2483 520 2514 summe
530 2483 677 2521 Pontifex,
695 2483 743 2514 etsi
757 2493 816 2514 non
829 2483 910 2521 huius
928 2484 1089 2522 peccatricis
1101 2483 1233 2515 infelicis-

173 2518 251 2550 sunae
263 2520 360 2558 dolor,
376 2505 469 2551 stiltem
484 2523 590 2553 clamor
604 2532 756 2564 pauperum
765 2545 774 2560 ,
792 2522 1021 2562 compeditorum
1035 2524 1169 2562 gemitus,
1189 2524 1232 2553 in-

174 2557 356 2589 terfectorum
375 2560 480 2599 sanguis
494 2583 505 2599 ,
528 2559 715 2591 Ecclesiarum
734 2560 860 2600 spoliatio
874 2583 884 2599 ,
909 2561 942 2591 ὃς
962 2561 1095 2599 generalis
1113 2560 1233 2602 denique

174 2596 295 2664 gressum
310 2596 494 2640 sanctorum.
530 2598 603 2628 Vide
650 2606 751 2638 quanta
777 2599 938 2637 malignatus
966 2599 1005 2628 est
1023 2600 1151 2629 inimicus
1167 2622 1177 2638 ,
1202 2602 1232 2630 in

198 2636 282 2664 antio
308 2635 480 2666 invaluerunt
507 2636 600 2666 hostes
617 2621 751 2668 Ecclefiae
766 2659 776 2674 ,
800 2638 1037 2677 prolongaverunt
1060 2638 1233 2676 iniquitatem

176 2671 251 2703 suam
258 2696 277 2716 ,ι
286 2673 437 2717 confortati
456 2674 517 2704 sunt
528 2673 658 2705 addentes
669 2675 943 2714 praevaricationem,
960 2676 1134 2715 iniquitatem
1147 2686 1234 2716 appo-

178 2719 252 2742 nunt
270 2712 421 2751 iniquitati,
439 2721 470 2743 ut
488 2712 593 2751 sanguis
604 2713 764 2752 sanguinem
777 2721 884 2752 tangat,
902 2721 931 2742 ut
945 2712 1069 2752 superbia
1083 2723 1182 2744 eorum
1194 2724 1235 2744 as-

177 2749 278 2780 cendat
288 2749 407 2790 semper,
431 2751 464 2781 &
477 2751 601 2791 impietas
613 2751 817 2782 modernorum
830 2751 987 2781 mensuram
999 2760 1110 2789 patrum
1123 2752 1235 2782 suorum

178 2797 239 2832 non
249 2786 339 2832 solum
351 2788 480 2828 impleat,
497 2789 542 2820 sed
555 2789 743 2828 transcendat,
761 2797 837 2820 certe
850 2789 991 2820 horrendo
1004 2789 1178 2821 anathemate
1194 2791 1235 2821 fe-

177 2826 265 2857 riendi
275 2835 367 2866 erant,
385 2835 432 2857 aut
444 2829 535 2865 potius
547 2828 722 2860 fulminandi.

197 2903 204 2909 ·
215 2865 337 2906 Exurgat
358 2867 440 2906 igitur
458 2866 533 2910 orbis
550 2866 574 2896 E
597 2866 719 2907 iscopus,
740 2867 911 2908 &arripiat,
937 2867 1011 2905 quasi
1029 2866 1137 2908 fulgur,
1165 2868 1236 2906 judi-

177 2912 256 2934 cium
276 2914 372 2934 manus
393 2912 446 2935 tua.
483 2904 564 2935 Sicut
608 2913 680 2936 etrus
692 2916 751 2936 uno
765 2905 823 2936 ictu
837 2906 994 2936 Annaniam
1008 2906 1042 2937 ὃ(
1055 2907 1236 2946 sapphiram,

180 2942 214 2972 &
227 2952 292 2986 'uno
308 2943 366 2973 ίξῒυ
386 2942 534 2973 Simonem
546 2943 690 2984 Magnum
701 2945 791 2982 potuit
802 2944 894 2975 delere
905 2944 941 2974 de
954 2944 1050 2975 medio
1090 2946 1127 2975 fic
1141 2945 1235 2985 spiritu

179 2979 318 3011 labiorum
335 2988 448 3012 tuorum
465 2981 610 3013 interficias
627 2984 667 3012 im
688 2983 745 3021 ios,
763 2983 818 3013 alio
838 2984 885 3013 uiri
907 2982 1043 3014 videberis
1077 2984 1195 3014 eclinare
1206 2985 1236 3014 in

177 3018 380 3063 obligationem
402 3019 515 3050 malitiae
533 3031 582 3061 per
603 3031 661 3051 con
672 3020 777 3051 ensum.
813 2993 994 3051 sseciinantes
1013 3029 1107 3052 autem
1121 3023 1152 3052 in
1164 3023 1237 3053 obli-

179 3064 323 3096 gationem
333 3057 451 3088 adducet
464 3057 606 3089 Dominus
618 3069 686 3090 cum
698 3060 874 3099 operantibus
888 3060 1069 3098 iniquitatem.

193 3132 199 3138 ι
217 3094 374 3140 Accingere
391 3095 482 3135 gladio
502 3104 553 3127 tuo
574 3097 652 3135 super
665 3098 756 3128 femur
767 3106 848 3128 tuum
863 3097 1067 3137 potentiffime3
1081 3098 1173 3138 gladio
1186 3100 1238 3130 sci-

179 3130 246 3176 licet
266 3133 370 3174 spiritus
389 3133 466 3173 quod
485 3134 526 3164 est
546 3136 666 3167 verbum
679 3136 745 3166 Dei.
782 3136 902 3176 Arripiat
916 3136 1052 3174 judicium
1066 3147 1162 3168 manus
1173 3146 1237 3177 tua,

182 3170 217 3200 &
236 3180 265 3200 in
282 3171 435 3239 potestate,
452 3172 552 3216 collata
572 3174 623 3204 tibi
649 3175 769 3212 caelitus,
787 3175 855 3205 tolle
867 3175 978 3214 virgam
992 3183 1174 3214 peccatorum
1188 3176 1238 3206 de-

182 3208 262 3246 super
293 3218 385 3240 ortem
411 3210 479 3247 justi.
516 3211 606 3242 Scuto
637 3212 723 3243 bonae
744 3213 895 3244 voluntatis
914 3222 971 3243 tuae
992 3221 1108 3253 protege
1133 3214 1236 3245 Filium

183 3255 300 3291 meum,
318 3249 352 3279 ὃς
373 3247 442 3293 filius
459 3249 608 3293 iniquitatis
629 3260 688 3280 non
703 3259 824 3295 apponat
838 3261 941 3281 nocere
956 3251 1066 3282 ulterius
1076 3254 1239 3291 innocenti;

184 3294 254 3316 cum
276 3294 434 3330 innocentia
444 3286 531 3327 Regis
542 3288 590 3318 filii
602 3290 659 3319 mei
671 3289 864 3320 testimonium
878 3290 975 3320 habeat
986 3291 1022 3321 ab
1037 3290 1079 3321 his
1089 3292 1137 3330 qui
1151 3301 1240 3331 prope

183 3323 245 3367 sunt
253 3345 264 3361 ,
277 3324 311 3355 &
325 3333 355 3353 iis
366 3334 413 3367 qui
427 3324 527 3365 longe,
544 3336 604 3357 non
617 3327 724 3358 habetis
735 3328 942 3359 excusationem
955 3329 991 3359 de
1003 3337 1130 3368 peccato.
1162 3330 1239 3368 Qiae.

185 3371 266 3405 enim
289 3363 427 3406 excusatio
447 3363 531 3402 possit
550 3364 671 3395 vestram
685 3365 816 3397 desidiam
829 3367 1012 3397 &incuriam
1028 3368 1152 3406 palliare,
1170 3378 1239 3399 cum

185 3400 319 3431 omnibus
338 3400 440 3444 liqueat
459 3402 536 3441 quod
554 3402 688 3433 liberandi
708 3403 797 3434 filium
815 3414 913 3435 meum
938 3405 1043 3436 habetis
1057 3406 1240 3446 potestatem,

187 3439 222 3469 ὃς
234 3437 386 3469 subtrahitis
397 3438 592 3471 voluntatem?
610 3441 723 3472 Nonne
730 3440 816 3473 Petro
829 3443 984 3482 Apostolo,
1002 3444 1051 3482 St,
1069 3446 1099 3474 in
1111 3455 1147 3475 eo
1160 3447 1242 3475 vobis

187 3487 205 3507 a
227 3476 296 3521 Deo
315 3486 404 3507 omne
426 3474 457 3507 R
492 3487 577 3522 num,¹
599 3479 746 3523 omnisque
762 3481 880 3521 potestas
904 3482 1015 3521 regendi
1033 3484 1240 3514 committitur?

187 3514 353 3545 Benedid‘tus
373 3523 466 3545 autem
518 3525 629 3547 ominus
647 3528 695 3557 qui
709 3519 791 3549 talem
805 3519 971 3559 potestatem
984 3520 1059 3551 dedit
1070 3522 1240 3552 hominibus.

186 3553 275 3598 Non.
287 3553 366 3591 Rex,
382 3564 441 3598 non
458 3553 625 3593 Imperator,
652 3563 697 3600 aut
716 3555 785 3587 Dux
806 3568 822 3587 a
845 3559 913 3597 jugo
933 3558 1031 3589 vestrae
1053 3560 1241 3597 jurisdictionis

189 3600 338 3629 eximitur,
352 3592 402 3623 ubi
414 3591 454 3622 est
466 3602 534 3633 ergo
546 3592 621 3623 zelus
632 3592 750 3625 Phinees
765 3595 777 3625 ?
802 3596 851 3626 ubi
863 3597 903 3626 est
917 3598 1064 3628 aucte-ritas
1081 3598 1172 3628 Petri?
1192 3599 1241 3628 ubi

190 3630 232 3676 est
251 3631 299 3670 qui
320 3631 503 3676 dicam-zelus
521 3629 623 3675 domus
643 3638 700 3661 tuae
721 3634 845 3664 comedit
859 3634 925 3665 me?
944 3635 1081 3675 Appareat
1093 3635 1169 3675 quod
1182 3647 1242 3667 nori

189 3677 221 3712 gn
240 3678 346 3713 vanum
365 3669 423 3700 dati
442 3668 505 3714 sunt
524 3670 604 3713 vobis
616 3691 626 3706 ,
649 3669 683 3700 &
702 3668 884 3713 Cpepiscopis
902 3672 998 3704 vestris
1010 3675 1090 3713 gladii
1109 3676 1242 3715 ancipites

190 3716 221 3737 in
241 3707 369 3738 manibus
387 3707 490 3738 vestris.
536 3706 634 3738 Dicite
654 3717 752 3747 iniquis
788 3710 874 3740 nolite
888 3709 982 3751 inique
996 3721 1090 3752 agere,
1106 3714 1139 3744 &
1154 3713 1242 3744 delin-

210 3745 355 3784 uentibus,
373 3746 460 3776 nolite
472 3746 586 3777 exaltare
601 3755 700 3776 cornu.
735 3731 811 3777 bfon
824 3747 843 3778 d
878 3759 971 3781 eneret
985 3751 1014 3780 in
1028 3751 1153 3782 Haerede
1167 3747 1242 3782 Petri

211 3784 341 3828 ‘ignitatis
352 3782 525 3824 Apostolicae
538 3784 685 3815 reverenda
697 3783 839 3814 successio.
899 3787 1002 3818 estrum
1013 3790 1152 3828 agnoscite
1167 3792 1243 3827 prin⁴

191 3830 331 3862 cipatum,
350 3823 466 3862 probate
478 3823 573 3853 zelum
587 3846 597 3862 ,
619 3823 800 3853 accino‘mini
811 3823 846 3853 ad
858 3832 928 3863 opus
939 3825 1124 3866 fortitudinis,
1141 3830 1175 3859 ὃς
1189 3829 1243 3858 ho-

190 3869 289 3890 norate
310 3860 494 3892 ministerium
515 3861 648 3892 vestrum.
720 3861 786 3891 loria
806 3860 894 3892 vestra
906 3862 1044 3901 derivetur
1057 3866 1091 3896 ad
1104 3866 1244 3905 posterOS,

193 3897 229 3941 ὃς
239 3898 390 3937 cognoscat
400 3899 540 3939 generatio
553 3900 634 3930 altera
646 3909 730 3940 quam
743 3900 858 3929 inaniter
870 3907 998 3938 tyrannus
1007 3903 1052 3933 ille
1065 3904 1246 3943 praesumpse-

192 3942 246 3973 nt,
264 3936 298 3967 &
316 3947 400 3976 quarn
420 3946 547 3977 potenter
559 3937 678 3977 praesum
698 3938 806 3968 tionem
819 3938 874 3975 eius
887 3937 961 3969 sedes
971 3940 1104 3972 Romana
1116 3944 1245 3980 punierit.

195 3972 285 4016 Vobis
298 3975 427 4014 equidem
441 3983 620 4006 convertetur
632 3977 661 4006 in
693 3977 821 4007 iscrimen
835 3975 868 4006 &
880 3978 1006 4017 crimen,
1031 3980 1051 4009 fi
1064 3980 1183 4010 remiffas
1196 3981 1246 4012 ha·

195 4009 281 4054 beatis
295 4021 406 4052 manus,
431 4015 465 4045 &
477 4014 557 4045 addat
569 4016 609 4044 im
630 4014 716 4045 unitas
727 4024 832 4045 cornua
845 4016 996 4053 peccatori.
1031 4017 1062 4048 Si
1074 4019 1151 4048 enim
1163 4020 1192 4049 'in
1204 4020 1248 4050 vi—

195 4047 250 4077 ridi
263 4047 325 4078 haec
337 4051 410 4082 facta
424 4052 499 4091 sunt,
518 4054 547 4083 in
562 4054 599 4083 ari
619 4062 639 4082 o
653 4052 719 4092 quid
733 4053 799 4083 fiet?

236 4084 355 4118 Recolat
369 4090 462 4126 quaeso
474 4091 562 4121 vestra
574 4092 717 4129 paternitas
730 4099 847 4131 quantus
860 4090 966 4122 amicus
977 4091 1021 4122 vir
1032 4103 1110 4123 meus
1122 4093 1187 4124 Rex
1201 4105 1249 4134 pa-

199 4122 451 4196 terr'ssusI-Rggij,
468 4129 503 4162 ὃς
522 4139 607 4169 quam
630 4129 717 4161 fidelis
739 4130 820 4163 vobis
833 4129 931 4162 fuerit:
951 4130 1083 4165 attendite
1096 4141 1181 4173 quam
1199 4134 1249 4172 bef

1268 247 1745 295 PUBLICA.
2248 262 2300 307 25

1246 336 1347 375 nignus
1368 337 1418 368 iste
1442 336 1589 369 Successor
1608 345 1729 374 paternae
1749 339 1905 371 devotionis
1924 341 2050 371 eittiterit.
2086 339 2157 370 Nec
2176 348 2192 368 a
2209 338 2295 368 corde

1247 375 1340 418 vestro
1352 377 1459 407 excidat
1470 399 1482 415 ,
1506 382 1607 419 quanta
1618 383 1672 413 ego
1684 376 1863 409 sollicitudine
1877 389 1925 416 per
1938 379 2026 418 ipsum
2040 378 2197 408 vestrorum
2211 386 2297 415 nego-

1247 420 1292 457 tia.
1304 414 1493 454 Legatorum,
1508 423 1568 443 imo
1587 414 1676 456 vestra
1698 419 1897 451 promoverim.
1932 419 1962 447 Si
1976 418 2060 448 etiam
2071 416 2167 445 vestris
2181 415 2297 445 neceili-

1247 453 1562 497 tatibuslmeaunqua'm
1574 460 1648 481 circa
1668 461 1718 482 vos
1731 453 1844 484 affectio
1857 457 1983 494 torpuit,
2004 455 2133 485 decidam
2148 455 2250 484 merito
2264 454 2299 483 ab

1246 498 1365 521 inimiCis
1379 501 1447 522 meis
1461 500 1554 521 inanis.

1283 528 1347 570 Ego
1363 539 1456 560 autem
1474 538 1552 560 nunc
1565 529 1685 568 experiar
1697 527 1854 560 vestrorum
1868 531 1998 569 promissa
2011 531 2201 561 Cardinalium
2213 530 2297 560 verba

1247 566 1302 596 elie
1323 569 1356 600 &
1379 567 1463 606 folia,
1476 567 1587 598 arbores
1606 576 1700 598 autem
1721 576 1781 597 non
1795 577 1811 596 a
1824 568 1894 597 foliis
1907 577 1953 597 aut
1966 569 2095 606 floribus,
2114 570 2159 600 sed
2171 580 2187 599 a
2202 567 2298 598 fructi-

1248 605 1300 635 bus
1321 607 1537 645 cognoscuntur.
1575 605 1612 635 Et
1632 616 1684 635 nos
1694 605 1808 646 quidem
1820 615 1836 635 a
1850 606 1982 635 fructibus
1998 615 2095 636 eorum
2109 608 2298 646 cognovimus

1249 653 1304 673 eos.
1338 645 1444 675 Dicere
1458 645 1542 684 pudet
1556 643 1632 682 quod
1647 668 1656 682 ,
1679 645 1786 674 utinam
1800 653 1848 673 eos
1860 643 1953 673 fecisse
1967 645 2066 682 pudeat
2076 668 2084 681 ,
2107 654 2234 684 tyrannus
2249 655 2297 675 eos

1249 681 1346 715 habuit
1358 684 1468 714 malitiae
1485 683 1502 702 ’ἢ
1519 683 1655 720 fautores,
1671 683 1749 719 cuius
1762 682 1788 711 se
1801 682 1953 712 debuerant
1965 682 2116 711 exhibuisse
2128 683 2299 713 ulrores.Di·

1250 725 1302 755 lexi
1325 732 1393 761 VOS,
1420 732 1482 752 non
1500 722 1592 760 lingua
1613 721 1646 751 &
1667 722 1771 757 verbo,
1794 720 1839 750 sed
1862 729 1947 759 opere
1967 721 2000 750 &
2023 721 2148 757 veritate,
2172 721 2299 759 nunquid

1250 763 1371 794 redditur
1385 771 1436 800 pro
1450 761 1529 790 bono
1542 759 1647 789 malum
1660 760 1692 789 &
1706 759 1804 789 odium
1817 768 1870 798 pro
1883 758 2052 788 dilefflone?

1285 801 1349 838 Ut,
1366 800 1435 829 salva
1447 808 1515 838 pace
1530 797 1652 828 Domini
1666 798 1736 835 mei,
1755 807 1845 826 unum
1860 797 1971 836 loquar,
1988 796 2056 826 dico
2068 798 2107 833 ei,
2125 796 2201 836 quod
2215 806 2303 836 quan-

1250 839 1344 878 doque
1357 837 1431 874 Joab
1451 835 1626 879 exprobraile
1640 836 1736 874 legitur
1752 835 1846 865 David
1859 835 1949 874 Regi,
1965 835 2053 875 diligis
2068 844 2115 864 eos
2127 845 2175 872 qu.
2193 843 2219 864 te
2235 835 2302 864 ode-

1251 886 1331 915 runt,
1346 876 1378 906 δε
1390 885 1437 904 eos
1451 875 1518 904 odio
1531 874 1614 903 habes
1630 876 1677 912 qui
1691 882 1718 902 te
1733 873 1857 912 diligunt.
1892 873 1973 904 Heu!
1993 873 2140 913 quomodo
2152 880 2305 903 exarmatur

1250 916 1336 945 scelus
1360 912 1486 950 iustitiae?
1504 913 1589 951 quam
1609 912 1793 941 miserabiliter
1815 912 1906 941 claves
1927 911 2060 942 Ecclesiae
2081 912 2158 941 suum
2177 911 2303 949 perdide-

1252 962 1318 984 runt
1328 950 1471 982 officium!
1490 951 1523 981 ὃς
1537 951 1585 980 ubi
1597 949 1728 989 gloriosus
1743 950 1818 980 Petri
1833 949 2006 987 Principatus
2020 951 2144 980 eminere
2156 950 2305 987 debuerat,

1252 992 1292 1021 ibi
1316 989 1541 1021 contumeliosius
1565 989 1732 1027 opprimitur
1747 1012 1757 1026 ,
1786 988 1819 1018 &
1839 988 1941 1018 vilescit
1963 988 2133 1018 pontificalis
2151 988 2305 1018 aiiciontas.

1253 1029 1350 1068 Lupus
1370 1028 1446 1057 irruit
1467 1028 1494 1055 in
1516 1026 1617 1062 Ovile,
1634 1026 1694 1055 Leo
1715 1027 1744 1055 in
1764 1025 1916 1055 Ecclesiam
1941 1027 2012 1063 Dei,
2028 1028 2061 1057 &
2082 1027 2219 1066 singularis
2234 1027 2307 1056 ferus

1252 1067 1405 1104 depascitur
1426 1073 1503 1100 eam,
1521 1073 1575 1092 nec
1595 1063 1636 1092 est
1655 1064 1703 1100 qui
1725 1073 1777 1099 pro
1796 1064 1886 1092 domo
1907 1064 2027 1094 Domini
2043 1073 2076 1094 ex
2089 1066 2202 1096 adverso
2214 1065 2308 1094 ascen-

1253 1104 1316 1143 dat,
1332 1102 1464 1144 quodque
1481 1101 1637 1131 familiarius
1657 1102 1690 1131 &
1708 1100 1901 1141 intolerabilius
1916 1101 2017 1139 doleo,
2039 1103 2126 1133 filiurn
2146 1113 2242 1133 meum
2264 1111 2274 1133 t
2294 1120 2308 1125 -

1254 1153 1354 1174 rannus
1374 1141 1496 1177 cruciat,
1515 1138 1662 1169 dissimulat
1681 1139 1737 1168 hoc
1751 1141 1872 1171 lummus
1885 1138 2032 1178 Pontifex,
2050 1151 2103 1171 nec
2118 1141 2157 1171 est
2172 1143 2220 1181 qui
2235 1112 2307 1172 redi-

1254 1190 1329 1220 mat,
1345 1189 1436 1219 neque
1450 1179 1497 1218 qui
1509 1177 1612 1207 salvum
1625 1177 1716 1207 faciat.

1292 1221 1376 1258 Siqua
1389 1227 1458 1257 ergo
1473 1216 1626 1247 consolatio
1639 1216 1668 1245 in
1684 1215 1781 1252 vobis,
1804 1214 1824 1244 si
1841 1225 1895 1256 qua
1908 1216 1993 1246 virtus
2007 1217 2120 1246 caritati]
2135 1219 2163 1246 in
2178 1217 2311 1257 Christo,

1255 1259 1329 1299 siqua
1343 1257 1496 1294 miseratio,
1514 1254 1586 1291 siqua
1599 1253 1795 1293 compaffionis
1807 1254 1909 1283 viicera
1917 1277 1927 1292 ,
1953 1253 2038 1293 siquid
2053 1254 2171 1293 denique
2182 1257 2257 1294 quod
2270 1258 2311 1286 af÷

1256 1298 1364 1328 fectum
1384 1295 1469 1326 Patris
1489 1294 1522 1324 ὃ(
1542 1292 1740 1323 Pontificalem
1758 1291 1840 1328 sapiat
1855 1292 2036 1330 unc‘tioriein,
2052 1293 2142 1323 audiat
2155 1295 2247 1323 omnis
2260 1305 2311 1331 po-

1256 1336 1336 1376 pulus
1348 1334 1505 1376 sapientiam
1519 1331 1575 1362 eise
1587 1332 1617 1360 in
1631 1331 1712 1362 vobis
1724 1330 1758 1360 ad
1772 1329 1931 1361 faciendum
1946 1331 2087 1367 judicium.

1294 1374 1349 1405 Sed
1369 1372 1436 1412 quid
1455 1371 1553 1401 talibus
1572 1369 1728 1399 immoror?
1748 1378 1831 1398 curro
1844 1369 1873 1398 in
1886 1370 2041 1406 incertum,
2059 1370 2092 1399 ὃς
2106 1379 2165 1399 aera
2177 1370 2313 1408 verbero,

1256 1421 1340 1452 atque
1360 1414 1389 1442 in
1411 1418 1511 1441 ventos
1524 1408 1611 1439 nostri
1624 1408 1742 1451 gemitus
1754 1407 1927 1437 evanescunt.
1963 1407 2126 1437 Obstinatio
2140 1409 2247 1447 tyranni
2261 1408 2314 1438 du-

1257 1453 1313 1482 rior
1326 1450 1482 1481 Adamante
1496 1447 1545 1478 est.
1569 1446 1605 1476 Et
1621 1448 1695 1483 icio,
1714 1455 1799 1483 quffin
1814 1445 1893 1475 Deus
1907 1445 2019 1485 negligit
2034 1456 2122 1475 nemo
2134 1447 2235 1485 poterit
2250 1456 2314 1476 cor-

1257 1492 1351 1529 rigere.
1386 1488 1487 1521 Sermo
1501 1496 1579 1516 meus
1591 1487 1620 1514 in
1632 1494 1732 1515 terram
1745 1483 1863 1521 cecidit,
1881 1485 1915 1515 ὃς
1929 1485 2072 1514 revertitur
2084 1484 2118 1514 ad
2135 1494 2181 1514 me
2194 1495 2296 1515 vacuus
2305 1509 2315 1524 ,

1259 1538 1313 1560 nec
1327 1529 1356 1558 in
1368 1527 1409 1558 his
1423 1526 1457 1558 ad
1472 1534 1535 1563 quae
1550 1522 1645 1554 missus
1656 1522 1712 1560 est,
1729 1521 1909 1562 prosperatur.
1941 1522 1996 1552 Me
2008 1523 2089 1561 igitur
2103 1523 2314 1553 tribulationum

1259 1566 1406 1606 tempestas
1423 1563 1561 1595 horrenda
1580 1562 1730 1600 demergit,
1748 1571 1795 1590 me
1812 1561 1984 1600 profundum
1996 1561 2122 1590 absorbet
2136 1562 2223 1600 abyffi
2238 1563 2315 1591 terri-

1259 1606 1336 1644 bilis,
1351 1606 1384 1636 &
1398 1612 1477 1644 urget
1488 1603 1566 1642 super
1581 1611 1627 1630 me
1640 1608 1736 1640 puteus
1750 1599 1941 1636 desperationis
1953 1609 1984 1629 os
1999 1598 2085 1629 suum.
2110 1599 2211 1639 Populi
2227 1601 2316 1630 nostri

1260 1654 1358 1675 omnes
1379 1643 1446 1674 dant
1465 1651 1562 1672 manus
1579 1640 1634 1669 suas
1657 1639 1757 1676 morti,
1775 1648 1856 1678 atque
1877 1647 1944 1668 cum
1958 1639 2067 1667 inferno
2081 1640 2241 1677 percutiunt
2259 1639 2314 1669 ξω-

1260 1682 1324 1720 dus,
1342 1683 1508 1713 tabescentes
1521 1680 1554 1710 &
1567 1677 1716 1708 arescentes
1752 1686 1790 1706 rae
1805 1678 1906 1707 timore
1917 1677 1951 1707 ὅ(
1966 1676 2171 1715 expectatione,
2197 1687 2260 1715 quae
2275 1677 2317 1708 su-

1261 1723 1427 1760 perveniunt
1439 1717 1568 1750 universo
1584 1717 1647 1746 orbi
1661 1716 1725 1746 occi
1746 1715 1834 1745 entali.

1299 1760 1348 1790 Tu
1362 1768 1472 1796 autem,
1489 1757 1618 1787 Domine
1632 1754 1712 1784 Deus
1726 1753 1865 1791 Sabaoth,
1883 1755 1929 1793 qui
1941 1754 2042 1792 judicas
2056 1753 2125 1791 juste
2134 1777 2142 1791 ,
2161 1753 2242 1792 vide,
2256 1755 2319 1795 quia

1262 1800 1322 1830 vim
1341 1799 1444 1837 patior,
1461 1796 1551 1834 judica
1570 1793 1677 1824 causam
1697 1802 1798 1822 meam.
1834 1791 1886 1829 Et,
1906 1794 1970 1830 quia
1990 1793 2018 1822 in
2034 1793 2109 1822 terris
2122 1792 2244 1829 judicem
2259 1803 2319 1823 non

1262 1839 1377 1868 invenio
1391 1859 1401 1874 ,
1426 1845 1481 1875 ego
1501 1833 1595 1863 misera
1609 1855 1618 1870 ,
1652 1832 1685 1862 δε
1706 1831 1775 1861 nulli
1800 1831 1955 1861 miserabilis
1979 1839 2120 1860 terrenum
2142 1831 2264 1868 judicem
2285 1832 2319 1862 ad

1264 1885 1345 1907 tuum
1366 1874 1486 1906 terribile
1506 1871 1625 1902 tribunal
1639 1869 1758 1909 appello.
1795 1868 1892 1899 Infelix
1907 1868 1974 1908 ego!
1991 1879 2073 1908 quare
2085 1869 2189 1899 doloris
2203 1871 2259 1900 mei
2271 1881 2320 1901 ve-

1264 1914 1401 1945 hementis
1412 1914 1549 1952 impetum
1563 1909 1680 1947 sequor?
1699 1908 1731 1938 ὃ(
1747 1917 1778 1936 os
1796 1917 1894 1936 meum
1908 1908 1937 1936 in
1952 1907 2067 1937 Caelum
2080 1907 2178 1946 pono?

1303 1952 1356 1984 Sed
1375 1950 1568 1990 aequanimiter
1606 1946 1682 1977 uaeso
1705 1945 1787 1975 Pater
1805 1945 1932 1975 sustineat
1954 1946 2108 1984 benignitas
2123 1945 2224 1983 vestra,
2244 1947 2322 1987 quod

1265 2002 1299 2022 ex
1320 1991 1434 2026 dolore,
1456 1998 1516 2019 non
1536 1996 1570 2016 ex
1612 1985 1791 2015 eliberatione
1810 1983 1950 2021 pi‘oceffit.
1983 1983 2103 2014 Peccavi
2123 1992 2194 2022 estu,
2214 1986 2245 2015 &
2262 2009 2271 2023 ,
2293 1995 2323 2016 ut

1265 2031 1355 2061 verbo
1374 2028 1404 2059 B.
1418 2028 1477 2067 Job
1501 2034 1582 2063 utor,
1600 2034 1663 2063 quae
1679 2023 1752 2060 dixi,
1771 2023 1877 2052 utinam
1891 2032 1951 2051 non
1964 2022 2106 2060 dixissem,
2125 2007 2190 2052 ideo
2206 2033 2266 2053 non
2277 2025 2325 2055 ad-

1264 2070 1331 2100 dam
1346 2067 1430 2105 ultra,
1449 2066 1482 2097 &
1494 2065 1648 2105 supponam
1660 2062 1780 2101 digitum
1792 2062 1834 2091 ori
1847 2069 1921 2091 meo.
1954 2059 2030 2091 Vale.

1268 2207 1375 2237 Petrus
1400 2200 1533 2247 Bleftnsts
1557 2200 1775 2246 sideguntinnm
1806 2196 2067 2243 Archiepiscopum
2079 2208 2132 2243 per
2150 2206 2279 2229 veterem
2296 2201 2326 2228 in

1312 2250 1426 2285 Scholis
1448 2250 1519 2282 olim
1543 2252 1652 2281 iniiam
1669 2250 1840 2280 amicitiam
1854 2245 2004 2292 obstant,
2030 2257 2063 2277 ut
2088 2248 2169 2277 omni
2190 2256 2239 2290 ope
2257 2256 2326 2276 cum

1315 2301 1386 2332 aliis
1404 2301 1528 2344 Imperii
1556 2294 1741 2342 Principibus
1765 2298 1883 2328 nitatur
1909 2295 2038 2326 vinculis
2064 2297 2194 2327 eximere
2219 2296 2326 2340 Regem

1315 2348 1487 2396 Anglorum
1523 2344 1692 2380 Ricardum
1707 2371 1718 2386 ‚
1751 2341 1790 2376 ab
1818 2341 1946 2387 Austriae
1971 2345 2057 2377 Duce
2083 2346 2119 2382 &
2143 2345 2329 2388 Imperatore

1319 2408 1451 2445 captum.

1273 2483 1488 2547 REverendo
1508 2478 1582 2514 Patn'
1603 2484 1636 2514 &
1655 2481 1790 2513 Domino
1809 2480 1846 2512 C.
1866 2479 1924 2511 Dei
1937 2479 2022 2520 gratia
2034 2478 2212 2519 Moguntino
2225 2476 2328 2507 Archi*

1354 2524 1445 2564 episco
1460 2524 1491 2553 P.
1512 2522 1579 2553 Bles.
1600 2522 1677 2553 Bath.
1697 2520 1812 2552 Archid.
1829 2519 1942 2550 salutem
1955 2521 1984 2549 in
1997 2519 2110 2549 auctore
2125 2517 2220 2548 salutis.

1311 2562 1388 2602 Qiia
1415 2562 1583 2602 quandoque
1610 2562 1639 2591 in
1656 2560 1833 2590 Scholaribus
1856 2557 1948 2587 castris
1965 2558 2142 2597 militavimus
2159 2556 2208 2585 sub
2226 2553 2327 2584 eodem

1275 2599 1421 2638 Doctore,
1437 2601 1509 2630 &ex
1522 2600 1627 2629 diutina
1640 2599 1760 2635 ejusdem
1768 2596 1889 2635 Hospitii
1905 2595 2112 2625 cohabitatione
2119 2594 2223 2624 iocialis
2233 2593 2330 2623 amici-

1276 2639 1321 2668 tiae
1337 2640 1392 2676 jura
1408 2639 1611 2675 contraximus,
1622 2636 1772 2666 fiducialius
1787 2635 1868 2666 vobis
1882 2634 1981 2663 sci-ibo.
2001 2633 2135 2663 Excursus
2148 2633 2223 2662 enim
2238 2630 2332 2661 modi-

1276 2678 1302 2706 ci
1316 2677 1449 2717 temporis
1461 2676 1559 2706 nostro
1574 2685 1632 2705 non
1645 2674 1797 2713 praescribit
1809 2673 1911 2703 amori:
1936 2682 1991 2702 nec
2002 2672 2074 2709 apud
2089 2681 2136 2701 me
2147 2671 2332 2701 mutationem

1277 2715 1360 2745 vestri
1380 2715 1463 2745 status
1481 2715 1604 2754 agnoscit
1623 2713 1747 2744 affectio.
1783 2712 1855 2742 Sane
1865 2710 2012 2750 postquam
2025 2709 2279 2741 desideratiffimam
2292 2708 2332 2737 fa-v

1276 2754 1351 2784 ciem
1374 2753 1496 2784 vestram
1516 2751 1668 2783 novissime
1688 2752 1761 2789 vidi,
1783 2760 1834 2781 vos
1853 2751 1882 2779 in
1907 2748 2152 2788 Archiepiscopalis
2171 2747 2333 2789 eminentiae

1277 2792 1395 2831 gradum
1414 2791 1578 2831 dispensatio
1597 2791 1690 2821 divina
1710 2789 1874 2829 promovit,
1891 2787 1935 2817 sed
1949 2788 1968 2817 si
1982 2788 2053 2817 bene
2066 2787 2162 2817 recolo
2176 2795 2261 2824 quam
2270 2785 2333 2815 soli-

1279 2831 1313 2861 da
1329 2831 1347 2850 ’¹‘
1365 2831 1472 2870 semper
1486 2830 1558 2871 apud
1572 2840 1620 2860 me
1633 2829 1714 2860 fuerit
1728 2828 1792 2859 fidei
1805 2827 1921 2863 vestrae,
1939 2826 1973 2856 &
1985 2826 2087 2856 amoris
2101 2826 2253 2865 integritas:
2273 2833 2333 2854 cer-

1277 2878 1320 2900 tus
1338 2868 1399 2900 sum
1422 2869 1499 2907 quod
1520 2868 1634 2898 honoris
1647 2867 1797 2906 assumptio
1810 2867 1884 2896 circa
1898 2865 1999 2894 statum
2013 2865 2144 2895 amiciri-:e
2157 2862 2257 2894 vestrae
2272 2861 2335 2892 nul-

1279 2908 1338 2938 lum
1357 2907 1550 2947 praejudicium
1573 2906 1644 2937 mihi
1657 2906 1730 2936 facit.
1767 2904 1845 2935 Cum
1857 2905 1892 2934 ita
1913 2903 2024 2933 uehinc
2039 2912 2119 2933 amor
2133 2901 2278 2932 audaciam
2292 2901 2335 2930 lo-

1279 2947 1383 2985 quendi
1400 2946 1469 2976 mihi
1489 2946 1588 2985 pariat,
1608 2944 1672 2974 inde
1692 2954 1761 2975 vero
1782 2944 1816 2973 ad
1828 2942 1891 2984 plan
1924 2951 1974 2972 um
1990 2942 2023 2972 &
2038 2942 2174 2980 gemitum
2187 2939 2337 2982 dolorfin-

1279 2984 1420 3025 gultuosus
1431 2993 1525 3024 urgeat
1537 2983 1692 3022 violenter,
1701 2982 1813 3021 indulge
1827 2981 1939 3019 mihi,si
1955 2982 1983 3009 iri
1997 2980 2089 3019 aliquo
2104 2980 2193 3009 verbo
2201 2978 2339 3022 ¹sobrieta-

1279 3033 1338 3055 tem
1357 3023 1504 3054 modestiae
1523 3024 1556 3054 &
1577 3023 1677 3052 limites
1698 3021 1848 3051 honestatis
1866 3018 1989 3055 exced03
2008 3027 2042 3048 ex
2055 3017 2237 3055 abundantia,
2257 3027 2337 3047 nern-

1280 3071 1331 3102 pe,
1347 3061 1439 3094 cordis
1461 3072 1492 3092 os
1511 3061 1641 3100 loquitur.
1677 3059 1760 3090 Nam
1776 3061 1803 3088 in
1818 3056 2000 3087 amaritudine
2015 3055 2055 3086 est
2070 3058 2162 3087 anima
2177 3066 2256 3093 mea,
2273 3065 2337 3094 quae

1280 3109 1373 3131 totum
1395 3102 1473 3136 huius
1493 3099 1617 3137 epistolae
1637 3098 1747 3128 cursum
1767 3096 1835 3126 mihi
1858 3095 1895 3124 de
1912 3095 2018 3124 doloris
2028 3096 2220 3125 atramentario
2234 3095 2336 3124 submi-

1281 3139 1383 3170 nistrat.
1421 3139 1495 3178 Qiis
1516 3147 1584 3167 vero
1608 3138 1678 3166 inter
1698 3144 1866 3166 communes
1885 3134 2015 3172 lacrymas
2028 3133 2157 3163 dolorem
2171 3132 2337 3168 dissimulet,

1280 3187 1327 3208 aut
1341 3178 1490 3216 supprimat
1505 3176 1628 3213 plancius
1637 3198 1646 3212 ,
1667 3175 1715 3204 ubi
1729 3174 1817 3204 clerus
1828 3172 1921 3209 dolet,
1950 3172 2113 3203 lamentatur
2125 3173 2234 3211 religio,
2252 3171 2337 3209 gemit

1281 3217 1416 3257 populus,
1431 3215 1558 3245 nobilitas
1581 3213 1722 3243 anxiatur?
1742 3212 1806 3242 Ubi
1825 3210 1918 3252 potest
1930 3211 2012 3240 omni
2026 3220 2145 3240 mcci-ore
2158 3220 2215 3239 non
2228 3209 2336 3251 plangi,

1282 3256 1330 3294 qui
1342 3255 1445 3285 colitur
1459 3254 1491 3284 &
1505 3253 1617 3283 fovetur
1632 3261 1729 3282 amore
1739 3249 1906 3281 communi?
1924 3248 2027 3279 decidit
2042 3259 2149 3280 corona
2165 3248 2259 3287 capitis
2272 3256 2337 3276 nos-

1283 3295 1317 3324 tri
1326 3316 1335 3330 ,
1353 3294 1387 3323 ὃς
1400 3294 1428 3322 in
1442 3292 1550 3322 luctum
1563 3289 1654 3320 versus
1668 3289 1709 3320 est
1722 3289 1823 3320 chonis
1838 3287 1940 3318 noster.
2272 3318 2275 3321 ,

1319 3331 1385 3360 Rex
1404 3330 1497 3360 noster
1514 3330 1544 3360 in
1563 3329 1680 3359 frixorio
1699 3328 1756 3366 est,
1780 3328 1814 3358 &
1835 3326 1983 3357 occasione
2004 3325 2074 3355 illius
2093 3327 2121 3354 in
2143 3331 2227 3366 quam
2249 3323 2340 3360 plures

1282 3370 1440 3407 provincias
1452 3368 1530 3405 hujus
1545 3367 1657 3397 malitiae
1670 3367 1774 3406 sartago
1789 3366 1918 3402 desaevit,
1933 3366 1981 3394 suo
1996 3364 2126 3404 Domino
2140 3363 2251 3401 pauenti
2269 3371 2340 3405 cona

1283 3408 1395 3438 tabescit
1414 3407 1447 3437 &
1470 3407 1658 3436 commoritur
1681 3405 1856 3442 universitas,
1874 3405 1907 3435 ὃς
1922 3413 1970 3442 per
1986 3404 2209 3439 compailionein
2223 3399 2341 3430 afflictu)

1286 3447 1381 3483 capitis
1394 3446 1423 3475 in
1439 3445 1564 3475 membra
1575 3445 1708 3475 discurrit.
2112 3478 2117 3483 .

1321 3484 1372 3515 Vir
1384 3484 1547 3519 sanguinum
1561 3483 1593 3514 &
1607 3488 1732 3513 cruentae
1746 3479 1924 3512 conscientiae
1939 3479 2007 3509 Dux
2026 3476 2145 3507 Austnae
2161 3486 2219 3506 non
2234 3476 2276 3506 est
2290 3487 2341 3507 ve-·

1286 3524 1350 3554 ritus
1370 3524 1400 3552 in
1417 3520 1564 3552 Christum
1588 3521 1709 3551 Domini
1732 3520 1869 3557 sacrilegas
1882 3527 1978 3548 manus
1992 3517 2120 3558 injicere,
2139 3516 2171 3546 ἃ
2187 3514 2268 3553 pedes
2283 3516 2339 3545 eil-⁷

1285 3569 1378 3591 ceatos
1399 3562 1428 3590 in
1450 3559 1606 3600 Evangelio
1627 3560 1700 3599 pacis
1710 3558 1800 3588 ferreis
1814 3557 1957 3586 humiliare
1968 3554 2159 3591 compedibus.
2196 3553 2342 3583 Terribilis

1286 3601 1315 3630 in
1336 3600 1442 3636 judiciis
1462 3599 1541 3629 Deus
1560 3597 1678 3629 destruat
1692 3596 1768 3626 illum
1786 3597 1816 3624 in
1831 3594 1933 3632 finem,
1951 3594 1984 3624 ὃς
1999 3593 2096 3623 evellat
2110 3592 2146 3622 de
2159 3592 2342 3623 tabernaculo

1287 3638 1354 3676 su0,
1372 3638 1405 3668 ὃ(
1418 3637 1539 3667 radicem
1555 3638 1611 3673 ejus
1626 3635 1661 3665 de
1674 3643 1742 3664 terra
1756 3633 1926 3669 viventium,
1943 3641 1996 3672 pro
2009 3641 2059 3667 e0,
2077 3629 2154 3669 quod
2169 3640 2228 3660 non
2243 3631 2283 3660 est
2296 3641 2340 3660 re-

1287 3676 1415 3707 cordatus
1435 3675 1526 3706 facere
1549 3672 1778 3708 misericordiam,
1796 3670 1840 3699 scd
1862 3674 2015 3710 perleciitus
2034 3668 2075 3699 est
2097 3669 2245 3699 hominem
2258 3671 2341 3699 inno-

1288 3723 1402 3746 centem
1423 3714 1455 3744 &
1475 3714 1666 3753 peregrinum,
1683 3710 1773 3739 adhuc
1788 3709 1817 3738 in
1829 3709 1964 3747 obsequio
1977 3707 2102 3737 crucifixi
2116 3708 2149 3737 ὃς
2164 3708 2194 3736 in
2210 3715 2340 3748 procura*

1287 3754 1366 3783 tione
1387 3752 1566 3788 Reipublicae
1587 3749 1788 3784 constiturum,
1806 3756 1873 3777 cum
1894 3749 1970 3776 enim
2010 3756 2043 3775 ro
2056 3745 2222 3776 testamento
2236 3746 2342 3775 Dein-1

1288 3792 1370 3821 bores
1389 3791 1482 3820 anxios
1499 3787 1652 3824 toleraffer,
1670 3784 1805 3816 exhaustis
1826 3785 1931 3815 bellicis
1949 3785 1978 3814 su
1999 3785 2093 3814 oribus
2112 3785 2145 3814 &
2166 3785 2287 3821 expensis
2308 3783 2342 3813 ad

1289 3829 1399 3869 propria
1420 3827 1574 3861 remeabat,
1593 3832 1622 3854 ut
1642 3825 1738 3854 denuo
1752 3824 1838 3860 majus
1850 3824 2043 3853 testimonium
2057 3822 2211 3852 redditurus
2226 3823 2345 3863 pruden⁴

1289 3869 1360 3898 tiore
1375 3865 1512 3902 consilio,
1529 3863 1562 3893 &
1575 3862 1744 3893 felicioribus
1757 3862 1879 3902 auspiciis
1892 3863 1967 3892 viam
1979 3860 2106 3892 secund-ae
2119 3861 2344 3901 peregrinationis

1289 3905 1441 3936 instrueret.

1327 3943 1364 3973 Et
1383 3951 1460 3972 nunc
1482 3940 1574 3978 Reges
1594 3939 1754 3978 intelligite,
1771 3938 1995 3976 reminiscimini,
2037 3939 2064 3968 ui
2084 3937 2207 3975 judicaris
2229 3941 2347 3972 terrim,

1292 3982 1312 4012 si
1326 3989 1448 4018 unquam
1463 3980 1498 4008 ab
1513 3978 1624 4017 infantia
1636 3979 1768 4008 nascentis
1780 3976 1912 4007 Ecclesiae
1925 3977 2021 4015 aliquis
2065 3985 2099 4006 ex
2114 3975 2261 4012 pacificus,
2279 3973 2346 4003 fide-

1293 4020 1341 4056 lis,
1358 4019 1509 4053 innocens,
1548 4017 1685 4054 eregrinus
1697 4017 1755 4045 tam
1767 4015 1881 4045 subdole
1894 4026 1925 4046 ca
1947 4025 2005 4053 tus,
2029 4015 2087 4044 tarn
2101 4013 2234 4042 malitiose
2249 4011 2347 4042 deren·-

1295 4065 1355 4094 tus,
1373 4056 1429 4086 tam
1442 4055 1528 4084 crude
1537 4056 1587 4084 iter
1601 4054 1641 4084 est
1655 4054 1798 4090 venditus,
1813 4061 1870 4083 tam
1882 4055 1911 4083 in
1932 4054 1996 4092 igne
2009 4052 2145 4087 afflicius,
2165 4051 2198 4081 ὃς
2214 4057 2347 4092 cumpo-

1316 4092 1366 4124 ulis
1384 4093 1449 4130 suis,
1467 4093 1525 4122 tam
1546 4092 1646 4131 cupida
1665 4093 1698 4122 ὃς
1716 4091 1868 4121 detestabili
1894 4093 2040 4122 exaitione
2061 4095 2193 4129 gravatus.
2229 4087 2293 4131 .Ub¹
2308 4086 2348 4116 est

1295 4105 1359 4164 {ex
1370 4130 1497 4165 natiuae?
1516 4129 1582 4164 Ubi
1595 4129 1871 4198 est-AEquitas?Utl›)i
1881 4130 2090 4170 peregrinorum
2102 4133 2255 4158 reverentia
2261 4125 2355 4192 9εὲἓῇ

2321 341 2396 371 Ann.
2411 341 2451 373 D.

2323 389 2405 419 1193.

2322 681 2341 701 *r
2358 682 2380 708 1.
2396 680 2440 715 73-

2351 2468 2427 2502 Ᾱηη.
2441 2472 2480 2503 D.

2349 2520 2432 2550 1193.

2347 2554 2481 2586 A.4.R.r.

2355 2832 2459 2866 '‘I-79
