2570 4261
0 329 65 357 Edv.
85 337 107 355 i.

0 609 73 640 Arm.
91 610 132 642 D.

14 651 99 688 1296.

0 692 47 716 Aa.
66 699 109 724 24.

0 730 26 752 E.
50 736 71 753 i.

0 768 54 791 Pnt.
66 774 111 799 24.

0 807 25 829 E.
39 812 60 829 i.
75 814 111 831 m.

0 1282 132 1320 'll-703·

0 1368 74 1398 Ann.
85 1367 125 1397 D.

28 1408 110 1445 1296.

0 1450 51 1474 Aa.
66 1456 111 1482 24.

0 1489 28 1512 E.
54 1494 74 1514 Ι.

0 1527 52 1551 Rot.
67 1523 128 1550 Ale-

0 1571 68 1589 man.
85 1571 130 1597 24.
146 1568 238 1589 mance
253 1556 390 1587 Ecclesiae
403 1556 595 1588 Cardinaliurn
627 1560 764 1590 mittimus
775 1561 848 1600 apud
892 1571 1072 1599 ameracum,
1090 1561 1124 1591 ad
1138 1570 1211 1599 prae-

0 1604 28 1627 E.
43 1610 65 1628 ι.
74 1611 110 1628 m.

26 3388 101 3419 Arm.
113 3388 155 3419 D.

53 3429 135 3467 1296.

24 3469 76 3494 An.
93 3477 138 3502 24.

26 3508 55 3532 Ε.
78 3515 98 3532 ι.

25 3545 81 3570 Rot.
95 3543 154 3570 Ale-

25 3590 94 3608 man.
113 3591 159 3617 24.

26 3622 55 3646 Ε.
74 3629 140 3649 i.m.

693 173 805 214 ET
889 171 1157 214 ACTA

0 250 76 280 Anti.
91 249 123 279 D
124 270 235 282 .....
252 254 389 293 Affizven.
402 258 542 297 Epsszspo,
727 256 765 292 ὠ·
781 256 866 298 Lych.
877 258 939 297 fide
948 264 1085 296 vacante,

20 289 105 326 1296.
174 314 180 320 .
197 290 291 322 Electa
304 295 475 326 Landaven.
688 296 784 325 Elet‘lo
807 299 951 326 Meneven.
977 298 1024 326 vel
1042 298 1100 334 ejus
1120 295 1198 325 vices

175 352 180 358 .
199 331 345 362 Karleolen
357 332 497 373 Epifiopo,

143 369 187 397 A.
203 368 327 409 Epist-opo
341 371 501 402 Dunelmen.

144 405 251 445 Custodi
279 409 492 446 spiritualitatis
519 413 651 441 Coventr.

726 336 832 373 gerenti
848 358 858 374 ‚
876 335 934 373 ipso
945 344 1045 374 agente
1062 336 1092 365 in
1113 335 1199 372 parti-

727 375 778 404 bus
794 373 987 404 transmarinis.

205 533 256 564 De
270 529 408 576 potestate
427 534 556 565 Nnncz'is
572 537 653 580 Papa
669 532 744 567 data
762 534 806 567 ad
819 536 952 582 Treugas
959 534 1130 580 faciendas.

149 614 355 673 UNiverfis
367 616 475 648 Christi
491 616 632 660 fidelibus,
650 618 683 648 ad
697 629 769 658 quos
783 620 927 658 praesentes
941 620 1042 651 litterae
1063 626 1201 658 pervene-

236 663 307 692 rint,
324 654 495 694 Edwardus,
511 656 573 687 &c.
591 657 713 688 ialutem.

182 691 311 724 Noverit
333 694 508 724 Univerfitas
526 694 634 732 vestra,
675 696 731 726 uod
754 707 806 727 nos
819 696 934 735 damus,
953 696 986 727 &
999 695 1202 733 conced'mus,

144 740 193 768 per
207 732 352 769 praesentes
363 757 373 771 ‚
389 733 594 763 venerabilibus
605 735 634 762 in
677 734 764 764 hristo
782 733 908 765 Patribus
943 735 1081 765 Dominis
1129 757 1134 762 .
1152 734 1202 763 Ai-

144 770 270 809 banenfi,
288 771 322 801 &
335 770 364 801 S.
385 769 568 809 Penestrino‚
586 771 748 811 Episcopis‚
767 770 879 804 Sanetae
901 760 1046 804 Romanae
1068 772 1202 803 Ecclesiae

143 807 358 846 Cardinalibus,
375 808 487 846 plenam
500 810 681 848 potestatem,

184 847 299 885 Dandi,
317 848 437 889 nornine
451 847 566 886 nostro,
585 847 661 888 Regi
675 849 800 880 Franciae
814 849 847 880 ὃς
858 850 1020 880 valitoribus
1037 850 1106 888 suis,
1124 849 1203 887 super

144 886 268 923 guerris,
285 885 500 916 dissentionibus
522 887 555 917 &
577 887 720 917 discordiis
743 889 971 927 quibuscunque,
990 891 1062 919 inter
1081 888 1202 918 eundem

146 923 261 961 Regem
277 924 310 953 &
325 933 377 954 nos
391 925 566 963 ubicumque
581 926 713 956 locorum
729 928 831 957 exortis
846 927 878 957 &
900 929 1002 965 motis,
1021 935 1144 965 treugas,
1162 927 1203 956 sc-

143 961 271 992 cundum
291 961 414 992 formam
432 965 462 993 in
485 972 570 1001 quam
591 964 767 994 consentient
788 964 900 995 Nuncii
922 965 1027 1002 nostri,
1047 966 1093 995 vel
1113 966 1203 1002 major

143 1009 205 1037 pars
219 1000 348 1039 illorum,
368 1011 439 1039 quos
453 1001 487 1032 ad
500 1001 673 1039 praesentiam
691 1002 894 1040 praedic‘torum
914 1003 1109 1034 cardinalium
1129 1003 1203 1042 apud

143 1036 334 1068 Cameracum
349 1039 479 1070 duximus
495 1040 727 1072 transmittendos.

178 1076 214 1107 In
227 1078 323 1116 cujus,
340 1079 402 1109 &c.

181 1152 272 1184 Teste
286 1153 370 1193 Rege
382 1155 455 1194 apud
468 1155 605 1187 Sanctum
618 1156 779 1196 Albanum,
796 1157 893 1196 primo
907 1157 953 1188 die
960 1157 1090 1196 januarii.

305 1280 328 1302 *
352 1283 401 1314 De
417 1284 542 1329 Trengis
561 1293 629 1314 cum
648 1284 724 1329 Rege
742 1285 873 1316 Francia
888 1281 1046 1329 capiendis.

225 1364 354 1396 Niversis
372 1364 480 1395 Christi
500 1364 647 1405 fidelibus,
673 1365 707 1396 ad
726 1377 797 1405 quos
820 1370 965 1406 praesentes
988 1367 1086 1398 litterae
1108 1376 1208 1404 perve-

242 1405 351 1441 nerint,
369 1402 540 1442 Edwardus,
559 1402 617 1434 Dei
631 1404 734 1443 gratia,
754 1405 818 1436 Rex
832 1407 962 1446 Augilae,
979 1407 1039 1437 &Q
1058 1406 1182 1436 salutem.

188 1443 315 1475 Noverit
327 1441 503 1472 Universitas
516 1442 606 1473 vestra
622 1443 719 1481 quod,
738 1445 779 1474 ob
791 1446 975 1476 reverentiam
990 1445 1059 1476 sedis
1082 1444 1208 1482 Aposto-

147 1483 226 1521 licae,
243 1481 276 1512 &
295 1479 330 1509 ad
352 1480 501 1511 instantem
520 1481 728 1519 requisitionem
749 1484 951 1514 venerabilium
971 1485 999 1513 in
1015 1483 1135 1514 Christo
1155 1484 1209 1514 Pa-

148 1529 242 1557 trum,
262 1517 293 1549 B.
314 1517 494 1557 Albanensis,
512 1520 546 1550 δε
560 1519 590 1550 S.
608 1518 752 1558 Penestri‚
770 1521 873 1559 Episco
894 1533 996 1561 orum,
1014 1522 1125 1553 Sanftae
1145 1521 1212 1552 Ro—

149 1596 265 1628 sentiam
280 1594 474 1627 Cardinalium
488 1581 675 1639 eorumdem,

438 1672 620 1705 Venerabiles
634 1675 664 1704 in
679 1674 796 1705 Christo
811 1676 922 1716 Patres,

187 1749 224 1790 J.
245 1748 474 1790 Wntonienftm,
490 1748 528 1785 ὠ

187 1791 232 1819 W.
251 1788 412 1829 Elyensem,
431 1789 566 1829 Epifiopos
581 1800 591 1819 :
958 1814 959 1817 ,

187 1825 227 1859 Et
245 1826 371 1858 Nobiles
391 1826 495 1866 Viros,
513 1830 556 1858 W.
576 1828 607 1858 de
627 1827 756 1858 Valentia
777 1832 905 1860 Comitem
918 1829 1090 1861 Penbrochiae
1104 1833 1212 1861 Avun-

227 1864 314 1895 culum
329 1866 464 1907 nostrum,

190 1903 228 1943 J.
247 1906 350 1934 Ducem
364 1904 529 1935 Brahantiae
541 1903 580 1940 ῤ’
594 1905 751 1945 Lotheriae,

191 1945 234 1972 A.
254 1946 383 1973 Comitem
400 1943 563 1982 Sabaudiae,

191 1983 232 2011 H.
252 1984 380 2011 Comitem
394 1985 494 2021 Barii,

193 2018 360 2050 Florentium
376 2024 504 2051 Comitem
518 2019 663 2052 Holandiae
679 2019 717 2056 ώ-
730 2020 882 2061 Selandiae‚

192 2062 322 2089 ottonem
335 2060 366 2089 de
381 2059 566 2099 Grandifimo,

193 2098 336 2134 nugonem
351 2096 376 2128 le
389 2101 433 2128 De
440 2096 534 2138 penfi’r
542 2121 553 2137 ‚

195 2138 372 2166 Amanenum
390 2136 421 2167 de
451 2139 539 2176 Bret,

195 2173 326 2204 Thomam
341 2175 372 2205 de
386 2173 516 2214 Berkele,
534 2171 574 2210 ὠ

195 2214 338 2250 Hugonem
354 2213 386 2243 de
397 2216 479 2252 Veer,
494 2211 619 2252 Milites,
630 2211 727 2255 fideles
741 2225 774 2243 no
798 2223 857 2251 ros‚·

197 2249 332 2282 Necnon
351 2251 385 2283 &
404 2251 536 2284 discretos
558 2252 661 2290 Viros,
679 2256 760 2291 Magi
783 2264 825 2284 ros
845 2255 885 2283 H.
904 2255 1046 2284 Decanum
1064 2253 1219 2285 Eboracen-

198 2289 483 2360 Rsfi'Zr’chidiaconum
496 2328 670 2370 Cestrenſsw,

200 2370 316 2398 Iterium
330 2367 561 2399 Archidiaconum
575 2367 800 2409 Bathonienfi’m,

201 2405 355 2437 Walterum
370 2407 402 2437 de
413 2410 574 2444 Langet0n‚
592 2405 631 2441 ὠ

201 2447 245 2475 W.
263 2446 295 2475 de
309 2444 457 2525 Grenjeifeld
470 2449 614 2475 Canonicos
626 2444 822 2484 Eboracenses,

202 2483 237 2522 J.
255 2485 288 2514 de
300 2484 380 2514 Selve
403 2494 436 2514 on
451 2488 612 2514 eanonicam
626 2484 851 2523 Londonienfim,
868 2484 908 2519 &-

203 2521 363 2561 Johannem
375 2523 407 2553 de
421 2523 519 2553 Samslo
533 2522 621 2553 Clare.

203 2597 313 2630 Dantes
329 2601 384 2639 eis,
401 2601 436 2632 &
450 2600 548 2639 majori
562 2601 634 2638 parti
650 2599 782 2640 illorum,
801 2601 850 2639 qui
866 2599 1012 2641 praesentes
1031 2600 1150 2639 fuerint,
1167 2600 1227 2638 ple-

166 2647 231 2667 nam
253 2639 420 2676 potestatem
443 2640 476 2669 &
496 2639 613 2679 speciale
632 2639 815 2678 mandatum,
833 2638 867 2669 ad
889 2639 1083 2677 tractandum,
1106 2641 1227 2670 nomine

166 2675 284 2715 nostro,
301 2676 338 2708 de
359 2678 462 2717 treugis
483 2678 556 2707 inter
578 2675 694 2716 Regem
719 2676 845 2708 Franciae
866 2678 899 2708 &
920 2684 988 2716 nos,
1006 2678 1034 2708 su
1055 2688 1084 2708 er
1104 2679 1227 2746 gigerris,

166 2714 379 2746 dissensionibus
399 2717 432 2747 &
452 2715 593 2746 discordiis
612 2716 855 2754 quibuscumque,
875 2718 945 2746 inter
965 2727 1020 2747 eun
1042 2726 1089 2746 ern
1144 2725 1228 2755 egem

166 2753 201 2784 ὅ(
216 2763 268 2784 nos
283 2755 457 2792 ubicumque
472 2754 604 2785 locorum
617 2756 718 2785 exortis
732 2756 765 2785 &
780 2757 879 2785 motis:

206 2791 245 2822 Et
264 2793 349 2823 etiam
368 2792 402 2823 ad
421 2792 529 2823 easdem
548 2794 676 2832 Treugas
697 2790 830 2824 ineundas
849 2794 883 2825 δε
898 2791 1064 2831 firmandas3
1078 2803 1112 2824 ac
1131 2794 1229 2824 omnia

167 2829 219 2860 alia
231 2832 264 2861 δε
277 2831 381 2871 singula
393 2832 534 2870 facienda,
552 2840 618 2870 quae
631 2831 665 2862 ad
681 2831 890 2870 praemissorum
904 2831 1115 2872 expeditionem
1125 2832 1230 2863 fuerint

166 2879 187 2900 o
209 2877 322 2900 ortuna:

189 2878 316 2938 pRatum
326 2908 448 2939 habituri
461 2910 494 2940 &
508 2908 624 2939 firmum
638 2907 774 2947 quicquid
788 2918 838 2953 pei·
849 2908 1000 2946 praedietos
1014 2908 1150 2940 Nuncios
1164 2918 1230 2939 nos—

168 2953 242 2984 tros,
267 2946 312 2990 seu
333 2948 470 2985 majorem
487 2956 595 2985 partem
616 2948 746 2991 illorum,
772 2957 820 2985 qui
842 2947 986 2985 praesentes
1006 2946 1110 2978 fuerint
1123 2969 1133 2986 ‚
1158 2949 1227 2978 sicut

168 2985 365 3024 praemittitur,
385 2986 554 3024 tractatum,
572 2986 751 3025 ordinatum,
769 2987 886 3025 initum,
904 2985 1047 3017 firmatum
1067 2987 1101 3017 δε
1119 2986 1228 3018 factum

169 3022 253 3054 fuerit
266 3024 300 3067 in*
309 3023 460 3062 praemiffis.

206 3060 243 3091 In
256 3071 348 3100 cnjus,
366 3063 426 3093 &c.

209 3137 279 3168 Dat.
296 3137 370 3176 apud
391 3138 529 3170 Sanctum
551 3139 696 3171 Albanum
711 3140 807 3178 primo
826 3139 873 3171 die
881 3138 1018 3180 Januarii,
1035 3148 1113 3171 anno
1133 3138 1231 3176 Regni

171 3176 261 3207 nostri
273 3177 410 3208 vicesimo
425 3187 534 3216 quarto.

255 3303 304 3334 De
319 3299 620 3346 Confoederationibus
636 3312 706 3334 cum
722 3304 834 3336 Comite
851 3301 1136 3348 GelrIae'firmandis.

173 3383 295 3445 REX
310 3386 445 3415 omnibus
459 3385 566 3416 Christi
575 3384 722 3425 fidelibus,
739 3386 774 3417 ad
787 3397 876 3427 quos,
889 3386 950 3419 &c.
964 3387 1086 3419 salutem.

272 3422 400 3453 Noverit
412 3423 588 3455 Univerfitas
601 3423 691 3455 vestra
705 3425 800 3463 quod,
818 3426 852 3456 ad
871 3426 1048 3457 traetandum
1069 3436 1138 3458 cum
1159 3425 1230 3456 No-

173 3460 224 3491 bili
236 3459 309 3491 Viro
324 3459 486 3501 Reginaldo
501 3461 621 3493 Comite
634 3462 757 3501 Gelriae,
775 3463 811 3493 de
823 3463 1086 3500 Confoederationis
1099 3466 1132 3497 &
1148 3465 1230 3495 Ami-

174 3500 247 3529 citiae
268 3500 384 3530 vinculo
403 3499 540 3538 specialis:
559 3501 593 3531 &
611 3500 645 3531 ad
659 3501 769 3532 easdem
781 3501 1070 3535 Confoederationem
1083 3505 1116 3534 &
1129 3504 1232 3541 specia-

174 3538 233 3568 lem
248 3537 430 3577 Amicitiam,
449 3539 523 3569 inter
537 3547 590 3569 nos
608 3539 642 3570 &
663 3549 746 3578 eui-n,
765 3541 913 3579 ineundas,
931 3542 1068 3573 faciendas
1087 3544 1171 3573 etiam
1197 3542 1230 3573 &

174 3575 339 3615 firmandas,
354 3577 388 3608 &
410 3576 444 3607 ad
462 3578 560 3607 omnia
581 3577 631 3608 alia
650 3577 791 3617 facienda,
810 3589 874 3617 quae
895 3579 928 3610 ad
941 3580 1100 3620 hujusmodi
1120 3581 1231 3618 negotii

173 3615 384 3652 expeditionem
399 3615 502 3646 fuerint
513 3624 670 3654 oportuna,

209 3650 369 3684 Venerabili
390 3655 420 3684 in
441 3653 558 3684 Christo
579 3654 652 3684 Patri
684 3654 736 3685 W.
755 3654 900 3695 Episcopo
917 3656 1047 3697 Elyenfi,
1070 3659 1103 3689 &
1123 3657 1230 3688 Nobili

173 3690 246 3723 Viro
260 3692 314 3723 W.
332 3693 368 3723 de
382 3691 510 3723 Valentia
523 3691 635 3723 Comiti
648 3677 836 3724 Renbrochiae
851 3694 1006 3728 Avunculo
1027 3696 1142 3734 nostrO,
1163 3695 1231 3726 Ma-

171 3730 262 3768 gistro
274 3730 316 3761 H.
334 3730 371 3762 de
384 3730 517 3762 Newerk
529 3731 649 3761 Decano
664 3730 836 3762 Eboracensi
846 3754 857 3770 ,
870 3733 904 3764 &
915 3733 1046 3766 Waltero
1060 3735 1096 3766 de
1119 3733 1230 3774 Lange-

172 3777 225 3798 ωτι
237 3768 422 3800 Thesaurario
434 3769 546 3809 nostro,
564 3770 676 3808 plenam
687 3769 785 3800 damus
799 3770 833 3801 &
846 3772 1032 3804 concedimus
1048 3782 1147 3805 tenore
1156 3784 1228 3814 prae-

171 3806 292 3838 sentium
305 3807 482 3847 potestatem.

212 3843 320 3877 Rarum
334 3848 456 3878 babituri
471 3847 504 3878 &
518 3845 635 3877 firmum
649 3846 783 3885 quicquid
796 3857 845 3885 per
857 3847 1025 3888 praedictos,
1042 3849 1229 3889 Episcopum,

258 3885 263 3890 '
278 3894 342 3925 em,
368 3884 536 3923 Decanum,
563 3886 596 3916 ὃς
610 3885 843 3923 Thesaurariurn,
868 3887 1033 3928 tractatum,
1050 3889 1230 3928 ordinatum,

175 3920 335 3989 firrlnnaturn,
352 3925 456 3994 iugerum
468 3925 501 3957 &
514 3924 622 3956 factum
636 3924 719 3956 fuerit
732 3925 762 3955 'in
775 3924 929 3963 praemiffis.

260 3969 355 4001 CUJUS,
407 3973 433 3995 C-

215 4033 285 4067 Dat.
302 4037 377 4075 apud
387 4038 529 4072 Sanctum
542 4040 686 4074 Albanum
698 4040 796 4080 primo
811 4038 857 4072 die
865 4039 998 4080 Januarit.

254 4108 327 4137 Tom.
345 4109 372 4137 1.
388 4110 423 4139 Ρ.
441 4112 500 4141 ΙΙΙ.

1236 167 1716 213 PUBLICA.
2212 187 2291 227 155

2260 298 2264 299 γ
2311 275 2443 309 Ann.D.

1311 337 1338 364 'x'
1364 343 1412 374 De
1427 343 1672 379 conventionibus
1689 359 1756 380 cum
1771 347 1919 380 mandria
1936 351 2048 382 Comite
2057 348 2214 394 jurandi-s.
2309 316 2423 381 1:559?

1956 416 1960 419 .
2310 395 2324 408 ⁸*
2337 394 2374 419 Il.
2394 404 2411 419 ο
2435 413 2442 421 .

1234 423 1357 485 REX
1371 427 1522 470 omnibus,
1540 430 1574 460 ad
1590 442 1678 470 quos,
1694 432 1755 462 &c.
1773 431 1898 463 salutem.
2310 434 2363 457 Aa.
2378 402 2431 465 {44

1256 502 1259 506 .
1336 463 1463 496 Noverit
1482 467 1656 499 Univeriitas
1678 469 1767 499 vestra
1788 472 1883 509 quod,
1905 468 1939 501 ad
1961 470 2134 503 firmandum
2153 473 2186 503 δε
2206 470 2290 509 pei-fi-
2311 473 2339 495 Ε-
2365 478 2388 495 1-

1234 500 1368 545 ciendum
1383 502 1600 537 Conventiones
1609 531 1618 545 ,
1636 509 1708 538 inter
1722 518 1774 537 nos
1787 509 1819 538 &
1833 509 1978 540 Nobilem
1990 510 2092 541 Virum
2115 511 2290 540 Florentium
2310 511 2364 533 lwt-
2378 507 2439 533 Ale*

1236 536 1387 570 Comitem
1402 541 1554 574 Holandiae
1566 547 1598 575 ὃς
1612 545 1748 576 Selandiae
1762 546 1927 582 praelocutas
1956 548 1994 578 de
2007 558 2087 579 certo
2110 559 2231 579 numero
2251 557 2294 578 ar·
2311 555 2380 571 man.
2399 554 2443 579 24·

1235 586 1378 623 matorum
1401 580 1428 609 in
1452 581 1600 613 subsidium
1622 584 1744 613 instantis
1783 594 1871 613 uerrae
1888 569 1992 615 noitrae
2008 588 2090 617 nobis
2104 586 2292 623 inveniendo,
2312 587 2341 609 Ε·
2361 592 2384 609 ¹·
2407 593 2442 609 m.

1235 624 1321 653 prout
1335 627 1363 646 in
1378 619 1540 656 quibusdam
1555 621 1649 652 litteris
1662 621 1742 659 ipsius
1778 622 1899 660 emitis,
1916 624 1981 653 inde
1997 626 2150 664 confectis,
2167 627 2201 657 ὃς
2221 625 2294 664 sigil-
2316 622 2357 648 ¹⁶-

1237 655 1267 684 lo
1281 654 1331 684 suo
1345 655 1465 696 signatis,
1483 659 1591 696 plenius
1606 662 1783 690 continetur:

1274 691 1407 724 Necnon
1419 696 1451 726 ὃς
1465 697 1498 726 ad
1513 698 1705 736 recipiendum
1720 698 1755 728 ab
1766 708 1801 728 eo
1816 698 1963 735 corporale
1975 698 2053 737 super
2075 701 2133 732 hoc
2149 703 2295 740 juramen-

1235 738 1324 798 ⁴tium3
1348 742 1380 762 ac
1400 733 1434 763 ad
1453 743 1545 766 certos
1566 737 1702 775 terminos
1723 736 1774 766 fibi
1792 737 1821 766 in
1837 737 1997 775 hujusmodi
2020 741 2138 777 negotio
2157 740 2294 780 assignan-

1257 777 1289 798 os
2210 790 2213 793 ·

1275 793 1306 837 V⁷
1305 810 1437 852 enerabili
1451 812 1479 840 in
1493 811 1610 842 Christo
1625 811 1700 842 Patri
1712 812 1763 842 W.
1782 812 1926 851 Ewiscopo
1940 812 2070 853 Elyensi‚
2086 815 2120 844 &
2135 814 2242 846 dilectis
2262 818 2295 847 &

1238 844 1365 876 fidelibus
1389 848 1507 887 nostris,
1526 850 1577 880 W.
1597 850 1633 880 de
1652 850 1779 881 Valentia
1819 852 1909 882 ‘omiti
1933 852 2122 888 Pcnbrochiae
2144 854 2297 885 Avunculo

1239 883 1358 923 nostro,
1375 885 1515 929 Magistro
1531 888 1571 918 H.
1592 888 1713 919 Decano
1730 888 1877 929 Ebot-um,
1897 891 1929 921 &
1945 890 2074 921 Waltero
2088 890 2124 921 de
2147 891 2296 931 Laiigeton

1237 922 1422 964 Thesaurario
1436 926 1552 965 nostro,
1572 928 1684 964 plenam
1699 927 1814 965 damus,
1830 929 1864 959 &
1887 929 2088 967 concedimus,
2106 938 2205 960 tenore
2226 941 2298 968 prae-

1238 962 1376 1000 lentium,
1394 964 1570 1000 potestatem.
2113 1000 2119 1001 c

1277 998 1386 1030 Rarum
1402 1001 1519 1032 habituri
1533 1004 1566 1033 &
1582 1003 1698 1033 firmum
1714 1004 1848 1041 quicquid
1861 1014 1908 1041 per
1923 1005 2090 1044 praediftos,
2108 1006 2295 1044 Episcopum,

1239 1037 1293 1081 W.
1311 1038 1348 1068 de
1363 1037 1509 1078 Valentia,
1528 1040 1698 1080 Decanum,
1716 1043 1749 1072 &
1772 1041 1824 1072 W.
1843 1042 1878 1071 de
1902 1042 2057 1082 Langcton.
2082 1046 2191 1075 ratitum
2214 1046 2296 1076 fuerit

1239 1085 1270 1106 in
1283 1075 1437 1114 praemiffis.

1278 1114 1313 1145 In
1327 1116 1423 1154 cujus,
1441 1117 1500 1147 &c.

1275 1190 1344 1222 Dat.
1360 1191 1433 1230 apud
1447 1192 1583 1224 sanetum
1598 1194 1741 1225 Albanum
1756 1197 1851 1233 primo
1865 1194 1911 1226 die
1921 1194 2052 1234 januarii.

1242 1317 1301 1352 Ad
1325 1316 1498 1365 Adolphum
1529 1321 1637 1366 Regem
1665 1321 1870 1353 Romanorum
1884 1348 1894 1363 ,
1912 1327 1967 1367 pro
1991 1323 2104 1354 Comite
2123 1320 2299 1354 Hollandiae.

2322 1387 2395 1418 Ann.
2408 1384 2450 1425 D

2345 1426 2430 1465 1296.

2323 1470 2374 1494 Aa.
2391 1476 2436 1500 24.

2325 1508 2354 1531 E.
2377 1512 2399 1530 l.

2323 1546 2378 1569 Rat.
2395 1540 2455 1568 Ait·-

2325 1590 2393 1607 man.
2412 1588 2458 1613 24.

2326 1623 2354 1645 E.
2377 1628 2400 1644 i.
2419 1627 2457 1643 m.

2329 1666 2370 1691 15-
2388 1657 2414 1684 d.

1244 1399 1536 1463 EXcellentiffirno
1556 1403 1650 1433 Princi
1673 1404 1703 1442 i,
1735 1403 1869 1435 Domino
1888 1404 1923 1436 A.
1951 1403 2025 1443 Regi
2046 1403 2250 1435 Romanorum
2269 1405 2301 1434 il-

1321 1441 1414 1479 lustri,
1432 1442 1540 1480 semper
1553 1414 1700 1480 Augurib,
1718 1445 1814 1473 amico
1828 1444 1876 1473 suo
1893 1441 2052 1481 karissimo,
2066 1442 2238 1481 Edwardm,
2255 1443 2302 1473 ea-

1243 1480 1311 1510 dem
1332 1482 1435 1520 gratia,
1459 1482 1520 1511 &c.
1545 1480 1676 1519 salutem,
1702 1490 1770 1512 cum
1792 1481 1936 1513 foelicibus
1957 1491 1990 1512 ac
2008 1483 2111 1513 votivis
2133 1483 2248 1512 honoris
2270 1484 2303 1512 &

1244 1519 1341 1558 gloriae
1356 1520 1545 1549 incrementis,

1280 1558 1465 1588 Serenitatem
1484 1557 1606 1588 vestram
1628 1556 1788 1588 affectuosis
1806 1558 1935 1596 precibus
1954 1558 2150 1597 requirendam
2173 1558 2304 1590 duximus

1244 1596 1277 1628 ὃ(
1290 1595 1444 1626 rovandam
1459 1604 1593 1634 quatenus
1602 1618 1611 1633 ,

1282 1622 1342 1665 Ado
1353 1636 1517 1666 tenuitatem
1543 1635 1629 1664 aetatis
1654 1632 1783 1664 carissimi
1811 1634 1858 1664 filii
1880 1634 1991 1672 nostri,
2017 1634 2154 1674 johannis
2180 1634 2304 1666 Comitis

1245 1670 1407 1703 Hollaridiae
1422 1697 1431 1711 ,
1455 1671 1600 1702 Zelandizc
1618 1681 1650 1702 ac
1670 1670 1793 1702 Domini
1813 1671 1969 1703 Frissandiae
1987 1698 1996 1711 ,
2022 1676 2071 1711 qui
2087 1684 2154 1704 cum
2173 1674 2304 1704 Elizabe-

1245 1712 1295 1741 tha
1319 1711 1375 1741 filia
1393 1711 1490 1742 nostra
1507 1710 1646 1741 cariffima
1665 1713 1877 1742 matrimonium
1895 1713 2034 1742 contraxit
2051 1722 2056 1741 :
2090 1715 2123 1743 &t
2140 1713 2173 1742 ad
2194 1714 2305 1750 pericu-

1245 1749 1338 1780 losum
1364 1748 1465 1780 statum
1479 1773 1488 1788 ,
1515 1759 1574 1787 quo
1599 1758 1668 1779 terra
1686 1749 1743 1779 fere
1760 1759 1817 1780 tota
1836 1751 1920 1789 ipiius
1933 1750 2057 1780 Comitis
2075 1752 2136 1782 fore
2152 1751 2305 1781 dinoscitur

1246 1788 1298 1857 gis
1323 1789 1420 1818 diebus
1433 1811 1443 1827 2
1473 1788 1565 1819 vestra
1589 1785 1703 1825 Regalis
1728 1787 1899 1819 Excellentia
1919 1789 2076 1826 benignum
2094 1790 2199 1820 habens
2217 1790 2308 1826 respe-

1279 1837 1328 1857 um

1285 1851 1424 1903 Teiram,
1443 1874 1527 1904 quam
1546 1863 1629 1895 Pater
1650 1864 1771 1903 ejusdem
1795 1865 1919 1896 Comitis
1938 1867 2044 1904 tenuit,
2063 1866 2175 1904 ipseque
2197 1864 2307 1895 Comes

1248 1913 1344 1935 tenere
1361 1904 1444 1934 debet
1467 1905 1484 1934 Ξι
1503 1902 1593 1935 vestra
1614 1903 1708 1940 Regia
1728 1900 1891 1942 R'Iajestate,
1909 1905 2037 1944 dignetur
2053 1905 2201 1935 Excellens
2223 1903 2310 1934 restra

1250 1942 1480 1982 Magnificentia,
1497 1942 1578 1979 hujus
1590 1941 1681 1972 nostri
1694 1944 1845 1981 rogaminis
1859 1945 2018 1974 interventu
2026 1967 2035 1980 ,

1288 1981 1501 2011 Praenominato
1516 1979 1629 2011 Comiti
1638 1980 1736 2018 jubere
1749 1981 1835 2020 tradi,
1854 1983 1887 2012 &
1904 1982 1996 2012 facere
2010 1982 2137 2019 liberari,
2153 1980 2190 2010 de
2211 1980 2310 2017 Rega-

1251 2019 1283 2049 lis
1300 2019 1508 2050 Munificentiae
1521 2019 1607 2058 gratis.
1621 2019 1746 2057 speciali,
1764 2019 1828 2050 licet
1839 2020 1915 2049 idem
1929 2020 2039 2050 Comes
2053 2020 2087 2050 ad
2102 2018 2203 2051 vestrae
2216 2019 2309 2050 Subli—-

1250 2059 1352 2089 mitatis
1366 2056 1537 2096 praesentiam
1553 2065 1668 2096 propter
1679 2057 1737 2087 hoc
1751 2068 1811 2088 non
1825 2059 1941 2089 accedit.

1290 2092 1471 2135 Recipiendo
1485 2095 1552 2126 inde
1565 2096 1672 2128 servitia
1681 2120 1690 2135 ,
1710 2096 1743 2126 ὃ(
1757 2097 1808 2127 alia
1820 2097 1932 2127 deveria
1943 2097 2074 2127 consueta
2111 2098 2127 2126 a
2141 2096 2312 2126 Procurato-

1251 2136 1327 2166 ribus
1348 2136 1455 2175 praefati
1475 2134 1617 2173 Comitis,
1634 2133 1668 2165 ad
1689 2134 1807 2165 eandem
1828 2135 2001 2174 praesentiam
2019 2136 2060 2166 ob
2080 2120 2138 2167 iioc
2161 2134 2312 2173 specialiter

1229 2185 1232 2188 ·
1252 2173 1430 2205 destinandis.

1290 2249 1401 2282 Datum
1415 2250 1488 2290 apud
1499 2250 1696 2290 Herewycum
1714 2258 1757 2287 15.
1775 2250 1821 2281 die
1830 2249 1963 2289 Januarii.

1453 2381 1503 2413 De
1521 2376 1772 2423 Confoederatione
1786 2389 1854 2410 cum
1873 2380 1986 2411 Comite
2007 2377 2118 2411 Cliviae.

1255 2461 1395 2526 REX
1414 2463 1564 2500 omnibuS‚
1583 2461 1615 2492 ad
1633 2472 1721 2500 quos,
1740 2462 1800 2492 &c.
1818 2461 1942 2492 salutem.
2336 2453 2411 2485 Ann.
2428 2453 2469 2484 D.

1358 2501 1508 2533 Noveritis
1523 2500 1620 2539 quod,
1638 2501 1671 2530 ad
1686 2500 1863 2531 trastandum
1878 2510 1946 2531 cum
1962 2499 2068 2530 Nobili
2082 2499 2156 2530 Viro
2170 2523 2179 2537 ‚
2198 2498 2316 2529 Comite
2358 2494 2440 2532 1296-

1257 2540 1294 2570 de
1309 2540 1422 2578 Clivia,
1441 2539 1477 2569 de
1492 2538 1753 2570 Confoederationis
1776 2541 1809 2571 &
1832 2540 1976 2570 Amicitiae
1997 2538 2113 2568 vinculo
2127 2538 2263 2575 specialis:
2284 2539 2317 2568 ἃ
2337 2536 2388 2560 A».
2410 2542 2456 2567 24·

1257 2579 1292 2609 ad
1307 2578 1416 2609 easdem
1432 2577 1722 2608 Confoederationem
1737 2579 1770 2609 &
1784 2578 1932 2615 specialem
1949 2577 2114 2607 Amicitiam
2130 2579 2200 2606 inter
2215 2586 2267 2606 nos
2283 2578 2316 2606 &
2340 2576 2367 2598 E.
2394 2580 2418 2597 1⁴

1259 2628 1325 2648 eum
1338 2616 1487 2654 ineundas,
1505 2616 1643 2646 faciendas
1656 2617 1740 2646 etiam
1757 2617 1790 2647 &
1808 2615 1973 2654 firmandas,
1992 2616 2026 2646 &
2045 2615 2079 2645 ad
2104 2616 2201 2645 omnia
2215 2616 2266 2645 alia
2279 2615 2320 2644 fa·
2338 2608 2470 2637 Rot.A1e-

1260 2655 1378 2694 cienda,
1396 2665 1461 2694 quae
1476 2654 1511 2685 ad
1532 2653 1690 2693 hujusmodi
1706 2655 1817 2691 negotii
1841 2654 2052 2692 expeditionem
2067 2654 2171 2684 fuerint
2195 2661 2318 2691 oportu-
2340 2658 2409 2712 {mi
2425 2656 2471 2712 27ss

1263 2705 1423 2763 naDileffis
1446 2732 1479 2763 &
1505 2729 1632 2761 fidelibus
1660 2730 1762 2761 nostris
1778 2756 1788 2769 ,
1815 2730 1978 2761 Willielmo
2000 2732 2036 2762 de
2060 2729 2189 2761 Valentia
2210 2729 2322 2760 Comiti
2344 2723 2387 2751 ¹⁶-

1262 2771 1454 2802 Penbrochiae
1470 2769 1626 2800 Avunculo
1642 2769 1759 2807 nostro,
1775 2770 1809 2801 &
1825 2769 1958 2800 Waltero
1979 2769 2015 2801 de
2029 2769 2177 2808 Langeton
2194 2769 2323 2798 Thesau-

1261 2808 1466 2878 rariostnostro,
1484 2808 1599 2846 plenam
1612 2807 1729 2846 damm,
1748 2809 1782 2839 &
1796 2807 1998 2847 concedimus,
2015 2815 2114 2838 tenore
2130 2808 2321 2848 praesentium,

1263 2857 1331 2887 pote
1357 2857 1440 2880 atem.

1301 2887 1409 2917 Ratum
1425 2886 1547 2916 habituri
1564 2886 1597 2916 ὃς
1614 2883 1730 2915 firmum
1745 2884 1880 2923 quicquid
1894 2895 1943 2929 per
1953 2882 2320 2923 praediclos,Willielmum
2375 2912 2377 2914 .

1264 2927 1297 2957 &
1311 2923 1493 2962 W’alterum,
1509 2924 1678 2961 tractatum,
1693 2923 1871 2961 ordinatum,
1889 2924 2013 2962 initum,
2030 2923 2176 2954 firmatum
2187 2945 2198 2961 ,
2215 2923 2248 2954 &
2264 2921 2323 2952 fac-

1265 2973 1327 2995 tum
1344 2963 1426 2994 fuerit
1442 2962 1471 2992 in
1488 2960 1640 2998 praemiffis.

1302 3001 1336 3032 In
1351 3003 1428 3041 cujus
1436 3024 1445 3040 ‚
1464 3002 1524 3032 δίε.

1303 3079 1394 3111 Teste
1410 3078 1491 3117 Rege
1506 3074 1580 3115 apud
1596 3075 1736 3108 sanetum
1753 3076 1956 3116 Edmundum,
1981 3076 2023 3106 16.
2042 3075 2088 3107 die
2098 3075 2231 3114 januarii.

1349 3200 1376 3227 *τ
1398 3200 1456 3235 Ad
1473 3198 1647 3246 Adolphum
1664 3200 1866 3232 Romanorum
1886 3203 1993 3247 Regem
2013 3198 2048 3232 dc
2065 3198 2236 3232 credentia.
2341 3194 2473 3230 *11705-

1269 3288 1324 3350 E
1335 3285 1562 3319 Xcellentisiimo
1578 3284 1720 3322 Principi,
1738 3283 1872 3330 Domino
1886 3285 1921 3316 A.
1939 3266 2322 3324 RegiRomanorumssc.
2340 3278 2417 3308 Ann.
2428 3279 2470 3310 D.

1346 3325 1515 3362 Edwardus,
1533 3325 1593 3354 ἃς.
1611 3323 1745 3361 salutem,
1765 3324 1799 3354 &
1813 3323 1921 3354 foehces
1936 3324 1969 3354 ad
1985 3332 2052 3354 vota
2069 3322 2214 3352 successus.
2369 3319 2454 3356 1296.

1304 3364 1413 3395 Vestrae
1429 3363 1610 3394 Sublimitatis
1632 3361 1836 3405 Excellentiam
1859 3364 1964 3392 attente
1988 3362 2171 3405 requirimus,
2190 3360 2223 3390 ὅ(
2239 3367 2321 3403 roga-
2337 3360 2390 3383 Aa.
2405 3366 2451 3392 24·

1268 3412 1331 3434 “¹⁰⁸
1346 3411 1480 3460 qiafem's
1492 3402 1663 3468 Ρῗίϊσῗῑῖἒῗ
1675 3399 1820 3468 iiiiii?
1834 3397 2319 3474 ῧὲῗῖᾇέἳῖῗξἐἷῗῗὲἓὲωὲἱῖἒὲἶ
2338 3399 2468 3461 {balae-

1266 3441 1420 3511 relrmhgitletgs
1428 3441 1704 3514 segnitatiirestrae,
1722 3486 1756 3506 ex
1770 3486 1848 3514 parte
1869 3476 1980 3514 nostri,
1999 3460 2318 3518 duxerint'exponenda,
2336 3480 2406 3499 man.
2424 3480 2471 3506 24⁹

1265 3519 1395 3558 dignetur
1410 3517 1499 3549 vestra
1516 3516 1607 3552 Regia
1621 3514 1770 3545 Celsitudo
1783 3515 1869 3546 fidem
1884 3515 2027 3546 credulam
2042 3514 2179 3544 adhibere.
2336 3513 2381 3582 {5
2389 3519 2415 3574 ⁴1¹·
2431 3515 2470 3537 ⁷⁷³»

1303 3595 1371 3626 Dat.
1385 3594 1460 3635 apud
1473 3590 1670 3630 Herewykum
1691 3599 1735 3629 17.
1754 3591 1939 3630 diejanuarii.

1291 3735 1381 3768 Bulla
1401 3732 1546 3778 Bonifhcii
1571 3734 1654 3777 Papae
1675 3732 1776 3764 osiam·
1796 3742 1851 3777 pro
1871 3726 2098 3763 Mercatoribus
2111 3727 2147 3760 de
2156 3727 2299 3773 socictate

1607 3779 1808 3812 Ricardornm
1826 3778 1862 3811 de
1882 3781 1979 3811 Luca.

1327 3877 1473 3909 Onifizcius
1487 3875 1510 3906 E
1533 3874 1658 3912 iscopus,
1676 3873 1767 3904 servus
1782 3873 1926 3903 servorum
1942 3870 2165 3909 Dci,cariffim0
2181 3871 2210 3901 iri
2218 3870 2318 3900 Chris·
2332 3878 2408 3907 Αῃῃ,
2423 3877 2466 3910 D·

1267 3880 1320 3941 B
1338 3926 1370 3948 to
1387 3915 1444 3946 filio
1460 3914 1493 3945 E.
1512 3885 1586 3952 Regi
1604 3911 1716 3952 Angliae.
1734 3911 1855 3950 illustri,
1879 3911 1993 3941 salutem
2006 3910 2038 3941 ὅ(
2054 3909 2251 3947 Apostolicam
2268 3910 2317 3938 be·
2361 3915 2442 3952 1296,

1307 3992 1487 4025 Considimus
1500 4015 1510 4028 ,
1536 3989 1574 4020 sili
1596 3987 1734 4019 cariffime
1748 4011 1758 4027 ,
1780 3987 1894 4026 spesque
1916 3986 1999 4030 nobis
2009 3981 2130 4030 ‘indubia
2154 3959 2447 4028 pollicetur,}²f''„²4'

1270 4033 1347 4071 quod
1362 4032 1474 4070 Regalis
1486 4029 1646 4059 Sublimitas
1660 4049 1671 4066 ,
1694 4036 1780 4066 qnam
1796 4026 1904 4063 semper
1919 4035 2080 4055 invenimus
2094 4024 2129 4056 ad
2143 4023 2319 4091 benelglacita
2336 4036 2373 4058 g„
2386 4033 2447 4063 Au<

1271 4070 1366 4102 nostra
1380 4076 1517 4108 paratam,
1535 4071 1647 4105 preces,
1668 4071 1733 4103 quas
1749 4065 1800 4132 tibi
1822 4073 1876 4101 pro
1892 4060 1992 4094 nostris
2006 4064 2038 4096 &
2054 4060 2189 4094 Ecclesiae
2238 4070 2322 4128 οηὲῖΞ
2333 4077 2397 4104 mgr.

1804 4112 1823 4131 2

1268 3955 1470 3987 nedictionem.
