2560 4261
739 200 850 242 ET
933 201 1202 244 ACTA

3 296 81 331 <Ana
96 296 135 328 1).
154 289 200 320 bis
221 297 312 329 tenet,
338 290 420 322 nobis
441 288 535 321 reddat
568 288 636 319 sicut
658 286 841 318 antecessores
863 287 901 317 sui
920 287 1019 318 nostris
1033 286 1212 318 anteceffori-

27 345 109 376 1191.

0 765 76 797 Ann.
94 763 134 795 D.

23 813 103 841 1192.

0 845 97 878 441³.
108 852 132 870 1.

27 1516 108 1551 I.71.

4 2211 75 2242 Arm.
87 2209 127 2241 D.

15 2259 98 2289 1192.

155 328 206 360 bus
228 329 419 366 reddiderunt3
434 329 511 359 salvis
529 312 777 357 Conventionibus
792 336 855 369 quae
871 325 917 355 hic
934 326 1116 366 suprascriptae
1126 325 1195 368 sunt.
1209 364 1214 368 Ι

196 368 240 398 18.
261 369 338 407 Qiae
364 369 460 397 omnia
473 389 483 404 ,
505 374 536 395 ut
563 373 722 404 perpetuam
750 364 897 405 obtineant
915 363 1090 394 stabilitatem
1103 386 1113 401 ,
1138 363 1215 402 sigilli

155 406 244 437 nostri
263 406 425 436 audieritate
445 403 660 440 confirmamus,
683 402 790 432 Αᾶυῐη
812 401 950 431 Mesianae
973 402 1059 432 Anno
1081 402 1215 432 incarnati

154 445 233 476 verbi
247 443 403 474 Millesimo
417 441 581 472 Centesimo
595 440 629 471 N
632 440 807 479 onagesimo,
827 439 927 470 Mense
941 440 1048 471 Martii.

152 568 279 599 Henrici
292 567 357 599 VI.
382 566 575 611 Imperatoris
590 561 722 608 Augusti
738 564 922 607 Rescriptum
937 561 981 594 ad
990 565 1098 609 Regem
1112 564 1212 594 Fran-

194 616 261 655 ciae,
287 626 343 659 quo
363 614 489 659 fhmma
514 624 582 645 cum
598 609 784 654 ostentatione
794 609 937 656 praedicat
958 609 1126 643 Ricardum
1151 613 1211 642 Re-

191 673 262 707 gem
280 661 328 706 effe
347 665 514 708 captivum.

153 744 359 806 HEnricus,
376 746 434 776 Dei
456 744 557 786 gratia,
572 744 769 775 Romanorum
790 744 958 784 Imperator,
977 744 1011 774 &
1030 743 1136 783 semper
1149 743 1210 774 Au-

283 785 353 823 stus,
369 784 473 815 dilecto
485 783 593 824 speciali
606 785 700 814 amico
714 784 762 813 suo
775 783 909 823 Philippo
926 782 1022 813 illustri
1037 782 1210 813 Francorum

153 823 200 854 Re
221 824 229 852 i
252 823 369 860 alutem,
385 823 418 853 &
430 822 542 852 sincerae
559 821 714 852 dilefflonis
727 821 871 852 affetffhim.

190 832 337 900 &ioniam
357 861 399 891 Im
436 861 532 891 ratoria
552 859 697 890 Celsitudo
717 869 775 889 non
795 860 904 890 dubitat
926 859 1062 899 Regalem
1078 856 1210 896 Magnifi-

150 902 271 930 centiam
298 909 374 931 tuam
410 900 536 929 aetiorem
555 897 632 928 effici
654 898 689 928 de
708 899 836 928 universis
852 921 862 937 ,
883 898 983 937 quibus
1004 897 1209 934 omnipotentia

149 937 290 969 Creatoris
310 947 361 968 nos
379 938 449 982 ipsos
468 938 501 968 δε
516 936 683 967 Romanum
698 936 852 976 Imperium
866 936 1046 977 honoraverit
1064 935 1097 964 &
1107 933 1208 963 exalta-

149 978 236 1014 verit,
256 977 395 1006 nobilitati
414 983 470 1006 tuae
491 974 665 1015 praesentium
684 982 798 1013 tenore,
822 975 958 1006 declarare
975 974 1114 1008 duximus,
1131 970 1208 1010 quod

149 1015 279 1045 inimicus
293 1015 337 1044 lm
373 1015 406 1044 rii
420 1013 506 1044 nostri
521 1036 530 1051 ,
553 1014 585 1044 ὃς
601 1013 725 1043 turbator
737 1013 832 1051 Regni
847 1015 901 1051 tui,
920 1011 1056 1042 Ricardus
1068 1010 1132 1038 Rex
1145 1009 1208 1039 An-

146 1053 212 1091 gliae
226 1062 293 1082 cum
308 1063 323 1082 e
346 1061 390 1090 et,
405 1053 434 1082 in
452 1051 615 1082 transeundo
631 1061 706 1081 mare
720 1075 729 1090 ,
754 1052 788 1082 ad
804 1060 891 1091 partes
905 1049 961 1080 suas
976 1047 1142 1084 reversurus,
1160 1056 1208 1077 ac-

146 1090 233 1128 cidit,
249 1099 280 1121 ut
301 1100 416 1128 vent-us,
434 1099 513 1130 rupta
534 1091 598 1120 navi
621 1089 682 1127 sua,
703 1091 732 1119 in
776 1101 809 1120 ua
831 1090 886 1131 ipse
907 1096 963 1131 erat
995 1086 1207 1131 ,duceret-eam

145 1128 237 1160 versus
258 1138 347 1169 partes
368 1129 472 1167 lstriae,
490 1128 524 1159 ad
546 1128 644 1158 locum
667 1129 715 1166 qui
738 1100 779 1158 est
802 1129 873 1158 inter
889 1109 1048 1169 Aquiseiarn
1063 1124 1096 1154 ὅ(
1112 1125 1207 1155 Vene-

147 1166 214 1211 tias·,
230 1167 280 1236 ulpi
295 1168 350 1205 ipse
364 1167 447 1206 Rex,
464 1167 523 1198 Dei
538 1166 732 1205 permissione,
750 1166 837 1206 passus
852 1164 1040 1203 naufragium,
1056 1172 1123 1193 cum
1138 1171 1207 1201 pau-

147 1214 187 1235 cis
202 1215 253 1236 eva
264 1214 293 1236 it.

184 1243 311 1282 Quidam
333 1246 424 1283 itaque
450 1244 536 1275 fidelis
552 1243 662 1281 noster,
677 1242 783 1272 Comes
800 1240 960 1272 Mainardus
975 1239 1011 1271 de
1027 1238 1156 1277 Gortze,
1171 1240 1206 1270 δε

146 1283 265 1327 populus
288 1283 425 1323 Regionis
447 1283 533 1321 illius,
552 1281 646 1312 audito
669 1280 743 1323 quod
768 1281 796 1309 in
812 1288 881 1310 terra
897 1288 969 1322 erat,
985 1279 1019 1308 &
1034 1277 1207 1321 considerato

146 1320 318 1360 diligentius,
335 1321 445 1361 qualem
467 1321 625 1351 nominatus
640 1318 704 1348 Rex
720 1328 749 1347 in
765 1318 853 1348 Terra
888 1316 1054 1347 romiffionis
1069 1316 1206 1360 proditio-

146 1369 214 1389 nem
229 1360 262 1389 ὅ(
277 1360 469 1395 traditionem,
488 1359 522 1388 δι’
536 1357 697 1396 perditionis
712 1356 765 1385 suae
781 1365 867 1386 cumu
879 1365 927 1385 um
942 1362 1117 1391 exercuerat,
1136 1354 1207 1384 inse-

146 1398 205 1427 cuti
227 1398 287 1428 sunt
294 1421 305 1436 ,
321 1397 490 1427 intendentes
513 1404 578 1425 eum
602 1396 759 1433 captivare3
777 1393 840 1434 lpso
862 1402 956 1425 autem
971 1393 1053 1432 Rege
1067 1394 1097 1422 in
1110 1392 1206 1432 fugam

147 1435 299 1473 converso,
319 1442 451 1475 ceperunt
466 1433 501 1463 de
515 1433 565 1463 suis
581 1432 650 1462 ocio
669 1431 782 1462 Milites.

184 1471 370 1503 Postmodum
393 1471 523 1511 processit
547 1471 611 1501 Rex
634 1470 668 1500 ad
692 1470 815 1509 Burgum
831 1472 858 1500 in
875 1469 1120 1508 Archiepiscopatu
1135 1469 1205 1500 Salt-

145 1512 323 1551 zeburgensi,
339 1512 386 1549 qui
412 1513 427 1527 ²*
444 1518 560 1540 vocatur
580 1508 735 1546 Frisorum,
762 1509 810 1538 ubi
827 1508 980 1538 Fridericus
994 1508 1029 1538 de
1044 1508 1206 1546 Botesowe,

145 1550 192 1580 Re
212 1560 227 1579 e
250 1559 316 1580 cum
338 1548 424 1579 tribus
445 1556 554 1579 tanturn
576 1547 666 1578 versus
689 1546 830 1577 Austriam
854 1555 1018 1587 properante
1039 1547 1144 1585 noc'cu,
1161 1547 1206 1577 sex

146 1559 257 1618 Misites
272 1587 307 1618 de
320 1587 371 1617 suis
386 1587 469 1627 cepit.

178 1626 306 1657 Dile&us
326 1634 419 1656 autem
441 1625 657 1665 consanguineus
678 1623 772 1654 noster
796 1623 950 1665 Linpoldus
974 1623 1044 1654 Dux
1066 1623 1206 1663 Austriae,

142 1665 287 1695 observata
308 1663 404 1702 strata,
419 1665 457 1693 im
478 1664 549 1694 ositis
571 1663 674 1702 ubique
696 1662 875 1700 custodibus,
890 1662 1071 1702 faepedietum
1087 1662 1201 1693 Reuem

143 1704 217 1741 juxta
231 1703 355 1734 Wenam
370 1704 400 1732 in
414 1702 453 1732 Vi
475 1713 489 1732 a
503 1702 632 1732 viciniori
647 1703 675 1731 in
691 1701 780 1731 domo
794 1701 920 1739 despecta
935 1702 1095 1741 captivavit.
1154 1711 1204 1731 um

144 1743 236 1780 itaque
258 1742 287 1771 in
309 1740 402 1771 nostra
424 1750 500 1770 nunc
514 1740 645 1770 habeatur
661 1740 815 1779 potestate,
830 1741 862 1770 ὃ(
877 1740 933 1779 ipse
947 1739 1052 1779 semper
1067 1748 1123 1769 tuae
1138 1750 1204 1770 mo-

143 1780 230 1810 lestiae
251 1780 285 1810 ὃς
306 1779 509 1810 turbationibus
529 1788 644 1816 operam
666 1777 837 1817 praestiterit,
857 1789 905 1816 ea,
922 1788 985 1817 quae
1008 1778 1205 1816 praemisimus,

144 1819 282 1848 nobilitati
304 1827 359 1849 tuae
374 1818 505 1848 insinuare
520 1818 694 1854 curavimus,
720 1817 833 1847 scientes
847 1827 877 1846 ea
892 1817 1037 1846 dilectioni
1052 1824 1108 1846 tuae
1120 1816 1206 1846 bene-

146 1856 250 1893 placita
265 1856 397 1895 existere,
414 1856 446 1886 &
462 1857 557 1886 animo
572 1863 623 1886 tuo
638 1855 805 1885 uberrimam
820 1857 968 1894 importare
983 1855 1117 1886 laetitiam.
1144 1853 1206 1886 Da-

144 1901 207 1926 tum
218 1895 291 1933 apud
305 1894 483 1934 Rithiencie,
498 1895 599 1934 quinto
613 1892 751 1924 Kalendas
760 1894 889 1932 Januarii.

148 2021 238 2053 Vetus
259 2016 295 2050 de
322 2021 432 2052 Monte
451 2030 505 2066 per
526 2019 687 2067 Epistolam
697 2021 789 2067 fham
806 2017 960 2066 Limpoldo
978 2020 1062 2051 Duci
1079 2019 1206 2064 Austriae

190 2066 306 2112 mifflzm
323 2078 435 2114 purgat
457 2071 523 2102 Ric.
549 2072 660 2117 Regem
686 2070 803 2116 Angliae
826 2068 863 2102 de
887 2077 982 2101 morte
1000 2067 1156 2113 Marchisi
1170 2069 1206 2104 de

190 2117 453 2150 Monte-Ferrato.

203 2199 336 2238 Impoldo
355 2201 434 2232 Duci
452 2202 574 2234 Austriae
594 2203 681 2235 Vetus
695 2204 730 2234 de
746 2202 852 2234 Monte
862 2202 982 2235 salutem.
1001 2205 1079 2236 Cum
1091 2204 1206 2244 plurimi

221 2239 315 2282 Reges
336 2240 370 2270 &
384 2240 527 2280 Principes
544 2242 614 2272 ultra
635 2253 710 2273 mare
730 2242 887 2273 Ricardum
909 2244 1020 2283 Regem
1044 2244 1153 2283 Angliae
1172 2245 1206 2274 &

147 2274 311 2308 Dominum
329 2278 364 2308 de
383 2288 475 2310 morte
495 2279 629 2312 Marchisi
651 2281 806 2319 inculpant,
824 2282 884 2318 juro
905 2292 952 2322 per
978 2282 1093 2321 Deum,
1113 2283 1206 2320 quiin

145 2323 282 2346 aeternum
296 2325 405 2356 regnat,
423 2319 456 2348 &
469 2329 517 2356 per
529 2319 636 2359 legem,
655 2329 739 2358 quam
754 2328 880 2350 tenemus
912 2320 987 2360 quod
1001 2322 1029 2351 in
1045 2323 1100 2359 ejus
1113 2330 1205 2352 morte

145 2353 257 2391 culpam
272 2365 329 2385 non
344 2355 458 2395 habuit,
477 2357 518 2387 est
532 2358 609 2388 causa
622 2358 756 2397 siquidem
770 2359 867 2388 mortis
881 2343 1016 2389 Marchisi
1032 2361 1098 2390 ralis.

184 2392 270 2423 Unus
291 2402 325 2423 ex
344 2394 469 2425 fratribus
488 2396 601 2434 nostris,
617 2398 647 2427 in
668 2406 752 2427 unam
766 2406 866 2426 navem
881 2396 916 2427 de
929 2397 1076 2439 Salteleya³
1095 2398 1129 2429 ad
1143 2409 1205 2438 par-

146 2437 186 2460 tes
200 2431 303 2461 nostras
309 2433 459 2475 veniebat,
477 2434 511 2464 ὃς
528 2435 674 2474 tempestas
687 2435 760 2465 forte
771 2435 850 2465 illum
862 2436 935 2475 apud
948 2436 1060 2476 Tyrum
1076 2438 1204 2477 impulit,

146 2469 181 2499 ὃ(
202 2469 358 2513 Marchisus
380 2472 447 2501 fecit
457 2473 536 2502 illum
550 2474 657 2514 capi&
670 2473 782 2511 occidi,
802 2474 834 2503 δε
845 2483 975 2514 magnam
989 2476 1043 2512 ejus
1057 2477 1204 2515 pecuniam

146 2516 248 2544 rapuit:
268 2507 335 2551 Nos
361 2520 430 2540 vero
453 2510 596 2541 Marchiso
620 2511 756 2542 Nuncios
768 2511 878 2542 nostros
889 2513 1012 2543 misimus
1026 2514 1203 2552 mandantes,

146 2553 178 2575 ut
185 2555 334 2588 'pecunlam
348 2546 434 2578 fratris
447 2548 532 2579 nostri
548 2550 630 2580 nobis
645 2549 787 2587 redderet,
814 2551 847 2580 ὃς
862 2550 896 2580 de
912 2560 1003 2581 morte
1016 2551 1103 2582 fratris
1115 2553 1203 2583 nostri

145 2582 317 2621 satisfaceret,
336 2595 419 2624 quam
433 2587 511 2624 stiper
525 2587 713 2627 Reginaldum
728 2588 888 2619 Dominum
902 2589 1013 2619 Sidonis
1032 2590 1139 2628 posuit,
1164 2591 1203 2622 Et

145 2631 200 2651 nos
221 2630 328 2666 tantum
347 2624 464 2654 fecimus
485 2635 533 2662 per
556 2627 662 2656 amicos
676 2625 785 2656 nostros
799 2627 876 2666 quod
890 2628 919 2657 in
935 2629 1047 2658 veritate
1058 2629 1202 2669 scivimus,

145 2659 223 2699 quod
235 2659 294 2704 ‚ipse
306 2660 463 2705 fecitillum
477 2663 607 2694 occidere
620 2666 653 2695 ὃ(
668 2666 817 2702 pecuniam
830 2665 897 2695 illius
912 2675 1013 2705 rapere.

182 2697 220 2728 Et
233 2707 332 2729 iterum
347 2700 430 2731 alium
445 2701 479 2731 N
483 2703 597 2732 uncium
610 2702 755 2740 nostruin,
775 2704 891 2733 nomine
906 2703 1051 2743 Eurisum,
1076 2706 1201 2737 misimus

145 2735 183 2780 ad·
201 2746 386 2781 eum,-quem
406 2740 436 2769 in
455 2741 523 2770 mari
543 2750 667 2770 mervere
688 2741 792 2771 voluit·
812 2741 856 2771 sed
875 2743 958 2772 amici
981 2743 1069 2773 nostri
1089 2745 1168 2775 illurn
1187 2756 1203 2776 a

145 2774 218 2819 Tiro
231 2775 386 2821 festinanter
398 2778 523 2809 fecerunt
538 2766 684 2817 recedere,
722 2780 749 2809 ui
761 2765 794 2810 ad
810 2790 861 2809 nos
875 2781 934 2810 cito
948 2783 1093 2820 pervenit,
1108 2784 1141 2814 ὃς
1154 2783 1203 2813 ista

144 2813 227 2843 nobis
245 2824 395 2858 nunciavit.
434 2816 501 2847 Nos
521 2827 634 2858 quoque
655 2827 689 2848 ex
708 2818 750 2848 ila
769 2818 838 2848 hora
852 2818 1027 2850 Marchisum
1039 2820 1205 2852 desideravi-

146 2861 208 2881 mus
226 2853 371 2892 occidere;
389 2854 475 2885 Tunc
495 2866 608 2896 quoque
629 2856 699 2887 duos
721 2857 814 2887 fratres
828 2857 953 2888 misimus
966 2858 1000 2888 ad
1015 2858 1136 2899 Titum,
1156 2862 1204 2899 qui

145 2899 211 2920 cum
223 2892 315 2935 aperte
329 2893 362 2923 &
373 2892 431 2935 sere
446 2903 544 2925 coram
558 2896 640 2925 omni
653 2895 760 2935 populo
775 2895 839 2926 Tiri
852 2896 1026 2927 occiderunt.

181 2928 258 2972 Haec
271 2938 361 2969 iraque
373 2932 424 2962 tuit
436 2932 513 2962 causa
527 2934 625 2963 mortis
642 2933 793 2971 Marchisi,
810 2935 844 2964 ὃ(
860 2934 931 2964 bene
944 2935 1065 2967 dicimus
1077 2938 1159 2968 vobis
1175 2939 1204 2968 in

146 2975 276 3005 veritate,
301 2969 379 3006 quod
400 2970 545 3002 Dominus
565 2972 702 3002 Ricardus
726 2972 790 3002 Rex
812 2972 923 3011 Angiiae
945 2974 974 3003 in
995 2974 1048 3005 hac
1068 2975 1205 3007 Marchifi

146 3013 239 3048 morte
265 3007 370 3049 nullam
390 3009 501 3048 culpam
520 3009 630 3040 habuit:
652 3010 688 3040 Et
700 3012 763 3049 qui,
779 3019 891 3048 propter
905 3012 981 3049 hoc,
1001 3012 1134 3045 Domino
1147 3015 1207 3046 Re-

147 3051 176 3082 gi
189 3043 299 3088 Angliae
312 3045 418 3076 malum
431 3049 575 3086 fecerunt,
593 3049 692 3088 injuste
706 3050 849 3087 fecerunt,
868 3050 901 3080 &
917 3050 973 3080 sine
987 3052 1073 3081 causa.

183 3080 280 3125 Sciatis
292 3092 344 3122 pro
357 3092 436 3115 certo
447 3086 523 3123 quod
535 3087 644 3117 nullum
658 3087 807 3117 hominem
822 3088 901 3125 hujus
915 3089 1014 3119 mundi
1029 3100 1081 3130 pro
1097 3101 1206 3123 merce-

147 3117 184 3148 de
195 3119 283 3165 aliqua
295 3122 339 3165 vel
354 3124 470 3161 pecunia
481 3125 639 3155 occidimus
648 3148 657 3163 ‚
675 3127 725 3156 nisi
738 3127 812 3166 prius
825 3127 930 3157 malum
947 3128 1028 3158 nobis
1041 3129 1146 3160 fecerit.

185 3156 221 3187 Et
241 3157 326 3190 sciatis
344 3161 420 3199 quod
440 3162 527 3192 literas
538 3163 598 3193 istas
614 3164 731 3194 fecimus
743 3166 772 3194 in
784 3164 874 3195 domo
891 3164 984 3195 nostra
997 3166 1031 3196 ad
1047 3166 1204 3199 Castellum

146 3195 412 3273 gpsgzuigzoMeffiat
439 3201 468 3230 in
482 3201 600 3232 dimidio
615 3202 793 3240 Septembris.
829 3203 917 3234 Anno
931 3205 967 3234 ab
981 3205 1141 3237 Alexandro
1155 3207 1208 3238 Pa-

106 3408 113 3416 ·
147 3368 176 3397 ὃ*
194 3372 345 3406 Aleonora
363 3400 373 3416 ‚
410 3377 525 3421 Angliae
554 3382 667 3426 Regina
680 3407 689 3422 ‚
716 3383 798 3426 Papa
815 3392 894 3428 opem
911 3381 1123 3428 miftrabiliter
1144 3389 1206 3418 im-

190 3420 292 3466 plorat
304 3432 359 3468 pro
379 3420 549 3457 liberatione
566 3430 652 3474 Regis
670 3429 843 3476 Anglorum
864 3429 1011 3464 Richardi
1027 3432 1090 3477 filii
1097 3433 1160 3478 siti.

152 3502 365 3574 REIi'Jerendo
389 3508 479 3553 Patri,
498 3509 686 3556 &ADomino
707 3513 877 3557 Caelestino,
897 3515 955 3546 Dei
975 3516 1073 3548 Grati&
1088 3517 1209 3549 Summo

257 3545 384 3584 ontifici,
407 3546 444 3578 A.
464 3558 493 3577 in
513 3558 552 3577 ira
570 3548 628 3579 Dei
649 3550 757 3590 Regma
779 3552 939 3592 Anglorum
951 3578 960 3593 ,
989 3555 1106 3586 Ducissa
1126 3556 1210 3586 Nor-

125 3616 132 3625 ·
151 3584 290 3622 manniae,
305 3583 454 3616 Comitissa
475 3585 696 3626 Andegavensis,
721 3590 827 3622 miserae
848 3593 931 3623 matri
951 3594 1084 3624 exhibere
1106 3594 1132 3624 se
1154 3594 1208 3626 Pa-

151 3627 230 3651 trem.

186 3659 271 3690 Silere
289 3659 484 3701 decreveram,
499 3674 536 3694 ne
556 3663 707 3694 insolentiae
731 3665 765 3696 ὅ(
779 3667 1001 3709 praesumptionis
1013 3681 1141 3711 arguerer
1152 3695 1162 3710 ,
1189 3671 1209 3702 fi

149 3696 223 3728 forte
243 3699 379 3744 adversus.
389 3700 552 3741 Principem
573 3702 748 3733 sacerdotum
767 3706 886 3736 verbum
909 3708 1020 3748 aliquod
1036 3711 1128 3740 minus
1143 3720 1210 3740 cau-

148 3743 210 3765 tum
227 3737 396 3782 abundantia
416 3740 526 3779 cordis,
543 3742 575 3772 δε
598 3741 775 3772 vehementia
792 3742 894 3774 doloris
908 3746 1028 3778 eliceret.
1061 3748 1134 3778 Sane
1148 3758 1208 3778 non

147 3774 270 3820 multum
283 3776 319 3807 ab
332 3778 432 3808 insania
445 3778 539 3809 diflert
551 3779 635 3809 dolor
647 3778 717 3810 dum
731 3781 761 3809 in
774 3781 882 3819 impetu
895 3783 950 3814 suae
961 3787 1132 3816 accensionis
1147 3786 1188 3817 est
1205 3798 1215 3825 3

147 3809 313 3858 Dominum
327 3826 386 3846 non
400 3817 541 3856 agnoscit,
559 3818 666 3848 socium
679 3828 739 3848 non
752 3827 879 3858 veretur,
893 3831 947 3853 nec
960 3823 1126 3862 defert,nec
1147 3835 1209 3866 par-

148 3857 187 3879 cit
199 3851 301 3891 alicui,
319 3853 364 3885 sed
380 3865 434 3885 nec
450 3855 508 3885 tibi.

184 3886 286 3932 Nemo
299 3900 368 3932 ergo
381 3894 497 3924 miretur
509 3917 519 3932 ,
545 3894 565 3924 fi
576 3896 728 3926 verborum
744 3894 912 3927 modestiam
928 3899 969 3929 vis
981 3898 1085 3931 doloris
1100 3901 1209 3942 exaspe-

150 3928 362 3975 fetpstssffilram
381 3933 459 3962 enirn
479 3932 581 3972 plango
603 3935 763 3974 publicam:
783 3933 838 3964 Sed
862 3935 894 3965 &
915 3935 1052 3968 familiaris
1073 3939 1156 3970 dolor
1178 3941 1208 3970 in

149 3960 270 4009 spumas·
285 3976 343 4010 mei
363 3970 522 4006 praecordiis
541 3972 776 4003 inconsolabiliter
803 3971 944 4005 radicavit.
980 3976 1091 4015 Sagittae
1103 3980 1209 4017 nempe

184 4008 272 4032 omini
299 4015 328 4048 in
357 4017 405 4038 me
425 4008 488 4038 sunt
539 4021 655 4048 quarum
677 4011 833 4051 indignatio
850 4012 938 4043 ebibit
957 4013 1082 4051 spiritum
1102 4026 1207 4046 meum.

151 4035 260 4069 Gentes
279 4041 406 4088 divulsae,
423 4034 520 4090 populi
542 4049 669 4087 lacerati,
688 4049 852 4080 Provinciae
866 4049 1010 4090 desolatae,
1028 4054 1061 4083 ὃς
1076 4055 1209 4093 generali-

150 4081 192 4105 ter
208 4084 267 4110 tota
286 4079 473 4116 Occidentalis
493 4085 619 4119 Ecclesia
640 4088 774 4121 confeeta
787 4089 914 4123 lamentis
926 4090 959 4123 iri
972 4090 1069 4128 spiritu
1082 4093 1210 4125 contrito

1286 199 1759 243 puerilem
2262 217 2309 256 23

1258 286 1292 316 δε
1311 285 1456 317 humiliato
1476 285 1626 326 supplicant
1639 287 1736 325 vobis,
1754 293 1838 325 quern
1853 285 1998 317 constituit
2012 284 2092 316 Deus
2105 285 2183 326 super
2198 286 2307 319 Gema«

1255 326 1289 356 δε
1302 324 1404 369 Regna
1416 326 1446 354 in
1459 327 1538 354 omni
1552 324 1723 363 plenitudine
1736 325 1885 363 potestatis.

1290 363 1474 394 Affiid'torum
1495 362 1590 400 quaeso
1608 363 1714 392 clamor
1735 364 1849 393 introeat
1871 365 1900 394 in
1919 373 1996 394 aures
2009 362 2108 394 vestras
2143 363 2308 396 calamitates

1253 402 1328 432 enim
1341 401 1443 432 nostrae
1455 400 1643 439 multiplicatae
1658 400 1718 430 sunt
1730 400 1807 439 super
1821 411 1988 440 numerum,
2011 401 2080 432 Nec
2093 386 2141 432 iiia
2155 402 2306 434 dissimila-

1251 450 1282 469 re
1295 439 1406 479 potestis
1417 441 1483 470 citra
1497 440 1622 469 criminis
1635 439 1667 468 δε
1683 439 1804 468 infamiae
1818 448 1915 469 notaui
1924 463 1932 476 ,
1941 450 2007 470 cum
2022 441 2074 470 sitis
2089 441 2215 471 Vicat-ius
2231 441 2306 471 Cru-

1251 477 1340 517 cifixi,
1360 477 1509 508 Successor
1522 476 1614 515 Petri,
1633 475 1768 506 Sacerdos
1781 476 1903 515 Christi,
1923 478 2052 509 Christus
2064 478 2204 517 Domini,
2228 479 2308 510 Deus

1251 517 1335 547 etiam
1352 516 1511 547 Pharaonis

1285 555 1333 585 De
1354 555 1432 586 vultu
1453 562 1504 585 tuo
1524 553 1604 583 Pater
1619 552 1758 592 judicium
1779 553 1910 592 prodeat,
1927 554 2002 584 oculi
2015 556 2055 584 tui
2067 556 2177 586 videant
2191 557 2305 596 aequita-

1252 600 1310 623 tem
1320 617 1329 632 ,
1344 594 1380 624 de
1394 593 1506 624 arbitrio
1522 591 1616 622 vestro
1637 592 1670 622 &
1690 590 1727 620 de
1746 590 1894 621 clementia
1916 592 2013 621 vestrae
2026 592 2091 623 sedis
2103 595 2224 633 pendent
2240 604 2306 626 vota

1249 632 1362 671 popuii;
1379 633 1428 669 &,
1446 631 1494 661 nisi
1516 631 1649 661 rnatuii'us
1666 629 1773 668 arripiat
1792 639 1888 659 manus
1909 629 1997 659 vestra
2016 630 2166 670 judicium,
2186 641 2243 663 tota
2264 643 2306 663 re-

1248 670 1385 701 dundabit
1404 671 1435 701 in
1458 679 1510 701 vos
1529 667 1682 707 Tragoedia
1702 667 1781 704 hujus
1799 667 1881 705 mali,
1899 677 1967 697 cum
1985 667 2038 697 sitis
2061 668 2139 698 Pater
2155 671 2192 699 Oi
2198 672 2307 709 phano-

1247 718 1310 738 rum
1321 733 1330 746 ,
1350 710 1382 739 &
1397 709 1478 746 judex
1490 707 1654 745 viduarum,
1674 706 1851 735 maerentium
1868 707 1900 735 &
1914 706 2070 736 dolentium
2084 708 2256 747 consolator,
2270 712 2305 741 ὃς

1249 747 1383 777 omnibus
1402 748 1498 777 civitas
1517 746 1633 785 refugii,
1651 747 1681 774 in
1704 752 1783 774 tanto
1803 743 1921 774 cumulo
1944 744 2111 774 miseriarum
2134 746 2249 775 unicum
2270 750 2304 778 ὃς

1249 794 1404 816 commune
1425 785 1558 815 omnibus
1580 783 1738 822 expedhitur
1755 782 1792 813 de
1813 782 1913 813 vestrae
1934 782 2075 820 potestatis
2088 784 2249 814 auctoritate
2262 786 2306 816 so-

1246 823 1350 853 latium.

1288 861 1350 890 Filii
1362 861 1459 892 Israhel
1475 860 1597 901 Moysen
1607 883 1616 897 ‚
1633 861 1710 898 cujus
1719 860 1797 899 agitis
1808 860 1900 898 vices,
1916 860 2106 891 consultabant
2118 860 2146 890 in
2159 860 2250 899 duris,
2269 863 2302 892 &

1251 897 1285 928 ad
1301 899 1530 930 Tabernaculum
1550 899 1661 929 foederis
1680 899 1880 937 confugiebant
1894 899 1924 929 in
1938 899 2068 938 angustiis
2083 899 2141 929 suis.
2162 899 2226 929 Rex
2241 910 2306 929 nos-

1247 936 1301 966 ster
1318 938 1347 967 in
1367 939 1446 968 aristo
1465 937 1520 976 est,
1536 938 1569 968 δε
1589 937 1711 976 undique
1729 937 1862 976 angustiae
1876 946 2007 977 premunt
2022 947 2096 967 eum.
2131 936 2230 968 Videte
2251 938 2307 969 sta-

1247 983 1326 1013 tum,
1345 985 1390 1006 aut
1412 976 1504 1015 potins
1524 974 1618 1006 casum
1637 975 1748 1014 Regni,
1771 976 1903 1005 malitiam
1923 977 2071 1015 temporis,
2097 977 2203 1015 tyranni
2225 976 2304 1007 saevi-

1246 1014 1331 1050 tiam,
1351 1015 1398 1051 qui
1418 1014 1454 1044 de
1475 1014 1589 1043 fornace
1609 1014 1730 1043 avaritiae
1750 1023 1826 1043 arma
1846 1014 1992 1052 iniquitatis
2011 1013 2175 1044 incessanter
2190 1014 2306 1045 fabricat

1246 1059 1344 1081 contra
1355 1052 1485 1090 Regem,
1500 1061 1586 1090 quern
1599 1052 1628 1079 in
1643 1051 1743 1080 Sanffii
1757 1052 1992 1089 peregrinatione,
2011 1054 2041 1082 in
2054 1052 2230 1092 protefflone
2245 1053 2303 1083 Dei

1246 1088 1334 1128 Caeli,
1350 1089 1384 1119 &
1406 1090 1525 1119 tuitione
1544 1088 1687 1118 Romanae
1709 1087 1843 1117 Ecclesiae
1859 1097 1986 1127 captum,
2003 1091 2035 1120 δε
2050 1092 2165 1121 vinculis
2179 1101 2304 1122 carcera-

1245 1126 1318 1157 libus
1343 1128 1516 1158 coar&atum
1542 1134 1618 1156 tenet
1631 1150 1641 1162 ,
1667 1125 1828 1164 occiditque
1855 1126 1985 1156 terrendo
2000 1137 2006 1155 :
2029 1128 2198 1159 Contemnit
2224 1130 2304 1159 enim

1244 1165 1345 1196 Deum
1359 1167 1394 1196 ὃς
1410 1165 1538 1196 terribilia
1553 1164 1655 1202 judicia
1667 1165 1739 1203 ejus,
1759 1163 1862 1204 praedae
1875 1164 2012 1202 incubat,
2033 1166 2066 1195 ὃς
2081 1177 2139 1196 non
2149 1167 2189 1197 est
2206 1169 2254 1207 qui
2267 1168 2306 1199 de

1244 1213 1330 1234 manu
1344 1205 1400 1242 ejus
1414 1203 1498 1244 possit
1511 1212 1614 1233 eruere.

1281 1243 1312 1272 Si
1334 1242 1458 1273 Ecclesia
1472 1242 1604 1272 Romana
1619 1241 1769 1278 complosis
1783 1240 1911 1271 manibus
1924 1240 1958 1270 ad
1975 1248 2060 1271 tantas
2074 1242 2179 1278 injurias
2193 1243 2304 1274 Christi

1244 1280 1317 1320 silet,
1336 1282 1369 1312 &
1391 1289 1504 1311 exurvat
1524 1280 1621 1319 Deus,
1640 1279 1789 1318 &judicet
1804 1279 1912 1309 causam
1926 1278 2065 1317 nostram,
2084 1279 2128 1309 res
2143 1282 2205 1311 iciat
2220 1283 2247 1311 in
2263 1283 2305 1312 fa-

1243 1320 1318 1349 ciem
1333 1318 1440 1350 Christi
1465 1320 1502 1349 ui.
1542 1318 1605 1348 Ubi
1622 1318 1662 1348 est
1677 1319 1752 1348 zelus
1763 1318 1833 1348 Eliae
1846 1319 1875 1348 in
1891 1316 2009 1348 Achab?
2028 1317 2114 1347 Zelus
2124 1290 2259 1356 ffohaniiis
2273 1322 2302 1350 in

1243 1357 1410 1389 Herodem?
1430 1358 1517 1389 Zelus
1536 1357 1679 1388 Ambrosii
1699 1357 1728 1387 in
1747 1356 1915 1388 Valentem?
1943 1356 2028 1386 Zelus
2046 1356 2192 1386 Alexandri
2212 1360 2303 1396 tertii,

1242 1398 1306 1436 qui,
1325 1397 1393 1427 sicut
1413 1397 1569 1428 audivimus
1590 1397 1623 1427 ὅς
1645 1395 1785 1433 vidimus,
1804 1403 1911 1435 patrem
1933 1395 2006 1424 istius
2028 1394 2165 1434 Principis
2182 1395 2303 1426 Frederi-

1243 1445 1312 1465 cum
1331 1434 1414 1476 plena
1433 1436 1600 1466 austeritate
1619 1434 1795 1472 Apostolicae
1816 1433 1883 1464 sedis
1902 1433 2050 1463 solenniter
2065 1434 2098 1464 &
2111 1434 2269 1464 terribiliter
2286 1436 2301 1465 a

1243 1473 1367 1504 fidelium
1389 1474 1594 1504 communione
1615 1472 1761 1512 praecidit?
1777 1472 1868 1502 Porro
1880 1480 2009 1511 tyrannus
2024 1471 2200 1511 Apostolicas
2213 1473 2305 1504 claves

1243 1512 1327 1543 habet
1341 1512 1480 1551 ludibrio,
1498 1522 1551 1542 nec
1567 1511 1617 1542 nisi
1631 1512 1717 1543 verba
1730 1519 1836 1550 reputat
1847 1511 1939 1550 legem
1953 1510 2019 1540 Dei.

1281 1550 1336 1582 Sed
1356 1559 1435 1581 tanto
1455 1550 1627 1582 constantius
1645 1550 1782 1581 deberetis
1801 1550 1919 1589 arripere
1938 1548 2059 1589 gladium
2075 1549 2181 1588 spiritus
2194 1573 2203 1588 ,
2229 1548 2306 1588 quod

1244 1590 1285 1620 est
1304 1590 1424 1621 verbum
1443 1589 1508 1620 Dei.
1540 1589 1599 1619 Scri
1621 1597 1682 1619 tum
1703 1588 1744 1618 est
1766 1589 1858 1626 enim,
1892 1589 1918 1618 ui
1939 1598 1991 1618 vos
2006 1587 2120 1627 spernit,
2135 1598 2182 1618 me
2195 1589 2304 1628 spernit.

1246 1627 1315 1658 Ideo
1327 1628 1347 1658 fi
1361 1628 1480 1659 vestram
1494 1638 1554 1658 non
1566 1638 1603 1657 vu
1615 1628 1646 1658 tis
1660 1635 1706 1657 aut
1719 1626 1852 1657 Ecclesiae
1897 1636 2009 1657 omanae
2024 1627 2148 1664 injuriam
2164 1627 2305 1672 persequi,

1244 1666 1340 1735 23⁸?ssst
1344 1674 1440 1711 tamen
1459 1666 1627 1698 dissimulare
1647 1676 1707 1696 non
1728 1666 1794 1696 licet
1816 1665 1892 1695 Petri
1913 1665 2100 1705 opprobrium
2117 1666 2151 1697 ὅ(
2174 1667 2307 1704 injuriam

1295 1716 1315 1735 ri
1341 1715 1360 1735 i.

1279 1743 1355 1774 Non
1374 1745 1405 1776 sit
1425 1755 1493 1785 ergo
1514 1745 1654 1784 alligatum
1672 1745 1700 1774 in
1723 1752 1773 1774 ore
1789 1743 1883 1775 vestro
1902 1742 2021 1773 verbum
2041 1742 2179 1782 Domini,
2200 1753 2254 1774 nec
2275 1745 2306 1774 in

1243 1783 1327 1813 vobis
1341 1784 1425 1814 timor
1437 1784 1572 1814 humanus
1584 1783 1683 1813 obruat
1695 1782 1818 1820 spiritum
1834 1782 1971 1812 libertatis.
2008 1782 2190 1812 Tolerabilius
2205 1782 2246 1812 est
2262 1783 2305 1812 in-

1242 1821 1335 1852 cidere
1350 1823 1378 1851 in
1393 1832 1490 1852 manus
1510 1822 1660 1852 hominum
1669 1845 1679 1860 ,
1693 1821 1779 1860 quam
1793 1821 1983 1865 derelinquere
1998 1821 2089 1860 legem
2103 1820 2168 1850 Dei.
2204 1820 2308 1850 Confi-

1244 1859 1316 1890 dunt
1337 1861 1367 1890 in
1389 1861 1491 1891 virtute
1512 1860 1572 1898 sua,
1592 1861 1625 1891 &
1646 1861 1675 1890 in
1697 1859 1876 1890 multitudine
1890 1859 2051 1890 divitiarum
2065 1859 2173 1890 suarum
2187 1859 2307 1898 glorian-

1247 1906 1291 1928 tur
1306 1899 1412 1929 inimici
1426 1899 1516 1930 crucis
1528 1898 1653 1936 Christi,
1678 1907 1799 1936 quorum
1816 1897 1877 1927 finis
1892 1898 2033 1935 interitus,
2058 1898 2091 1928 &
2105 1898 2192 1937 gloria
2207 1907 2306 1927 eorum

1245 1937 1275 1967 in
1289 1937 1462 1968 confusione.

1282 1975 1430 2015 Qiicquid
1453 1975 1639 2007 Ecclesiamm
1657 1975 1691 2005 ὃ(
1710 1983 1862 2015 pauperum
1876 1974 2026 2005 necessitati
2042 1973 2222 2012 subtrahitur,
2238 1974 2309 2004 insa-

1244 2014 1340 2044 tiabilis
1359 2016 1479 2045 avaritiae
1497 2015 1613 2045 devorat
1634 2013 1777 2053 ingluvies.
1813 2011 1868 2043 Sed
1887 2022 1976 2052 prope
1994 2012 2034 2043 est
2053 2022 2083 2043 ut
2104 2014 2133 2043 in
2148 2023 2196 2043 eos
2210 2022 2309 2043 manus

1246 2051 1370 2083 Domini
1390 2053 1581 2091 tempestivam
1603 2060 1727 2082 exerceat
1746 2052 1897 2089 ultionem,
1917 2052 1951 2082 &
1970 2053 2081 2082 eveniet
2103 2052 2180 2089 quod
2202 2051 2231 2081 B.
2246 2051 2309 2090 Job

1243 2090 1281 2121 de
1299 2091 1433 2128 praedone
1453 2093 1543 2131 impio
1563 2090 1744 2131 protestatur,
1769 2090 1890 2128 divitias,
1908 2100 1973 2129 quas
1993 2090 2155 2128 devoravit,
2172 2098 2305 2128 evomet,

1245 2130 1279 2160 &
1293 2130 1330 2160 de
1342 2138 1440 2161 ventre
1454 2132 1469 2148 ⁴⁶
1486 2132 1542 2168 ejus
1555 2129 1678 2160 extrahet
1691 2139 1733 2159 eas
1751 2128 1845 2159 Deus:
1864 2129 1954 2167 Luet,
1973 2139 2037 2168 quae
2049 2130 2117 2159 fecit
2129 2130 2303 2166 omnia,nec

1245 2176 1339 2199 tamen
1359 2169 1546 2199 consumetur.
1582 2168 1672 2207 Qod
1694 2168 1714 2198 fi
1735 2167 1769 2197 ad
1791 2175 1900 2207 tempus
1920 2167 2074 2198 humanum
2093 2167 2213 2198 evadunt
2233 2168 2304 2205 judi-

1246 2208 1341 2246 cium,
1360 2207 1490 2239 divinum
1506 2208 1650 2238 terribilius
1663 2206 1703 2236 est
1717 2205 1795 2245 quod
1805 2207 1934 2236 imminet
1946 2207 1998 2236 eis:
2026 2206 2161 2245 Qiorum
2175 2206 2306 2246 gaudium

1246 2245 1364 2286 praesens
1377 2246 1461 2277 instar
1474 2246 1572 2287 puncti
1581 2270 1590 2284 ,
1604 2244 1814 2276 interminabilis
1826 2247 1897 2275 vero
1911 2254 1997 2284 poena
2010 2245 2081 2284 ignis
2095 2246 2128 2275 St
2142 2246 2251 2275 vermis.

1282 2284 1354 2324 Qis
1367 2286 1444 2315 enim
1460 2295 1581 2324 unquam
1615 2284 1753 2315 ersecutor
1766 2284 1938 2313 innocentiae
1950 2283 2077 2314 ultricem
2091 2283 2160 2313 illius
2173 2293 2307 2322 manum,

1249 2324 1297 2361 qui
1318 2323 1405 2354 aufert
1425 2323 1559 2363 Spiritum
1605 2323 1743 2362 rincipum
1758 2322 1938 2361 potentesque
1952 2330 2081 2362 potenter
2093 2323 2190 2360 punit,
2208 2323 2308 2363 legitur

1244 2361 1376 2392 evasisse?
1394 2361 1441 2392 Ut
1461 2362 1498 2392 de
1521 2372 1606 2402 poena
1621 2370 1728 2392 taceam
1743 2360 1903 2400 gehennali,
1922 2360 1995 2400 saepe
2008 2360 2141 2400 legimus,
2157 2362 2307 2401 quomodo

1243 2400 1343 2439 digitus
1365 2401 1441 2439 Dei,
1461 2409 1514 2440 pro
1535 2401 1649 2431 arbitrio
1669 2399 1736 2438 suo,
1752 2400 1851 2439 Regna
1873 2400 1906 2430 &
1920 2399 2040 2438 Imperia
2054 2400 2198 2430 transfert:
2227 2400 2306 2440 Qas

1244 2441 1327 2469 etiam
1341 2440 1410 2470 sicut
1423 2443 1483 2470 vult
1500 2440 1594 2479 erigit,
1617 2440 1650 2470 &
1666 2438 1735 2469 sicut
1749 2439 1809 2469 vult
1823 2438 1916 2475 dejicit
1927 2437 2084 2475 potestates.

1281 2477 1357 2508 Non
1370 2478 1504 2508 deterreat
1516 2478 1610 2516 quaeso
1623 2487 1674 2509 vos
1686 2477 1809 2508 secularis
1824 2477 1913 2507 elatio.
1949 2476 2079 2514 superbus
2093 2475 2134 2507 est
2146 2475 2240 2507 Moab
2249 2500 2258 2515 ,
2271 2478 2305 2508 &

1250 2517 1336 2554 major
1361 2516 1403 2546 est
1423 2516 1546 2554 superbia
1568 2517 1623 2553 ejus
1644 2525 1728 2555 quarn
1747 2514 1883 2546 fortitudo
1899 2515 1997 2553 ipsius,
2015 2517 2032 2545 e
2052 2517 2193 2546 contrario
2213 2524 2307 2548 autem

1244 2554 1367 2584 Nomen
1382 2555 1505 2585 Domini
1519 2555 1635 2592 plurima
1646 2553 1790 2584 fortitudo.

1278 2592 1349 2623 Illud
1370 2603 1439 2624 vero
1462 2594 1574 2630 publice
1587 2591 1732 2623 contristat
1747 2591 1901 2622 Ecclesiam
1916 2591 2078 2631 populisque
2091 2601 2219 2623 murmur
2231 2593 2307 2624 exci-

1243 2638 1299 2669 tat,
1318 2641 1372 2661 nec
1395 2631 1573 2661 mediocriter
1594 2631 1693 2661 militat
1704 2632 1734 2660 in
1750 2630 1923 2668 dispendium
1937 2630 2036 2660 vestrae
2048 2632 2203 2669 opinionis,
2221 2630 2303 2669 quod

1243 2670 1272 2698 in
1286 2678 1365 2700 tanto
1377 2669 1551 2708 discrimine,
1576 2670 1605 2699 in
1621 2677 1664 2699 tot
1677 2669 1802 2707 lacrymis
1842 2670 1872 2699 in
1886 2676 1929 2699 tot
1941 2668 2155 2700 Provinciarum
2170 2669 2306 2708 supplica-

1241 2708 1367 2776 giospibus
1385 2731 1395 2746 ,
1417 2718 1471 2739 nec
1494 2717 1584 2739 unum
1606 2707 1761 2739 Nuncium
1781 2692 1819 2739 ad
1836 2706 1980 2746 Principes
1993 2708 2061 2744 ,iuos
2082 2710 2098 2740 a
2113 2707 2207 2739 vestro
2223 2710 2305 2740 latere

1262 2756 1278 2776 e
1304 2755 1389 2777 inatis.

1281 2784 1382 2824 Saepe,
1402 2795 1454 2824 pro
1469 2785 1552 2817 causis
1567 2786 1772 2825 mediocribus,
1788 2785 1873 2817 vestri
1888 2784 2064 2824 Cardinales,
2090 2788 2119 2818 in
2135 2785 2238 2825 magna
2253 2795 2304 2825 po-

1244 2823 1341 2854 testate
1356 2826 1455 2872 etiarn,
1474 2825 1507 2855 ad
1523 2833 1610 2863 partes
1624 2826 1749 2855 barbaras
1764 2826 1902 2865 legatione
1917 2824 2085 2863 funguntur:
2113 2824 2147 2855 In
2163 2825 2241 2856 caula
2256 2835 2304 2856 ve-

1245 2872 1278 2892 ro
1301 2870 1358 2893 tam
1373 2863 1475 2903 ardua,
1489 2872 1546 2894 tam
1567 2864 1750 2903 lamentabili,
1768 2873 1826 2894 tarn
1850 2863 2017 2901 communi,
2032 2873 2086 2893 nec
2102 2873 2191 2893 unum
2212 2863 2305 2894 adhuc

1244 2900 1457 2932 Subdiaconum
1472 2912 1518 2933 aut
1535 2902 1709 2941 Acolythum
1723 2902 1863 2933 destinatis
1876 2914 1885 2939 3
1914 2901 2034 2941 Legatos
2048 2903 2124 2931 enim
2140 2901 2224 2932 hodie
2240 2901 2307 2933 facit

1243 2939 1380 2979 quaestus,
1398 2951 1459 2971 non
1473 2940 1608 2978 respectus
1622 2940 1729 2971 Christi
1739 2965 1747 2979 ,
1765 2951 1824 2971 non
1840 2941 1933 2971 honor
1951 2940 2169 2976 Ecclesiae,non
2185 2940 2307 2980 Regno-

1245 2988 1308 3008 rum
1332 2978 1389 3009 Pax
1410 2988 1455 3010 aut
1478 2979 1575 3018 populi
1589 2979 1662 3010 salus.
1700 2980 1774 3018 Qiis
1807 2978 1908 3010 uaestus
1922 2979 2004 3009 vobis
2017 2986 2062 3008 aut
2078 2987 2229 3015 proventus
2242 2979 2306 3019 glo-

1246 3016 1341 3047 riosior
1356 3018 1444 3055 posset
1458 3017 1529 3056 esse,
1543 3027 1644 3057 quarn,
1663 3019 1692 3048 in
1708 3018 1761 3049 hac
1774 3018 1792 3048 li
1814 3019 1936 3048 eratione
1951 3016 2053 3055 Regis,
2079 3016 2192 3047 Summi
2207 3016 2306 3048 Ponti-

1245 3054 1304 3085 ficis
1319 3058 1446 3094 apicem,
1462 3057 1517 3087 sive
1532 3056 1728 3086 Sacerdotium
1744 3056 1839 3086 Aaron
1855 3056 1888 3085 &
1904 3054 2023 3085 Phinees
2038 3054 2175 3085 exaltare?

1283 3093 1354 3124 Sane
1369 3105 1429 3125 non
1444 3095 1567 3125 multum
1583 3094 1749 3125 humiliasses
1765 3094 1831 3124 sedis
1847 3092 2020 3131 Apostolicae
2034 3094 2064 3124 di
2084 3095 2216 3132 nitatem,
2242 3094 2261 3124 si
2276 3097 2306 3127 in

1249 3133 1359 3171 propria
1374 3133 1487 3171 persona
1510 3133 1543 3163 ad
1561 3134 1628 3163 tanti
1642 3133 1836 3163 liberationem
1852 3131 1988 3170 Principis
2001 3133 2031 3162 in
2079 3134 2232 3163 ermaniam
2246 3133 2308 3163 des-

1247 3171 1389 3202 cendisses.
1425 3173 1524 3211 Qem
1541 3172 1617 3202 enim
1632 3178 1691 3200 tam
1706 3170 1835 3201 officiose
1850 3170 1961 3201 colebat
1974 3172 2003 3201 in
2018 3171 2170 3211 prosperis,
2187 3181 2245 3202 tam
2258 3172 2306 3200 de-

1247 3209 1347 3240 sidiose
1361 3210 1481 3241 deserere
1496 3220 1555 3240 non
1566 3209 1663 3240 debuit
1678 3210 1706 3239 in
1721 3209 1843 3240 adversis.
1880 3209 1978 3248 Quare
1993 3220 2053 3240 non
2067 3210 2219 3248 appenditis
2233 3211 2260 3238 in
2274 3209 2306 3238 li-

1246 3247 1296 3277 bra
1316 3248 1426 3285 justitiae
1445 3248 1596 3285 beneficia,
1615 3257 1679 3287 quae
1700 3249 1786 3278 bonae
1806 3249 1955 3278 memoriae
1977 3247 2118 3278 Henricus
2138 3248 2220 3277 Pater
2232 3246 2306 3276 istius

1247 3284 1348 3325 Regis,
1366 3288 1449 3317 vobis
1461 3288 1531 3317 sicut
1547 3286 1667 3316 vidimus
1680 3287 1710 3316 in
1723 3287 1841 3317 articulo
1852 3286 1971 3316 summae
1983 3286 2148 3317 necessitatis
2161 3285 2304 3323 exhibuit3

1247 3332 1279 3354 ut
1297 3328 1314 3355 e
1335 3325 1444 3356 diverso
1465 3324 1643 3362 tyrannidem
1666 3324 1822 3363 Frederici‚
1839 3335 1924 3363 quam
1940 3326 1968 3355 in
1981 3335 2033 3354 vos
2047 3326 2080 3355 ὃ(
2093 3323 2225 3353 Ecclesiae
2240 3322 2306 3354 Ro-

1247 3371 1340 3394 manae
1362 3363 1556 3401 possessiones,
1575 3364 1609 3394 &
1631 3365 1659 3394 in
1680 3374 1796 3402 omnes,
1816 3365 1864 3402 qui
1884 3364 1964 3394 vobis
1983 3362 2098 3392 fideliter
2110 3362 2306 3400 adhaerebant,

1248 3403 1390 3432 exercuit?
1406 3402 1484 3432 Cum
1505 3403 1582 3432 enim
1623 3404 1822 3433 raenominatus
1842 3402 2016 3438 Fredericus,
2034 3401 2125 3430 fantor
2145 3399 2307 3430 Schismati-

1247 3449 1291 3469 cae
1310 3440 1480 3472 dissensionis
1501 3442 1535 3472 ὃς
1554 3451 1588 3470 au
1618 3451 1669 3479 or,
1687 3449 1786 3471 contra
1806 3439 1995 3470 Alexandrum
2010 3447 2034 3477 3.
2059 3438 2214 3477 canonice,
2238 3438 2307 3470 sicut

1247 3478 1318 3508 scitis
1338 3479 1476 3517 electum,
1495 3480 1524 3509 in
1545 3488 1652 3518 partem
1674 3479 1818 3519 Apostatae
1840 3478 1988 3509 Octaviani
2009 3475 2195 3515 conjurasset,
2221 3485 2248 3507 at
2269 3487 2305 3508 ue

1247 3515 1296 3546 sub
1325 3517 1370 3548 illa
1393 3517 1538 3548 schismatis
1560 3517 1743 3549 concussione
1765 3517 1922 3557 generaliter
1937 3516 2038 3554 ubique
2053 3523 2188 3545 terrarum
2202 3488 2306 3546 Ecgle-

1247 3554 1281 3584 sia
1303 3554 1457 3594 laboraret,
1474 3555 1568 3596 Reges
1592 3557 1717 3587 Franciae
1738 3557 1771 3587 ὃς
1786 3554 1894 3593 Angliae
1907 3554 1986 3583 variis
1999 3563 2031 3583 ex
2048 3552 2164 3591 utraque
2178 3562 2253 3593 parte
2267 3555 2306 3585 le-

1245 3593 1402 3632 gationibus
1422 3595 1611 3626 tentabantur:
1632 3595 1765 3633 Cumque
1784 3592 1914 3623 sententia
1934 3591 1964 3621 R
2002 3593 2022 3622 is
2039 3592 2213 3622 Francorum
2233 3603 2306 3624 con-

1247 3631 1368 3663 siliorum
1381 3635 1528 3672 varietate,
1544 3635 1589 3664 cui
1604 3634 1708 3663 faveret
1721 3632 1788 3670 parti
1801 3630 1951 3668 fintituans,
1989 3631 2052 3660 ubia
2066 3630 2221 3669 vacillaret,
2239 3631 2305 3662 Rex

1247 3669 1403 3710 Henricus,
1421 3672 1519 3703 dolens
1542 3671 1648 3702 Christi
1668 3671 1794 3700 tunicam
1814 3668 1914 3699 diutius
1934 3669 2039 3706 scindi,
2056 3670 2163 3709 primus
2184 3671 2305 3701 Alexan-

1247 3709 1300 3739 dro
1322 3709 1406 3751 Papae
1424 3710 1578 3747 consensit,
1600 3709 1686 3739 multa
1708 3718 1741 3737 ue
1761 3706 1866 3738 cautela
1881 3707 1988 3737 traheris
2004 3707 2116 3747 Regem
2130 3708 2304 3739 Francorum

1247 3748 1346 3787 pariter
1360 3749 1393 3779 ad
1408 3748 1572 3779 consensum
1590 3746 1698 3787 Aposto
1710 3747 1785 3776 icum
1800 3745 1852 3776 suis
1866 3746 1986 3776 munivit
2001 3746 2120 3776 consiliis
2134 3770 2144 3785 ,
2166 3748 2199 3778 &
2214 3747 2306 3777 sirma-

1250 3786 1291 3817 vit
1305 3787 1425 3825 auxiliis,
1443 3788 1476 3817 ὃ(
1489 3787 1526 3815 fic
1540 3795 1641 3815 navem
1656 3783 1802 3822 Petri,sub
1814 3792 1894 3815 certo
1908 3784 2066 3816 discrimine
2079 3785 2305 3825 naufragantem,

1248 3825 1277 3855 in
1296 3825 1388 3855 secura
1400 3825 1497 3856 littoris
1511 3824 1628 3853 statione
1643 3822 1754 3853 locavit.

1282 3863 1359 3894 Haec
1381 3863 1454 3902 apud
1478 3861 1610 3892 Castrum
1631 3861 1770 3901 Radulphi
1784 3861 1921 3898 vidimus,
1938 3861 1987 3891 ubi
2001 3863 2086 3892 etiam
2101 3861 2305 3893 Romanorum

1247 3905 1336 3939 votiS,
1352 3902 1421 3932 sicut
1442 3901 1489 3938 ipsi
1513 3910 1565 3940 pro
1580 3900 1718 3930 miraculo
1731 3900 1842 3939 publice
1856 3899 2058 3939 praedicabant,
2077 3901 2246 3940 plenioribus
2259 3911 2305 3930 xe-

1246 3941 1299 3970 niis
1311 3942 1367 3970 auri
1382 3942 1416 3970 &
1431 3939 1536 3978 argenti
1550 3937 1596 3967 Re
1616 3939 1639 3967 ia
1653 3937 1843 3969 munificentia
1856 3938 1987 3968 satisfecit.

1287 3978 1460 4008 Notabiliter
1491 3977 1573 4015 igitur
1612 3977 1754 4007 ehonestat
1773 3977 1888 4016 gloriam
1909 3976 1988 4007 Sedis
2005 3977 2178 4017 Apostolicae
2193 4000 2202 4014 ,
2225 3976 2304 4016 quod

1248 4017 1336 4056 aliqua
1353 4024 1476 4055 unquam
1489 4015 1658 4052 ingratitudo
1670 4016 1739 4046 tanti
1751 4014 1880 4045 beneficii
1896 4017 2064 4046 memoriam
2078 4017 2168 4056 potuit
2183 4016 2304 4045 abolere.

1248 4053 1374 4093 Qand6
1394 4063 1428 4084 ue
1447 4053 1546 4091 poterit
1567 4063 1601 4083 ex
1622 4055 1701 4085 causa
1722 4053 1876 4093 consimili,
1893 4054 1969 4093 quod
1992 4054 2071 4085 Deus
2084 4062 2202 4084 avertat,
2222 4054 2304 4084 schis-

1245 4101 1326 4125 matis
1347 4101 1386 4132 pu
1398 4091 1480 4124 lulare
1496 4091 1686 4132 fermentum,
1702 4091 1859 4131 vestraeque
1880 4092 2021 4133 praesentis
2038 4092 2148 4125 desidiae
2162 4093 2196 4124 &
2209 4091 2305 4158 defefi}

2325 293 2399 324 Ann.
2417 292 2451 324 D

2342 340 2426 372 1193.

2322 2133 2443 2168 ³⁵1.73„'
