2570 4261
0 273 60 304 mn.
73 269 115 302 D„

3 314 85 354 1255.

0 354 46 379 len.
63 358 89 387 3.

0 1534 65 1567 knn.
81 1532 122 1564 D.

18 1580 103 1612 1255.

0 1615 40 1641 (n.
58 1621 105 1649 39-

0 1655 24 1678 3.
43 1659 69 1687 3.

0 1689 30 1716 Ex
44 1690 101 1716 Au-

0 1736 52 1763 ogr.

0 1801 8 1836 '.
18 1801 42 1829 1.
53 1800 120 1838 548.

0 2650 71 2683 Anti.
82 2647 125 2682 D.

15 2695 101 2728 1255.

0 2730 48 2756 dn.
62 2737 108 2765 39.

0 2769 28 2794 H.
50 2775 76 2803 3.

0 2809 33 2833 De
47 2808 105 2832 Au-

0 2851 55 2879 rogr.

684 181 794 226 ET
878 180 1148 225 ACTA

133 272 222 305 nostri
235 293 247 312 ,
271 270 300 304 in
314 269 455 304 servitium
469 268 604 304 Ecclesiae
617 268 763 301 Romanae
809 270 993 313 pro-negotio
1009 268 1106 309 Regni
1121 267 1193 299 Sici-

131 312 196 352 liae,
212 320 281 343 cum
293 311 452 342 honorabili
464 310 606 341 accesserit
621 309 745 340 militum
810 315 907 338 mitiva
920 332 930 346 ,
954 309 988 340 &
1002 317 1118 348 propter
1133 307 1191 337 hoc

152 352 227 387 ravia
245 349 357 381 subierit
377 358 465 379 onera
483 348 662 388 expensarum
676 369 686 383 ,
711 347 745 377 &
767 346 926 385 hujusmodi
944 356 979 377 ex

131 360 255 428 ἔκυψε
267 387 386 426 plurima
400 409 411 425 ,
433 395 498 426 quae
511 386 565 416 hac
583 384 733 416 occasione
747 384 892 415 incurrisse
909 384 978 414 dino
990 385 1062 415 citur
1074 406 1084 422 ,
1107 383 1193 421 usque

131 428 167 458 ad
180 426 298 467 quatuor
315 425 438 456 millium
457 425 591 455 librarum
605 423 755 454 Turonen.
773 422 917 453 summam
930 423 1091 453 ascendant:
1112 421 1193 465 Nos-

130 475 185 510 que
198 475 232 496 ac
246 464 255 494 i
277 464 302 494 (a
317 462 441 494 Ecclefia
453 463 536 493 simus
548 463 574 492 ei
588 462 618 492 in
630 459 763 499 praedicta
780 462 931 499 quantitate
944 462 1074 500 pecuniae
1086 460 1194 499 obliga—

131 512 169 542 ti,
185 503 219 534 &
281 501 488 546 restitutionem
502 508 646 531 teneamur
663 498 741 537 ipsis:
1026 538 1032 543 .

131 538 941 620 affigi?ffifflffssffizffifflinsitii?
946 545 1195 620 &3313233251‘2'3

131 627 215 688 fum³
232 616 370 686 fagtarum
383 625 437 684 psro
450 615 554 684 eoagem
568 623 702 654 negotio,
722 613 872 682 plertnusdin
890 613 1061 683 alni-nsqstrsis
1075 613 1195 683 εέὶρῗὲἶὲ

802 662 821 682 n
842 662 892 682 um
1182 667 1196 677 ⁴

133 663 515 735 gffigiiss,prgxqumaouv{itileum
523 662 801 722 Ἣῗεῐέαέεξὲωέἓέ
806 689 891 721 debes
903 663 995 721 &dein
1002 663 1126 731 (liptiol
1159 662 1182 728 3¹

159 733 292 772 >(Qiem,
306 739 420 775 utpote,
435 715 630 775 praediletssium
644 738 712 774 ano
735 730 756 759 is
763 751 777 773 ,ι
791 729 824 759 &
837 730 908 760 inter
918 729 986 774 alios
998 730 1097 773 praeele
1114 738 1195 773 ‘ti-m,

132 771 168 803 ad
181 779 226 810 te,
244 779 297 811 pro
309 768 441 800 carissimi
454 779 483 799 in
494 767 614 799 Christo
627 767 677 798 filii
692 767 780 798 nostri
790 766 952 806 Edmund1,
969 766 1077 798 illustris
1091 767 1196 798 Siciliae

131 809 236 848 Regis,
255 808 311 838 nati
326 808 366 838 tui
379 818 398 837 n
434 807 513 845 otio,
528 806 660 837 duximus
678 805 875 836 destinandum
890 829 901 845 ,
926 805 1061 846 praedidm
1076 813 1197 843 quatuor

132 848 218 879 millia
237 846 372 877 librarum
385 816 537 890 ffironen.
557 852 621 876 ante
657 844 812 889 raemiffum
833 845 987 889 terminum
1000 866 1010 881 ,
1033 853 1102 874 cum
1115 851 1194 874 tuam

133 887 161 917 su
182 896 211 916 er
225 885 283 915 hoc
297 883 520 923 magnitudinem
533 883 609 914 idem
650 882 777 923 piscopus
789 883 974 922 requisiverit,
990 891 1043 922 pro
1054 880 1147 912 nostra
1160 881 1195 912 &

133 896 202 957 segis
216 921 392 967 Apostolicae
405 923 561 966 reverentia
571 921 653 952 facias
667 921 812 966 libera-liter
826 921 959 965 exbiberi.

171 962 240 994 Nos
257 970 336 992 enim
349 961 385 991 de
403 960 564 999 hujusmodi
582 968 702 998 quatuor
716 960 837 990 millibus
856 960 933 990 libris
944 956 1102 1002 Turonens.
1159 955 1196 986 st-

132 1010 220 1041 quam
234 1009 266 1030 ea
279 1000 328 1037 ipfi
342 997 446 1040 Episco
466 1009 485 1029 o
501 998 571 1030 solvi
583 999 699 1038 feceris,
716 998 905 1039 reputabimus
917 997 1000 1028 nobis
1012 997 1047 1028 &
1063 994 1107 1026 Ec
1135 994 1198 1025 esiae

132 1038 258 1080 praefatae
270 1035 332 1069 fore
345 1037 468 1076 plenarie
482 1037 659 1069 satisfactum.

134 1163 153 1193 p
166 1111 241 1161 Dat.
259 1113 407 1155 Neapoli,
424 1114 580 1148 undecimo
602 1113 666 1146 Kal.
689 1113 788 1154 Maii,
810 1110 997 1146 Pontificatfis
1015 1109 1104 1143 nostri
1123 1118 1200 1141 anno

153 1164 234 1186 nmo.

1046 356 1071 375 κ
1090 352 1192 386 praeter

481 1217 608 1255 Plumbeo
624 1216 714 1261 Sigillo
720 1217 855 1261 pendente
869 1233 888 1251 a
897 1217 951 1263 filo
969 1216 1094 1249 canabeo.

135 1348 227 1382 Bulla
251 1347 477 1395 Archiepifiopo
496 1344 720 1388 Cantuarienfi,
744 1346 781 1382 ὠ·
803 1340 958 1390 Magistro
977 1337 1141 1382 Rostando,
1166 1337 1203 1370 de

182 1394 359 1440 absblvendo
376 1398 454 1441 Rege
469 1406 490 1427 a
504 1404 574 1427 voto
590 1393 687 1427 Terrae
694 1391 820 1438 siinst'ae,
841 1395 879 1430 ὠ·
897 1385 1109 1424 commutando
1125 1384 1206 1419 illud

185 1441 266 1477 idem
284 1446 315 1476 in
332 1446 481 1491 negotium
496 1441 614 1476 Sicilia.

141 1527 349 1586 ALexander
371 1527 528 1598 Episciqpus
541 1550 551 1568 ‚
576 1526 669 1560 servus
685 1526 831 1572 servorum
851 1523 931 1570 Dei,
953 1501 1105 1568 'venerabili
1126 1519 1203 1566 fratri

326 1565 454 1606 Archiep
476 1576 553 1605 copo
574 1565 766 1597 Cantuariensi
778 1587 789 1603 ,
812 1565 846 1596 &
866 1563 969 1607 dilecto
985 1562 1044 1592 filio
1064 1560 1205 1605 Magistro

139 1602 308 1645 Rostando,
324 1604 482 1646 capellano
499 1603 616 1644 nostro,
632 1604 748 1634 salutern
762 1603 796 1634 δε
811 1601 1009 1641 Apostolicam
1027 1599 1206 1631 benedictio-

139 1653 259 1713 neffiiim
272 1692 326 1714 nos
340 1682 370 1714 R
427 1690 480 1713 um
497 1680 602 1712 Siciliae
616 1678 758 1711 cariffimo
774 1679 804 1709 in
820 1677 939 1709 christo
959 1676 1018 1708 fi1i0
1032 1675 1131 1707 nostro
1146 1673 1206 1705 Ed-

139 1720 366 1828 ‘winnige
366 1690 472 1788 ῖῖῗὲθε
484 1719 593 1788 aare
727 1713 1207 1786 θεεθωω

137 1796 275 1841 consilio,
313 1766 685 1841 uxerimeffs'sconqessssengum
694 1818 704 1834 ,
718 1766 850 1833 ²{galiiaaut’in
865 1792 1038 1834 Apostolico
1060 1793 1077 1810 ³²
1093 1790 1207 1833 privile-

135 1834 784 1918 gIOAffigaeffncdieffidlgegei-{geffinffdgffl}’a
803 1879 875 1916 voto
895 1870 988 1915 crucis
999 1892 1009 1908 ,
1019 1909 1024 1914 ⁸
1034 1867 1157 1913 illudque
1173 1868 1205 1898 in

134 1911 341 1952 susceptionem
354 1912 390 1943 &
403 1919 617 1951 exequutionem
633 1918 745 1948 negotii
763 1910 869 1951 praefati
883 1909 931 1940 Re
951 1919 981 1939 ni
996 1908 1100 1938 Siciliae
1121 1915 1206 1951 com-

133 1949 285 1990 mutandi,
302 1950 416 1991 plenam
428 1950 462 1981 &
475 1950 593 1980 liberam
606 1949 755 1980 tribuimus
773 1949 854 1981 vobis
867 1970 878 1987 ,
902 1957 939 1978 ve
966 1945 1096 1978 vestrum
1111 1946 1206 1984 alteri,

133 1989 300 2020 auctoritate
312 1989 506 2027 praesentium,
523 1986 703 2026 potestatem.
1100 2023 1105 2028 Ι

169 2027 240 2072 {Nos
256 2028 338 2072 enim
357 2024 534 2069 praedistum·
547 2024 661 2065 Regem
682 2025 796 2064 Angliae
817 2024 862 2054 illa
878 2023 1048 2063 indulgentia
1064 2045 1074 2061 ‚
1097 2021 1203 2093 11]οὲιὲ

133 2065 302 2110 privssegio,
316 2074 400 2109 eaque
411 2070 592 2107 immunitate
606 2062 727 2132 {audere
738 2063 887 2132 volumuisi,
904 2073 969 2104 quae
987 2062 1088 2093 Terrae
1099 2061 1145 2092 san

133 2104 356 2136 succurrentibus
370 2112 401 2133 in
414 2101 538 2141 generali
553 2110 610 2132 oon
632 2101 672 2132 lio
682 2101 744 2133 sunt
758 2110 852 2132 conce
875 2111 899 2132 a.

134 2179 248 2260 &ffi-
272 2179 424 2220 Neapoli,
456 2178 557 2219 quinto
577 2177 663 2211 Non.
685 2177 781 2218 Maii,
810 2176 998 2211 pontificatus
1017 2175 1108 2209 nostri
1127 2185 1203 2207 anno

884 2286 974 2328 sigillo
992 2285 1096 2328 avulso.

136 2415 229 2450 Bulla
250 2414 288 2450 de
301 2410 481 2460 'Mmffredo
501 2410 664 2449 adherente
683 2416 843 2449 Saracenis
861 2426 871 2452 ,-
894 2425 1002 2447 necnon
1025 2409 1063 2445 de
1085 2406 1203 2457 abftlu-

182 2464 262 2498 tione
285 2466 374 2510 Regis
393 2464 511 2510 Angliae
525 2463 618 2510 fhper
646 2472 714 2497 voto
741 2461 887 2508 commissit
911 2460 955 2495 ad
979 2461 1110 2495 Terram
1127 2460 1204 2505 fian-

184 2512 292 2593 ZZZ}
311 2515 349 2551 (β’
364 2511 401 2547 de
418 2515 650 2546 commutatione
667 2510 800 2558 ejusdem
815 2512 881 2545 voti
898 2514 930 2544 in
943 2513 1093 2557 negotium
1112 2510 1205 2554 Regni

289 2584 303 2600 Ρ

145 2643 359 2710 ALexander
375 2642 531 2686 Episcopus
543 2669 553 2684 ‚
574 2643 667 2677 servus
686 2643 830 2681 servorum
852 2642 911 2675 Dei
925 2639 1111 2687 ‚venerabili
1131 2639 1207 2673 fratri

309 2683 535 2723 Archiepiscopo
547 2683 727 2715 Cantuarien.
742 2684 776 2714 &
788 2682 897 2714 dilecto
914 2682 973 2712 filio
987 2680 1128 2720 Magistro
1138 2676 1209 2724 ‚Ro-

143 2718 466 2793 ῗαηιέἓὶέᾗξυὺάἱαεοηο
480 2722 514 2754 &
528 2721 684 2761 Capeliano
699 2721 815 2760 nostro,
828 2720 944 2752 salutem
964 2719 999 2751 &
1012 2719 1209 2760 Apostolicam

168 2770 202 2792 en
289 2770 385 2792 onem.

184 2800 234 2832 Pia
249 2801 344 2830 matris
356 2798 490 2831 Ecclefiae
503 2798 594 2830 studia
607 2800 681 2830 circa
694 2794 924 2840 prosecutionem
935 2797 1043 2837 negotii
1057 2795 1154 2836 Regni
1166 2795 1210 2827 Si·

145 2838 218 2870 ciliae
235 2838 327 2877 (quod
345 2845 488 2878 tamquam
503 2836 618 2878 speciale
632 2845 667 2869 ac
679 2838 857 2881 praecipuum
875 2835 974 2867 residet
992 2835 1074 2880 cordi
1090 2834 1208 2872 nostro)

144 2876 291 2908 Manfredi
324 2876 450 2908 nondam
464 2876 602 2915 Principis
619 2876 767 2907 Tarentin.
785 2883 916 2915 proterva
934 2881 1074 2906 temeritas
1085 2896 1095 2913 ,
1118 2874 1153 2906 &
1166 2873 1211 2904 su-

144 2917 233 2954 perba
245 2916 312 2947 rebe
322 2915 361 2946 lio
374 2916 462 2954 impie
476 2916 518 2945 im
554 2916 613 2946 dire
627 2920 761 2945 conatur·

179 2953 219 2986 Et
232 2964 293 2984 non
305 2955 408 2997 veritus
423 2953 500 2984 idem
555 2977 561 2983 .
578 2952 672 2984 eidem
687 2937 838 2991 Eccl'efiae‚
854 2951 889 2983 ad
901 2951 1094 2983 evacuandam
1111 2952 1168 2990 ejus
1178 2951 1210 2982 in

145 2992 201 3023 hac
216 3000 295 3030 parte
307 2989 543 3029 sollicitudinem,
558 2992 728 3031 suorumque
741 2987 849 3028 labores
865 2990 1010 3030 fidelium,
1028 3000 1096 3021 cum
1110 2989 1210 3021 infide-

143 3030 219 3099 llibqs
238 3028 355 3060 obviare
379 3027 533 3060 Saracenis
553 3031 676 3059 Luceriae
691 3024 890 3061 detestabiliter
910 3029 944 3061 &
963 3029 1145 3068 impudenter
1162 3028 1212 3060 ad·

167 3078 193 3099 ae
203 3074 239 3098 it·

185 3089 289 3144 Eis’ciue
304 3104 429 3137 nefando
442 3103 549 3136 foedere
563 3103 697 3144 copulatur
714 3104 840 3144 ipsorum
852 3105 997 3144 praecipue
1011 3114 1110 3138 contra
1124 3104 1212 3137 Chri-

147 3143 251 3176 stianos
263 3144 423 3185 assumpfit,
440 3145 474 3175 &
491 3144 575 3182 praeel
611 3144 632 3175 it
651 3143 786 3176 auxilium
822 3153 1042 3185 propugnatores
1061 3144 1214 3182 Ecclefiae,

146 3184 184 3227 βε
194 3181 356 3227 defensores
369 3182 501 3226 libertatis
516 3183 550 3213 &
563 3181 583 3212 fi
602 3183 628 3213 ei
643 3182 794 3223 dampnabi
806 3184 857 3214 'ter
876 3192 946 3214 cum
960 3183 1077 3214 illorum
1090 3183 1214 3221 viribus,

146 3231 178 3252 in
192 3230 321 3260 injuriam
335 3219 489 3252 Christiani
502 3221 639 3259 nominis,
657 3220 867 3261 oppugnand03
884 3221 1022 3261 nobisque
1040 3223 1072 3252 in
1086 3228 1145 3252 tam
1159 3222 1215 3251 bo-

147 3260 180 3290 ni
193 3260 381 3298 exequutione
393 3258 529 3300 propositi
547 3258 593 3298 se,
609 3268 681 3290 cum
694 3260 818 3292 inimicis
838 3260 931 3292 crucis
944 3260 979 3292 &
997 3259 1079 3300 fidei,
1096 3259 1213 3291 obicem

146 3296 345 3381 ορὲἳὲῗέέῗὲ,
360 3335 381 3366 fi
394 3335 469 3380 bene
482 3344 498 3366 a
512 3334 637 3381 fidelibus
648 3335 683 3367 &
696 3335 850 3381 diligenter·
858 3336 1012 3369 attenditur
1031 3337 1061 3368 in
1097 3344 1214 3368 uantum

147 3384 306 3419 ammarum
319 3357 513 3418 dispendium,
531 3374 736 3418 detrimentum
748 3376 897 3409 catholicae
914 3375 979 3407 fidei
992 3399 1002 3414 ‚
1027 3376 1061 3407 &
1107 3375 1216 3419 eclesiae

147 3414 190 3444 ob
209 3413 336 3444 robnum
349 3411 379 3443 id
395 3411 549 3451 redundet,
565 3421 626 3443 non
639 3412 717 3451 1uffi,
735 3422 796 3443 non
810 3414 916 3454 rogati,
932 3423 987 3446 nec
1001 3416 1104 3446 moniti
1116 3416 1218 3445 animis

150 3452 186 3483 de
224 3459 286 3483 rent
300 3451 440 3492 promptis
453 3450 636 3490 consurgere,
652 3461 685 3482 ac
705 3452 735 3482 in
754 3461 845 3482 unum
864 3462 964 3484 ornnes
976 3454 1005 3483 in
1025 3454 1108 3491 ipsius
1120 3453 1217 3484 Luce-

150 3492 200 3521 riae
213 3490 383 3528 suorumque
400 3489 593 3520 habitatorum
605 3489 805 3521 exterminium
826 3499 957 3531 potenter
976 3500 1129 3531 congerere
1142 3492 1217 3521 vires

151 3529 224 3567 suas,
240 3537 271 3560 ut
284 3528 365 3573 nullis
376 3537 422 3559 am
442 3527 508 3566 lius,
525 3528 554 3557 in
566 3536 773 3560 nocumentum
781 3527 916 3561 Ecclesiae
929 3539 963 3561 ac
975 3531 1108 3569 suorum,
1125 3529 1215 3561 rebel-

151 3568 223 3599 lium
237 3567 380 3606 refugium
394 3577 410 3597 e
435 3576 451 3596 e
462 3565 564 3605 posset.

188 3606 269 3637 Cum
284 3606 367 3645 igitur
375 3604 541 3649 Apostolica
553 3603 644 3643 sedes,
680 3614 714 3636 ro
727 3605 808 3646 ipfius
821 3605 983 3639 defensione
995 3607 1059 3639 fidei
1098 3615 1217 3647 eamque

149 3644 380 3688 impugnantium
400 3644 589 3675 debellatione
604 3613 706 3674 salugri
720 3665 732 3682 ,
751 3644 787 3674 ad
808 3646 960 3677 remotiora
980 3631 1081 3677 inund'i
1105 3646 1217 3677 climata

150 3683 265 3722 copiosa
277 3681 393 3714 subsidia
407 3682 583 3714 consueverit
594 3680 732 3713 destinare
767 3680 979 3724 suffragantibus
997 3685 1033 3716 ad
1050 3685 1109 3716 hoc
1131 3684 1218 3723 largas

151 3721 327 3752 remissiones
339 3721 374 3753 &
391 3720 575 3761 indulgentias
586 3719 735 3752 conceden
754 3729 790 3750 0:

198 3760 289 3798 Nos,
313 3760 488 3792 attendentes
508 3759 587 3799 quod
607 3758 690 3800 pestis
713 3757 876 3798 hujusmodi
895 3759 1040 3793 Romanae
1063 3760 1217 3799 Ecclesiae,

155 3800 237 3829 matri
251 3798 374 3829 fidelium
386 3807 445 3830 tam
456 3799 552 3830 vicina
584 3797 756 3836 pestilentior
769 3796 825 3827 effe
837 3797 946 3838 posset,
962 3800 982 3830 si
994 3801 1030 3831 ad
1043 3799 1162 3831 eandem
1175 3809 1218 3830 ra-

156 3835 257 3867 dicitus
271 3837 485 3878 extirpandarn,
501 3838 539 3867 ne
573 3837 672 3867 etei-ius
684 3835 846 3875 graviusque
861 3837 1061 3876 circumposita
1073 3838 1136 3869 loca
1151 3846 1217 3872 cor-

156 3873 915 3950 {xeffiaffssxiiffi‘ffifflgfflfflffissffle
930 3875 1039 3917 “¹²⁴¹oe
1051 3877 1162 3908 “kaim
1173 3877 1217 3915 Ψ

194 3947 373 3993 Providimus
390 3951 522 3984 carissimi
543 3953 574 3982 in
588 3949 707 3982 Christo
726 3950 775 3982 filii
787 3949 878 3981 nostri
919 3935 932 3951 ³
1005 3951 1115 3984 illustris
1131 3951 1220 3992 Regis

159 3986 274 4032 Angliae
288 4012 299 4027 ,
320 3992 423 4022 cruces
465 3991 502 4022 ati
515 4013 525 4029 ,
550 3992 612 4021 fore
624 3991 655 4021 in
672 3989 728 4021 hac
748 3998 827 4029 parte
838 3988 989 4021 subsidium
1004 3990 1220 4029 invocandum,

159 4026 577 4109 zssfciiiaiiiieiie
592 4027 1009 4102 ‘erasarum
1022 4029 1160 4108 θεῖε-ὲ

198 4104 273 4135 nm.
284 4105 312 4135 1.
328 4106 362 4135 P.
380 4107 406 4136 i.
583 4090 595 4107 '
1007 4089 1020 4106 ’

1229 181 1696 228 PUBLICA.
2175 197 2286 239 ·195

1230 275 1335 299 matam
1351 268 1507 309 radicibus,
1524 277 1623 311 totque
1635 271 1785 303 distensam
1798 271 1897 310 ramis,
1915 270 1953 303 de
1970 278 2029 304 tam
2045 277 2113 303 caro
2129 268 2163 303 ὃ(
2175 277 2289 302 amaeno
2307 265 2382 297 Ann-
2397 263 2437 299 D·

1228 304 1362 337 Ecclesiae
1376 306 1520 339 Romanae
1534 311 1665 347 pomerio
1679 310 1803 341 funditus
1817 311 1959 350 extirpare.
2333 315 2384 343 125
2390 315 2415 344 5⁶

1266 344 1392 389 Ideoque
1410 345 1568 377 discretioni
1587 347 1688 378 vestrae
1708 349 1868 380 absolvendi
1889 349 2035 388 praefatum
2055 348 2168 388 Regem
2185 356 2202 378 a
2217 354 2290 378 voto
2311 350 2375 373 ΗΜ·
2396 355 2421 381 3ο

1229 392 1337 428 crucis,
1351 383 1477 427 ‘illudque
1490 385 1755 428 innsusceptionem,
1771 388 1805 418 ὅ(
1824 388 2044 424 exequutionem
2063 387 2168 426 praefati
2180 387 2290 423 negotii

1229 421 1357 466 praedicti
1365 421 1464 460 Regni
1479 422 1581 453 Siciliae
1595 425 1809 463 commutandi,
1823 426 1936 463 plenam
1950 426 1984 456 &
1997 427 2114 458 liberam
2124 425 2292 464 tribuimus,

1230 460 1395 491 au&oritate
1407 460 1586 498 praesentium
1594 483 1604 498 ‚
1622 462 1801 500 potestatem.

1265 498 1335 529 Nos
1345 499 1422 528 enim
1435 499 1560 543 eundem
1577 499 1606 529 R
1643 509 1691 530 em
1704 523 1714 538 ,
1739 500 1888 540 postquam
1905 500 2063 540 hujusmodi
2079 508 2180 533 votum
2200 501 2290 533 taliter

1233 538 1476 568 commutaveritis
1490 560 1500 576 ‚
1524 538 1574 568 illis
1588 538 1617 567 in
1640 538 1766 577 ulgentiis
1786 540 1819 570 ὃς
1834 540 1914 578 privil
1950 542 1997 577 iis,
2016 540 2117 579 illisque
2131 541 2295 571 immunita-

1235 575 1309 606 tibus
1321 575 1438 619 gaudere
1452 578 1598 613 volumus,
1633 586 1677 606 uae
1690 574 1790 607 Terrae
1810 577 1913 609 sanctae
1938 579 2150 610 uccurrentibus
2165 581 2196 609 in
2209 586 2294 619 gene—-

1233 614 1283 645 rali
1296 614 1421 645 concilio
1436 614 1499 646 sunt
1513 624 1605 646 conce
1629 624 1653 644 a.

1274 689 1343 722 Dat.
1360 689 1504 729 Neapoli,
1521 691 1607 723 Non.
1625 690 1711 729 Maii,
1727 690 1915 724 pontificatus
1928 692 2016 724 nostri
2031 702 2105 724 anno
2117 694 2220 734 primo.

1985 768 2075 808 Sigillo
2088 769 2191 809 avulso.

1238 889 1260 912 *
1279 890 1369 923 Bulla
1385 892 1484 938 quod,
1502 894 1592 938 fassa
1615 895 1846 927 commutatione
1864 904 2003 928 votorum
2023 897 2107 941 Regis
2126 894 2295 943 Norwcyae,
2316 905 2365 933 ⁶1,
2379 912 2454 941 549„

1284 941 1321 976 &⁴
1337 939 1468 973 aliorum
1488 941 1619 987 ejusdem
1639 944 1732 988 Regni
1748 942 1791 974 ad
1806 945 1934 976 Terram
1944 943 2083 988 fhnffam
2101 947 2132 974 in
2149 947 2298 991 negotium

1283 988 1379 1032 Regni
1392 989 1497 1021 Sicilie
1508 1015 1520 1032 ‚
1546 991 1758 1036 compellantur
1772 990 1908 1023 accedere
1921 989 2042 1024 ibidem.

1237 1069 1454 1133 ALexander
1474 1071 1651 1117 Episcopus,
1677 1073 1770 1118 servus
1787 1074 1932 1116 servorum
1948 1072 2030 1112 Dei,
2053 1074 2201 1120 venerabili
2222 1073 2298 1105 fratri
2317 1073 2393 1105 Anti.
2406 1071 2449 1107 D.

1403 1109 1626 1156 Archiepiscopo
1637 1110 1829 1142 Cantuariensi
1861 1113 1895 1142 &
1906 1112 2010 1143 dilecto
2022 1113 2080 1144 filio
2088 1113 2300 1158 MagistroRo-
2339 1120 2422 1151 1255.

1239 1146 1558 1218 ffssssssfflffissffmno
1572 1150 1606 1182 &
1620 1149 1777 1189 Capeliano
1789 1134 1904 1188 nostro,
1922 1150 2036 1181 salutem
2051 1153 2084 1183 δι’.
2103 1151 2299 1190 Apostolicam
2315 1156 2366 1218 Zur
2380 1163 2423 1188 39,

1277 1223 1356 1255 Cum
1369 1235 1422 1256 nos
1436 1226 1517 1256 vobis
1530 1225 1691 1258 absolvendi
1705 1225 1877 1258 cariffimum
1889 1225 1920 1256 in
1935 1226 2054 1257 Christo
2066 1227 2155 1258 filium
2171 1226 2301 1259 nostrum
2317 1212 2356 1257 Eae
2372 1200 2429 1255 {iu-2

1344 1263 1483 1309 illustrem
1496 1264 1610 1305 Regem
1621 1265 1784 1303 Norweyae
1802 1264 2022 1304 crucesignatum
2037 1275 2100 1308 ,ac
2120 1266 2187 1296 alios
2205 1276 2304 1298 crucc-
2316 1276 2379 1306 ingr.

1240 1300 1360 1340 signatos
1378 1301 1477 1347 Regni
1494 1303 1656 1348 Norweyae
1677 1344 1682 1348 ¹
1705 1312 1740 1334 ac
1759 1303 1873 1333 aliarum
1894 1310 2031 1334 terrarum
2051 1304 2131 1347 ipsius
2151 1303 2238 1343 Regis
2251 1327 2261 1342 ,
2287 1313 2303 1337 a

1241 1349 1315 1385 yoto
1327 1348 1437 1385 crucis,
1451 1341 1529 1381 quod
1542 1352 1573 1386 ‚¹¹¹
1585 1326 1734 1373 subsid’ium
1756 1341 1857 1372 Terrae
1877 1341 1979 1372 siineae
2001 1341 2121 1373 emisisse
2132 1343 2286 1373 noscuntur
2295 1367 2306 1383 ‚

1240 1377 1363 1418 illudque
1382 1389 1413 1409 in
1434 1379 1636 1424 susceptionem
1657 1382 1691 1412 &
1713 1380 1934 1424 exequutionem
1953 1381 2059 1420 negotii
2077 1380 2179 1425 ‘Regni
2200 1381 2306 1413 Siciliae

1241 1417 1462 1487 commtgiiaassd'rr’i
1473 1419 1587 1474 plenam
1601 1419 1634 1450 &
1655 1420 1771 1450 liberam
1786 1419 1965 1450 tribuerimus
1984 1428 2034 1458 per
2050 1419 2112 1449 alias
2126 1418 2230 1450 nostras
2245 1419 2307 1451 lite-

1312 1495 1452 1526 iscretioni
1467 1481 1581 1540 (restrae,
1600 1505 1632 1527 ut
1643 1505 1743 1526 omnes
1758 1496 1962 1533 crucesignatos
1974 1494 2101 1539 praedic‘ti
2116 1494 2211 1535 Regni
2220 1494 2305 1541 Nor-

1241 1534 1551 1604 Ἢῗώἑῗξάἱᾞῗέἒ
1564 1534 1682 1604 ὲίῗῖἓὲῗ
1719 1544 1843 1604 ἓ“ἓ“ᾸἝ
1862 1543 1931 1602 §22¹²
1946 1535 2308 1604 ‘3¹2¹oe‘rgf3ffiinnuiivessffssss

1240 1581 1364 1650 {iciliaffi
1380 1620 1433 1651 pro
1447 1612 1528 1650 ipsius
1546 1583 1765 1650 prosequutionge
1782 1581 1905 1651 miggen
1919 1595 1965 1641 izei
1976 1581 2044 1641 edin
2059 1611 2111 1641 illo
2124 1582 2305 1649 quemegidem

1241 1648 1306 1679 Rex
1317 1657 1432 1693 propter
1441 1649 1499 1681 hoc
1512 1651 1678 1695 destinavit,
1693 1650 1853 1681 monitione
1866 1648 2019 1690 praemifla,
2034 1649 2238 1694 per-censuram
2247 1650 2305 1695 Ec-

1242 1686 1421 1766 5532fo
1428 1689 1644 1765 ’viiississaffissss
1652 1697 1788 1758 ’ἕξίἓῗιὶ
1795 1687 2231 1765 Psffziffiffitlnssizssssffoisffla
2240 1689 2308 1758 ῗὲἕὲ

1242 1764 1408 1809 Apostolica
1424 1766 1456 1796 sit
1468 1766 1609 1810 indultum
1621 1767 1698 1805 quod
1714 1765 1843 1809 interdici
1857 1788 1867 1804 ,
1890 1764 2034 1804 suspendi,
2052 1765 2098 1796 vel
2111 1768 2310 1797 excommuni-

1241 1813 1376 1873 ἓέἷεὲἳέε]
1389 1804 1556 1874 Ξὲίῖῐιῖιὲῑυῇῗ
1562 1804 1672 1880 ἐῖξῗὲῗῐεῃ
1672 1805 1698 1836 Α
1719 1804 1848 1835 ostolicas
1861 1826 1872 1842 ‚
1896 1803 2008 1841 plenam
2023 1804 2056 1834 &
2070 1803 2226 1843 expressam
2246 1814 2308 1835 non

1239 1880 1372 1912 duximus
1385 1881 1611 1913 concedendum.

1241 1465 1283 1486 l'aS

1713 1845 1722 1874 i
1738 1842 1928 1880 mentionem)
1950 1842 2113 1874 auctoritate
2126 1842 2307 1881 praesentium

1278 1956 1347 1989 Dat.
1362 1958 1505 1999 Neapoli,
1523 1967 1539 1998 5
1555 1957 1597 1990 Id.
1616 1956 1705 1998 Maii,
1723 1956 1911 1990 Pontificatfis
1923 1955 2012 1989 nostri
2026 1967 2102 1989 anno
2114 1959 2220 2000 primo.

1607 2034 1736 2067 Plumbeo
1750 2035 1824 2075 Sigil.
1834 2036 1947 2075 pendeo.
1959 2047 1979 2066 a
1983 2035 2037 2078 filo
2052 2035 2176 2066 canabeo.

1239 2176 1330 2210 Bulla
1348 2176 1574 2224 Archiepifiopo
1592 2176 1814 2222 Cantuarienst,
1839 2180 1876 2216 θ’
1893 2173 2045 2224 Magistro
2063 2174 2207 2221 Rafiando
2215 2178 2308 2224 super

1285 2232 1517 2260 commutatione
1541 2229 1607 2260 voti
1633 2229 1720 2272 Regis
1746 2228 1915 2275 Nor-meyer,
1942 2229 1978 2264 ὠ·
2002 2226 2133 2258 aliorum
2159 2225 2196 2258 de
2223 2237 2308 2259 terra

1278 2276 1341 2321 sita
1360 2274 1404 2309 ad
1417 2276 1546 2309 Terram
1558 2274 1700 2320 fhnflam
1715 2277 1747 2308 in
1762 2278 1912 2321 negotium
1928 2274 2053 2318 Sicilie,
2078 2277 2114 2314 (ψ
2130 2272 2309 2320 absolutione

1281 2322 1430 2371 prediffis
1450 2326 1524 2371 Regi
1543 2326 1580 2363 (ᾖε
1592 2323 1660 2369 siais
1676 2322 1745 2356 inde
1755 2321 1914 2368 facienda.

1241 2409 1456 2472 ALexander
1470 2407 1626 2450 Episcopus
1640 2432 1650 2446 ,
1674 2405 1766 2440 servus
1786 2406 1934 2440 servorum
1951 2408 2033 2446 Dei,
2059 2404 2211 2439 venerabili
2233 2408 2309 2439 fratri
2323 2408 2398 2441 Ann.
2413 2406 2457 2445 D.

1406 2448 1631 2488 Archiepiscopo
1646 2446 1826 2478 Cantuarien.
1840 2449 1874 2479 &
1887 2448 1992 2478 dilecto
2009 2446 2067 2477 filio
2082 2446 2228 2484 Magistro
2242 2447 2308 2477 Ro·
2345 2458 2357 2478 1
2366 2455 2432 2488 255.

1242 2486 1560 2557 gangssffwdiacono
1573 2484 1607 2518 &
1622 2485 1777 2525 Capeliano
1791 2485 1907 2524 nostro,
1924 2486 2037 2517 salutem
2056 2485 2091 2516 &
2110 2485 2306 2523 Apostolicam
2319 2492 2372 2516 An.
2388 2499 2434 2525 39„

1266 2536 1300 2557 en
1337 2536 1345 2555 i
1378 2533 1482 2556 ionem.
2324 2531 2358 2554 Η.
2398 2546 2404 2554 .

1283 2562 1333 2594 Pia
1347 2565 1440 2595 matris
1454 2558 1590 2594 Ecclesiae
1612 2561 1700 2594 studia
1719 2564 1795 2594 circa
1816 2558 2062 2604 prosequutionem
2081 2563 2191 2599 negotii
2211 2561 2311 2601 Regni
2326 2569 2365 2592 Ex
2378 2536 2443 2601 ἔφη

1243 2602 1348 2634 Siciliae
1363 2601 1453 2671 gquod
1466 2610 1598 2641 tanquam
1613 2600 1728 2640 speciale
1738 2611 1780 2637 ac
1795 2602 1973 2641 praecipuum
1987 2600 2086 2630 residet
2104 2601 2185 2631 cordi
2199 2601 2308 2641 nostro)
2324 2611 2390 2640 togr.

1246 2640 1362 2672 Manfre
1383 2643 1392 2679 i
1407 2640 1552 2679 quondam
1566 2638 1704 2678 Principis
1717 2640 1864 2671 Tarentin.
1879 2646 2008 2680 proterva
2019 2639 2158 2670 temeritas
2171 2640 2204 2671 &
2217 2639 2311 2681 super-

1244 2679 1283 2711 ba
1298 2676 1415 2710 rebellio
1428 2679 1516 2716 impie
1531 2676 1668 2716 impedire
1680 2686 1813 2717 conatur3

1283 2716 1339 2756 Et,
1353 2728 1414 2748 nori
1428 2718 1530 2748 veritus
1545 2716 1622 2747 idern
1640 2713 1688 2747 M.
1701 2716 1794 2747 eidem
1815 2711 1948 2747 Ecclefiae
1962 2735 1973 2755 ,
1997 2715 2032 2746 ad
2045 2715 2236 2748 evacuandam
2255 2716 2313 2758 ejus

1247 2757 1278 2788 in
1291 2755 1345 2786 hac
1360 2764 1437 2796 parte
1451 2755 1664 2785 sollicitudinem

1247 2795 1355 2865 geliibus
1369 2795 1483 2826 obviare
1498 2790 1652 2825 Sarracenis
1671 2777 1697 2824 1³⁴

1270 2841 1341 2865 aeit:

1285 2870 1386 2911 Eisque
1400 2870 1525 2902 nefando
1537 2869 1646 2903 foedere
1660 2868 1806 2911 copulatus
1817 2868 1940 2911 ipsorum
1952 2869 2096 2911 praecipue
2110 2878 2210 2902 contra
2225 2868 2315 2903 Chri-

1249 2910 1354 2943 stianos
1370 2910 1457 2940 affum
1475 2909 1512 2952 sit
1530 2910 1564 2942 ὃς
1587 2909 1730 2950 praeelegit
1743 2910 1877 2941 auxilium
1891 2932 1902 2953 ,Ι
1925 2918 2144 2949 propugnatores
2163 2909 2316 2950 Ecclesiae,

1249 2950 1284 2982 δε
1295 2945 1449 2980 defensores
1473 2946 1591 2979 ibertatis
1606 2948 1640 2979 &
1654 2947 1719 2979 fidei
1732 2946 1964 2988 dampnabiliter,
1981 2957 2050 2979 cum
2063 2948 2175 2978 illorum
2189 2949 2313 2988 viribus,

1248 2990 1279 3020 in
1291 2988 1419 3026 injuriam
1426 2984 1578 3017 Christiani
1592 2985 1735 3026 nominis,
1750 2986 1959 3031 oppugnando,
1976 2985 2113 3026 nobisque
2125 2987 2155 3016 in
2169 2994 2227 3017 tam
2239 2988 2312 3019 boni

1248 3027 1437 3066 exequutione
1450 3024 1584 3065 propofiti
1596 3024 1638 3063 se,
1656 3034 1725 3056 cum
1739 3025 1863 3056 inimicis
1873 3026 1967 3056 crucis
1980 3025 2013 3057 &
2028 3023 2111 3063 fidei,
2128 3025 2243 3057 obicem
2256 3036 2312 3065 op·

1251 3064 1398 3106 ponendo.
1666 3097 1669 3099 ,
1818 3098 1821 3100 ‚

1285 3103 1441 3142 Profecto,
1461 3102 1480 3133 fi
1492 3100 1564 3133 bene
1578 3111 1594 3133 a
1608 3097 1736 3133 fidelibus
1747 3100 1780 3133 &
1795 3100 1943 3139 diligenter
1960 3098 2110 3133 attenditur
2124 3100 2154 3133 in
2173 3109 2311 3147 quantum

1249 3144 1406 3174 animarum
1425 3141 1471 3172 dis
1502 3140 1603 3171 ndium
1615 3163 1627 3179 ‚
1650 3140 1850 3171 detrimentum
1869 3140 2018 3172 catholicae
2037 3140 2101 3171 fidei
2122 3141 2156 3171 ὃ(
2173 3140 2310 3171 Ecclesiae

1249 3181 1435 3219 obprobrium
1449 3178 1458 3210 i
1492 3178 1647 3217 redundet,
1666 3188 1726 3209 non
1735 3177 1817 3218 jussi,
1835 3188 1895 3208 non
1908 3180 2012 3218 rogati,
2028 3188 2082 3210 nec
2098 3179 2199 3209 moniti
2212 3179 2312 3209 animis

1250 3220 1384 3252 deberent
1397 3219 1535 3258 promptis
1548 3218 1714 3256 consurgere
1726 3239 1736 3255 ,
1760 3226 1795 3248 ac
1808 3218 1839 3246 in
1855 3227 1946 3248 unum
1967 3227 2068 3248 omnes
2081 3218 2111 3246 in
2124 3216 2204 3254 ipsius
2219 3216 2313 3246 Luce-

1251 3260 1320 3328 }{Z‘s’
1336 3253 2059 3327 2¹?2ffii‘ssua‘3nhaiffitsaissffiffissfflffiuincffl‘sssss‘ss
2072 3255 2315 3323 AE‘S‘ssiffieffl‘e‘if

1251 3320 1325 3366 lium'
1334 3335 1477 3372 refugium
1490 3343 1507 3363 e
1529 3342 1546 3363 e
1578 3332 1657 3364 offet.
2154 3366 2161 3375 ὁ
2191 3313 2202 3331 ’

1290 3373 1370 3404 Cum
1380 3374 1462 3412 igitur
1476 3371 1544 3409 Apo
1570 3371 1645 3402 olica
1658 3368 1732 3403 sedes
1750 3380 1803 3410 pro
1820 3370 1901 3409 ipsius
1919 3369 2078 3401 defensione
2098 3368 2161 3398 fidei
2197 3377 2316 3409 eamque

1252 3412 1480 3451 impugnantium
1503 3409 1689 3441 debellatione
1711 3409 1809 3440 salubri
1822 3432 1832 3448 ‚
1856 3408 1890 3438 ad
1912 3409 2064 3438 remotiora
2084 3417 2153 3437 mun
2174 3409 2183 3437 i
2201 3407 2315 3439 climata

1253 3450 1365 3491 copiosa
1378 3448 1493 3480 subsidia
1512 3447 1689 3479 consueverit
1708 3448 1860 3485 destinare,
1876 3446 2086 3486 suffragantibus
2103 3444 2138 3475 ad
2156 3445 2215 3477 hoc
2229 3446 2316 3486 largas

1253 3488 1425 3521 remissiones
1440 3486 1473 3518 δε
1488 3486 1668 3526 indulgentias
1679 3482 1885 3523 concedendo,
1904 3523 1909 3528 ⁵
2012 3501 2015 3503 ε
2090 3518 2094 3519 ⁷

1291 3524 1360 3558 Nos
1373 3525 1545 3557 attendentes
1558 3525 1636 3565 quod
1650 3524 1731 3565 pestis
1750 3522 1911 3562 hujusmodi
1928 3521 2072 3553 Romanae
2086 3520 2238 3561 Ecclesiae,
2257 3530 2318 3554 ma.

1253 3566 1289 3599 tri
1301 3564 1440 3602 fidelium,
1457 3570 1516 3595 tam
1529 3564 1640 3602 vicina,
1657 3562 1829 3604 pestilentior
1845 3559 1900 3592 esse
1917 3558 2009 3598 posset:
2021 3584 2031 3598 ,
2053 3560 2073 3590 fi
2090 3559 2125 3590 ad
2138 3560 2256 3591 eandem
2272 3572 2316 3593 ra-

1254 3605 1356 3637 dicitus
1375 3601 1562 3640 extirpandam
1577 3625 1587 3641 ‚
1617 3612 1653 3632 ne
1672 3601 1792 3632 deterius
1813 3600 1833 3620 ⁴¹²
1855 3598 2016 3637 graviusque
2035 3599 2232 3636 circumposita
2251 3599 2314 3632 loca
2331 3609 2351 3631 at
2366 3612 2390 3641 1,
2399 3611 2465 3647 552}

1255 3649 1434 3683 corrumpat,
1452 3640 1615 3678 provisionis
1628 3648 1769 3679 apponere
1781 3647 1921 3683 oportuna
1934 3637 2066 3681 consilia,
2080 3636 2193 3676 suaeque
2205 3638 2316 3671 ulterius

1255 3681 1310 3722 ipsa
1325 3679 1448 3712 Ecclesia
1462 3678 1587 3709 conflare
1600 3677 1725 3709 differret
1739 3676 1890 3707 molimina
1904 3672 2064 3714 potestatis,
2153 3708 2157 3711 Δ

1293 3718 1473 3750 Providimus
1490 3716 1620 3747 carissimi
1639 3718 1669 3746 in
1691 3714 1809 3746 Christo
1829 3712 1878 3743 filii
1897 3710 1987 3744 nostri
2061 3749 2064 3751 ,
2097 3713 2207 3745 illustris
2227 3712 2319 3753 Regis

1255 3757 1415 3798 Norweyae
1430 3755 1630 3795 crucesignati,
1647 3755 1681 3786 &
1693 3754 1814 3785 aliorum
1829 3751 1952 3795 fidelium
1965 3752 2222 3792 crucesignatorum
2238 3753 2319 3793 Reg-

1256 3798 1286 3828 ni
1301 3796 1480 3832 Norweyae,
1497 3803 1531 3824 ac
1543 3793 1658 3824 aliarum
1672 3801 1805 3823 terrarum
1819 3792 1899 3834 ipsius
1918 3790 2005 3830 Regis
2017 3814 2027 3829 ‚
2051 3792 2111 3822 fore
2123 3792 2152 3821 in
2166 3791 2221 3822 hac
2238 3801 2317 3831 parte

1256 3834 1371 3867 subsidia
1383 3831 1541 3863 invocanda
1555 3854 1565 3870 ,
1590 3839 1638 3870 ut,
1655 3830 1769 3861 illorum
1783 3829 1871 3868 adjuti
1889 3828 2023 3868 suffragiis
2037 3851 2047 3869 ,
2072 3839 2130 3868 tam
2144 3830 2317 3861 venenosam

1280 3872 1368 3904 estem
1381 3870 1417 3902 de
1428 3870 1511 3911 ipsuis
1523 3868 1617 3909 Regni
1629 3868 1733 3900 Siciliae
1747 3867 1897 3899 visceribus
1913 3868 2019 3898 auferre
2037 3868 2171 3909 poffimus
2206 3869 2239 3898 ὃ(
2253 3868 2315 3898 her-

1282 3921 1328 3942 am
1341 3919 1400 3942 tam
1419 3909 1534 3939 noxiam
1548 3930 1558 3946 ,
1583 3916 1629 3939 tot
1639 3906 1699 3946 jam
1717 3906 1855 3937 firmatam
1870 3905 2008 3937 radicibus
2022 3929 2032 3945 ,
2055 3914 2154 3946 t0tque
2167 3890 2316 3937 distensam

1259 3950 1362 3989 ramis,
1379 3948 1417 3979 de
1427 3955 1486 3979 tam
1499 3956 1567 3978 caro
1581 3947 1616 3979 δε
1630 3955 1743 3977 amaeno
1756 3944 1893 3976 Ecclesiae
1913 3945 2057 3976 Romanae
2075 3945 2206 3984 pomerio
2219 3945 2315 3979 fundi?

1319 3996 1373 4019 exti
1438 3996 1470 4017 e:

1262 3997 1600 4066 tusIdeoqrgeardiscretioni
1620 4021 1720 4055 vestrae
1739 4020 1900 4059 absolvendi
1920 4028 1970 4061 per
1988 4030 2040 4054 vos
2053 4043 2063 4061 ,
2088 4018 2133 4052 vel
2146 4028 2195 4062 per
2212 4018 2315 4064 aliurn,

1714 2754 1886 2794 suorumque
1898 2755 2005 2785 labores
2025 2753 2152 2784 fidelium
2169 2765 2237 2786 cum
2250 2757 2312 2787 infi-

1699 2793 1801 2825 uceriae
1820 2793 2014 2825 detestabiliter
2026 2794 2062 2825 &
2074 2793 2250 2831 impudenter
2256 2795 2313 2827 “ad-

1209 4084 1224 4093 -
1263 4064 1310 4100 seu
1322 4064 1405 4102 alim,
1421 4063 1551 4105 praefatos
1565 4062 1678 4105 Regem
1692 4063 1726 4095 &
1742 4061 1944 4101 crucesignatos
1959 4061 2028 4095 alios
2040 4071 2056 4094 a
2070 4068 2142 4093 voto
2157 4059 2250 4092 crucis
2307 4073 2319 4083 -

2286 4058 2305 4088 ι]

1740 4099 1765 4132 Β
1773 4101 1794 4131 b
1813 4110 1832 4131 a
2221 4081 2325 4135 iurique
