2570 4261
262 71 317 112 34

111 144 188 175 ann.
203 142 243 174 D.
263 146 395 176 omnibus
408 143 577 185 Apostolicis
588 143 682 173 litteris
694 166 704 181 ,
729 145 925 184 indulgentiis,
942 144 976 175 &
993 145 1050 176 aliis
1069 145 1293 186 quibuscumque
1307 155 1322 175 a

115 192 197 221 1257.

110 227 174 251 Hm.
195 231 220 259 3.

262 184 324 214 sede
338 183 502 223 Apostolica
517 183 682 221 impetratis,
699 184 733 213 ὃς
748 186 834 214 etiam
853 183 1032 224 impetrandis
1043 207 1054 223 ,
1080 186 1113 215 &
1126 185 1208 214 omni
1221 193 1322 221 excep-

261 224 349 261 tioni,
367 222 489 258 aetioni,
508 220 661 251 defensioni
676 231 709 251 ac
724 223 762 252 rei
776 246 786 261 ,
813 233 878 261 quae
891 223 970 253 obici
988 224 1080 260 posset
1094 232 1192 254 contra
1204 223 1262 253 hoc
1278 223 1322 252 iii-

259 261 445 292 strumentum
460 259 505 288 vel
519 259 634 288 factum.

295 299 328 329 In
343 299 421 335 hujus
434 299 525 336 itaque
538 298 577 327 rei
597 296 808 338 testimonium,
827 300 860 331 &
875 299 1043 331 evidentiam
1057 300 1232 340 pleniorem,
1250 308 1322 338 prae-

258 337 317 368 sens
330 336 548 367 instrumentum
560 335 630 367 dieti
644 335 842 370 Procuratores
854 339 943 380 sigillis
955 338 1007 370 suis
1022 340 1198 370 roborarunt.

296 415 405 446 Actum
419 416 538 448 Viterbii
550 427 647 448 coram
662 416 714 448 hiis
725 418 859 460 testibus,
875 420 997 459 scilicet,

294 496 429 537 Magistro
443 497 532 536 Angl.
545 499 615 529 diffie
628 501 737 539 Priore,
760 504 872 532 Domini
884 504 968 540 Papae
982 497 1142 538 Capellam,

293 535 366 575 Teste
381 535 514 576 Magistro
525 537 675 578 Rostand0‚
697 542 810 570 Domini
821 542 904 579 Papae
917 539 1076 578 Capellam,

294 573 368 611 Teste
378 574 514 612 Johanne
527 577 560 606 de
571 577 682 618 Aquila
690 601 700 616 ,

294 612 368 681 ff&
383 615 465 643 Petro
478 615 586 654 Lemofi
599 615 714 654 clerico,
732 615 772 650 &-

327 651 445 692 icholao,
462 656 569 692 Nepote
582 655 648 684 dieti
663 656 775 684 Domini
788 657 909 694 Prioris,
927 653 1008 695 Teste.

727 736 857 775 Signum.
896 734 962 775 Ego
977 734 1140 772 Noclerus,
1158 732 1323 776 auetoritate

749 774 885 812 imperiali
896 774 1059 804 Setini-arius
1073 773 1214 812 praedietis
1227 781 1323 802 omni-

750 813 801 843 bus
814 813 927 843 interfui
941 836 951 851 ,
973 813 1006 844 &
1025 812 1082 842 hoc
1101 811 1323 842 instrumentum

750 852 841 893 scn'psi
853 852 887 883 &
902 852 1047 892 complevi
1063 859 1182 891 rogatus.

259 984 348 1019 Bulla
368 985 403 1019 de
428 986 594 1031 Provg'fione
608 998 663 1034 pro
683 985 836 1021 Ubaldino
854 1015 865 1031 ,
900 989 1013 1035 Nepote
1033 988 1201 1022 ottaviani
1223 987 1322 1025 Ubal-

554 1035 620 1068 dini
639 1037 833 1081 (Florentini)
853 1036 1034 1071 Cardinalis.

102 1128 180 1159 nnn.
196 1128 237 1160 D.
257 1124 463 1187 ALexander
478 1125 649 1166 Episcopus,
664 1125 756 1157 servus
769 1127 913 1158 servorum
927 1126 1002 1165 Dei,
1020 1126 1126 1158 dilecto
1142 1127 1200 1158 filio

123 1176 205 1206 1257.

103 1210 155 1234 An.
175 1217 222 1243 42.

101 1249 139 1273 H.
158 1255 182 1282 3.

102 1287 149 1311 Ax
161 1287 219 1312 Au-

101 1329 165 1358 “⁷37¹

96 2023 114 2040 ’ἔ
130 2023 225 2061 1-⁶÷5·

312 1164 416 1233 '‘g-riori
429 1164 543 1196 San&ae
557 1164 703 1196 Trinitatis
724 1165 860 1197 London.
876 1166 991 1197 salutem
1011 1166 1045 1197 &
1059 1166 1256 1205 Apostolicam
1270 1168 1320 1200 be-

417 1213 424 1232 1
451 1227 456 1232 .

254 1204 537 1273 negutiprizpembffi
556 1244 640 1273 fratre
654 1241 752 1273 nostro
767 1242 806 1273 M
840 1243 907 1274 istro
915 1242 1086 1275 Guillielmo
1101 1243 1216 1286 Papien.
1233 1244 1318 1287 Epis-

253 1289 436 1351 &satit
441 1280 736 1358 fissptissi'ffgffiigts
746 1252 1088 1352 ἓῗέΞῖῧέἫιὲῗΡὶὲἓ·
1096 1285 1318 1354 ἒὲᾖοὶοέςὲιῖ

254 1358 403 1397 mandato,
422 1369 471 1389 ore
485 1329 564 1389 {nus
582 1359 631 1389 sibi
644 1359 730 1402 neto
743 1383 752 1398 ,
777 1359 934 1391 Ecclesiam
954 1360 990 1391 de
1004 1344 1075 1391 1'3isse
1089 1360 1209 1392 Roffen.
1257 1363 1317 1393 ioc.

254 1397 348 1437 (quam
362 1397 437 1427 idem
452 1396 608 1438 Episcopus
623 1397 764 1429 dicebatur
784 1398 840 1430 suae
855 1400 1040 1437 promotionis
1061 1408 1191 1437 tempore
1203 1401 1316 1431 obtine-

250 1446 296 1474 re·⁷
315 1446 374 1467 non
388 1436 519 1466 obstante
532 1436 608 1476 quod
624 1436 753 1467 nondum
773 1445 883 1478 tempus
905 1437 1048 1468 effluxerat
1066 1437 1102 1468 de
1120 1439 1315 1470 consecrandis

250 1474 394 1515 Episcopis
406 1485 421 1505 a
435 1474 557 1505 Canone
571 1474 736 1513 diffinitum)
754 1475 858 1507 dilecto
873 1477 932 1507 filio
947 1475 1096 1507 Ubaldino
1115 1476 1231 1509 Clerico
1265 1489 1315 1509 ne—

248 1512 474 1583 444333
487 1512 633 1583 affici&
646 1502 1315 1587 {1⁶i33ritsssntrs0edei·

247 1600 318 1635 num
329 1575 477 1661 EOstriim:
493 1600 543 1632 per
553 1569 640 1622 ksuum
654 1592 770 1631 pilleum
785 1616 796 1632 ,
821 1594 902 1634 ipsius
916 1592 1057 1624 Ubaldini
1070 1578 1204 1634 nomixie,
1215 1566 1315 1626 {Eiles-

248 1638 318 1662 tiens
349 1640 365 1660 e
379 1640 410 1661 ea
430 1639 493 1660 em:

274 1668 425 1708 ‘Nosque,
443 1667 521 1708 quod
533 1669 568 1699 ab
579 1668 682 1699 eodem
696 1669 824 1701 Notario
838 1671 866 1700 in
881 1670 934 1700 hac
947 1678 1024 1708 parte
1037 1670 1144 1700 fac‘iuni
1159 1673 1250 1703 extitit
1263 1683 1313 1711 per

248 1707 356 1739 nostras
365 1708 465 1739 litteras
481 1707 696 1747 confirmantes,
714 1708 850 1740 dilectum
864 1707 955 1739 filium
1085 1709 1219 1741 winton.
1228 1711 1314 1743 Elec-

249 1755 313 1776 tum
327 1745 518 1777 Executorem
536 1746 586 1777 fibi
604 1746 682 1784 super
699 1746 756 1778 hoc
774 1747 904 1778 duximus
922 1747 1112 1787 deputandum
1128 1771 1138 1786 ,
1161 1751 1209 1788 qui

249 1784 466 1816 Procuratorem
480 1785 562 1826 ipsius
576 1784 712 1816 Ubaldini
726 1787 755 1817 in
769 1786 892 1826 ejusdem
905 1785 1040 1818 Ecclefiae
1056 1786 1256 1827 possessionem
1270 1789 1316 1820 in-

248 1823 328 1854 duxit
342 1824 387 1855 seu
402 1824 470 1855 fecit
483 1823 588 1854 induci.

289 1862 398 1893 Verum
455 1862 599 1893 stmodum
614 1871 642 1893 te
656 1873 689 1894 ac
702 1863 828 1895 fratribus
850 1865 903 1894 tuis
917 1872 1012 1895 tecum
1055 1864 1198 1895 raedietam
1212 1865 1315 1897 Eccle-

249 1901 315 1932 siam
330 1901 367 1932 de
378 1871 453 1932 13ng
463 1911 496 1932 ex
509 1901 739 1946 concessionibus
752 1903 786 1934 &
799 1903 996 1947 collationibus
1047 1903 1295 1946 etrapolitanorum
1305 1929 1314 1944 ,

248 1940 281 1970 &
294 1940 445 1972 Diocesani
459 1941 534 1978 loci,
553 1940 587 1971 &
603 1940 725 1984 Capituli
740 1940 918 1972 Cantuarien.
933 1941 968 1972 ad
986 1951 1037 1973 vos
1056 1942 1237 1975 asserentibus
1251 1954 1315 1984 per-

246 1979 358 2048 ἓηεῖἓ,
384 1989 425 2049 act
435 1980 464 2010 in
486 1978 548 2010 usus
562 1988 690 2058 pffiptrtos
705 1981 795 2051 νοῦἓεζ
807 1979 1068 2050 ss'uissediffiffatrjn
1082 2004 1093 2020 ,
1116 1981 1242 2051 agjtsuper
1258 1983 1313 2023 ipsa

275 2027 309 2047 cc
346 2029 371 2049 ia
384 2028 413 2048 in
427 2028 456 2049 er
471 2027 524 2049 vos
534 2027 568 2048 ex
641 2027 657 2048 e
672 2028 743 2058 una,
819 2029 880 2060 aepe
1067 2043 1072 2049 .
1085 2029 1119 2050 ex
1169 2030 1214 2052 era
1225 2031 1316 2062 quaes-

261 2057 324 2087 'one
338 2056 407 2087 subo
434 2067 463 2087 a·

246 2065 267 2088 n
283 2065 553 2126 Venerabitlis’frater
572 2094 668 2126 noster
682 2095 712 2128 S.
727 2095 906 2128 Penestrinus
919 2094 1076 2136 Episcopus
1091 2096 1125 2128 de
1140 2097 1242 2129 nostro
1255 2098 1315 2140 spe-

245 2134 308 2166 ciali
320 2134 470 2172 mandato,
488 2135 564 2165 vivae
577 2135 657 2165 vocis
668 2136 784 2166 oraculo
797 2136 846 2166 sibi
859 2135 935 2167 faffito
942 2159 953 2175 ,
969 2135 1156 2176 quaestionem
1167 2136 1314 2176 hujusmo-

246 2173 274 2205 di
287 2172 444 2204 concordia
457 2173 618 2203 terminavit
631 2174 689 2204 hoc
706 2174 805 2204 modo.

283 2210 345 2251 Ut,
364 2212 420 2243 viz.
436 2219 466 2242 tu
483 2212 516 2242 δε
531 2211 624 2242 fratres
639 2212 686 2250 ipsi
695 2235 705 2252 ,
721 2212 826 2244 dietam
841 2212 997 2244 Ecclesiam
1010 2213 1040 2242 in
1054 2212 1114 2243 usus
1129 2216 1257 2256 proprios
1270 2226 1314 2247 re-

245 2250 365 2281 tinentes
372 2274 383 2290 ,
400 2249 518 2292 praefato
531 2248 574 2280 U.
589 2250 697 2282 tamdiu
712 2251 822 2283 solvatis
835 2253 933 2292 viginti
947 2252 980 2283 &
993 2252 1118 2291 quinque
1127 2252 1314 2285 Marcharum

246 2287 442 2329 sterlingorum
456 2298 576 2319 annuam
590 2290 754 2330 pensionem
763 2314 772 2330 ,
789 2291 884 2321 donec
897 2299 926 2321 tu
940 2290 991 2320 fibi
1004 2290 1040 2320 de
1055 2290 1196 2323 beneficio
1210 2292 1314 2324 Eccle-

246 2327 355 2359 siastico
367 2350 378 2367 ,
403 2327 481 2367 quod
497 2329 642 2358 annuatim
654 2328 792 2369 sexaginta
810 2328 944 2360 Marchas
962 2329 1160 2360 sterlinoorum
1179 2331 1213 2362 ad
1228 2333 1314 2363 mini-

246 2376 318 2397 rium
333 2367 439 2406 valeat,
457 2366 552 2411 verde
566 2366 734 2407 praebenda,
752 2368 797 2398 seu
810 2368 972 2406 personatu,
989 2368 1034 2398 vel
1050 2353 1201 2408 dignitate,
1215 2371 1248 2400 ad
1263 2381 1314 2402 cu-

244 2405 407 2445 juscumque
422 2406 603 2436 collationem
615 2406 769 2446 spectante,
788 2417 855 2438 cum
869 2407 954 2444 curii,
968 2407 1013 2437 vel
1025 2407 1082 2437 sine
1095 2407 1160 2438 curi
1169 2431 1179 2446 ,
1195 2409 1314 2449 inReg-

245 2453 286 2474 no
301 2443 414 2484 Angliae
429 2453 481 2486 per
493 2445 594 2475 litteras
608 2444 787 2483 Apostolicas
799 2469 808 2484 ,
834 2456 900 2486 quas
920 2446 997 2476 idem
1015 2444 1057 2476 U.
1072 2446 1106 2477 ad
1120 2454 1148 2477 te
1163 2448 1242 2488 super
1256 2448 1313 2481 hoc

247 2484 425 2521 impetrabit,
444 2482 552 2514 dureris
567 2484 781 2524 providendum.

283 2522 430 2561 Qiocirca
444 2522 603 2553 discretioni
619 2531 675 2554 tuae
691 2533 739 2564 per
759 2523 926 2563 Apostolica
946 2522 997 2554 scri
1018 2531 1044 2553 ta
1065 2523 1230 2556 mandamus
1266 2536 1315 2556 ua-

247 2568 344 2595 tenus,
361 2562 435 2598 juxta
450 2560 658 2592 ordinationem
675 2562 852 2602 hujusmodi,
865 2563 982 2604 praefato
1035 2562 1089 2593 .de
1102 2563 1242 2595 beneficio
1282 2575 1313 2595 c-

246 2598 417 2638 clesiastico,
436 2608 503 2630 cum
519 2609 601 2638 cura,
616 2600 663 2630 vel
674 2601 731 2631 sine
744 2611 825 2639 cura,
843 2601 1009 2642 praebenda,
1029 2601 1075 2632 seu
1087 2602 1251 2642 personatu,
1268 2604 1314 2634 vel

244 2637 376 2677 dignitate
391 2660 401 2676 ,
421 2637 455 2667 ad
472 2639 672 2677 cuiuscumque
691 2640 871 2671 collationem
889 2639 1028 2678 spectante
1042 2663 1052 2679 ‚
1077 2641 1173 2679 quod,
1193 2642 1238 2672 vel
1250 2651 1315 2681 quae

246 2676 383 2716 sexaginta
402 2675 534 2707 Marchas
559 2676 754 2717 sterlingorum
780 2678 814 2709 ad
835 2680 927 2708 minus
946 2678 1034 2708 valeat
1055 2681 1198 2710 annuatim
1213 2703 1223 2718 ,
1246 2681 1266 2710 si
1285 2681 1315 2710 in

248 2714 355 2754 Regno
388 2715 504 2745 raedicto
518 2715 551 2745 ad
566 2716 684 2755 praesens
698 2725 794 2755 vacat,
809 2717 854 2747 vel
865 2719 949 2756 quam
962 2718 1087 2754 primum
1101 2717 1136 2747 ad
1150 2717 1177 2748 id
1191 2718 1217 2748 se
1228 2719 1315 2749 facul-

247 2762 287 2785 tas
300 2754 370 2784 obtu
382 2754 449 2792 erit,
468 2754 632 2785 auctoritate
646 2755 739 2785 nostra
753 2765 802 2793 per
817 2764 859 2793 tc,
874 2756 917 2786 vel
932 2765 981 2796 per
994 2755 1079 2786 alium
1091 2756 1237 2796 providere
1249 2767 1316 2798 pro-

248 2802 343 2830 cures,
362 2793 466 2823 faciens
479 2802 545 2822 eum
561 2794 590 2822 i'n
606 2793 730 2824 Ecclesia
745 2817 755 2833 ,
781 2795 810 2824 in
831 2804 884 2835 qua
899 2795 948 2825 sibi
966 2793 1173 2833 providendum
1188 2795 1316 2836 duxeris,

248 2832 267 2862 si
280 2831 424 2871 collegiata
436 2831 519 2862 fuerit
529 2855 540 2870 ,
558 2833 587 2862 in
601 2831 783 2863 Canonicum
799 2834 901 2873 recipi,
919 2834 952 2864 δε
966 2835 995 2863 in
1009 2833 1139 2871 fratrem,

286 2869 516 2901 Contradic'iores
535 2880 586 2909 per
604 2872 746 2902 censuram
768 2871 990 2903 Ecclesiasticam
1004 2895 1013 2910 ,
1035 2872 1219 2913 appellatione
1278 2872 1316 2903 st-

247 2910 348 2949 posita,
366 2909 589 2948 compescendo;
608 2920 668 2940 non
679 2910 808 2941 obstante
820 2912 955 2941 contraria
967 2909 1185 2949 consuetudine,
1202 2922 1238 2941 ve
1262 2911 1317 2942 sta-

250 2955 312 2978 tuto
326 2947 361 2977 de
376 2956 453 2978 certo
469 2946 686 2979 Canonicorum
700 2959 837 2988 numero,
853 2951 1026 2988 juramento,
1042 2949 1261 2982 confirmatione
1276 2951 1316 2982 se-

247 2986 290 3017 dis
303 2985 329 3016 A
349 2985 475 3015 ostolicae
485 3009 494 3024 ,
508 2987 553 3016 vel
568 2997 739 3026 quocunque
754 2989 808 3018 alio
823 2990 982 3019 munimine
996 2989 1150 3027 roborato,

286 3023 331 3054 Ve
355 3024 434 3067 quiid
450 3025 525 3054 idem
539 3026 599 3055 alias
613 3026 790 3058 beneficiatus
806 3027 919 3065 existat,

284 3062 344 3132 ,aut
365 3066 384 3093 il
404 3063 552 3094 direximus
566 3065 595 3094 in
617 3065 719 3096 eisdem
735 3065 842 3106 Regno
864 3066 909 3097 vel
930 3064 1052 3096 Ecclesia
1067 3075 1120 3106 pro
1141 3064 1199 3095 aliis
1216 3064 1317 3106 scripta

247 3111 287 3133 no
316 3112 356 3131 ra·

285 3124 380 3171 Aut’fi
394 3138 424 3169 sit
439 3139 474 3168 ab
493 3139 590 3169 eadem
611 3140 671 3170 sede
688 3142 827 3173 indultum
845 3165 854 3180 ,
879 3143 923 3173 vel
941 3142 1077 3182 indulgeri
1098 3143 1244 3181 contingat
1263 3142 1318 3172 Ar-

250 3177 457 3217 chiepiscopis,
474 3178 518 3207 vel
531 3178 693 3219 Episcopis,
710 3189 756 3210 aut
769 3181 926 3211 Abbatibus
939 3204 948 3220 ,
969 3181 1016 3212 vel
1030 3181 1088 3212 aliis
1102 3180 1242 3220 Praelatis,
1260 3180 1318 3211 Ca-

249 3217 340 3262 pitulis
348 3239 358 3254 ,
374 3216 420 3261 seu
430 3214 629 3262 Conventibus
643 3220 720 3257 quod
733 3220 767 3249 ad
780 3221 971 3257 receptionem
981 3244 990 3259 ,
1008 3220 1052 3251 vel
1065 3220 1256 3260 provisionem
1270 3220 1320 3250 ali-

250 3266 329 3295 cujus
342 3265 460 3285 minime
476 3264 640 3293 teneantur,

285 3293 434 3334 Qiodque
444 3292 477 3323 ad
493 3293 521 3324 id
535 3295 684 3335 compelli,
705 3294 750 3326 seu
767 3297 1008 3328 excommunicari
1021 3320 1031 3335 ,
1054 3295 1197 3338 suspendi,
1215 3295 1260 3327 vel
1275 3296 1319 3326 in-

250 3334 348 3364 terdici
363 3342 423 3363 non
438 3331 564 3370 valeant,

287 3372 346 3402 Aut
359 3371 437 3411 quod
450 3370 486 3401 de
497 3370 642 3401 beneficiis
654 3394 662 3407 ,
689 3373 733 3402 vel
750 3372 909 3403 Praebendis
924 3397 933 3411 ,
954 3373 1150 3413 dignitatibus,
1166 3374 1212 3404 vel
1228 3373 1321 3411 perso-

252 3411 359 3440 natibus
375 3433 384 3447 ,
409 3409 443 3440 ad
465 3409 588 3449 ipsorum
608 3410 791 3442 collationem
802 3411 846 3441 seu
861 3413 1104 3452 praesentationem
1117 3410 1321 3452 spen-stantibus,

252 3447 635 3517 Eii‘iiitfissasrssffiffr‘ifficassa
647 3459 906 3519 iffnff‘infflissqui
917 3450 1321 3521 fuiimieneffiamcascoee’xnffqffi

255 3496 439 3568 deqverbopad
454 3498 652 3570 verbu'rnqnori
667 3499 971 3558 feaeriilittffiieiijtkiolnxeom
981 3500 1012 3565 ,p
1201 3500 1220 3531 p
1234 3500 1250 3520 e

291 3562 347 3605 Seu
361 3563 481 3601 qualibet
496 3564 667 3602 indulgentia
679 3565 748 3596 sedis
760 3567 880 3605 ejusdem
895 3566 1117 3605 quibuscumque
1137 3567 1260 3606 personis
1274 3566 1321 3597 vel

258 3599 328 3629 locis
342 3601 485 3639 concessa,
501 3604 701 3642 cujuscumque
720 3607 822 3636 tenoris
838 3604 949 3642 existat,
968 3615 1016 3642 per
1029 3615 1114 3644 quam
1132 3615 1193 3635 non
1209 3615 1320 3645 expres-

261 3637 317 3681 sam
332 3659 342 3674 ,
359 3637 409 3680 ‘vel
427 3640 545 3670 totaliter
561 3651 620 3671 nori
645 3642 771 3674 insertam
788 3667 798 3683 ,
823 3643 981 3682 hujusmodi
996 3644 1119 3685 provisio
1139 3644 1173 3674 &
1195 3645 1320 3684 receptio

260 3674 389 3710 impediri
402 3675 487 3706 valeat
502 3678 547 3707 vel
561 3679 685 3717 differri,·

299 3713 356 3743 Seu
368 3712 566 3747 constitutione
580 3717 615 3747 de
629 3719 734 3750 duabus
749 3717 825 3750 dietis
838 3719 909 3750 edita
924 3721 954 3750 in
969 3720 1094 3751 concilio
1107 3720 1237 3761 generali.

300 3789 369 3822 Dat.
383 3790 515 3834 Viterbii,
531 3795 646 3836 septimo
658 3798 700 3831 Id.
715 3799 751 3831 N
753 3810 800 3832 ov.
813 3800 997 3832 Pontificatiis
1011 3801 1101 3832 nostri
1113 3811 1190 3832 anno
1203 3801 1295 3832 tertio.

925 3881 980 3912 Sub
986 3880 1040 3922 filo
1054 3881 1162 3913 canabi.

717 57 1516 106 CONVENTIONES,

1572 57 1966 110 LITERAE,
2560 132 2570 210 ἶ

2180 331 2332 362 venerabili
2346 331 2422 364 fratri
2442 327 2519 359 Ann.
2534 329 2570 362 D,

1397 404 1424 434 d·
1434 366 1769 435 (tionemArchiepiscopo
1783 369 1961 401 Cantuarien.
1978 369 2093 400 salutem
2113 369 2148 401 &
2162 369 2359 408 Apostolicam
2374 372 2425 403 be-
2443 375 2548 443 ΑΙηΞΞΞ·

1357 414 1396 434 ne
1417 414 1443 434 ic
1560 428 1566 435 .
2490 427 2495 433 .
2542 429 2549 436 .

1397 442 1452 486 Sua
1466 444 1548 473 nobis
1565 443 1661 476 dilecti
1680 444 1731 476 filii
1834 445 1917 476 Prior
1930 446 1964 477 &
1986 447 2154 478 Conventus
2173 445 2308 478 Ecclefiae
2322 447 2423 479 sanetae
2443 449 2478 473 H.
2501 455 2528 481 3·

1357 480 1502 548 T}uiitatis
1519 481 1700 514 Londonien.
1715 484 1852 529 petitione
1866 485 2056 529 monstrfirunt
2072 485 2168 530 quod,
2185 485 2249 529 ortui
2260 486 2331 517 olim
2349 488 2421 518 inter
2439 486 2479 509 Ex
2490 486 2550 513 An-

1357 528 1565 601 ξῖῗέᾳῖἓέἶέἓὶἳ
1575 532 1630 590 ‘iit
1638 522 2423 595 iffiri¹ffiissuffiaff2ffiff²3ffitff¹ffigaee0¹33:
2437 527 2500 559 '⁷⁰³‘

1359 595 1472 639 dinalis,
1487 597 1565 641 super
1579 598 1703 630 Ecclesia
1715 600 1750 644 de
1765 599 1843 631 Bixle
1856 600 1975 631 Roffen.
1992 601 2122 632 Diocesis
2139 609 2174 630 ex
2190 600 2292 645 altera,
2309 604 2423 634 materia

1357 633 1539 678 quaestionis,
1554 646 1606 667 nos
1616 638 1807 683 yenerabilern
1818 639 1931 670 fratrem
1944 639 2116 684 nostrum-S.
2131 638 2288 684 Penestrin.
2305 640 2425 678 Episco-

1359 682 1430 716 pum
1443 684 1472 703 in
1485 673 1564 706 causa
1576 674 1733 721 huiusmodi
1745 676 1873 708 dedimus
1886 679 2006 716 partibus
2020 679 2194 722 auditorem,
2210 689 2258 717 qui
2273 678 2309 709 de
2321 679 2425 719 specia-

1358 711 1379 741 h
1396 712 1529 743 mandato
1554 713 1653 745 nostro
1676 725 1741 746 Viva
1765 726 1840 746 voce
1862 715 1941 747 facto
1962 717 2055 748 eidem
2071 740 2082 757 ,
2107 717 2251 747 dictorum
2267 715 2372 748 Prioris
2391 719 2425 749 &

1358 749 1530 820 ¹Con-ventu?
1536 774 1545 790 ,
1560 753 1728 821 jture'coram
1740 764 1776 799 eo
1790 754 1898 799 plenius
1908 755 2065 795 declarato,
2083 755 2194 787 causam
2206 756 2292 794 ipsam
2307 765 2357 796 per
2370 756 2425 787 dif-

1379 799 1498 820 mtivam
1524 800 1560 820 en
1573 800 1609 821 en
1623 800 1628 819 i
1794 803 1807 822 a
1861 805 1867 811 ·

1398 827 1585 873 Ita'videlicet
1599 799 1676 868 qtuffi
1690 801 1908 862 Eiissilesigr’&
1928 831 2098 863 Conventus
2112 832 2257 873 praefatam
2269 832 2426 864 Ecclesiam

1360 877 1429 897 cum
1442 868 1544 905 iuribus
1559 868 1593 899 &
1607 870 1778 908 pertinentiis
1787 870 1838 900 suis
1851 870 1886 901 de
1907 879 2011 901 caetero
2026 871 2143 902 liberam
2163 872 2282 903 habeant
2296 872 2329 902 &
2345 873 2426 912 quie—

1359 914 1434 945 tam,
1453 915 1606 947 proventus
1620 907 1742 945 ejusdem
1755 909 1786 939 iri
1805 908 1865 939 usus
1882 910 2008 948 proprios
2023 919 2219 941 convertentes
2235 934 2244 948 ,
2265 909 2359 940 eidem
2373 910 2425 941 U-

1358 944 1475 990 baldino
1488 945 1566 1015 Ἦρα
1580 945 1655 977 diota
1667 945 1793 982 Ecclesia
1805 948 1839 978 &
1853 949 2023 985 pertinentiis
2034 948 2087 979 suis
2099 958 2266 990 perpetuum
2282 948 2423 979 silentium

1359 993 1400 1014 im
1441 994 1496 1014 nen
1517 994 1544 1015 o.

1397 993 1545 1062 ffiiocirca
1556 1023 1753 1054 fraternitatem
1769 1031 1845 1054 tuam
1858 1032 1990 1064 rogamus
2001 1048 2011 1063 ,
2035 1035 2187 1056 monemus
2200 1049 2211 1064 ,
2228 1026 2262 1057 ὃς
2278 1025 2425 1057 hortamur

1358 1063 1481 1106 attente,
1499 1073 1548 1103 per
1563 1062 1727 1103 Apostolica
1741 1062 1792 1093 tibi
1809 1062 1908 1103 scripta
1929 1064 2091 1106 mandantes
2110 1065 2238 1105 quatinus
2251 1073 2426 1096 memoratos

1358 1099 1742 1184 {siffisffbitgxnzuff
1755 1100 2424 1186 sissssfisffffisssffiffissiiafflffffi?{3032}

1357 1178 1470 1223 eosdem
1499 1178 1618 1223 pacifica
1631 1180 1712 1223 ipsius
1759 1178 1866 1224 cclesiae
1884 1189 1987 1217 jurium
2005 1179 2039 1210 ὃς
2062 1188 2290 1217 pertinentiarum
2310 1191 2367 1218 ειυς
2383 1181 2424 1211 fa-

1358 1227 1431 1255 6133,
1449 1227 1521 1254 JuXta
1539 1217 1631 1248 officii
1650 1226 1691 1248 tui
1708 1218 1836 1249 debitum
1852 1241 1862 1256 ,
1887 1216 2055 1256 possessione
2071 1217 2215 1258 gaudere;
2240 1227 2337 1258 preces
2349 1219 2368 1239 ³*
2389 1220 2423 1251 &

1357 1256 1523 1287 mandatum
1537 1256 1667 1287 nostrum
1683 1258 1713 1287 in
1728 1256 1780 1287 hac
1794 1264 1871 1294 parte
1884 1256 1977 1287 taliter
1992 1256 2173 1296 impleturus,
2191 1257 2269 1298 quod
2283 1257 2425 1302 saepediffi

1357 1292 1440 1324 Prior
1455 1296 1488 1326 &
1502 1294 1671 1326 Conventus
1683 1295 1720 1326 de
1733 1304 1761 1326 te
1774 1297 1917 1326 materiam
1931 1305 1991 1326 non
2004 1295 2123 1326 habeant
2133 1295 2342 1335 conquerendi,
2359 1306 2426 1328 nos-

1357 1343 1414 1371 que
1428 1333 1612 1364 devotionem
1630 1342 1707 1364 tuam
1720 1333 1821 1365 exinde
1834 1344 1894 1364 non
1908 1333 2055 1365 immerito
2069 1334 2314 1365 commendemus.

1392 1371 1461 1402 Dat.
1472 1372 1591 1404 Viterbii
1606 1395 1617 1412 ,
1639 1371 1756 1404 decimo
1774 1371 1837 1402 Cal.
1859 1371 2019 1404 Decembr.
2040 1371 2227 1404 Pontificatfis
2244 1373 2334 1404 nostri
2350 1383 2426 1406 anno

1357 1411 1450 1441 tertio.

2048 1448 2104 1480 Sub
2108 1449 2162 1493 filo
2173 1449 2281 1480 canabi.

1521 240 1612 272 Bulla
1628 252 1731 275 contra
1740 242 1936 289 provisionem
1955 238 2087 286 ejusdcm
2105 237 2263 274 Ubaldini.

1357 325 1565 387 ALexander
1580 329 1753 375 Episcopus,
1772 330 1862 361 servus
1878 330 2020 361 servorum
2040 329 2118 369 Dei,

2438 1218 2454 1236 ’ἕ
2467 1219 2490 1248 Ι.
2506 1219 2570 1257 646.

1353 1586 1447 1631 Super
1462 1587 1652 1617 innovatione
1675 1586 1712 1622 &
1732 1583 1944 1629 reformatione
1958 1585 2068 1631 negotii
2085 1582 2208 1621 Sicilia
2228 1579 2283 1616 ubi
2299 1592 2426 1617 cantum

1560 1630 1598 1676 cst
1615 1631 1651 1665 de
1661 1632 1757 1677 fama
1767 1659 1778 1676 ‚
1804 1635 1840 1670 (sy
1863 1629 1900 1664 de
1915 1633 2089 1678 conftientia
2108 1635 2208 1680 Regis.

1356 1721 1563 1784 ALexander
1577 1721 1748 1763 Episcopus,
1764 1721 1856 1752 servus
1867 1721 2012 1752 servorum
2026 1719 2108 1760 Dei,
2134 1719 2276 1752 cariffimo
2289 1722 2320 1752 in
2336 1722 2423 1753 Chri·
2440 1712 2516 1744 Arm·
2533 1715 2570 1747 D·

1423 1761 1468 1791 sto
1479 1760 1538 1791 filio
1651 1761 1728 1800 Regi
1742 1760 1904 1801 Anglorum
1918 1759 2029 1798 illuſtri,
2044 1759 2156 1791 salutem
2177 1761 2211 1792 &
2225 1760 2422 1800 Apostolicam
2441 1762 2525 1793 1257.

1353 1800 1594 1831 benedictionem.
2437 1797 2490 1820 ΛΠ·
2502 1805 2550 1830 42-

1391 1838 1440 1869 Ad
1452 1838 1663 1869 reformandum
1677 1840 1823 1878 negotium
1837 1838 1934 1908 Ηεῗιί
1956 1837 2076 1874 Siciliae,
2093 1836 2172 1877 quod
2187 1844 2284 1882 tecum
2303 1838 2338 1870 &
2355 1848 2422 1870 cum
2439 1835 2473 1859 H.
2490 1842 2515 1869 3·

1353 1877 1496 1908 cariffimo
1511 1879 1542 1908 in
1557 1877 1673 1908 Christo
1690 1877 1749 1908 filio
1761 1876 1876 1916 nostro,
1920 1876 2050 1908 dmundo
2070 1885 2137 1907 nato
2157 1884 2227 1914 tuo,
2244 1876 2349 1908 Siciliae
2362 1878 2424 1909 Re-
2440 1874 2480 1898 Ex
2498 1873 2559 1905 Aua

1354 1924 1390 1958 ge
1400 1916 1515 1955 illustri,
1529 1916 1653 1947 Ecclesia
1661 1916 1792 1948 Romana
1805 1916 1933 1956 suscepit:
1952 1914 2032 1945 Etad
2045 1915 2228 1956 reparandum
2241 1915 2307 1946 illud
2321 1917 2351 1947 in
2363 1926 2426 1957 per-
2444 1917 2510 1946 ¹02⁷·

1351 1956 1501 1986 iecutionis
1515 1955 1618 1986 statum
1665 1965 1681 1985 a
1696 1965 1754 1995 quo
1768 1978 1779 1995 ,
1803 1964 1918 1995 propter
1938 1953 2101 1984 omiffiones
2116 1954 2149 1984 &
2168 1954 2369 1992 protractiones
2386 1955 2428 1985 di-

1354 1994 1459 2033 versas,
1475 1994 1574 2025 cadere
1588 1978 1750 2033 videbatur,
1768 1993 1907 2024 dilee’tum
1919 1992 2009 2023 filium
2024 1992 2077 2024 Ma
2099 1992 2197 2023 istrum
2206 1993 2339 2024 Ariorum
2351 1994 2427 2025 Sub-

1351 2031 1506 2064 diaconum
1520 2033 1552 2064 ὃ(
1572 2033 1728 2064 Notarium
1743 2033 1873 2063 nostrum
1884 2055 1894 2071 ,
1919 2031 1956 2062 de
1975 2033 2053 2071 cujus
2086 2031 2121 2074 de
2135 2032 2216 2069 plene
2234 2032 2424 2072 confidimus,

1353 2071 1499 2111 duximus,
1517 2072 1553 2103 de
1568 2072 1684 2103 fratrum
1700 2071 1863 2102 nostrorum
1881 2070 2016 2110 consilio,
2032 2070 2290 2109 transmittendum,
2308 2081 2428 2102 conces-

1351 2109 1379 2140 sa
1393 2110 1443 2141 fibi
1458 2111 1624 2151 expressius,
1642 2111 1691 2141 sub
1705 2119 1780 2141 certa
1801 2112 1910 2147 forma,
1928 2109 2007 2149 super
2023 2109 2224 2139 reformatione
2241 2110 2321 2149 ipsius
2338 2120 2428 2151 nego-

1353 2149 1407 2188 tii,
1432 2149 1516 2190 usque
1536 2150 1570 2181 ad
1587 2149 1708 2181 Kalend.
1723 2149 1801 2188 Junii
1818 2150 1959 2188 proximas
1972 2171 1982 2187 ,
2004 2157 2055 2188 per
2073 2147 2135 2178 alias
2153 2146 2262 2178 nostras
2278 2148 2368 2180 literas
2385 2151 2428 2180 fa-

1353 2189 1465 2219 cultate.

1391 2227 1540 2267 Qioniam
1553 2237 1648 2258 autem
1664 2235 1728 2258 ante
1741 2227 1837 2258 omnia
1851 2226 1919 2264 tibi,
1938 2224 1972 2256 ad
1987 2224 2175 2256 Nunciorum
2189 2234 2304 2256 tuorum
2324 2226 2427 2258 instan-

1353 2266 1419 2296 tiam
1439 2267 1472 2298 &
1492 2267 1554 2298 alins
1571 2268 1655 2298 etiam
1676 2277 1727 2305 per
1744 2265 1848 2297 nostrae
1864 2265 2052 2295 sollicitudinis
2069 2264 2193 2295 studium
2207 2288 2216 2302 ,
2244 2265 2283 2306 sic
2295 2265 2424 2296 duximus

1353 2305 1580 2344 providendum,
1596 2305 1673 2344 quod
1688 2314 1719 2336 tu
1734 2304 2036 2335 excommunicationis
2055 2302 2220 2334 sententiam
2236 2326 2245 2340 ,
2267 2306 2311 2333 (eu
2325 2305 2426 2343 aliquas

1354 2351 1388 2374 ex
1403 2345 1513 2382 poenis,
1528 2355 1591 2385 qua:
1608 2346 1637 2374 in
1654 2344 1799 2382 privilegio
1814 2342 2001 2374 concessionis
2016 2365 2026 2381 ,
2050 2343 2254 2380 innovationis,
2272 2343 2305 2373 &
2320 2341 2427 2372 confir·

1353 2384 1499 2423 marionis,
1517 2393 1583 2424 quas
1595 2383 1713 2424 praefato
1736 2382 1894 2414 Edmundo
1909 2381 1988 2420 super
2011 2381 2149 2424 praedicto
2169 2381 2274 2424 Regno
2290 2382 2426 2420 fecimus,

1352 2423 1551 2460 continentur,
1569 2430 1684 2463 propter
1697 2421 1824 2452 defectus
1838 2421 1946 2459 aliquos
1962 2443 1972 2459 ,
1998 2430 2013 2450 a
2029 2427 2056 2450 te
2071 2429 2145 2450 ciica
2163 2419 2331 2457 praedfium
2346 2429 2428 2450 com-

1353 2460 1449 2490 missos
1465 2471 1484 2491 n
1519 2462 1630 2500 otium,
1646 2461 1798 2492 nullatenus
1814 2459 1969 2497 incurristi,
1988 2459 2021 2489 &
2039 2458 2175 2498 Regnum
2189 2468 2277 2502 tuum·
2287 2469 2347 2489 non
2363 2459 2428 2490 sub-

1348 2499 1427 2537 jacet
1441 2498 1502 2530 Ecc
1515 2500 1636 2531 esiastico
1654 2500 1821 2537 interdi&03
1839 2499 1917 2537 super
1936 2497 2094 2538 prdvnione
2121 2497 2304 2541 hujusmodi,
2327 2506 2427 2529 contra

1352 2547 1450 2576 poenas
1463 2537 1591 2578 easdem,
1607 2538 1660 2570 tibi
1675 2539 1708 2570 &
1723 2539 1828 2578 Regno
1841 2537 1891 2574 ipsi
1906 2547 1921 2567 a
1937 2537 2019 2566 nobis
2034 2535 2122 2575 faeta,
2140 2537 2221 2578 plene
2234 2537 2286 2566 tibi
2296 2535 2429 2581 ,decemi-

1353 2586 1417 2607 mus
1439 2577 1603 2608 audieritate
1623 2578 1799 2616 praesentium
1825 2576 1882 2608 effe
1902 2584 2017 2606 cautum
2031 2598 2041 2614 ,
2066 2575 2127 2606 tam
2149 2574 2184 2605 ad
2207 2575 2427 2615 conscientiam,

1353 2616 1439 2652 quam
1451 2615 1485 2646 ad
1499 2616 1603 2647 famam
1618 2640 1628 2655 ,
1651 2626 1682 2647 ut
1698 2615 1849 2654 praesertim
1866 2614 2018 2644 maculatus
2033 2622 2110 2644 reatu
2125 2636 2136 2652 ,
2163 2613 2208 2645 vel
2226 2622 2296 2645 nota
2313 2615 2426 2654 perjurii

1352 2654 1507 2684 nullatenus
1521 2653 1659 2685 censearis.
2112 2689 2117 2695 ¹
2140 2690 2146 2696 ι
2222 2691 2228 2696 ¹

1391 2692 1439 2722 Ut
1453 2700 1546 2722 autem
1563 2693 1643 2731 super
1657 2692 1760 2723 eisdem
1778 2691 1871 2730 poenis
1889 2690 1927 2721 fic
1954 2690 2006 2720 tibi
2024 2689 2206 2733 prospiciatur
2219 2700 2248 2720 in
2264 2690 2428 2730 posterum,

1353 2730 1387 2760 &
1402 2730 1532 2768 praedieti
1545 2731 1737 2761 reformationi
1758 2730 1864 2768 negorii
1884 2728 1922 2759 sic
1941 2735 2116 2771 oportunitas
2134 2729 2269 2768 temporis
2287 2730 2427 2761 comode-

1353 2778 1416 2807 tur,
1433 2769 1510 2807 quod
1523 2779 1584 2799 non
1595 2770 1741 2808 contingat
1753 2768 1820 2798 illud
1834 2767 1864 2797 in
1879 2775 1963 2806 grave
1977 2764 2152 2809 dispendium
2166 2765 2299 2810 Ecclefiae
2308 2790 2317 2805 ,
2333 2778 2367 2798 ac
2383 2770 2428 2807 ip-

1354 2807 1406 2838 sius
1422 2807 1517 2847 Regni
1531 2809 1679 2846 pernitiem
1692 2806 1839 2845 protelari,
1858 2814 1956 2843 poenas
1967 2813 2084 2842 omnm,
2102 2813 2131 2833 in
2151 2805 2290 2842 praedicto
2305 2815 2426 2838 conten-

1356 2853 1395 2876 tas
1411 2846 1576 2886 privilegio,
1594 2846 1680 2885 usque
1693 2846 1726 2876 ad
1746 2844 1891 2883 praedietas
1913 2842 1979 2873 Kal.
1998 2842 2176 2881 praesentium
2193 2844 2356 2875 auctoritate
2370 2846 2427 2877 sus-

1353 2884 1525 2924 pendimus,
1548 2885 1585 2915 ita
1611 2885 1762 2923 praesertim
1776 2883 1854 2923 quod
1868 2883 1982 2913 interim
1994 2904 2004 2920 ,
2028 2881 2177 2925 occasione
2190 2892 2428 2923 quorumcunque

1354 2923 1538 2962 defectuum,
1556 2934 1572 2954 a
1586 2931 1614 2954 te
1629 2925 1660 2955 in
1675 2923 1779 2954 eodem
1791 2922 1908 2962 negotio
1929 2920 2164 2964 commissorum,
2174 2928 2212 2965 utu
2228 2924 2428 2954 excommuni-

1354 2963 1472 2993 cationis
1486 2963 1647 2993 sententiam
1662 2985 1672 3001 ,
1694 2961 1740 2992 vel
1757 2969 1883 2997 reatum,
1899 2968 1946 2990 aut
1961 2968 2060 2991 notam
2080 2969 2115 2996 pe
2140 2969 2191 2990 urii
2206 2969 2267 2990 non
2287 2961 2429 3002 incurras,

1354 3011 1409 3032 nec
1417 3001 1554 3040 Regnum
1569 3009 1650 3031 tuum
1663 3001 1798 3038 subjaceat
1805 2998 2001 3030 Ecclesiastico
2015 2996 2117 3028 interdi
2149 3008 2185 3037 03

1390 3039 1461 3071 Nec
1475 3049 1526 3070 nos
1541 3040 1687 3078 praedifftas
1702 3039 1915 3070 innovationem
1930 3060 1940 3075 ,
1962 3035 2175 3067 concessionem
2190 3058 2201 3074 ,
2223 3036 2258 3067 &
2273 3037 2426 3069 confirma-

1354 3080 1465 3110 tionem
1482 3078 1616 3109 caffemus
1627 3102 1636 3117 ‚
1659 3079 1796 3108 irritemus
1809 3100 1818 3115 ,
1844 3086 1890 3107 aut
1908 3075 1992 3107 cassas
2010 3075 2056 3106 vel
2077 3075 2163 3105 irritas
2176 3076 2354 3116 nuntiemus;
2371 3087 2425 3110 nec

1353 3117 1391 3148 de
1404 3117 1464 3157 ipso
1476 3116 1582 3157 Regno
1597 3118 1709 3148 interim
1725 3117 1801 3146 aliter
1815 3114 2034 3153 quomodolibet
2046 3113 2243 3158 disponamus,

1393 3155 1448 3186 Sed
1464 3156 1522 3194 iuS,
1540 3155 1617 3195 quod
1631 3155 1748 3195 praefato
1754 3154 1829 3194 Regi
1842 3154 1943 3184 Siciliae
1957 3162 1992 3184 ex
2007 3153 2208 3190 innovatione,
2227 3153 2426 3192 concessione,

1356 3195 1389 3226 &
1406 3194 1636 3232 confirmatione,
1653 3194 1701 3224 sibi
1716 3194 1793 3233 super
1807 3193 1908 3223 eodem
1921 3193 2028 3231 Regno
2040 3191 2119 3221 factis
2132 3201 2147 3221 a
2162 3191 2262 3230 nobis,
2280 3193 2370 3223 extitit
2378 3202 2426 3222 ac-

1375 3233 1505 3271 uisitum,
1523 3234 1632 3270 eidem,
1649 3232 1682 3263 ὃς
1696 3232 1850 3263 haeredibus
1865 3232 1934 3270 suis,
1951 3232 2036 3269 usque
2054 3238 2124 3261 tunc
2145 3230 2252 3260 fiilvum
2273 3231 2425 3262 maneat&

1355 3271 1487 3311 ihesum,
1506 3271 1576 3301 sicut
1589 3279 1646 3301 erat
1661 3270 1810 3309 postquam
1823 3269 1931 3301 eaedem
1946 3270 2109 3307 innovatio,
2125 3267 2290 3308 conceffio,
2307 3269 2341 3300 &
2355 3278 2426 3304 con-

1355 3310 1478 3341 firmatio
1491 3309 1605 3339 fuerunt
1619 3310 1710 3339 eidem
1725 3311 1753 3340 in
1768 3318 1928 3340 memorato
1942 3308 2090 3349 privilegio
2104 3317 2153 3345 per
2161 3317 2214 3338 nos
2227 3306 2319 3338 faetae.

1395 3349 1442 3380 Ad
1462 3349 1539 3385 cujus
1557 3347 1734 3386 suspensionis
1754 3348 1939 3389 irrefragabile
1959 3346 2154 3378 testimonium
2174 3345 2320 3385 praesentes
2336 3345 2425 3378 literas

1354 3388 1417 3419 fore
1430 3387 1607 3419 decemimus
1619 3386 1756 3418 efficaces.

1392 3467 1463 3499 Dat.
1474 3466 1614 3506 Viterbii,
1631 3477 1650 3498 2
1668 3468 1710 3499 Id.
1726 3468 1882 3500 Decembr.
1898 3465 2084 3500 Pontificatfis
2097 3464 2185 3496 nostri
2196 3474 2272 3496 anno
2285 3462 2377 3494 tertio.

2036 3545 2090 3577 Sub
2098 3545 2151 3589 filo
2167 3543 2274 3577 canabi.

1380 3679 1472 3713 Bulla
1490 3680 1775 3714 recommendatoria
1784 3693 1840 3728 pro
1852 3683 1975 3728 Rogerio
1992 3682 2120 3731 Fymetti
2133 3677 2170 3711 de
2186 3676 2311 3710 Lentino
2321 3700 2332 3717 ‚
2357 3676 2394 3712 (ῥ’

1513 3733 1518 3737 ’
1613 3733 1678 3776 ejus
1684 3728 1864 3777 fiquacibus
1878 3730 1914 3763 de
1931 3732 2029 3777 Regno
2045 3727 2158 3762 Siciliae.

1359 3816 1566 3885 Alffexander
1578 3818 1746 3865 Episcopus,
1765 3820 1856 3864 servus
1869 3821 2012 3864 servorum
2025 3816 2084 3847 Dei
2099 3837 2109 3852 ,
2133 3812 2274 3844 carissimo
2289 3813 2318 3843 in
2335 3811 2420 3882 llChri-
2439 3812 2516 3843 Ann.
2532 3812 2570 3844 D.

1357 3856 1598 3926 benedioktssgffmt
1659 3858 1735 3900 Regi
1747 3858 1866 3900 *Angliae
1885 3857 1982 3888 illustri
1996 3879 2008 3895 ,
2031 3855 2145 3886 salutem
2169 3853 2202 3883 &
2221 3851 2334 3891 Aposto
2354 3861 2417 3882 cam
2439 3859 2555 3926 2522

1395 3931 1540 3964 Virtutum
1551 3935 1636 3966 titulis
1647 3944 1695 3967 tua
1707 3934 1836 3966 decorata
1851 3933 1998 3964 sublimitas
2011 3931 2046 3961 ad
2059 3929 2118 3960 hoc
2132 3929 2213 3960 suum
2226 3928 2363 3960 affectum
2374 3927 2416 3958 di-
2438 3932 2474 3955 H.
2490 3938 2515 3965 3.

1358 3970 1457 4002 rexisse
1470 3971 1622 4006 disnocitur
1629 3996 1640 4013 ,
1656 3983 1689 4006 ut
1700 3974 1806 4010 ubique
1816 3971 1954 4002 laudabilis
1967 3969 2116 4006 hab-arm
2135 3977 2210 4006 patet
2223 3969 2282 4001 hoc
2295 3967 2419 4037 qffitlg}
2439 3969 2550 4042 forge-rnu-
