2570 4261
773 203 880 251 ET
942 211 1206 254 ACTA
1265 213 1298 253 P

85 278 162 318 Arm.
173 282 216 315 D.
231 285 265 316 &
282 281 486 320 beneficiorum
502 289 761 323 Ecclesiasticorum
777 293 876 331 Regni
891 296 950 334 tui,
967 304 1031 334 quae
1045 288 1126 327 nobis
1141 297 1248 328 dudum
1263 298 1298 328 ad

89 358 93 363 ,
112 323 197 362 1308.
231 333 358 369 ternpus,
378 328 510 371 Ecclesiae
527 330 666 361 Romanae
686 332 843 363 necessitate
861 342 1001 371 cogente,
1020 335 1199 373 reservenda,
1212 337 1244 367 &
1262 337 1297 366 ad

105 362 150 391 dv.
171 369 198 389 2.
231 363 393 432 colligenda
404 366 460 404 ipsa
477 376 568 399 certos
588 377 747 400 executores
763 371 887 411 ydoneos
903 372 1077 409 deputandos
1093 374 1220 405 duximus
1229 397 1239 413 ,
1256 385 1299 405 re-

231 410 324 439 Clplan
343 425 354 441 ‚

231 439 448 509 &Impediunt,
465 444 493 473 in
507 453 592 481 grave
604 444 730 477 nostrum
744 447 777 477 &
792 446 926 477 Ecclesiae
942 447 1084 479 Romanae
1104 450 1299 488 praejudicium

280 487 396 510 contem
419 489 489 511 tum.

270 515 306 546 Et
323 517 387 561 licet
398 491 481 558 lsilias,
500 520 577 558 super
590 520 748 560 hujusmodi
762 522 922 561 annalibus,
939 525 972 554 &
988 525 1150 563 quibusdam
1164 526 1221 556 aliis
1236 536 1299 564 gra-

232 556 410 595 vamimbus,
428 568 476 595 per
489 559 624 589 dilectum
641 560 744 601 Filium
759 560 927 599 Magistrum
936 562 1098 601 johannem
1117 564 1153 594 de
1170 565 1299 595 Ferreriis

234 591 420 631 Capellanum
436 596 562 627 nostrum
573 619 582 635 ,
599 597 730 635 scripfisse
744 606 799 628 tuae
818 600 1009 636 Magnitudini
1025 602 1179 632 recolamus
1194 612 1200 632 :
1227 614 1299 632 non-

231 630 302 675 dum
318 640 413 676 tamen
426 634 579 665 audivimus
594 636 671 673 quod
681 659 690 674 ,
707 646 754 674 per
770 637 952 677 providentiae
968 647 1021 669 tuae
1037 640 1204 678 consilium,
1221 641 1298 678 super

231 670 285 699 illis
307 670 410 710 ahquid
431 672 463 702 fit
482 673 660 713 corredturn3
678 674 723 704 sed
745 674 824 705 dicto
844 675 988 713 Magistro
1006 677 1127 715 johanni
1142 678 1252 718 dixisti,
1271 688 1299 710 ut

230 709 288 747 ipse
305 709 414 741 afferuit
426 733 436 749 ,
454 711 529 749 quod
550 711 627 748 super
647 713 685 742 eis
705 714 788 742 nobis
810 723 858 753 per
883 722 947 744 tuos
962 715 1087 745 Nuntios
1108 716 1299 755 responderes,

231 748 309 786 quod
328 748 421 779 facere
438 759 495 779 non
513 750 625 780 curasti.

269 786 377 824 Porro,
394 787 446 817 Fili
462 786 623 826 Cariffime,
640 789 722 828 licet,
739 790 910 827 temporibus
925 791 1112 828 quorumlibet
1127 791 1298 823 Pontificum

233 823 436 855 Romanorum
452 848 461 863 ,
484 827 514 856 in
529 826 625 857 Terris
645 829 697 857 tuis
718 827 780 858 talia
799 828 932 858 deberent
950 828 1154 866 Impedimenta
1177 831 1299 869 cessare,

233 870 362 901 tempore
382 871 477 894 tamen
490 865 585 895 nostro
598 865 756 904 potiisime,
771 876 837 896 curn
853 876 913 896 non
929 867 1074 897 credamus
1096 879 1228 906 umquam
1251 870 1301 899 ali-

233 911 320 938 quem
335 900 416 932 fuiffe
429 902 570 933 summum
594 903 778 942 Pontificem,
795 906 966 942 temporibus
986 906 1136 937 hominum
1158 908 1205 945 qui
1223 918 1299 938 nunc

231 941 349 978 vivunt,
368 941 416 978 qui
436 949 542 971 tantum
565 942 688 972 dilexerit
708 942 841 972 Domum
862 952 954 981 tuam,
974 943 1043 974 sicut
1062 954 1112 974 nos
1131 945 1300 985 diligimus;

231 988 302 1017 quos
315 979 348 1009 ad
368 979 424 1009 hoc
439 980 497 1008 tam
513 988 605 1011 natura
619 981 652 1011 ὃς
670 981 793 1011 naturalis
809 982 912 1020 origo,
930 992 1013 1021 quam
1029 982 1115 1020 longa
1132 984 1165 1014 &
1184 984 1299 1014 familia-

233 1019 269 1048 ris
282 1019 412 1048 nutritura
428 1018 546 1048 inducit:

270 1055 457 1094 Qiamquam
479 1058 564 1087 etiam
579 1079 590 1095 ,
608 1064 708 1088 contra
724 1057 911 1095 quascumque
928 1057 1053 1096 personas
1070 1058 1273 1090 Ecclesiasticas
1289 1082 1301 1099 ,

234 1093 364 1124 Ministri
377 1095 416 1125 tui
431 1093 562 1125 deberent
581 1106 596 1125 a
609 1095 707 1125 talibus
721 1097 929 1135 gravaminibus
943 1097 1095 1128 abstinere:
1114 1106 1216 1137 tamen,
1229 1109 1302 1129 con-

234 1140 275 1163 tra
291 1132 366 1171 illos,
381 1133 429 1171 qui
443 1133 540 1162 nostris
556 1134 589 1164 &
604 1133 738 1163 Ecclesiae
755 1133 897 1164 Romanae
911 1134 1034 1166 insistunt
1056 1135 1211 1175 obsequiis,
1230 1147 1302 1174 prae-

233 1171 327 1201 sertim
342 1171 452 1201 Sandiae
466 1171 606 1202 Romanae
622 1171 753 1202 Ecclefiae
769 1172 927 1203 Cardinales
941 1196 951 1211 ,
975 1175 1010 1203 ab
1028 1174 1183 1212 hujusmodi
1205 1186 1303 1212 grava-

234 1210 360 1240 minibus
377 1210 411 1240 &
428 1210 637 1248 impedimentis
653 1209 789 1240 abstinere
811 1211 960 1250 deberent,
979 1213 1139 1250 quinimmo
1159 1214 1221 1251 ipfis
1235 1236 1245 1251 ,
1268 1214 1302 1244 &

234 1258 334 1279 eorum
357 1247 587 1278 Procuratoribus
600 1271 609 1285 ,
637 1248 782 1278 consilium
805 1250 838 1280 &
857 1250 990 1280 auxilium
1013 1252 1169 1290 impertiri,
1185 1262 1252 1282 cum
1269 1253 1303 1283 &

234 1287 302 1326 ipfi,
320 1287 387 1325 quin
402 1287 435 1317 &
450 1296 550 1316 eorum
566 1286 763 1323 Progenitores
779 1287 814 1317 de
828 1296 897 1317 terra
913 1288 959 1318 tua
967 1290 1077 1318 oriundi
1087 1289 1204 1320 existunt
1222 1292 1303 1328 (cum

237 1335 297 1355 non
323 1324 477 1355 recolamus
500 1335 624 1363 unquam
668 1335 757 1363 neque
777 1326 922 1356 credamus
939 1337 990 1356 nos
1008 1327 1113 1365 alicui,
1131 1330 1178 1366 qui
1197 1339 1254 1358 non
1273 1328 1305 1359 fit

235 1363 273 1393 de
291 1363 400 1401 Regno
418 1362 548 1401 Angli-ie,
565 1362 609 1393 seu
628 1347 743 1394 bucatu
760 1364 938 1402 Aquitaniae,
958 1365 1003 1394 vel
1025 1366 1082 1396 aliis
1104 1367 1204 1396 Terris
1216 1390 1225 1405 ,
1249 1376 1304 1397 tuae

235 1402 336 1432 ditioni
351 1401 480 1440 subjeetis
494 1411 589 1440 natus,
609 1403 640 1431 in
653 1402 756 1432 eodem
772 1401 881 1439 Regno
905 1403 1019 1440 Angliae
1041 1405 1191 1441 providisse
1206 1428 1216 1444 ,
1240 1406 1305 1435 licet

235 1439 452 1470 Praedeceffores
473 1439 559 1470 nostri
576 1463 586 1478 ,
609 1440 677 1470 sicut
702 1441 731 1470 in
751 1441 809 1470 aliis
831 1441 926 1470 Terris
947 1442 980 1472 &
1003 1440 1112 1479 Regnis
1124 1466 1133 1481 ,
1154 1444 1305 1474 consueve-

234 1479 290 1510 rint
304 1501 314 1517 ,
344 1479 412 1509 sicut
429 1478 539 1515 expedit
558 1478 715 1516 providere)
735 1479 769 1509 ad
787 1480 926 1509 honorem
942 1488 1023 1510 tuum
1040 1481 1070 1509 in
1088 1483 1222 1512 omnibus
1239 1491 1306 1520 pro-

238 1517 435 1555 movendum,
454 1517 487 1546 &
506 1517 719 1554 impediendum
740 1519 923 1556 contrarium,
942 1519 962 1549 si
982 1520 1119 1558 eveniret,
1136 1522 1211 1558 quod
1223 1521 1306 1559 absit,

232 1556 332 1587 diebus
349 1556 382 1587 &
400 1555 531 1586 nofflbus
548 1556 598 1586 lint
617 1557 707 1595 parati.

272 1595 336 1625 Hiis
351 1595 436 1632 igitur
449 1595 482 1625 &
494 1594 566 1632 aliis,
583 1593 634 1624 Fili
649 1593 814 1632 Cariffime,
833 1595 862 1624 in
881 1594 981 1625 libram
995 1595 1099 1626 debitae
1122 1597 1302 1628 considerati-

230 1635 294 1665 onis
307 1633 446 1672 appensis,
464 1631 663 1663 Celsitudinem
677 1641 753 1663 tuam
764 1642 865 1663 attente
881 1634 909 1663 in
925 1634 1055 1665 Domino
1069 1637 1248 1674 requirimus,
1269 1637 1302 1667 &

233 1673 396 1711 propensius·
405 1672 584 1701 exhortamur
592 1694 601 1709 ,
620 1672 743 1710 quatinus
754 1672 830 1702 circa
845 1672 1041 1703 liberationem
1047 1673 1191 1704 dicmrum
1202 1675 1306 1704 Liche-

235 1710 377 1748 feldensis,
394 1710 490 1740 Sanffi
504 1710 646 1748 Andreae,
665 1710 699 1740 &
713 1709 887 1746 Glasguensis
901 1710 1122 1750 Episcoporum3
1139 1713 1184 1743 vel
1200 1713 1306 1744 missio-

237 1760 305 1780 nem
319 1749 441 1787 ipsorum
456 1748 490 1779 ad
507 1757 574 1786 nOS,
591 1747 625 1778 ad
642 1749 719 1786 cujus
731 1748 869 1786 judicium
883 1751 1018 1789 pertinere
1030 1750 1198 1790 dinoscitur,
1210 1753 1307 1782 &cir-

238 1798 272 1818 ca
284 1786 459 1818 revocandos
472 1786 585 1817 Errores
600 1794 713 1817 tuorum
728 1786 904 1817 Officialium
921 1789 968 1826 qui
980 1790 1008 1818 in
1023 1789 1164 1826 praedietis
1181 1791 1307 1820 commi-

240 1828 332 1859 serunt
344 1849 354 1865 ,
373 1826 406 1857 &
422 1827 454 1856 in
473 1825 640 1863 quibussibet
654 1825 726 1863 aliis,
743 1834 840 1856 contra
861 1825 1013 1856 Ecclesiam
1035 1828 1069 1857 &
1085 1827 1307 1859 Ecclesiasticam

240 1866 398 1897 libertatern
412 1863 513 1901 aliquid
527 1864 659 1901 deinceps
673 1872 879 1902 attemptarent,
897 1864 935 1895 fic
949 1864 1013 1895 zelo
1033 1865 1191 1896 devotionis
1205 1867 1238 1897 &
1253 1867 1308 1898 fer-

241 1914 310 1935 vore
330 1903 493 1934 reverentiae
507 1902 574 1932 velis
586 1911 735 1940 exurgere,
752 1903 884 1932 correffis
898 1903 951 1933 hiis
962 1925 972 1941 ,
989 1913 1052 1941 quae
1075 1905 1258 1935 corretitionis
1273 1906 1308 1935 li-

242 1942 293 1973 ma
309 1941 438 1979 indigere
453 1939 619 1979 noscuntur,
637 1940 729 1979 quod,
748 1949 846 1978 praeter
863 1941 994 1972 humanae
1013 1942 1099 1972 laudis
1113 1944 1308 1983 praeconium,

247 1982 300 2011 tibi
318 1979 391 2018 apud
411 1979 509 2010 Deum
528 1979 626 2009 exinde
642 1980 780 2017 spiritualis
798 1980 896 2017 gratiae
914 1981 1060 2018 proveniet
1076 1982 1290 2012 incrementum.

278 2018 346 2049 Nos
360 2019 438 2048 enim
453 2019 511 2048 tarn
523 2017 560 2048 de
576 2017 796 2056 Lichefeldensi,
818 2019 901 2055 quam
916 2018 1010 2049 Sariffl
1024 2019 1164 2058 Andreae,
1182 2020 1306 2051 &Gras-

240 2057 337 2095 guensi
353 2056 515 2095 EpiscopiS,
531 2056 709 2095 supradietis,
726 2057 763 2087 sic
779 2057 919 2096 celeriter,
938 2058 971 2087 &
987 2057 1025 2087 fic
1048 2058 1172 2095 plenario
1186 2059 1223 2089 de
1235 2060 1305 2098 hiis,

240 2106 306 2135 quse
321 2096 496 2126 invenientur
518 2096 546 2124 in
567 2103 646 2125 tuum
669 2095 712 2125 vel
732 2095 907 2125 subditorum
930 2103 1041 2126 tuorum
1063 2096 1218 2134 dampnum
1233 2120 1243 2136 ,
1260 2097 1306 2129 seu

239 2143 315 2165 tuam
330 2135 458 2173 injuriam
472 2133 657 2172 commisisse,
675 2133 808 2164 faciemus
823 2133 928 2164 'ustitiae
946 2133 1204 2173 complementum,
1221 2137 1306 2166 etiam

240 2173 314 2203 infra
323 2172 441 2211 limites,
459 2171 478 2202 fi
495 2172 623 2210 expedire
639 2172 795 2210 videbitur,
842 2173 908 2209 egni
922 2174 977 2211 tui,
996 2173 1071 2211 quod
1084 2181 1130 2204 tua
1143 2174 1243 2204 exinde
1255 2174 1306 2205 Se-

240 2213 339 2243 renitas
355 2213 455 2242 merito
467 2212 622 2241 contentari
641 2210 765 2240 debebit.

278 2250 493 2280 Nichilominus
519 2257 610 2279 autem
629 2248 777 2279 Dsseetum
794 2248 896 2279 Filium
914 2248 1086 2286 Magistrum
1105 2249 1252 2282 Sicardum
1270 2252 1306 2283 de

240 2288 355 2327 Vauro,
375 2287 618 2318 Archidiaconum
635 2286 776 2318 Carbariae
790 2288 819 2317 in
835 2287 960 2318 Ecclesia
984 2287 1161 2319 Narbonensi
1175 2312 1185 2327 ,
1202 2290 1305 2328 Capel-

238 2327 335 2357 ianum
356 2326 501 2363 nostrum,
518 2325 650 2355 Latorem
670 2325 863 2368 praesentium,
881 2326 916 2356 ad
937 2334 1013 2356 tuam
1030 2327 1202 2365 praesentiam
1218 2329 1305 2358 desti-

241 2375 355 2404 namus,
373 2366 435 2402 cui,
453 2363 530 2401 super
552 2364 710 2401 praemiffis,
728 2364 761 2394 &
782 2365 851 2402 hiis,
869 2375 932 2403 quae
955 2365 1029 2394 circa
1044 2375 1076 2396 ea
1092 2366 1161 2404 tibi,
1178 2376 1212 2396 ex
1230 2376 1305 2405 parte

239 2403 332 2435 nostra
341 2427 350 2441 ,
369 2403 475 2433 duxerit
487 2401 646 2440 referenda,
663 2402 792 2433 adhibeas
803 2403 912 2443 plenam
927 2401 1022 2432 fidem.

277 2461 345 2493 Dat.
362 2461 500 2500 Pietavis,
519 2468 545 2500 5.
563 2460 626 2491 Idus
646 2460 764 2499 Aprilis,
782 2458 965 2490 pontificatus
980 2458 1066 2489 nostri
1081 2459 1166 2491 Anno
1178 2463 1268 2494 tertio.

971 2507 1061 2545 sigillo
1077 2507 1184 2548 avulsa.

242 2637 270 2667 ’ἦ
282 2637 371 2671 Bulla
387 2636 500 2669 dir-effa
520 2636 654 2682 Epiftopo
671 2635 862 2682 lVigorniensi
878 2633 923 2666 ad
942 2632 1141 2666 inducendum
1168 2637 1277 2681 Regem

335 2686 451 2733 Angliae
453 2695 507 2732 pro
515 2683 709 2730 reformandis
716 2681 868 2726 exccffibus
875 2681 1058 2728 Officialium
1064 2683 1204 2727 fixorum.

88 2637 221 2674 *111.76.

90 2769 213 2802 AnnD

161 2794 183 2837 ‚8
214 2794 221 2801 .
247 2772 304 2834 C
314 2771 434 2802 Lemens
447 2770 618 2808 Episcopus,
634 2770 723 2801 servus
740 2769 885 2800 servorum
906 2767 980 2806 Dei,
995 2767 1100 2798 dilecto
1113 2767 1185 2798 Filio
1199 2768 1309 2799 Walte-

109 2819 167 2850 130
188 2832 195 2840 .

324 2821 355 2841 ro
372 2809 472 2840 Elec‘io
492 2809 686 2846 Wigorniensi
700 2832 710 2848 ,
735 2807 847 2839 salutem
863 2807 897 2839 &
914 2805 1111 2846 Apostolicam
1131 2806 1309 2838 benediCtio-

89 2852 186 2914 guz-¹
244 2859 415 2927 neQanto)
435 2888 506 2918 inter
521 2894 634 2917 caeteros
650 2885 750 2916 mundi
768 2884 926 2929 Principes,
944 2882 1127 2915 Carissimum
1146 2884 1175 2913 in
1194 2882 1309 2928 Christo

90 2928 132 2952 Ex
147 2927 213 2952 Am·
243 2926 345 2957 Filium
368 2925 492 2956 nostrum
511 2924 680 2955 Edwardum
699 2924 812 2961 Regem
833 2923 945 2960 Angliae
970 2922 1108 2952 Illustrem
1125 2921 1248 2966 specialis
1264 2922 1308 2952 di-

90 2970 158 2999 ngr.
243 2965 370 2995 lectionis
383 2964 534 2995 affeffione
548 2963 708 3002 diligimus,
728 2964 850 3000 gerimus
865 2963 894 2992 in
906 2961 1056 2992 visceribus
1069 2962 1204 2998 caritatis,
1222 2961 1255 2992 &
1273 2961 1306 2991 ad

242 3004 301 3041 ejus
312 3004 452 3033 honorem
474 3012 527 3040 pro
547 3003 649 3032 viribus
663 3000 905 3040 promovendum,
923 3008 981 3030 tam
999 3000 1163 3044 natura,.&
1179 3000 1304 3043 naturalis

241 3043 344 3080 origo,
362 3051 445 3079 quam
459 3041 589 3070 nutritura
603 3040 687 3076 longa
700 3041 733 3071 &
749 3039 888 3070 familiaris
902 3038 1038 3068 ardentius
1053 3047 1105 3067 nos
1119 3037 1226 3068 inducit
1231 3046 1307 3081 ,tan-

243 3088 275 3111 to
290 3080 408 3117 amplius
426 3079 551 3110 dolemus
565 3101 575 3115 ,
598 3078 765 3116 affligimur,
784 3079 816 3109 &
837 3078 995 3119 turbamur,
1012 3085 1078 3106 cum
1099 3086 1165 3106 eum
1180 3076 1306 3107 audimus

242 3118 332 3156 aliqua
345 3118 451 3156 facere,
469 3127 517 3157 per
529 3127 592 3155 quae
605 3118 675 3147 inter
687 3116 848 3147 Romanam
857 3115 1010 3146 Ecclesiam
1018 3114 1169 3158 &Regem
1183 3114 1306 3158 eundem

242 3156 435 3195 Regnumque
445 3156 539 3193 suum,
558 3156 669 3185 materia
683 3154 856 3186 dissensionis
871 3155 904 3185 &
919 3153 1050 3191 scandali,
1069 3162 1114 3183 aut
1127 3152 1241 3183 seintilla
1249 3162 1308 3184 tur-

243 3196 361 3225 bationis
382 3193 471 3233 posset
493 3192 710 3232 quomodolibet
733 3193 866 3231 suboriri,
883 3192 928 3223 vel
963 3202 1007 3222 uae
1021 3191 1114 3235 ipsum·
1127 3200 1240 3229 notent,
1260 3192 1304 3222 vel

242 3242 338 3264 notare
358 3234 465 3264 valeant
479 3232 626 3270 aliqualiter
645 3242 660 3261 a
683 3230 898 3267 Progenitorum
914 3232 958 3261 vei
975 3232 1038 3267 igiis
1051 3230 1160 3261 deviare
1175 3229 1284 3260 suorum
1295 3253 1306 3269 ,

243 3273 294 3310 qui
307 3282 418 3310 propter
433 3270 633 3309 plenitudinem
648 3269 808 3300 devotionis
822 3271 854 3301 ὃ(
872 3269 954 3307 fidei,
973 3279 1056 3308 quam
1069 3279 1134 3305 erga
1157 3267 1254 3299 Deum
1272 3269 1305 3299 &

240 3310 407 3340 Romanam
430 3309 582 3340 Ecclesiam
603 3307 798 3338 inviolabiliter
819 3309 974 3338 obtinentes
990 3331 999 3346 ,
1031 3308 1060 3336 in
1080 3307 1156 3336 bellis
1173 3306 1255 3336 fortes
1272 3308 1305 3338 &

243 3347 366 3387 strenui,
383 3347 557 3379 honorabiles
572 3347 753 3384 hominibus,
771 3347 804 3376 &
825 3345 892 3376 Deo
912 3346 1060 3383 amabiles,
1078 3345 1204 3375 inclitum
1220 3343 1305 3389 Reg-

244 3396 314 3417 num
329 3387 408 3417 suum
428 3386 557 3424 ampliare
578 3386 654 3415 terris
669 3385 701 3415 &
714 3383 895 3421 Regionibus
909 3407 920 3422 ,
937 3384 1119 3421 multiplicare
1131 3383 1255 3421 populis,
1273 3384 1305 3414 &

241 3435 343 3462 augere
356 3425 527 3462 honoribus,
545 3425 579 3455 &
601 3422 775 3454 accumulare
796 3421 917 3461 divitiis,
935 3434 952 3453 a
965 3423 1058 3453 multis
1081 3431 1156 3452 retro
1171 3430 1305 3460 tempori-

242 3464 296 3493 bus
311 3471 476 3493 meruerunt.
1133 3499 1138 3504 ¹

279 3500 370 3531 Porro
385 3501 479 3532 auditu
493 3499 656 3537 multiplici,
674 3509 732 3529 non
747 3498 802 3529 sine
816 3497 909 3529 cordis
916 3499 1114 3537 amaritudine,
1128 3498 1302 3536 jamdudum

241 3540 417 3578 audivimus,
434 3539 628 3570 Venerabilem
650 3537 772 3568 Fratrem
791 3536 916 3567 nostrum
935 3537 977 3567 W
980 3537 1093 3568 alterum
1108 3536 1304 3567 Lichefelden-

240 3578 301 3609 sem
314 3577 486 3615 Episcopum
501 3587 550 3614 per
564 3575 709 3606 Officiales
724 3576 851 3614 Regios,
869 3584 965 3606 manus
976 3575 1011 3606 ad
1024 3575 1194 3621 indebitaA&
1209 3575 1302 3619 illicita

239 3616 414 3647 extendentes
426 3639 435 3653 ,
459 3624 572 3653 captum
594 3613 674 3644 fuisse
693 3621 816 3652 temere,
833 3615 884 3651 δε,
901 3623 958 3644 non
979 3613 1036 3643 fine
1055 3612 1163 3643 offensa
1176 3612 1251 3652 Dei,
1270 3615 1303 3644 &

240 3664 406 3692 contemptu
428 3653 560 3684 Ecclefiae
571 3676 581 3692 ,
598 3653 631 3684 &
651 3652 811 3690 diruptione
823 3651 1023 3683 Ecclesiasticae
1042 3652 1170 3682 libertatis
1185 3674 1195 3690 ,
1219 3651 1304 3690 usque

240 3694 336 3724 adhuc
352 3694 379 3722 in
395 3691 517 3722 Carcere
534 3691 668 3729 detineri,
687 3690 765 3729 quod
784 3700 844 3720 non
864 3690 922 3720 tam
941 3691 1045 3720 ratione
1067 3689 1202 3728 personae,
1221 3692 1304 3728 quam

239 3732 352 3762 honore
373 3730 431 3761 Dei
451 3730 484 3761 &
501 3729 633 3760 Ecclesiae
645 3752 655 3767 ,
679 3739 727 3767 per
746 3728 834 3767 ipsum
850 3727 1019 3765 jamdudum
1041 3727 1223 3771 voluissemus
1245 3728 1302 3759 effe

237 3770 418 3807 corre6mm,
436 3769 469 3800 δε
482 3768 573 3799 adhuc
588 3768 708 3804 corrigi,
726 3767 781 3797 sirie
800 3766 933 3796 ulterioris
956 3776 1045 3797 morae
1059 3766 1220 3804 dispendio,
1236 3777 1301 3797 eum

238 3809 269 3839 in
285 3808 417 3839 Domino
430 3807 624 3843 exhortamur,
641 3815 677 3835 ne
691 3814 726 3835 ex
738 3803 913 3842 hujusmodi,
931 3804 1006 3841 quod
1027 3805 1112 3842 abiit,
1129 3804 1228 3834 illicitis
1244 3815 1302 3835 nori

238 3846 364 3878 dicamus
378 3846 499 3882 affitibus,
517 3844 562 3875 sed
577 3844 723 3874 tolerantiis
738 3866 748 3881 ,
771 3842 975 3872 irreverentiam
989 3842 1022 3872 &
1036 3843 1248 3873 indevotionem
1267 3843 1302 3873 ad

237 3882 338 3914 Deum
353 3885 386 3916 δε
399 3883 552 3915 Ecclesiam
572 3882 736 3920 sapientibus
749 3903 759 3920 ,
783 3880 822 3910 sui
839 3879 905 3910 clari
922 3881 1045 3910 nominis
1063 3882 1205 3919 praeconia
1222 3880 1303 3912 deni-

259 3921 351 3952 rescan
365 3947 372 3953 .

235 3931 259 3960 g
276 3931 371 3990 Tuarii
392 3961 527 3999 fiquidem
541 3958 738 3989 discretionem
753 3955 895 3987 credimus
915 3966 973 3986 non
990 3955 1075 3987 latere
1089 3980 1099 3996 ,
1125 3957 1204 3995 quod
1218 3957 1302 3996 licet,

237 3997 321 4029 clarae
336 4001 495 4038 memoriae,
513 3996 653 4029 Edvardus
668 3995 733 4026 Rex
748 3995 877 4032 Angliae,
894 4003 924 4025 ut
938 3994 988 4024 sibi
1003 3995 1131 4034 capiendi
1148 3995 1303 4026 Venerabi-

236 4035 276 4066 lec
299 4036 403 4066 Fratres
423 4038 530 4068 nostros
544 4059 554 4075 ,
579 4034 770 4066 Willielmum
793 4033 888 4064 Sancti
911 4032 1031 4064 Andreae
1044 4056 1055 4072 ‚
1079 4034 1113 4065 &
1138 4032 1301 4076 Robertum

236 4073 435 4143 Glalsguensem
453 4075 606 4115 Episcopos
620 4096 631 4113 ,
654 4072 714 4110 &a
726 4078 809 4111 proin
827 4075 857 4103 in
873 4070 959 4103 Bulla
971 4070 1102 4113 ficpers'ore
1115 4094 1127 4113 ,
1148 4072 1230 4114 usque
1245 4072 1302 4106 hac

237 4121 291 4143 ver
310 4123 347 4151 a,
363 4123 426 4146 viz,

1336 215 1382 256 U
1419 217 1452 256 Β
1491 218 1522 260 L
1562 220 1580 261 1
1618 220 1657 261 C
1701 219 1754 263 A.
2315 236 2334 273 i
2344 244 2361 273 r
2370 245 2394 286 7

1350 338 1355 343 ι
1372 301 1518 340 Quocirca
1534 303 1702 336 Discretioni
1716 314 1771 350 tuce
1784 317 1831 346 per
1845 308 2006 348 Apostolica
2020 310 2116 349 scripta
2129 312 2310 354 mandamus,
2331 326 2399 354 qra-
2415 317 2488 349 Ann.
2501 319 2545 353 TV}

1336 346 1406 381 tinus
1421 342 1564 377 praefatum
1578 343 1702 387 nostrum
1717 345 1815 376 Filium
1831 348 2022 385 praediletstum
2035 349 2162 381 sollicites
2187 351 2347 392 studiosius,
2364 356 2397 386 ὃς
2434 358 2517 395 1308.

1335 377 1466 416 inducas,
1486 380 1564 417 quod
1592 382 1648 424 ipse
1667 383 1730 412 zelo
1750 383 1923 425 devotionis,
1941 387 1973 418 &
1987 387 2096 419 fervore
2110 392 2289 430 reverentiae,
2306 392 2343 422 fic
2362 394 2397 423 ad
2413 400 2478 423 [nv.
2499 405 2526 426 2.

1335 417 1508 461 revocandos
1530 420 1679 456 praedicitos
1701 420 1812 453 suorum
1833 424 2007 455 Officialium
2030 436 2134 457 errores
2157 428 2222 459 velit
2245 439 2398 470 exurgere,

1335 454 1413 496 quod
1423 476 1432 491 ,
1450 463 1549 492 praeter
1564 457 1694 501 humanae
1710 458 1796 502 laudis
1811 464 2004 501 praeconium,
2021 464 2070 495 sibi
2083 475 2099 496 a
2113 465 2179 496 Deo
2191 467 2291 498 exinde
2306 469 2398 499 hono-

1334 501 1386 534 ris,
1404 493 1437 522 &
1452 495 1600 525 commodi
1625 506 1766 533 proveniat
1788 500 2011 540 incrementum,
2028 502 2114 542 tuque
2128 515 2144 535 a
2157 503 2225 535 Deo
2235 528 2245 544 ,
2263 507 2296 537 &
2313 507 2395 539 nobis

1335 530 1433 561 exinde
1447 531 1534 563 valeas
1549 535 1752 564 commendari.

1374 568 1438 611 Nos
1451 572 1543 608 enim,
1561 581 1642 615 prout
1657 573 1748 616 eldem
1762 572 1840 611 Regi
1852 573 2010 615 scribimus,
2025 578 2061 608 de
2074 579 2136 616 ipsis
2150 579 2292 620 Episcopis
2300 582 2337 613 sic
2349 593 2397 614 ce-

1335 605 1438 644 leriter,
1457 608 1493 638 sic
1510 609 1630 645 plenarie
1644 610 1679 641 de
1693 611 1762 648 hiis,
1781 621 1843 649 quae
1862 613 2035 646 invenientur
2049 617 2078 646 in
2099 617 2192 654 suuni,
2209 619 2253 649 vel
2275 621 2397 652 hbdito'-

1336 653 1399 673 rum
1412 644 1524 676 suorum
1538 647 1710 687 dampnum,
1727 649 1772 679 seu
1786 651 1911 687 injuriam
1927 654 2113 692 commisisse,
2131 654 2264 688 faciemus
2284 659 2400 697 juititiae

1336 683 1596 729 complementum,
1613 687 1696 716 etiam
1716 686 1786 717 infra
1806 688 1905 719 limites
1921 712 1931 728 ,
1956 691 1975 720 fi
1990 693 2116 729 expedire
2131 695 2285 734 videbitur,
2301 696 2399 736 Regni

1334 720 1390 757 sui,
1408 722 1482 765 quod
1497 723 1541 753 sua
1555 724 1654 754 exinde
1668 724 1801 755 Serenitas
1814 728 1916 757 merito
1931 731 2086 760 contentari
2099 731 2220 762 debebit.

1371 758 1403 787 N
1408 759 1587 804 ichilominus
1608 771 1700 792 autem
1718 763 1864 794 Dilectum
1881 765 1980 796 Filium
2004 767 2176 805 Magistrum
2191 770 2339 803 Sicardum
2359 773 2396 804 de

1335 794 1446 835 Vauro,
1465 798 1710 830 Archidiaconum
1725 800 1870 832 Corbariae
1893 804 1923 834 in
1946 804 2070 836 Ecclesia
2086 806 2279 847 Narbonensi,
2296 809 2400 849 Capel-

1336 833 1428 864 lanum
1443 835 1569 879 nostrum
1579 861 1590 877 ,
1607 838 1724 869 latorem
1739 839 1929 880 praesentium,
1947 842 1982 872 ad
1995 844 2070 874 suam
2084 866 2094 882 ,
2110 845 2144 875 δε
2163 853 2238 876 tuam
2262 848 2401 884 praesenti-

1335 881 1383 902 am
1404 873 1590 914 destmamus;
1611 877 1673 914 cui,
1690 877 1766 914 super
1781 879 1941 917 praemiffis,
1958 881 1990 910 &
2013 882 2065 911 hiis
2078 905 2087 920 ,
2114 893 2176 920 qute
2193 885 2268 914 circa
2285 896 2316 917 ea
2332 888 2399 926 tibi,

1335 918 1370 939 ex
1383 920 1460 948 parte
1475 913 1567 943 nostra
1577 936 1587 952 ,
1603 914 1710 945 duxerit
1725 914 1883 955 referenda,
1900 918 2025 949 adhibeas
2043 920 2154 958 plenarii
2167 921 2264 952 fidem.

1375 985 1443 1018 Dat.
1462 987 1603 1028 Pieravis,
1621 999 1648 1028 5.
1666 989 1730 1021 Idus
1747 991 1867 1029 Aprilis,
1884 991 2061 1025 Pontificatus
2079 996 2166 1027 nostri
2186 1007 2261 1028 anno
2279 1002 2368 1031 tertio.

1581 1115 1629 1147 De
1652 1113 1829 1148 Inhibitione
1851 1118 2144 1155 Torm;·amentorum.⁴

1338 1195 1418 1253 RE
1430 1195 1460 1226 x
1474 1219 1484 1235 ‚
1508 1197 1617 1229 diieais
1633 1199 1667 1230 ὃς
1684 1199 1809 1231 fidelibus
1826 1201 1877 1232 suis
1890 1225 1901 1240 ,
1917 1202 2097 1242 Comitibus,
2112 1204 2279 1246 saxonibus,
2298 1208 2402 1240 Militi-
2423 1200 2497 1232 Ann.
2509 1199 2550 1232 D.

1411 1235 1482 1278 bus,
1505 1237 1538 1266 &
1563 1239 1695 1269 omnibus
1718 1239 1773 1269 aliis
1787 1262 1798 1277 ,
1829 1241 1858 1269 in
1877 1240 2041 1272 instantibus
2066 1242 2185 1274 octabis
2201 1245 2312 1277 Paschae
2329 1248 2402 1285 apud
2452 1250 2460 1267 ¹
2468 1241 2534 1279 303·

1339 1271 1516 1303 Staffordiam
1527 1274 1561 1305 ad
1577 1276 1760 1307 torneandum
1774 1281 1970 1317 conventuris,
1989 1280 2112 1311 salutem.
2428 1281 2480 1306 An.
2493 1288 2517 1306 ¹·

1379 1310 1561 1343 Prohibemus
1579 1315 1677 1353 vobis,
1695 1316 1743 1345 sub
1766 1315 1948 1348 Forisfactura
1968 1319 2099 1348 omnium
2143 1329 2187 1350 uae
2201 1321 2283 1352 nobis
2299 1322 2405 1355 forisfa-
2428 1321 2454 1343 Ε
2475 1326 2501 1342 ²·

1341 1357 1405 1379 cere
1420 1352 1562 1394 poteritis,
1581 1351 1695 1383 firmiter
1718 1354 1912 1393 injungentes,
1927 1357 1964 1385 ne
1986 1358 2015 1386 in
2029 1356 2113 1387 dictis
2160 1358 2265 1398 (Stabis,
2283 1360 2328 1391 seu
2341 1362 2404 1393 alias
2425 1356 2553 1383 1³.i.}·:.2‚‘

1340 1386 1413 1423 apud
1429 1388 1535 1419 dietam
1559 1390 1653 1421 villam
1673 1391 1849 1430 Staffordiae,
1866 1394 1911 1423 vel
1932 1393 2013 1433 alibi,
2031 1396 2059 1424 iri
2073 1395 2195 1435 Regno,
2212 1397 2257 1428 seu
2274 1400 2404 1436 potestate
2422 1400 2445 1429 Ρ·
2460 1403 2482 1420 1·
2497 1401 2537 1421 m·

1342 1426 1450 1469 nostra,
1469 1435 1610 1466 torneare,
1628 1429 1774 1468 burdeare,
1788 1431 1876 1469 Justas
1894 1432 1912 1451 '¹¹‘
1933 1431 2040 1471 facere,
2056 1444 2197 1465 aventuras
2213 1438 2404 1476 quaerere,seu
2427 1439 2468 1466 ¹5·

1342 1464 1458 1534 salias-azy}
1476 1465 1563 1496 Arma
1580 1468 1619 1497 ire
1636 1468 1805 1505 praesumatis
1823 1479 1937 1508 quoquo
1957 1471 2044 1501 modo
2057 1494 2068 1511 ,
2094 1472 2150 1503 fine
2168 1473 2294 1506 Licentia
2311 1476 2405 1508 nostra
2422 1468 2554 1505 *Ul-77·

1351 1513 1423 1541 peci
1442 1514 1461 1534 1.

1380 1578 1468 1611 Teste
1482 1579 1565 1618 Rege
1582 1582 1655 1621 apud
1670 1582 1714 1614 W
1715 1583 1806 1624 yndes.
1824 1583 1941 1615 decimo
1955 1594 2051 1623 quarto
2066 1586 2112 1618 die
2126 1584 2246 1627 AprilIiS.

1345 1663 1389 1724 E
1399 1655 1430 1686 T
1443 1657 1603 1688 mandatum
1618 1658 1659 1689 est
1678 1659 1854 1691 Vicecomiti
1868 1660 2025 1693 Staffordiae
2044 1662 2119 1700 quod
2137 1665 2168 1694 in
2186 1664 2299 1703 singulis
2316 1665 2386 1698 locis

1408 1696 1437 1738 in
1456 1695 1555 1740 Balliva
1574 1697 1635 1736 sua,
1652 1699 1700 1728 ubi
1717 1699 1844 1736 expedire
1860 1700 1976 1738 viderit,
1994 1701 2027 1731 &
2045 1702 2185 1743 praecipue
2201 1704 2232 1734 in
2250 1703 2322 1735 Villa
2334 1690 2407 1736 Staf³

1343 1732 1461 1776 fordiae,
1479 1735 1593 1772 publice
1611 1736 1795 1775 proclamari,
1811 1738 1844 1768 &
1857 1747 1891 1768 ex
1905 1747 1981 1776 parte
1996 1739 2083 1776 Regis
2094 1742 2211 1771 firmiter
2222 1742 2348 1773 inhibere
2365 1744 2406 1774 fa-

1343 1774 1446 1815 ciattne
1463 1774 1522 1811 quis
1539 1772 1662 1812 Comes,
1679 1775 1767 1814 Baro,
1785 1776 1884 1814 Miles,
1900 1777 1945 1807 seu
1968 1776 2033 1807 alius
2053 1779 2240 1818 quicumque,
2257 1781 2287 1811 in
2302 1781 2402 1813 eadem

1342 1809 1446 1840 Ballivs
1457 1811 1503 1841 sua
1512 1834 1522 1849 ,
1538 1813 1582 1842 vel
1595 1813 1660 1843 alibi
1674 1815 1703 1843 in
1716 1813 1841 1853 Regno,
1860 1815 1905 1845 seu
1920 1815 2053 1853 potestate
2070 1815 2161 1855 Regis
2167 1820 2397 1858 ,torneare‚&c.

1342 1856 1371 1878 ut
1385 1848 1460 1886 supra
1469 1872 1479 1887 ,
1497 1850 1553 1880 sine
1567 1851 1678 1882 licentia
1692 1851 1783 1889 Regis
1796 1852 1916 1890 speciali.

1380 1886 1433 1925 Et,
1452 1889 1470 1917 fi
1486 1898 1577 1930 quos,
1589 1890 1652 1927 post
1674 1891 1833 1921 hu'usmodi
1854 1891 2109 1923 Proclamationem
2130 1892 2164 1924 &
2185 1893 2383 1926 inhibitionem

1342 1925 1485 1970 invenerit
1495 1928 1652 1971 hu'uiiiiodi
1667 1900 1740 1959 facia
1755 1930 1783 1959 in
1804 1929 1907 1960 Balliva
1921 1930 1967 1960 sua
1990 1938 2165 1970 exercenteS,
2184 1940 2251 1963 tunc
2267 1943 2316 1963 eos
2330 1919 2399 1964 arel3

1343 1971 1382 1993 tet
1396 1986 1406 2001 ,
1423 1965 1455 1994 &
1478 1975 1507 2008 in
1552 1966 1640 1997 risoria
1663 1966 1751 2006 Regis
1771 1967 1846 1999 salvo
1865 1968 2000 2001 custodiat
2015 1992 2026 2008 ,
2049 1969 2142 2000 donec
2160 1970 2233 2001 aliud
2250 1971 2316 2002 inde
2335 1971 2401 2003 Rex

1344 2011 1514 2040 praeceperit.

1381 2078 1468 2110 Teste
1483 2088 1512 2111 ut
1527 2079 1611 2119 supra.

1365 2216 1465 2260 Papa,
1490 2213 1571 2261 quod
1589 2218 1738 2262 negotium
1760 2218 2003 2250 Canonizationis
2022 2215 2139 2251 Thomae
2164 2217 2200 2251 de
2222 2218 2378 2265 Cantilupo

1701 2264 1833 2298 celeriter
1846 2265 2007 2312 expediret.

1395 2347 1421 2379 A
1429 2346 1499 2377 PAE
1518 2347 1589 2379 Rex.

1425 2386 1525 2454 thm
1538 2387 1660 2426 benigne
1675 2386 1773 2417 vestrae
1789 2386 1913 2418 Paternae
1928 2388 2198 2427 Clrcumspetstionis
2211 2388 2343 2421 industria
2359 2390 2406 2420 di·
2427 2388 2502 2419 Arm.
2515 2386 2561 2421 D.

1341 2423 1448 2454 lectum
1494 2424 1608 2464 leticum
1624 2424 1767 2463 nostrum,
1786 2425 1959 2463 Magistrum
1973 2427 2067 2458 Adam
2081 2427 2117 2457 de
2132 2426 2269 2466 Orleton,
2288 2428 2403 2460 Litteras
2447 2428 2532 2468 1308.

1342 2461 1445 2492 nostras
1459 2473 1510 2500 pro
1525 2463 1764 2502 Canonizatione,
1782 2464 1938 2495 recolendae
1954 2467 2117 2504 memoriae,
2135 2465 2264 2496 Thomae
2279 2466 2314 2497 de
2328 2466 2405 2498 Can-
2426 2470 2486 2495 An.
2497 2476 2522 2497 i.

1341 2499 1450 2539 tilupo,
1464 2501 1608 2540 quondam
1620 2502 1826 2532 Herefordensis
1838 2502 1989 2542 Episcopi,
2006 2503 2104 2534 vestrae
2119 2503 2274 2534 paternitati
2289 2505 2407 2543 praesen-
2423 2509 2453 2536 E.
2472 2515 2498 2534 2.

1342 2546 1463 2577 tantem,
1480 2541 1618 2578 recipere,
1635 2540 1777 2579 ipsumque
1790 2542 1822 2570 in
1836 2543 2023 2579 propositione
2037 2542 2158 2572 e'usdetn
2176 2544 2281 2581 negotii
2303 2543 2406 2581 digna-
2425 2548 2495 2571 Rom.
2514 2551 2540 2571 i.

1343 2577 1421 2608 batur
1436 2578 1530 2608 audire
1565 2578 1746 2609 intelleximus
1761 2580 2004 2610 intervenientium
2019 2591 2033 2610 a
2073 2581 2143 2610 tibus
2157 2582 2404 2620 nunciorum3pro
2428 2586 2458 2609 Ε.
2468 2591 2494 2608 2.
2504 2591 2542 2609 m.

1343 2626 1400 2654 quo
1415 2616 1512 2646 vestrae
1526 2601 1690 2647 Reatitudini
1703 2618 1736 2647 ad
1750 2617 1864 2648 laudum
1879 2620 2020 2656 praeconia
2035 2618 2241 2657 assurgimus&
2251 2621 2403 2658 gratiarum
2433 2620 2459 2648 8-
2476 2619 2540 2656 dors,

1344 2655 1440 2684 uberes
1458 2655 1590 2685 affiones.

1384 2692 1510 2732 Verum,
1528 2693 1606 2724 Pater
1619 2693 1736 2732 Sanete,
1753 2695 1818 2732 quia
1839 2694 1950 2725 summo
1971 2694 2103 2726 desiderio
2117 2695 2266 2735 ducimur,
2282 2695 2316 2726 &
2335 2697 2408 2727 votis

1342 2729 1509 2762 serventibus
1522 2731 1681 2762 affe&amus
1696 2740 1725 2762 ut
1740 2732 1867 2770 praefatus
1878 2733 2023 2771 Thomas,
2041 2743 2126 2772 quem
2140 2733 2294 2764 Altiffimus
2303 2736 2407 2765 merito

1343 2769 1489 2800 san‘Ctitatis
1504 2778 1619 2801 coronat
1642 2772 1671 2800 in
1694 2771 1770 2801 caelis
1789 2771 1823 2802 ὃ(
1842 2771 1976 2810 honorat,
1992 2772 2088 2810 dignae
2102 2773 2283 2804 venerationis
2297 2771 2410 2804 Officio

1343 2808 1466 2839 laudetur
1479 2810 1510 2839 in
1524 2809 1637 2847 Terris,
1654 2808 1750 2840 vestris
1765 2810 1937 2847 temporibus
1952 2811 1985 2841 &
2001 2810 2189 2849 glorificetur,

1382 2846 1490 2878 Vestrae
1506 2847 1650 2878 Sandbitati
1663 2849 1758 2878 iterato
1773 2848 1900 2885 precibus
1914 2848 2099 2887 supplicamus
2105 2872 2115 2887 ,
2133 2857 2263 2887 quatenus
2278 2847 2402 2886 praefatae

1343 2884 1573 2916 Canonizationis
1587 2887 1734 2922 negotium
1749 2895 1816 2916 cum
1830 2886 1982 2926 celeritate,
1999 2886 2055 2926 qua
2068 2888 2216 2925 convenit,
2226 2897 2346 2926 precum
2353 2897 2407 2918 no-

1342 2923 1460 2954 ſtrarum
1474 2923 1622 2962 instantia,
1638 2924 1794 2964 dignemini
1808 2925 1943 2962 expedire.

1379 2962 1526 3000 Speramus
1537 2964 1642 2993 etenim
1656 2962 1735 3000 quod
1745 2985 1754 3001 ,
1770 2973 1820 3000 per
1836 2963 1992 3001 hujusmodi
2007 2962 2238 2994 Canonizationis
2254 2964 2407 3002 meritum,

1343 3000 1496 3032 Altiffimus
1521 3001 1603 3031 vobis
1628 2999 1759 3032 Gratiam
1777 3002 1807 3032 in
1823 3001 1948 3040 praesenti
1961 3025 1972 3041 ,
1992 3002 2026 3033 &
2046 3002 2179 3033 Gloriam
2194 3002 2298 3033 tribuet
2315 3003 2347 3032 in
2364 3001 2410 3033 fu-

1342 3048 1413 3071 turo,

1381 3077 1552 3116 Conservet,
1570 3077 1630 3108 δερ.

1382 3153 1449 3185 Dat.
1464 3153 1535 3193 apud
1548 3152 1684 3194 Wyndes.
1700 3152 1815 3185 decimo
1829 3155 1926 3193 quinto
1940 3153 1986 3185 dle
2001 3153 2122 3193 Aprilis,
2141 3153 2238 3186 Anno.
2253 3152 2409 3194 &c.1308.

1369 3298 1485 3334 Thema
1502 3298 1611 3331 Sanaae
1632 3296 1745 3331 Sabine
1769 3297 1927 3331 Cardinali
1941 3309 1996 3345 pro
2024 3299 2106 3332 dista
2127 3301 2372 3333 Canonizatione.

1417 3383 1552 3415 Enerabili
1568 3384 1597 3413 in
1613 3382 1727 3413 Christo
1745 3382 1820 3413 Patri
1834 3382 1968 3414 Domino
2001 3383 2110 3413 Sandhe
2124 3382 2235 3414 Sabinae
2249 3382 2407 3414 Presbitero
2425 3399 2491 3432 Am
2514 3395 2558 3432 D,

1428 3421 1586 3459 Cardinali,
1602 3423 1698 3451 amico
1717 3421 1765 3451 suo
1782 3421 1922 3451 carissimo
1936 3444 1946 3460 ,
1963 3406 2114 3452 Edwardus
2128 3444 2139 3460 ‚
2162 3421 2222 3452 &c.
2238 3421 2351 3452 salutem
2369 3422 2403 3453 &
2446 3425 2522 3480 1368
2546 3424 2556 3433 ⁵

1340 3460 1452 3491 sinceiae
1467 3459 1635 3489 Diledtionis
1649 3459 1793 3490 affectum.
2426 3483 2469 3506 An
2496 3487 2505 3505 ι
2524 3463 2532 3470 ·

1377 3500 1497 3530 Summo
1518 3498 1653 3528 desiderio
1673 3498 1819 3535 ducimur,
1836 3498 1869 3528 δε
1892 3498 1964 3527 votis
1985 3496 2155 3527 ferventibus
2167 3494 2343 3537 affectatum,
2362 3506 2411 3536 ut,
2426 3521 2445 3543 E
2465 3500 2479 3543 2'
2513 3498 2520 3505 ’

1340 3537 1495 3568 recolenda:
1510 3537 1657 3566 memoriae
1671 3536 1801 3566 Thomas
1813 3535 1848 3565 de
1863 3534 2029 3574 Cantilupo,
2039 3535 2180 3573 quondam
2197 3535 2404 3567 Herefordensis
2421 3538 2491 3582 Remi
2509 3564 2534 3582 ,ο

1340 3575 1507 3613 Episcopus,
1527 3584 1611 3612 quem
1626 3574 1704 3605 Deus
1721 3575 1821 3604 merito
1842 3573 1997 3603 &mititatis
2019 3582 2135 3604 coronat
2150 3574 2178 3616 in
2194 3573 2285 3605 Coelis
2302 3575 2335 3606 &
2353 3575 2406 3605 ho·
2421 3597 2443 3619 E
2470 3576 2492 3620 2*
2513 3601 2542 3621 m

1339 3624 1434 3651 norat,
1451 3613 1547 3649 dignae
1560 3613 1744 3643 venerationis
1759 3611 1886 3650 Officio,
1904 3610 1997 3642 vestro
2013 3612 2150 3642 mediante
2161 3613 2325 3652 juvamine,
2338 3613 2397 3644 lau-
2421 3613 2476 3659 g'd
2489 3614 2496 3621 ‘
2542 3613 2551 3621 ⁰

1339 3652 1416 3683 detur
1432 3653 1460 3682 in
1476 3651 1574 3681 Terris
1589 3652 1622 3682 &
1639 3650 1814 3688 glorificetur.
2102 3688 2107 3694 Π
2186 3689 2192 3694 .
2441 3653 2447 3659 “
2476 3652 2483 3659 “

1377 3690 1455 3721 Cum
1471 3690 1553 3726 igitur
1568 3689 1711 3719 Dominus
1725 3689 1858 3718 Summus
1875 3687 2005 3718 Pontifex
2018 3687 2193 3719 examinandi
2206 3688 2312 3726 praefati
2318 3688 2403 3720 Tho-

1339 3738 1394 3759 mae
1410 3728 1638 3758 Canonizationis
1656 3728 1817 3767 negotium,
1837 3734 1888 3764 pro
1909 3727 1987 3770 cujus
2006 3727 2185 3770 promotione
2197 3737 2263 3764 erga
2279 3727 2403 3758 eundem

1339 3766 1448 3798 Patrem
1464 3765 1589 3796 nostrum
1604 3774 1667 3796 ante
1683 3767 1746 3796 haec
1770 3774 1900 3802 tempora
1923 3773 2002 3795 eratis
2021 3763 2147 3802 solliciti,
2163 3764 2262 3795 vestrae
2273 3766 2401 3797 circums

1337 3805 1483 3844 spefflonis
1497 3803 1639 3834 industriae
1648 3826 1658 3842 ,
1676 3812 1705 3834 ut
1717 3803 1914 3840 intelleximus,
1932 3802 2104 3846 commiserit
2114 3802 2294 3842 potestatem,

1378 3843 1504 3874 Vestram
1520 3841 1715 3874 Paternitatem
1729 3842 1853 3872 attentius
1867 3842 2030 3878 requirimus
2049 3840 2082 3871 &
2103 3850 2252 3884 rogamus,
2269 3850 2401 3879 quatenus

1339 3880 1507 3919 Magnifica:
1518 3879 1675 3910 devotionis
1690 3879 1812 3918 Zelum,
1830 3889 1914 3917 quem
1928 3879 1961 3909 ad
1970 3877 2128 3921 hujiismodi
2141 3886 2289 3923 negotium
2304 3880 2399 3910 haite-

1340 3931 1391 3951 nus
1411 3918 1542 3950 habuistis
1556 3919 1589 3949 &
1605 3919 1718 3957 geritis,
1736 3926 1766 3948 ut
1778 3918 1931 3955 speramur,
1948 3918 2115 3947 continueris
2129 3926 2183 3955 pro
2196 3916 2279 3962 celeri
2297 3918 2330 3949 &
2349 3918 2400 3948 θε-

1338 3959 1386 3989 lici
1400 3957 1575 3995 expeditione
1590 3956 1726 3994 praelibati
1741 3957 1849 3993 negotii
1863 3967 1873 3993 3
1890 3954 2017 3994 Curam,
2033 3965 2146 3994 operam
2161 3955 2194 3986 &
2207 3955 2400 3993 diligentiam,

1338 3996 1495 4027 nostrorum
1516 3996 1669 4025 interventu
1698 3995 1892 4032 precaminum
1904 4016 1914 4032 ,
1938 3995 2080 4032 apponatis
2102 3993 2140 4024 sic
2161 4001 2192 4024 ut
2202 3993 2299 4025 vestris
2312 3995 2397 4032 gratia

1339 4034 1483 4067 affectibus
1498 4033 1634 4073 perpetuis
1646 4031 1820 4073 temporibus
1836 4031 1981 4064 reddamur
1995 4033 2099 4066 merito
2113 4033 2304 4074 promptiores.

1781 4106 1844 4149 ΡΞ
2334 4102 2402 4141 Βιῖξ
