2570 4261
27 360 45 380 θ
58 359 155 396 1.272.

21 484 98 517 Anu.
113 481 155 514 D.

20 530 131 590 532328‘5·

19 605 88 666 {gat}
95 620 126 664 ⁸8.

18 681 54 705 Η.
69 685 95 712 3.
108 684 145 704 m.

17 716 48 751 ,⁶-
63 715 88 744 d.

2 2787 81 2819 'Ann.
94 2787 134 2819 D.

25 2836 109 2866 1224.

2 2870 56 2895 An.
77 2867 104 2893 8.

1 2909 39 2933 H.
59 2914 84 2942 3.

2 2943 115 2971 Bundela

2 2983 126 3009 Brevium

3 3018 40 3052 ό-
59 3019 103 3047 lit-

1 3064 118 3085 terarum

2 3096 30 3122 in
40 3099 117 3123 Turre

1 3134 110 3163 London.

5 3432 132 3474 ⁶I.273.

2 3873 81 3906 'Ann.
92 3874 133 3905 D.

31 3922 116 3951 1224.

4 3956 57 3981 An.
77 3953 105 3981 8.

2 3995 39 4018 H.
61 3999 87 4026 3·

3 4028 90 4064 Claus.
107 4028 134 4057 8.

3 4069 38 4094 H.
57 4076 82 4102 3.
96 4077 132 4097 m.

7 4110 51 4138 17.
64 4105 89 4132 d.

654 175 787 216 ΕΤ
865 175 1183 218 ACTA

173 348 202 377 ’ἒ
226 352 328 384 Finita
354 359 461 395 treuga
484 359 553 381 cum
577 351 708 381 Francia
732 348 901 393 notificatur
917 348 1081 383 Baronilms
1095 353 1225 396 quinque

617 399 777 430 Portuum.

172 481 308 545 REX
333 482 468 513 omnibus
488 480 597 512 Ballivis
622 480 655 511 δε
677 480 831 512 Baronibus
850 484 974 522 quinque
998 482 1139 514 Portuum
1156 482 1223 513 salu-

251 529 319 551 tem.

167 592 170 595 ,
208 557 305 589 Sciatis
326 559 404 597 quod
424 558 458 590 ad
479 557 581 588 Pascha
601 558 733 595 proximo
745 560 931 598 praeteritum,
949 569 1025 589 anno
1039 561 1115 599 regni
1135 558 1224 590 nostri

165 596 294 638 Indiave,
313 599 468 629 terminatae
487 597 600 626 fuerunt
619 605 723 634 treugae
746 596 855 634 pridem
876 599 945 627 inter
968 608 1035 635 nos,
1055 599 1088 629 δε
1108 597 1221 638 Regem

169 633 313 676 Franciae;
332 637 367 667 ita
382 635 460 674 quod
473 642 580 671 treugas
593 643 661 665 cum
674 635 733 671 ipso
746 645 806 665 non
818 635 961 666 habemus.

206 672 246 705 Et
269 674 334 705 ideo
355 675 437 706 vobis
457 673 619 704 mandamus
639 671 756 703 firmiter
779 675 971 711 praecipieiites
986 683 1134 713 quatenUS,
1154 674 1223 706 sicut

167 720 220 742 nos
233 713 268 744 &
284 714 382 744 omnia
400 711 490 744 vestra
503 710 630 750 diligitis,
647 720 747 741 omnes
760 721 843 742 naves
858 721 992 750 portuum
1013 713 1170 743 vestrorum
1192 715 1222 743 in

165 751 304 788 portubus
322 751 417 782 vestris
436 751 585 787 retineatis,
603 758 784 787 praeparantes
803 760 846 780 eas
865 751 899 780 ad
917 751 1058 782 servitium
1073 751 1219 789 nostrum,

166 789 295 857 italquod
310 797 453 828 promptas
465 790 499 821 &
511 797 615 826 paratas
627 796 671 817 eas
686 788 811 819 invenire
825 788 959 827 poffimus
981 789 1220 828 quandocumque

165 837 206 858 vo
217 838 347 858 uerimus.

204 865 240 895 N
242 876 275 897 ec
290 867 452 905 permittatis
466 864 544 904 quod
556 864 645 902 aliqua
658 866 752 903 navis,
772 875 839 896 cum
855 866 1030 897 mercandifis
1045 866 1092 897 vel
1113 866 1185 903 aliis,
1203 865 1219 895 a

165 905 303 941 portubus
324 905 423 935 nostris
443 912 537 942 exeat,
556 903 612 933 sine
633 903 740 943 speciali
760 914 903 943 praecepto
925 904 1041 942 nostro,
1058 904 1097 934 set
1117 913 1219 934 omnes

164 952 249 973 naves
265 942 465 981 undecumque
480 942 547 980 sint,
564 942 597 972 &
610 951 712 971 omnes
726 942 854 973 homines
874 951 1036 979 extraneos,
1054 943 1069 971 a
1092 942 1218 985 por-tibus

165 981 349 1011 transmarinis
371 981 405 1011 ad
425 989 522 1019 portus
541 979 648 1011 vestros
669 982 812 1012 venientes
826 1005 836 1021 ,
858 982 964 1012 ibidem
983 980 1076 1011 restari
1096 980 1217 1018 faciatis,

163 1018 258 1050 donec
271 1019 343 1050 aliud
355 1019 421 1050 inde
435 1020 658 1058 praeceperimus.

198 1095 290 1128 Teste
295 1121 306 1136 ,

197 1173 232 1202 R.
250 1176 346 1203 Sarum
362 1174 484 1214 Epiftopo
499 1176 573 1219 apud
584 1173 857 1219 Wstmorzaslerium,
879 1180 912 1211 15
928 1172 969 1202 die
982 1174 1065 1202 Maii.

161 1212 264 1241 Eadem
276 1213 349 1243 modo
361 1213 483 1244 Ballivis
494 1220 533 1249 (φ
542 1214 632 1253 probis
646 1212 810 1251 homimhus,

194 1288 348 1328 Portesmue
354 1313 365 1328 ‚
742 1291 866 1318 Norwic.

195 1327 310 1357 Sorham
318 1351 328 1367 ,
742 1330 904 1363 Gernemue,

196 1369 217 1395 S
217 1365 355 1396 uhamton.
741 1362 874 1431 gzesszffic

194 1403 360 1472 {aeffgssole
365 1464 377 1481 ,
740 1444 868 1478 Gi'pewic.
876 1426 882 1432 ⁵

195 1482 305 1557 ξῖἶῦῗᾰῑ.
738 1482 886 1555 ἒῖἶζῗεὶι,

193 1558 326 1586 Dertmue
332 1579 344 1596 ,
739 1555 882 1586 Eremuth.

191 1625 249 1662 Set*¹
260 1636 289 1662 in
309 1632 428 1672 litteris,
451 1643 510 1674 qua·
534 1631 614 1672 miffae
625 1631 743 1672 fuerunt
762 1632 884 1663 Ballivis
901 1630 939 1667 όν
954 1629 1043 1670 probis
1064 1628 1212 1661 hominibus

157 1671 280 1701 Dertem.
295 1671 403 1712 Brzstol.
424 1671 462 1708 ὠ·
477 1674 568 1701 Exon.
587 1669 797 1713 appofitumfuit
810 1675 839 1701 in
844 1671 905 1713 fine
923 1670 1016 1700 brevis

192 1747 236 1779 Ita
250 1747 330 1787 quod
344 1744 537 1787 Mercatores,
552 1748 599 1781 vel
611 1748 656 1779 alii
670 1748 756 1779 nichil
768 1747 805 1778 de
817 1747 867 1779 suo
878 1747 930 1778 sint
944 1746 1098 1785 perdentes.

199 1825 242 1854 Et
267 1825 461 1855 Vicecomitibus
485 1825 623 1856 Cornubiae
645 1824 684 1861 &
708 1828 843 1855 Devoniae
868 1824 1027 1854 mandatum
1050 1823 1107 1863 fuit
1124 1824 1211 1854 eodem

157 1864 233 1893 modo
246 1887 256 1901 ,
281 1863 327 1893 hoc
343 1863 430 1903 stilum
454 1871 558 1894 mutato
575 1864 648 1904 quod
661 1864 711 1894 ubi
727 1864 831 1894 dicitur
842 1887 852 1902 ,
880 1874 966 1892 omnes
984 1873 1071 1893 naves
1085 1870 1211 1901 portuum

158 1901 323 1942 vestrorum,
341 1902 443 1935 dicitur
457 1914 543 1933 omnes
557 1906 658 1933 Naves
672 1907 802 1933 inventas
819 1905 847 1932 in
858 1901 989 1940 portubus
1009 1900 1134 1931 Ballivae
1155 1908 1210 1931 tuae

157 1943 285 1970 retineas.
338 1963 341 1965 -

161 2016 292 2048 Scribitur
303 2020 386 2049 etiam
400 2018 487 2049 eodem
499 2018 573 2050 modo
586 2018 710 2051 Ballivis
721 2017 759 2054 ὦ*
767 2017 856 2058 probis
871 2015 1036 2056 hominibus,

197 2096 277 2124 Dour
283 2119 293 2132 ‚
740 2098 766 2125 E
763 2106 802 2135 ya

197 2132 341 2172 Rumenel,
742 2136 791 2163 Ha
815 2137 860 2170 ing
868 2156 878 2172 ,

196 2173 257 2210 RJ‘a
266 2195 276 2209 ³
742 2171 878 2209 Pageham
886 2196 897 2210 ‚

195 2208 350 2250 Kingeston.
368 2208 406 2244 ῤ’
742 2213 862 2241 Peuenes.

155 2279 291 2326 qupofita
303 2288 332 2315 in
344 2285 393 2315 hiis
407 2284 507 2316 litteris
520 2286 575 2317 haec
590 2285 708 2327 claufida
716 2310 726 2326 ,

194 2361 338 2392 Mittimus
349 2371 443 2394 autem
455 2363 489 2394 ad
503 2375 556 2395 vos
570 2363 707 2394 dilectum
721 2363 754 2395 &
770 2363 883 2394 fidelem
897 2362 1026 2394 nostrum
1047 2360 1212 2400 Philippum

155 2394 194 2436 de
215 2399 365 2431 Albiniaco
385 2411 437 2441 pro
457 2403 568 2442 agendis
583 2402 702 2440 nostris,
721 2402 819 2440 quibus
834 2402 997 2440 intendatis,
1015 2402 1048 2432 ὃς
1062 2411 1094 2432 eo.
1108 2401 1211 2431 faciatis

155 2447 222 2476 quae
235 2439 316 2469 vobis
329 2439 445 2479 dixerit,
463 2450 497 2470 ex
511 2450 587 2478 parte
599 2440 712 2478 nostra,
730 2439 765 2470 ad
780 2439 882 2478 fidem,
901 2439 1094 2471 commodum
1104 2439 1138 2470 &
1157 2439 1211 2469 ho-

154 2485 257 2506 norem
269 2477 396 2517 nostrum
408 2478 444 2508 de
459 2478 590 2509 Navibus
605 2478 806 2516 praeparandis,
823 2477 1025 2518 congregandis
1040 2479 1073 2508 &
1093 2477 1211 2507 arestan—

155 2512 214 2551 dis,
232 2516 284 2554 &,
301 2526 350 2553 per
372 2516 478 2556 ipsum,
493 2527 545 2546 iios
564 2513 721 2547 certificetis
741 2516 777 2547 de
797 2516 867 2548 statu
885 2516 999 2555 vestro,
1024 2515 1156 2548 videlicet
1175 2516 1212 2546 de

155 2554 355 2592 praepatatione
367 2554 499 2586 Navium
513 2556 546 2587 ὃς
559 2555 624 2586 aliis.

201 2685 401 2728 Covmtrensis
413 2686 546 2733 Epifiopi
562 2688 681 2719 Littera
696 2688 771 2732 Regi
789 2685 825 2718 de
846 2684 980 2728 Falkfzfio
995 2685 1032 2719 a'e
1047 2688 1169 2720 Breant.

155 2769 444 2831 REverendiffimo
463 2770 597 2801 Domino
616 2770 665 2801 suo
683 2770 831 2809 Henrico,
851 2769 909 2800 Dei
933 2771 1036 2810 gratia,
1052 2771 1130 2810 Regi
1150 2771 1211 2803 An—

234 2809 312 2849 gliae,
329 2810 391 2841 &c.
408 2809 527 2840 devotus
548 2810 582 2840 &
600 2808 687 2839 fidelis
708 2809 770 2840 suus
788 2808 824 2839 A.
842 2808 936 2840 divina
949 2809 1131 2848 permiffione
1145 2810 1210 2843 Co—

154 2848 305 2878 ventrensis
319 2847 452 2879 Ecclesiae
465 2847 599 2878 Minister
612 2847 739 2886 humilis,
757 2847 886 2886 salutem,
904 2848 964 2879 &c.

189 2885 320 2918 Noverit
337 2887 499 2917 excellentia
520 2886 610 2917 vestra
631 2886 709 2924 quod
723 2911 734 2930 ,
767 2896 836 2917 cum
856 2886 976 2917 essemus
994 2887 1068 2926 apud
1089 2886 1209 2919 Coven-

155 2925 251 2963 triam,
270 2925 379 2955 dietum
391 2925 432 2956 est
444 2925 526 2955 nobis
541 2924 619 2963 quod
632 2924 766 2956 Falkafius
780 2925 817 2955 de
830 2924 930 2955 Breant
941 2934 1068 2957 moratur
1087 2936 1136 2964 per
1157 2928 1208 2958 tria

153 2963 268 2993 miliaria
279 2963 349 2994 ultra
361 2962 519 3002 Cestriam3
537 2973 596 3002 quo
609 2963 705 2994 audito
718 2973 787 3002 nOS,
802 2973 870 2994 curn
883 2965 1035 2994 venerabili
1048 2965 1130 2995 fratre
1141 2975 1209 2996 nos-

154 3009 200 3031 tro
217 3000 369 3032 Exoniensi
384 3001 546 3040 Episcopo,
563 3001 742 3040 solempniter
757 3012 841 3040 eum,
859 3011 928 3032 cum
940 3003 1073 3033 omnibus
1092 3003 1207 3034 fautori-

154 3039 206 3069 bus
226 3040 278 3070 suis
313 3040 346 3071 &
367 3039 572 3078 complicibus,
590 3041 641 3079 &,
656 3041 713 3079 ejus
732 3041 846 3078 favore,
863 3050 915 3071 vos
928 3040 1020 3071 fistius
1028 3042 1206 3081 juvantibus,

154 3077 261 3115 pulsatis
274 3062 442 3116 Campanis,
458 3079 491 3109 &
504 3077 634 3109 Candelis
647 3079 769 3110 accensis
785 3080 1102 3111 excommunicavimus.

192 3115 341 3184 Qiti'oniam
359 3125 454 3147 autem
473 3116 508 3146 ad
519 3123 608 3154 pai-tes
622 3116 679 3147 illas
693 3117 847 3157 tendimus,
865 3127 918 3155 pro
959 3119 1052 3148 nimus
1073 3128 1142 3149 cum
1163 3120 1206 3157 ip-

153 3154 184 3185 so
195 3153 230 3184 ha
251 3164 300 3185 ere
311 3153 504 3193 colloquium,
521 3153 558 3184 de
568 3154 680 3185 honore
690 3156 724 3187 &
737 3155 852 3187 utilitate
870 3166 905 3186 ve
933 3166 978 3195 ra,
996 3166 1046 3194 per
1066 3156 1124 3187 Dei
1145 3166 1207 3196 gra-

151 3193 220 3223 tiam
234 3193 295 3231 (nifi
308 3193 483 3231 propositum
496 3191 626 3223 nostrum
639 3203 689 3230 per
701 3195 863 3226 mandatum
874 3194 1000 3226 vestrum
1021 3196 1202 3234 mutaveritis)

173 3232 177 3237 '
192 3231 196 3236 '
218 3230 353 3262 entiffima
366 3232 616 3271 circumspestione
626 3231 746 3266 adhibita
758 3234 908 3264 tractaturi.

228 3271 270 3300 uia
283 3279 352 3300 vero
366 3279 425 3300 non
438 3270 529 3301 solum
541 3271 638 3307 armis,
655 3269 701 3300 sed
722 3272 806 3302 etiam
826 3271 963 3302 blanditiis
982 3272 1155 3303 turbationes
1170 3273 1204 3304 &

151 3306 297 3339 seditiones
318 3308 409 3339 sedare
427 3317 556 3347 oportet,
574 3307 774 3339 Dominationi
793 3310 894 3341 vestrae
914 3310 991 3340 bona
1008 3309 1064 3340 fide
1085 3311 1206 3341 consuli-

152 3356 232 3385 mus,
250 3346 327 3385 quod
339 3346 470 3377 Lewlino
483 3347 604 3377 scribatis
614 3347 813 3386 amicabiliter,
830 3358 897 3378 eum
910 3356 1040 3386 rogantes
1052 3350 1085 3380 &
1104 3349 1205 3379 arctius

152 3384 324 3424 inhibentes,
341 3394 378 3415 ne
390 3384 498 3415 dictum
512 3385 685 3415 turbatorem
697 3386 726 3415 in
741 3393 812 3416 terra
824 3386 869 3417 sua
881 3397 946 3417 rece
966 3395 1014 3417 tet.

190 3421 210 3443 *¹
229 3423 298 3455 Nos
317 3432 410 3454 autem
443 3422 463 3453 fi
482 3422 652 3454 Clementiae
672 3422 772 3454 vestrae
785 3424 934 3463 placuerit,
946 3398 1026 3455 ’hene
1040 3426 1203 3463 procurabi-

151 3471 232 3506 mus,
256 3462 371 3502 qualiter
391 3448 426 3493 ad
445 3461 535 3500 ipsum
554 3460 718 3492 mandatum
739 3463 866 3494 vestrum
887 3472 1084 3502 competenter
1104 3474 1204 3503 perve-

151 3509 217 3532 mat.

189 3539 340 3570 Credimus
351 3548 447 3571 autem
458 3538 576 3569 firmiter
587 3538 622 3570 δε
634 3537 786 3577 speramus,
805 3538 883 3578 quod
901 3550 963 3571 non
980 3540 1126 3579 oportebit
1144 3549 1204 3570 ma-

150 3576 238 3609 litiani
254 3578 368 3608 Falkafii
377 3580 407 3609 in
420 3578 541 3616 partibus
554 3575 610 3606 istis
624 3577 733 3614 timeri,
750 3576 912 3608 dummodo
926 3579 962 3610 de
975 3589 1120 3617 praecepto
1140 3587 1203 3610 ves-

152 3624 197 3648 tro
213 3617 266 3649 sint
279 3625 378 3649 contra
391 3617 480 3655 ipsum
494 3615 590 3646 Ballivi
602 3613 687 3645 vestri
700 3624 800 3645 omnes
812 3618 981 3654 praemuniti.

189 3654 280 3693 Super
290 3656 342 3686 hiis
355 3657 438 3695 igitur
449 3656 483 3686 &
497 3654 569 3691 aliis,
588 3662 651 3691 quae
662 3651 698 3682 de
709 3652 809 3684 vestrae
828 3654 931 3685 fuerint
950 3655 1127 3694 beneplacito
1148 3665 1203 3686 vo—

150 3692 277 3733 luntatis,
301 3695 400 3734 nobis,
425 3694 445 3724 si
466 3693 572 3736 placet,
597 3690 763 3729 rescribatis3
780 3693 844 3730 quia
861 3692 1014 3725 affestuose
1036 3693 1202 3733 procurabi-

152 3740 216 3762 mus
230 3732 309 3772 quod
321 3733 403 3764 nobis
417 3731 547 3763 duxeritis
561 3728 761 3770 injugendum.

196 3872 246 3904 De
260 3868 388 3914 Falkefio
406 3868 443 3902 de
457 3871 576 3902 Breant.
594 3867 683 3913 fitper
698 3864 902 3911 fhtisfasslione
921 3868 994 3914 Regi
1004 3865 1160 3918 facienda.

155 3952 215 4015 O
226 3952 605 4023 halenffpffsmctlhffitggelibus
619 3951 763 3990 praesentes
776 3950 878 3981 litteras
890 3949 1051 3988 inspeeturis
1064 3950 1202 3982 Falkesius

188 4028 236 4059 Ad
250 4031 429 4062 universitatis
441 4031 541 4063 vestrae
555 4030 685 4061 notitiam
699 4028 768 4060 volo
786 4027 932 4068 pervenire
952 4026 1048 4071 quod,
1065 4036 1142 4072 cum,
1154 4035 1202 4072 ex-

149 4069 376 4102 communicatus
386 4068 475 4104 effem
486 4080 540 4109 pro
553 4069 713 4101 detentione
725 4066 846 4100 Hemici
857 4065 894 4098 de
911 4064 1054 4106 Biaybioc
1069 4065 1201 4105 justicia-

1265 171 1844 227 PUBLICA.
2258 209 2310 251 93

1262 261 1296 290 rii
1310 258 1550 309 DominiRegis,
1569 267 1832 302 &incarceratione
1845 271 1927 309 ipsius
1940 274 1968 303 in
1980 272 2083 306 Castro
2105 276 2243 310 Bedeford
2277 283 2311 314 ὃς
2333 269 2457 302 ‘hm-D!-

1262 309 1316 337 pro
1336 299 1499 344 detentione
1515 304 1637 347 ejusdem
1657 307 1748 338 Castri
1767 319 1865 341 contra
1886 310 2050 344 Dominum
2061 315 2174 351 Repem
2210 306 2313 351 &’alia
2353 318 2438 345 ¹2²4*

1262 338 1420 370 turbatione
1433 339 1547 380 Regni,
1565 352 1620 380 ego
1636 344 1837 387 postmodum,
1855 349 1889 379 ad
1901 360 1952 380 cor
1964 362 2104 384 revertens
2110 343 2126 391 ,J
2134 342 2313 390 absolutionis
2327 355 2388 378 Hm.
2407 357 2432 383 3·

1263 376 1432 408 beneficium
1453 387 1520 423 petu
1541 380 1683 412 humiliter
1700 395 1734 415 ac
1751 385 1868 425 devote,
1887 388 1938 427 &,
1956 390 1983 419 iii
1999 393 2110 430 primis,
2129 402 2216 424 totam
2236 397 2310 427 siim-

1263 422 1341 445 tnani
1361 426 1504 461 pecuniae,
1522 428 1608 456 quarn
1627 428 1695 452 tunc
1717 426 1850 461 temporis
1872 426 1971 465 habui,
1991 428 2124 461 Domino
2145 432 2217 471 Regi
2238 445 2310 466 coti-

1260 453 1336 522 ῗυξῑῐίξ]
1355 455 1388 486 &
1414 454 1479 486 dedi
1503 466 1557 494 pro
1585 466 1661 496 parte
1686 460 1872 493 satisfactionis
1897 465 1931 494 ad
1956 468 2115 499 faciendum
2136 471 2310 505 voluntatem

1298 529 1352 569 Et,
1370 534 1505 571 quoniam
1524 534 1594 564 mihi
1614 538 1705 580 gratia.
1719 537 1791 581 faeta
1803 538 1844 569 est
1856 542 1884 571 in
1896 552 1948 580 eo,
1968 544 2044 582 quod
2057 546 2194 578 absolutus
2207 549 2247 580 fui
2262 561 2309 581 an-

1262 575 1377 607 tequam
1399 580 1451 609 pro
1471 573 1551 610 posse
1575 583 1642 604 meo
1661 575 1866 616 satisfecissem,
1884 583 2005 612 omnino
2018 584 2181 615 consensum
2196 588 2309 620 adhibui

1263 607 1356 651 quod,
1374 610 1394 639 si
1407 609 1495 655 castra
1505 611 1540 641 de
1554 612 1698 655 Plymton.
1717 615 1751 645 &
1765 614 1801 645 de
1813 616 1978 649 Stokescurc
2005 644 2014 658 ,
2035 631 2097 658 quae
2118 624 2223 655 reddidi
2244 627 2311 658 Do-

1263 655 1345 676 mino
1360 646 1453 691 Regi,
1471 659 1496 679 ei
1509 649 1630 680 restituta
1645 662 1704 682 non
1719 653 1822 685 fuerint
1834 655 1903 685 infra
1920 665 1952 695 15
1968 629 2041 696 dies,
2060 668 2113 698 ego
2126 662 2154 691 in
2167 664 2311 700 pristinam

1261 683 1423 716 sententiam
1437 688 1575 726 recidam,
1593 690 1777 727 appellatione
1788 702 1903 724 remota.

1293 722 1392 766 Juravi
1413 726 1495 769 etiam
1519 727 1597 771 super
1616 728 1706 759 sancta
1726 729 1876 770 Evangelia
1890 733 1967 771 quod
1980 735 2065 765 nichil
2078 738 2212 777 amplius,
2231 742 2308 779 quod

1262 760 1376 805 scirem,
1395 762 1478 794 habui
1497 764 1543 795 die
1563 768 1758 807 conceptionis
1776 769 1927 801 litterarum
1950 771 2063 803 istarum
2078 776 2106 804 in
2121 776 2187 806 vafis
2201 780 2245 808 vel
2261 791 2310 817 pe-

1261 808 1358 843 cunia,
1376 811 1445 831 auro
1457 802 1503 832 vel
1517 812 1649 847 argento,
1667 807 1750 836 armis
1763 808 1809 838 vel
1822 811 1916 848 equis,
1933 811 1962 840 in
1974 811 2073 851 Anglia
2092 813 2138 844 vel
2158 815 2239 854 alibi,
2258 819 2292 848 &

1259 837 1280 866 fi
1292 847 1320 867 in
1333 838 1390 869 hoc
1403 839 1502 884 falsum
1514 841 1628 881 dixero,
1646 844 1715 874 volo
1731 846 1809 883 quod
1821 848 1907 877 nichil
1922 849 1991 879 mihi
2003 852 2089 887 prosit
2099 852 2234 885 absolutio
2270 844 2308 887 sei

1258 883 1518 910 excommunicatus
1532 880 1582 925 sim
1590 904 1600 920 ,
1617 883 1800 919 appellatione
1812 894 1935 924 remota,
1953 887 2022 918 ficut
2034 891 2113 926 prius.
2243 880 2252 893 ’

1290 912 1351 957 Ἐῑ,
1370 915 1390 945 si
1411 926 1567 949 occurrerit
1588 920 1774 957 postmodum
1794 926 1940 954 memoriae
1953 936 2025 956 meae
2040 930 2116 966 quod
2131 930 2232 968 aliquid
2245 942 2305 962 am-

1256 950 1327 988 plius
1341 954 1475 993 habeam,
1494 957 1527 986 &
1542 967 1601 986 non
1613 959 1785 990 transmisero
1795 961 1860 991 illud
1874 962 1964 993 statim
1980 964 2112 997 Domino
2127 966 2218 1006 Regi,
2236 971 2306 1001 volo

1255 989 1336 1057 {laixigd
1348 990 1456 1030 statim,
1474 995 1659 1031 appellatione
1672 1006 1798 1036 remota,
1811 1000 1935 1031 recidam
1949 1003 1976 1031 in
1990 1003 2151 1035 sententiam
2167 1015 2308 1039 memora-

1294 1065 1376 1097 Idem
1390 1068 1475 1098 etiam
1493 1067 1539 1100 fiat
1558 1070 1577 1100 si
1591 1094 1600 1107 ,
1625 1071 1721 1109 aliquo
1733 1080 1868 1111 ,tempore
1882 1100 1891 1113 ,
1915 1086 1963 1113 per
1982 1088 2029 1108 me
2041 1103 2050 1117 ,
2076 1082 2121 1111 vel
2139 1093 2189 1122 per
2202 1084 2305 1124 alium,

1255 1113 1380 1149 movero
1398 1105 1534 1150 Domino
1552 1106 1628 1147 Regi
1644 1118 1773 1149 guerram
1791 1112 1910 1150 aliquam
1929 1115 1974 1144 vel
1992 1118 2178 1151 turbationem
2213 1123 2258 1152 vel
2277 1134 2305 1154 a-

1254 1142 1345 1180 liquid
1357 1145 1530 1175 machinatus
1544 1145 1625 1176 fuero
1640 1155 1738 1178 contra
1752 1149 1857 1190 ipsum,
1871 1153 1903 1182 ὅ(
1917 1152 1979 1182 haec
1993 1158 2089 1185 omnia
2104 1159 2137 1187 ad
2148 1145 2304 1192 instantiam

1253 1191 1367 1251 rrligim’
1391 1184 1425 1214 &
1444 1193 1560 1222 preces,
1584 1186 1618 1216 δε
1640 1185 1676 1216 de
1697 1186 1839 1219 voluntate
1858 1198 1920 1220 mea
1941 1191 1974 1221 δε
1997 1191 2142 1228 spontanea
2164 1200 2304 1234 proceffe-

1251 1257 1325 1336 sigga]
1346 1260 1423 1304 cujus
1444 1259 1697 1296 reitestimonium
1716 1263 1763 1294 has
1782 1264 1884 1296 litteras
1905 1275 1980 1297 meas
1992 1277 2116 1306 patentes
2129 1271 2214 1310 sigillo
2238 1285 2305 1307 meo

1325 1308 1362 1329 vi.

1290 1382 1400 1428 Astum
1422 1384 1557 1417 London.
1575 1396 1651 1418 anno
1670 1387 1794 1420 Domini
1819 1400 1903 1431 1224.
1922 1393 1951 1423 in
1972 1392 2136 1426 Crastinum
2150 1395 2222 1428 beati
2240 1397 2305 1428 Bar·

1252 1421 1371 1452 tholmei
1386 1422 1528 1462 Apostoli.

1329 1583 1449 1616 Littera
1468 1585 1704 1617 Procuratornm
1721 1587 1807 1632 Regis
1820 1586 1904 1632 miffa
1918 1599 1939 1620 a
1960 1591 2095 1623 Romana
2113 1593 2218 1624 Curia.

1254 1673 1453 1743 Cilllrislirno
1467 1674 1602 1720 Domino
1616 1677 1665 1721 suo
1680 1677 1811 1723 Henrico
1825 1679 1883 1723 Dei
1897 1682 1981 1719 gratia
1993 1682 2069 1727 Regi
2089 1683 2259 1730 Anglorum·
2272 1687 2306 1716 il-
2323 1682 2399 1713 Ann.
2410 1683 2447 1713 D.

1340 1713 1422 1751 ustri,
1439 1713 1572 1745 Domino
1585 1715 1747 1755 Hibemiae,
1766 1717 1844 1748 Duci
1858 1718 2050 1751 Normanniae
2073 1722 2106 1752 &
2127 1723 2303 1764 Aquitaniae,
2350 1732 2433 1761 1224-

1252 1752 1364 1783 Comiti
1379 1752 1566 1792 Andegaviae,
1584 1753 1677 1784 fideles
1691 1755 1730 1785 sui
1745 1755 1785 1786 G.
1803 1757 1840 1786 de
1855 1756 2021 1790 Crancumb
2041 1761 2074 1793 &
2097 1761 2125 1791 S.
2145 1761 2182 1792 de
2202 1763 2305 1803 Lucis,
2321 1765 2373 1788 An.
2390 1763 2416 1788 ὃ·

1250 1790 1383 1821 devotam
1399 1792 1427 1821 in
1441 1791 1574 1821 omnibus
1588 1795 1780 1824 reverentiam.

2321 1804 2356 1826 H.
2375 1809 2400 1836 3.

1289 1829 1418 1873 Noverit
1437 1829 1595 1860 dominatio
1612 1830 1703 1862 vestra
1721 1833 1815 1876 quod,
1832 1833 1877 1864 die
1897 1835 2005 1875 Lunae,
2023 1839 2149 1878 proxima
2167 1840 2230 1877 post
2250 1840 2304 1871 fes·
2323 1842 2361 1864 Ex
2370 1838 2451 1866 ΒΗΛ.

1250 1877 1312 1898 tum
1333 1877 1464 1898 omnium
1483 1867 1660 1908 sanctorum,
1684 1871 1868 1908 applicuimus
1887 1873 1921 1902 ad
1940 1884 2056 1912 portum
2072 1877 2212 1914 quendam
2228 1879 2306 1916 quta
2322 1878 2432 1903 Littera-

1249 1906 1390 1937 Wiclow.

2321 1924 2379 1941 rum
2394 1916 2422 1941 inv

1274 1944 1327 1989 ,Et
1346 1944 1430 1989 inde,
1446 1955 1495 1983 per
1516 1944 1663 1990 Franciam
1686 1947 1752 1978 alias
1768 1958 1803 1979 ue
1821 1955 1905 1979 terras
1918 1951 2022 1982 medias
2036 1953 2113 1984 salvo
2125 1955 2305 1994 transeuntes,
2319 1955 2397 1979 Turre

1251 1982 1297 2014 die
1310 1983 1483 2022 Domrmca,
1501 1993 1628 2024 proxima
1645 1986 1708 2023 post
1723 1986 1762 2016 fei
1778 1997 1827 2017 um
1841 1988 1914 2019 beati
1927 1989 2082 2030 Nicholai‚
2101 1993 2230 2024 venimus
2251 1994 2303 2025 Vi-
2320 1993 2427 2019 londw-

1251 2023 1391 2061 terbium3
1409 2023 1522 2053 fratrem
1539 2023 1702 2061 Johannem
1725 2024 1860 2065 Briseper,
1879 2027 1927 2065 qui
1950 2029 2079 2066 quasdam
2092 2030 2181 2061 literas
2200 2032 2304 2063 vestras

1250 2061 1367 2100 detulit,
1385 2060 1492 2091 ibidem
1506 2071 1555 2099 per
1574 2070 1628 2092 tres
1640 2062 1697 2093 dies
1710 2065 1901 2104 expectantes3
1920 2066 1954 2096 &
1969 2066 2122 2108 Magistros
2146 2069 2304 2101 Reinerum

1251 2099 1286 2131 &
1304 2099 1438 2139 Egidium
1457 2098 1618 2144 Cardinales
1637 2102 1666 2131 in
1686 2102 1784 2132 eadem
1802 2103 1867 2134 villa
1885 2114 2026 2136 morantes
2039 2131 2048 2145 ,
2082 2107 2304 2148 Dominumque

1253 2137 1418 2169 Gualonem
1426 2162 1436 2178 ,
1455 2149 1502 2177 qui
1515 2140 1626 2169 interim
1639 2140 1745 2170 ibidem
1756 2140 1884 2179 advenit,
1902 2143 1981 2181 super
1995 2145 2106 2184 agendis
2118 2146 2218 2177 nostris
2231 2158 2303 2178 con-

1252 2176 1369 2208 sulentes
1383 2202 1392 2215 ,
1424 2187 1460 2208 eo
1484 2177 1641 2217 diligentius
1659 2179 1737 2217 quod
1758 2188 1826 2211 tunc
1846 2182 1884 2211 ibi
1912 2182 2025 2213 aderant
2044 2183 2193 2215 Dalaiham
2215 2187 2248 2217 &
2268 2186 2305 2216 de

1251 2214 1356 2247 Noun.
1375 2215 1524 2257 Episcopi,
1542 2215 1643 2247 Guido
1661 2217 1698 2248 de
1718 2217 1906 2257 Monteforti,
1924 2221 1958 2252 ὃς
1973 2221 2087 2259 quidam
2100 2223 2226 2253 alumnus
2242 2224 2303 2255 Re-

1272 2255 1292 2294 is
1309 2254 1452 2294 Frauciae,
1475 2257 1538 2293 qui,
1557 2255 1734 2293 frequentem
1752 2258 1902 2289 traetatum
1923 2269 1991 2290 cum
2010 2259 2090 2291 dietis
2113 2261 2306 2294 Cardinalibus

1274 2293 1403 2332 abentes,
1419 2293 1505 2324 multa
1526 2294 1588 2324 falsa
1605 2294 1796 2335 suggesserunt
1816 2297 1935 2336 eisdem,
1952 2305 2015 2328 tum
2028 2298 2064 2329 de
2077 2300 2135 2331 hoc
2148 2301 2225 2331 facio
2240 2301 2305 2332 Pic-

1252 2333 1351 2370 taviae,
1378 2331 1494 2370 Regem
1512 2333 1636 2363 Franciae
1657 2334 1791 2365 malitiose
1808 2336 1982 2374 excusantes,
2003 2345 2066 2368 tum
2084 2338 2305 2371 Praedeceffores

1252 2370 1360 2402 vestros
1382 2371 1419 2402 de
1436 2372 1514 2402 terris
1535 2372 1684 2402 cismarinis
1695 2372 1844 2404 afferentes
1859 2374 1940 2405 fuisse
1951 2375 2073 2413 privatos
2085 2378 2213 2414 exigente
2223 2378 2303 2415 justi-

1251 2410 1297 2440 tia.
1335 2409 1390 2440 Per
1409 2420 1461 2441 nos
1473 2411 1507 2442 δε
1518 2409 1684 2441 Dominum
1696 2411 1813 2442 Petrum
1825 2412 1952 2443 Saracen.
1972 2415 2019 2452 qui
2039 2414 2156 2445 fideliter
2175 2417 2257 2446 nobis
2277 2419 2306 2447 in

1251 2448 1385 2479 omnibus
1404 2458 1468 2487 quae
1489 2459 1540 2480 vos
1559 2450 1728 2488 contingunt
1740 2450 1851 2489 assistit,
1872 2451 1922 2482 sibi
1933 2462 2004 2482 vero

1514 2497 1647 2527 magnam
1668 2487 1770 2528 fidem,
1785 2489 1854 2520 sicut
1874 2490 1957 2520 nobis
1971 2490 2130 2530 frequenter
2145 2491 2306 2532 videbatur,

1250 2523 1332 2555 dietis
1347 2524 1463 2555 Gallicis
1473 2525 1639 2556 habuerunt.

1287 2561 1360 2592 Sane
1373 2563 1525 2594 accedente
1536 2563 1570 2594 ad
1585 2574 1637 2595 nos
1651 2565 1762 2595 interim
1774 2565 1852 2596 dieto
1866 2566 1947 2596 fratre
1957 2566 2105 2605 Jolianne,
2113 2567 2223 2599 insimul
2236 2578 2305 2600 cum

1250 2599 1385 2631 Domino
1399 2601 1418 2621 ²¹¹
1434 2601 1559 2632 Gualon.
1579 2601 1707 2633 Romam
1723 2605 1851 2634 venimus
1865 2604 1910 2635 die
1924 2605 2000 2642 Jovis
2013 2607 2140 2643 proxima
2155 2606 2304 2647 sequente,

1250 2649 1340 2677 quem
1365 2639 1480 2679 quidem
1499 2640 1579 2671 valde
1599 2649 1784 2673 commotum
1810 2643 1968 2674 invenimus
1988 2644 2021 2674 &
2044 2645 2186 2675 turbatum
2207 2645 2304 2676 multi-

1250 2678 1360 2722 pliciter
1372 2702 1382 2717 ,
1406 2677 1562 2709 studuimus
1576 2703 1586 2718 ,
1609 2689 1662 2718 pro
1681 2680 1763 2718 poffe
1780 2680 1880 2712 nostro
1895 2706 1905 2721 ,
1933 2681 2066 2713 reducere
2088 2682 2122 2713 ad
2142 2690 2305 2722 temperan-

1251 2725 1334 2747 ciam.

1285 2753 1450 2786 Dominum
1466 2755 1505 2786 Pa
1526 2766 1573 2787 am
1593 2756 1708 2795 quidem
1729 2758 1761 2788 &
1783 2757 1944 2789 Cardinales
1958 2768 2019 2789 non
2032 2759 2122 2790 solum
2136 2769 2305 2792 commotos

1249 2794 1324 2824 circa
1339 2793 1442 2824 statum
1455 2766 1582 2840 vesfrum
1597 2797 1630 2827 &
1645 2795 1742 2835 Regni
1754 2796 1840 2828 vestri
1851 2796 2063 2836 perpendimus,
2082 2807 2184 2830 verum
2194 2800 2305 2838 penitus

1249 2832 1276 2863 se
1290 2831 1446 2870 desperatos
1459 2841 1625 2864 unanismter
1636 2834 1798 2866 fatebantur.

1287 2870 1370 2901 Nam
1390 2871 1456 2902 Rex
1473 2872 1592 2911 Jerosol.
1611 2874 1645 2904 &
1657 2873 1726 2904 diffi
1738 2873 1842 2905 Gallici
1855 2874 2042 2912 praedicabant
2055 2875 2204 2914 omnibus,
2222 2874 2302 2914 quod

1248 2907 1375 2948 Majores
1391 2909 1501 2950 Angliae
1519 2910 1628 2941 obfides
1648 2910 1808 2943 offerebant
1826 2914 1910 2951 usque
1922 2912 1957 2943 ad

1247 2962 1297 2967 ——
1318 2947 1354 2978 de
1374 2947 1518 2979 reddendo
1537 2949 1587 2980 sibi
1601 2958 1720 2988 terram,
1738 2960 1807 2981 cum
1820 2952 1915 2989 primo
1926 2951 2023 2982 venire
2037 2959 2145 2982 curaret
2158 2950 2193 2982 ad
2205 2951 2302 2992 illam;

1245 2985 1419 3026 adjicientes,
1437 2987 1457 3017 fi
1474 2987 1576 3025 aliquid
1592 2989 1622 3018 in
1641 2987 1728 3019 Curia
1746 2989 1878 3020 Romana
1896 2998 1996 3020 contra
2009 2989 2185 3020 voluntatem
2208 2989 2297 3030 Regis

1246 3024 1270 3054 F
1272 3026 1373 3056 ranciae
1383 3027 1820 3064 attemptaretur,incontinenter
1834 3028 1900 3058 Rex
1912 3027 2096 3058 transfretaret
2109 3028 2140 3058 in
2155 3027 2302 3068 Angliam·,

1245 3062 1295 3101 &,
1314 3072 1415 3101 praeter
1427 3064 1487 3094 illos
1500 3064 1544 3094 alii
1558 3065 1649 3095 forsan
1663 3065 1700 3096 de
1714 3074 1786 3096 terra
1957 3081 2058 3104 —--,
2074 3067 2122 3104 qui
2140 3066 2299 3105 aliquandiu

1244 3100 1378 3132 steterunt
1391 3113 1444 3140 pro
1458 3103 1540 3132 vobis

1280 3138 1338 3170 Etsi
1358 3141 1407 3171 alia
1427 3140 1529 3171 sinistra
1553 3140 1633 3178 (sicut
1644 3140 1811 3178 audivimus)
1827 3140 1963 3172 insinuare
1977 3142 2151 3181 nitebantur,
2168 3143 2204 3173 ita
2219 3142 2296 3181 quod

1244 3179 1274 3208 in
1288 3180 1490 3210 narrationibus
1505 3180 1538 3210 &
1553 3179 1733 3216 petitionibus
1749 3179 1845 3210 vestris
1858 3180 1948 3218 plures
1970 3181 2051 3211 nobis
2069 3181 2296 3219 adversabantur,

1244 3217 1278 3247 &
1292 3217 1380 3248 multa
1392 3218 1613 3256 objiciebantur,
1632 3217 1772 3255 responsio
1794 3226 1888 3249 tamen
1901 3219 1935 3249 ad
1950 3219 1993 3249 illa
2006 3229 2067 3250 non
2087 3220 2138 3250 fuit
2158 3218 2278 3250 difficilis
2287 3242 2298 3256 ,

1244 3265 1312 3285 cum
1326 3257 1425 3286 veritas
1437 3266 1490 3286 nos
1501 3266 1561 3286 non
1575 3256 1686 3293 lateret,
1704 3256 1738 3287 &
1750 3256 1847 3287 eadem
1862 3267 1914 3288 nos
1928 3258 2052 3288 turbatos
2073 3256 2215 3294 liberaret,
2231 3257 2298 3287 licet

1244 3294 1301 3324 hoc
1313 3293 1405 3325 solum
1417 3304 1501 3334 grave
1512 3295 1594 3324 nobis
1609 3294 1694 3333 esset,
1713 3294 1792 3332 quod
1805 3296 1853 3326 vix
1868 3304 2019 3334 potuerunt
2032 3294 2126 3326 induci
2140 3294 2253 3332 quidam
2266 3303 2298 3326 ut

1243 3332 1363 3370 aliquam
1377 3332 1462 3363 fidem
1475 3332 1637 3363 adhiberent
1651 3334 1767 3364 veritati.

1279 3370 1372 3402 Porro
1393 3381 1462 3402 cum
1482 3371 1603 3408 singulos
1617 3370 1777 3402 Cardinales
1792 3371 1989 3410 visitfissemuS,
2006 3372 2039 3402 &
2055 3370 2132 3410 super
2147 3369 2218 3401 statu
2232 3381 2294 3402 vec-

1241 3417 1505 3478 }Z‘e'igefi‘eaissfffiiiss
1518 3409 1837 3480 Essffliffiaeffls'cfiffiii’s
1853 3409 2238 3485 fflssffsnfflss⁰fiffiffni⁶
2250 3409 2294 3477 ἒξ

1242 3485 1432 3517 struxissemiis
1447 3486 1606 3524 diligenter·
1625 3473 1777 3524 habitoque
1791 3485 1976 3524 postmodum
1990 3485 2135 3523 colloquio
2149 3495 2217 3516 cum
2239 3485 2293 3516 Pa-

1242 3534 1292 3562 pa,
1312 3525 1340 3554 in
1362 3525 1484 3563 secret0,
1503 3525 1549 3556 die
1569 3511 1725 3563 Mercurii,
1743 3526 1868 3562 proxima
1885 3532 1949 3553 ante
1968 3523 2070 3554 festum
2091 3523 2186 3554 Sanffl
2208 3524 2294 3568 Tho-

1242 3572 1298 3592 mae
1313 3562 1461 3602 Apostoli,
1474 3573 1570 3594 coram
1585 3563 1658 3601 Papa
1673 3564 1706 3594 &
1722 3563 1846 3593 fratribus
1858 3562 1967 3592 causam
1982 3560 2119 3592 adventus
2130 3561 2221 3593 nostri
2233 3562 2293 3601 ple-

1241 3602 1278 3631 ne
1290 3602 1480 3641 exposuimus,
1498 3603 1644 3640 petitiones
1658 3600 1760 3633 vestras
1774 3609 1842 3632 tunc
1854 3601 1892 3630 ibi
1906 3599 2041 3630 Domino
2055 3599 2138 3638 Papae
2156 3602 2295 3633 commit-

1242 3647 1340 3670 tentes.

1280 3677 1488 3716 Veruntamen,
1507 3679 1569 3716 quia
1584 3676 1696 3707 Nuncii
1714 3675 1837 3717 Comitis
1854 3676 2030 3714 Tholosani,
2047 3675 2194 3716 Episcopi,
2213 3677 2296 3708 Mili-

1241 3725 1282 3747 tes
1300 3718 1334 3748 &
1356 3717 1461 3747 Clerici
1481 3716 1545 3754 post
1565 3715 1666 3745 festum
1687 3715 1781 3746 Saneti
1802 3715 1951 3745 Michaelis
1972 3716 2002 3745 in
2016 3715 2102 3746 Curia
2115 3716 2294 3747 uniformiter

1242 3754 1388 3793 steterant,
1406 3756 1439 3786 &
1453 3755 1526 3792 Papa
1539 3763 1608 3784 cum
1622 3754 1748 3783 fratribus
1757 3754 1816 3792 jam
1828 3753 1981 3791 permultos
1994 3753 2051 3784 dies
2063 3753 2092 3785 su
2113 3764 2142 3785 er
2163 3755 2240 3785 facto
2260 3755 2294 3784 il-

1242 3794 1287 3831 10,
1305 3794 1370 3824 licet
1382 3793 1512 3823 nondum
1526 3792 1623 3829 plene,
1640 3791 1873 3829 deliberaverant,
1890 3791 2054 3824 distulerunt
2098 3803 2154 3832 que
2166 3792 2230 3830 post
2245 3803 2293 3822 na-

1242 3832 1295 3862 tale
1312 3832 1348 3862 de
1370 3832 1465 3863 vestris
1487 3831 1604 3869 negotiis
1625 3830 1790 3869 providere,
1807 3832 1840 3862 &
1861 3830 2015 3868 sperabatur
2050 3830 2108 3862 uod
2122 3831 2213 3862 dietus
2230 3830 2293 3874 CO‘.

1240 3880 1300 3901 mes
1315 3879 1480 3908 competens
1494 3867 1654 3906 responsum
1667 3868 1736 3900 esset
1749 3877 1930 3907 accepturus,
1946 3869 2012 3900 licet
2064 3879 2114 3908 ex,
2131 3870 2165 3901 δε
2188 3869 2292 3900 Gallici

1239 3909 1367 3947 praedicti
1378 3909 1427 3938 libi
1440 3908 1547 3938 fortiter
1561 3907 1723 3938 resisterent.

1277 3947 1336 3977 Die
1344 3947 1426 3985 Jovis
1440 3947 1567 3984 proxima
1576 3947 1681 3984 recepit
1695 3945 1733 3976 Pa
2222 3983 2227 3988 .

1259 3987 1296 4016 ati
1316 3986 1509 4022 Alemannici,
1528 3984 1607 4023 quod
1625 3985 1703 4015 idem
1748 3984 1882 4015 ortuensis
1901 3985 2050 4016 &aetatum
2070 3985 2197 4015 habitum
2219 3990 2292 4026 inter

1242 4063 1247 4069 ¹
1273 4033 1335 4063 eges
1357 4024 1531 4054 Alemanniae
1549 4023 1584 4054 &
1602 4023 1746 4061 Franciae,
1764 4023 1842 4061 super
1865 4021 2054 4054 Matrimonio
2073 4022 2109 4052 de
2123 4031 2182 4059 quo
2203 4020 2293 4057 scm-5,

1239 4063 1403 4103 impedivit,
1421 4061 1489 4094 dixit
1501 4069 1598 4094 tamen
1611 4062 1692 4094 nobis
1704 4061 1743 4132 lia
1764 4071 1796 4138 ζ,
1814 4061 1893 4100 quod
1906 4061 1972 4094 Rex
1985 4061 2109 4094 Franciae
2122 4069 2174 4099 pro
2187 4057 2293 4128 8οὲἓῖῑεῖ

2129 2928 2213 2937 ...—

1780 3944 1868 3976 literas
1888 3943 2048 3977 Portuensis
2068 3945 2217 3984 Episcopi,
2234 3943 2292 3974 Le-

2320 2612 2336 2630 *
2355 2614 2451 2651 I.274.
