<?xml version="1.0" encoding="UTF-8"?>
<!DOCTYPE html PUBLIC "-//W3C//DTD XHTML 1.0 Transitional//EN"
    "http://www.w3.org/TR/xhtml1/DTD/xhtml1-transitional.dtd">
<html xmlns="http://www.w3.org/1999/xhtml" xml:lang="en" lang="en">
 <head>
  <title>
</title>
<meta http-equiv="Content-Type" content="text/html;charset=utf-8" />
  <meta name='ocr-system' content='tesseract 3.04.00' />
  <meta name='ocr-capabilities' content='ocr_page ocr_carea ocr_par ocr_line ocrx_word'/>
</head>
<body>
  <div class='ocr_page' id='page_1' title='image "./fderaconventione01ryme_0257.png"; bbox 0 0 2570 4261; ppageno 0'>
   <div class='ocr_carea' id='block_1_1' title="bbox 735 197 1193 261">
    <p class='ocr_par' dir='ltr' id='par_1_1' title="bbox 735 197 1193 261">
     <span class='ocr_line' id='line_1_1' title="bbox 735 197 1193 261; baseline -0.002 -2"><span class='ocrx_word' id='word_1_1' title='bbox 735 197 848 259; x_wconf 75' lang='lat' dir='ltr'>ET</span> <span class='ocrx_word' id='word_1_2' title='bbox 928 218 1193 261; x_wconf 83' lang='lat' dir='ltr'>ACTA</span> 
     </span>
    </p>
   </div>
   <div class='ocr_carea' id='block_1_2' title="bbox 1276 218 2289 271">
    <p class='ocr_par' dir='ltr' id='par_1_2' title="bbox 1276 218 2289 271">
     <span class='ocr_line' id='line_1_2' title="bbox 1276 218 2289 271; baseline 0.004 -13"><span class='ocrx_word' id='word_1_3' title='bbox 1276 218 1749 260; x_wconf 92' lang='lat' dir='ltr'>PUBLICA.</span> <span class='ocrx_word' id='word_1_4' title='bbox 2216 236 2289 271; x_wconf 86' lang='lat'>191</span> 
     </span>
    </p>
   </div>
   <div class='ocr_carea' id='block_1_3' title="bbox 1 292 2441 348">
    <p class='ocr_par' dir='ltr' id='par_1_3' title="bbox 1 292 2441 348">
     <span class='ocr_line' id='line_1_3' title="bbox 1 292 2441 348; baseline -0 -10"><span class='ocrx_word' id='word_1_5' title='bbox 1 292 70 329; x_wconf 63' lang='lat' dir='ltr'>Asm-</span> <span class='ocrx_word' id='word_1_6' title='bbox 85 296 126 327; x_wconf 86' lang='lat' dir='ltr'>D·</span> <span class='ocrx_word' id='word_1_7' title='bbox 139 316 200 338; x_wconf 85' lang='lat' dir='ltr'>mus</span> <span class='ocrx_word' id='word_1_8' title='bbox 215 308 256 338; x_wconf 83' lang='lat' dir='ltr'>est</span> <span class='ocrx_word' id='word_1_9' title='bbox 272 307 426 344; x_wconf 83' lang='lat' dir='ltr'>Pontifex,</span> <span class='ocrx_word' id='word_1_10' title='bbox 445 307 491 344; x_wconf 81' lang='lat' dir='ltr'>qui</span> <span class='ocrx_word' id='word_1_11' title='bbox 513 306 681 343; x_wconf 84' lang='lat' dir='ltr'>sempiterno</span> <span class='ocrx_word' id='word_1_12' title='bbox 699 305 718 324; x_wconf 69' lang='lat'>²*</span> <span class='ocrx_word' id='word_1_13' title='bbox 736 305 858 348; x_wconf 86' lang='lat' dir='ltr'>fungitur</span> <span class='ocrx_word' id='word_1_14' title='bbox 878 304 1061 344; x_wconf 87' lang='lat' dir='ltr'>Sacerdotio,</span> <span class='ocrx_word' id='word_1_15' title='bbox 1080 312 1195 336; x_wconf 86' lang='lat' dir='ltr'>manens</span> <span class='ocrx_word' id='word_1_16' title='bbox 1235 313 1302 334; x_wconf 86' lang='lat' dir='ltr'>cens</span> <span class='ocrx_word' id='word_1_17' title='bbox 1320 304 1393 342; x_wconf 84' lang='lat' dir='ltr'>tibi,</span> <span class='ocrx_word' id='word_1_18' title='bbox 1412 312 1459 347; x_wconf 77' lang='lat' dir='ltr'>per</span> <span class='ocrx_word' id='word_1_19' title='bbox 1476 305 1640 342; x_wconf 78' lang='lat' dir='ltr'>operationis</span> <span class='ocrx_word' id='word_1_20' title='bbox 1657 305 1759 334; x_wconf 88' lang='lat' dir='ltr'>indicia</span> <span class='ocrx_word' id='word_1_21' title='bbox 1774 326 1784 342; x_wconf 87' lang='lat'>,</span> <span class='ocrx_word' id='word_1_22' title='bbox 1799 311 1920 344; x_wconf 80' lang='lat' dir='ltr'>paternae</span> <span class='ocrx_word' id='word_1_23' title='bbox 1935 304 2052 336; x_wconf 83' lang='lat' dir='ltr'>caritatis</span> <span class='ocrx_word' id='word_1_24' title='bbox 2065 303 2198 346; x_wconf 70' lang='lat' dir='ltr'>affeffio,</span> <span class='ocrx_word' id='word_1_25' title='bbox 2217 306 2245 337; x_wconf 90' lang='lat' dir='ltr'>in</span> <span class='ocrx_word' id='word_1_26' title='bbox 2263 314 2290 337; x_wconf 89' lang='lat' dir='ltr'>te</span> <span class='ocrx_word' id='word_1_27' title='bbox 2308 302 2383 333; x_wconf 80' lang='lat' dir='ltr'>Anii.</span> <span class='ocrx_word' id='word_1_28' title='bbox 2400 304 2441 337; x_wconf 76' lang='lat' dir='ltr'>D,</span> 
     </span>
    </p>
   </div>
   <div class='ocr_carea' id='block_1_4' title="bbox 0 343 98 410">
    <p class='ocr_par' dir='ltr' id='par_1_4' title="bbox 0 343 98 410">
     <span class='ocr_line' id='line_1_4' title="bbox 13 343 96 374; baseline -0.024 -9"><span class='ocrx_word' id='word_1_29' title='bbox 13 343 96 374; x_wconf 81' lang='lat'>1254.</span> 
     </span>
     <span class='ocr_line' id='line_1_5' title="bbox 0 379 98 410; baseline 0.02 -9"><span class='ocrx_word' id='word_1_30' title='bbox 0 379 54 401; x_wconf 80' lang='lat' dir='ltr'>Hen.</span> <span class='ocrx_word' id='word_1_31' title='bbox 73 383 98 410; x_wconf 77' lang='lat'>3.</span> 
     </span>
    </p>
   </div>
   <div class='ocr_carea' id='block_1_5' title="bbox 137 342 1191 421">
    <p class='ocr_par' dir='ltr' id='par_1_5' title="bbox 137 342 1191 421">
     <span class='ocr_line' id='line_1_6' title="bbox 137 342 1042 384; baseline -0.002 -9"><span class='ocrx_word' id='word_1_32' title='bbox 137 346 167 376; x_wconf 92' lang='lat' dir='ltr'>in</span> <span class='ocrx_word' id='word_1_33' title='bbox 184 356 338 384; x_wconf 60' lang='lat' dir='ltr'>aeernum,</span> <span class='ocrx_word' id='word_1_34' title='bbox 355 347 406 383; x_wconf 89' lang='lat'>&amp;,</span> <span class='ocrx_word' id='word_1_35' title='bbox 421 345 536 374; x_wconf 56' lang='lat' dir='ltr'>ffibacio</span> <span class='ocrx_word' id='word_1_36' title='bbox 551 345 647 373; x_wconf 87' lang='lat' dir='ltr'>mortis</span> <span class='ocrx_word' id='word_1_37' title='bbox 661 343 800 382; x_wconf 76' lang='lat' dir='ltr'>imperio,</span> <span class='ocrx_word' id='word_1_38' title='bbox 815 342 921 382; x_wconf 77' lang='lat' dir='ltr'>semper</span> <span class='ocrx_word' id='word_1_39' title='bbox 937 345 1042 374; x_wconf 85' lang='lat' dir='ltr'>vivens.</span> 
     </span>
     <span class='ocr_line' id='line_1_7' title="bbox 173 380 1191 421; baseline -0.004 -7"><span class='ocrx_word' id='word_1_40' title='bbox 173 383 205 414; x_wconf 92' lang='lat' dir='ltr'>In</span> <span class='ocrx_word' id='word_1_41' title='bbox 227 385 279 416; x_wconf 84' lang='lat' dir='ltr'>hac</span> <span class='ocrx_word' id='word_1_42' title='bbox 298 393 390 414; x_wconf 81' lang='lat' dir='ltr'>autem</span> <span class='ocrx_word' id='word_1_43' title='bbox 404 405 413 420; x_wconf 85' lang='lat'>,</span> <span class='ocrx_word' id='word_1_44' title='bbox 431 392 516 421; x_wconf 86' lang='lat' dir='ltr'>quarn</span> <span class='ocrx_word' id='word_1_45' title='bbox 530 382 728 419; x_wconf 76' lang='lat' dir='ltr'>exemplarium</span> <span class='ocrx_word' id='word_1_46' title='bbox 745 380 828 411; x_wconf 87' lang='lat' dir='ltr'>instar</span> <span class='ocrx_word' id='word_1_47' title='bbox 841 381 1000 412; x_wconf 83' lang='lat' dir='ltr'>coelestium</span> <span class='ocrx_word' id='word_1_48' title='bbox 1017 406 1026 419; x_wconf 86' lang='lat'><em>‚</em></span> <span class='ocrx_word' id='word_1_49' title='bbox 1046 383 1073 412; x_wconf 90' lang='lat' dir='ltr'>in</span> <span class='ocrx_word' id='word_1_50' title='bbox 1088 380 1191 412; x_wconf 86' lang='lat' dir='ltr'>co&#39;nsu-</span> 
     </span>
    </p>
   </div>
   <div class='ocr_carea' id='block_1_6' title="bbox 0 412 1190 459">
    <p class='ocr_par' dir='ltr' id='par_1_6' title="bbox 0 412 1190 459">
     <span class='ocr_line' id='line_1_8' title="bbox 0 412 1190 459; baseline -0.004 -6"><span class='ocrx_word' id='word_1_51' title='bbox 0 418 6 436; x_wconf 67' lang='lat'><em>*</em></span> <span class='ocrx_word' id='word_1_52' title='bbox 21 412 44 440; x_wconf 88' lang='grc' dir='ltr'>Ῑ·</span> <span class='ocrx_word' id='word_1_53' title='bbox 58 420 76 447; x_wconf 87' lang='lat'><em>5</em></span> <span class='ocrx_word' id='word_1_54' title='bbox 80 421 286 453; x_wconf 84' lang='lat' dir='ltr'>37·mationem</span> <span class='ocrx_word' id='word_1_55' title='bbox 300 421 466 452; x_wconf 65' lang='lat' dir='ltr'>Sandtorum</span> <span class='ocrx_word' id='word_1_56' title='bbox 479 420 556 457; x_wconf 87' lang='lat' dir='ltr'>super</span> <span class='ocrx_word' id='word_1_57' title='bbox 569 420 689 450; x_wconf 91' lang='lat' dir='ltr'>Terram</span> <span class='ocrx_word' id='word_1_58' title='bbox 698 443 707 457; x_wconf 87' lang='lat'>,</span> <span class='ocrx_word' id='word_1_59' title='bbox 726 419 785 449; x_wconf 90' lang='lat' dir='ltr'>Dei</span> <span class='ocrx_word' id='word_1_60' title='bbox 798 419 924 458; x_wconf 73' lang='lat' dir='ltr'>sapientia</span> <span class='ocrx_word' id='word_1_61' title='bbox 939 420 1098 459; x_wconf 79' lang='lat' dir='ltr'>fabricavit,</span> <span class='ocrx_word' id='word_1_62' title='bbox 1111 419 1190 449; x_wconf 89' lang='lat' dir='ltr'>Pon-</span> 
     </span>
    </p>
   </div>
   <div class='ocr_carea' id='block_1_7' title="bbox 1 3221 107 3259">
    <p class='ocr_par' dir='ltr' id='par_1_7' title="bbox 1 3221 107 3259">
     <span class='ocr_line' id='line_1_9' title="bbox 1 3221 107 3259; baseline -0.019 -9"><span class='ocrx_word' id='word_1_63' title='bbox 1 3222 26 3250; x_wconf 88' lang='grc' dir='ltr'>Ι.</span> <span class='ocrx_word' id='word_1_64' title='bbox 42 3221 107 3259; x_wconf 81' lang='lat'>538.</span> 
     </span>
    </p>
   </div>
   <div class='ocr_carea' id='block_1_8' title="bbox 121 457 1189 2951">
    <p class='ocr_par' dir='ltr' id='par_1_8' title="bbox 129 457 1187 536">
     <span class='ocr_line' id='line_1_10' title="bbox 129 457 1187 498; baseline -0.003 -7"><span class='ocrx_word' id='word_1_65' title='bbox 129 460 215 491; x_wconf 83' lang='lat' dir='ltr'>tifices</span> <span class='ocrx_word' id='word_1_66' title='bbox 233 460 403 491; x_wconf 82' lang='lat' dir='ltr'>mortalitatis</span> <span class='ocrx_word' id='word_1_67' title='bbox 424 457 582 488; x_wconf 80' lang='lat' dir='ltr'>infirmitate</span> <span class='ocrx_word' id='word_1_68' title='bbox 600 457 782 495; x_wconf 87' lang='lat' dir='ltr'>circumdati,</span> <span class='ocrx_word' id='word_1_69' title='bbox 800 466 831 487; x_wconf 90' lang='lat' dir='ltr'>ut</span> <span class='ocrx_word' id='word_1_70' title='bbox 846 457 1048 488; x_wconf 88' lang='lat' dir='ltr'>constituantur</span> <span class='ocrx_word' id='word_1_71' title='bbox 1068 468 1120 498; x_wconf 88' lang='lat' dir='ltr'>pro</span> <span class='ocrx_word' id='word_1_72' title='bbox 1135 458 1187 488; x_wconf 93' lang='lat' dir='ltr'>ho-</span> 
     </span>
     <span class='ocr_line' id='line_1_11' title="bbox 133 495 887 536; baseline -0.005 -6"><span class='ocrx_word' id='word_1_73' title='bbox 133 500 255 529; x_wconf 89' lang='lat' dir='ltr'>minibus</span> <span class='ocrx_word' id='word_1_74' title='bbox 268 498 340 536; x_wconf 84' lang='lat' dir='ltr'>apud</span> <span class='ocrx_word' id='word_1_75' title='bbox 356 497 453 526; x_wconf 88' lang='lat' dir='ltr'>Deum</span> <span class='ocrx_word' id='word_1_76' title='bbox 462 520 470 534; x_wconf 93' lang='lat'>,</span> <span class='ocrx_word' id='word_1_77' title='bbox 488 506 522 526; x_wconf 76' lang='lat' dir='ltr'>ex</span> <span class='ocrx_word' id='word_1_78' title='bbox 535 496 696 526; x_wconf 82' lang='lat' dir='ltr'>hominibus</span> <span class='ocrx_word' id='word_1_79' title='bbox 707 495 887 526; x_wconf 79' lang='lat' dir='ltr'>assumuntur.</span> 
     </span>
    </p>

    <p class='ocr_par' dir='ltr' id='par_1_9' title="bbox 130 533 1188 687">
     <span class='ocr_line' id='line_1_12' title="bbox 169 533 1188 574; baseline -0.002 -8"><span class='ocrx_word' id='word_1_80' title='bbox 169 536 249 567; x_wconf 90' lang='lat' dir='ltr'>Hinc</span> <span class='ocrx_word' id='word_1_81' title='bbox 263 536 304 566; x_wconf 85' lang='lat' dir='ltr'>est</span> <span class='ocrx_word' id='word_1_82' title='bbox 321 536 397 574; x_wconf 88' lang='lat' dir='ltr'>quod</span> <span class='ocrx_word' id='word_1_83' title='bbox 413 535 472 573; x_wconf 88' lang='lat' dir='ltr'>illa,</span> <span class='ocrx_word' id='word_1_84' title='bbox 491 534 662 564; x_wconf 84' lang='lat' dir='ltr'>indeficienti</span> <span class='ocrx_word' id='word_1_85' title='bbox 675 535 770 564; x_wconf 84' lang='lat' dir='ltr'>aeteriii</span> <span class='ocrx_word' id='word_1_86' title='bbox 784 533 873 571; x_wconf 71' lang='lat' dir='ltr'>sponsi</span> <span class='ocrx_word' id='word_1_87' title='bbox 885 534 1004 573; x_wconf 82' lang='lat' dir='ltr'>gaudio,</span> <span class='ocrx_word' id='word_1_88' title='bbox 1023 535 1055 565; x_wconf 74' lang='grc' dir='ltr'>δε</span> <span class='ocrx_word' id='word_1_89' title='bbox 1066 535 1188 567; x_wconf 87' lang='lat' dir='ltr'>immor-</span> 
     </span>
     <span class='ocr_line' id='line_1_13' title="bbox 132 572 1188 611; baseline -0.002 -7"><span class='ocrx_word' id='word_1_90' title='bbox 132 575 232 605; x_wconf 84' lang='lat' dir='ltr'>talitate</span> <span class='ocrx_word' id='word_1_91' title='bbox 254 575 331 605; x_wconf 80' lang='lat' dir='ltr'>beata</span> <span class='ocrx_word' id='word_1_92' title='bbox 345 597 354 611; x_wconf 93' lang='lat'>,</span> <span class='ocrx_word' id='word_1_93' title='bbox 380 574 486 604; x_wconf 54' lang='lat' dir='ltr'>lustum</span> <span class='ocrx_word' id='word_1_94' title='bbox 507 572 643 603; x_wconf 81' lang='lat' dir='ltr'>viduitatis</span> <span class='ocrx_word' id='word_1_95' title='bbox 664 573 770 611; x_wconf 77' lang='lat' dir='ltr'>ignorat</span> <span class='ocrx_word' id='word_1_96' title='bbox 785 584 795 610; x_wconf 73' lang='lat'>3</span> <span class='ocrx_word' id='word_1_97' title='bbox 814 572 876 601; x_wconf 74' lang='lat' dir='ltr'>haec</span> <span class='ocrx_word' id='word_1_98' title='bbox 891 581 985 603; x_wconf 87' lang='lat' dir='ltr'>autem</span> <span class='ocrx_word' id='word_1_99' title='bbox 999 597 1008 611; x_wconf 85' lang='lat'>,</span> <span class='ocrx_word' id='word_1_100' title='bbox 1026 573 1097 603; x_wconf 89' lang='lat' dir='ltr'>dum</span> <span class='ocrx_word' id='word_1_101' title='bbox 1110 583 1188 610; x_wconf 88' lang='lat' dir='ltr'>pere-</span> 
     </span>
     <span class='ocr_line' id='line_1_14' title="bbox 130 610 1186 652; baseline -0.002 -10"><span class='ocrx_word' id='word_1_102' title='bbox 130 614 255 652; x_wconf 88' lang='lat' dir='ltr'>grinatur</span> <span class='ocrx_word' id='word_1_103' title='bbox 277 614 305 643; x_wconf 89' lang='lat' dir='ltr'>in</span> <span class='ocrx_word' id='word_1_104' title='bbox 326 613 420 649; x_wconf 86' lang='lat' dir='ltr'>terris,</span> <span class='ocrx_word' id='word_1_105' title='bbox 436 620 590 648; x_wconf 89' lang='lat' dir='ltr'>corporum</span> <span class='ocrx_word' id='word_1_106' title='bbox 613 612 765 640; x_wconf 71' lang='lat' dir='ltr'>carceribus</span> <span class='ocrx_word' id='word_1_107' title='bbox 780 610 916 649; x_wconf 87' lang='lat' dir='ltr'>obligata,</span> <span class='ocrx_word' id='word_1_108' title='bbox 934 611 1093 649; x_wconf 84' lang='lat' dir='ltr'>frequenter</span> <span class='ocrx_word' id='word_1_109' title='bbox 1107 612 1186 650; x_wconf 85' lang='lat' dir='ltr'>cogi-</span> 
     </span>
     <span class='ocr_line' id='line_1_15' title="bbox 131 648 977 687; baseline -0.002 -7"><span class='ocrx_word' id='word_1_110' title='bbox 131 659 177 681; x_wconf 89' lang='lat' dir='ltr'>tur</span> <span class='ocrx_word' id='word_1_111' title='bbox 189 651 328 682; x_wconf 86' lang='lat' dir='ltr'>viduitatis</span> <span class='ocrx_word' id='word_1_112' title='bbox 342 651 395 680; x_wconf 77' lang='lat' dir='ltr'>suae</span> <span class='ocrx_word' id='word_1_113' title='bbox 409 650 528 680; x_wconf 86' lang='lat' dir='ltr'>lamenta</span> <span class='ocrx_word' id='word_1_114' title='bbox 541 649 694 685; x_wconf 74' lang='lat' dir='ltr'>resumere,</span> <span class='ocrx_word' id='word_1_115' title='bbox 712 659 744 678; x_wconf 91' lang='lat' dir='ltr'>ac</span> <span class='ocrx_word' id='word_1_116' title='bbox 759 648 839 679; x_wconf 81' lang='lat' dir='ltr'>taedia</span> <span class='ocrx_word' id='word_1_117' title='bbox 855 650 977 687; x_wconf 85' lang='lat' dir='ltr'>experiri.</span> 
     </span>
    </p>

    <p class='ocr_par' dir='ltr' id='par_1_10' title="bbox 129 686 1189 1064">
     <span class='ocr_line' id='line_1_16' title="bbox 166 686 1188 725; baseline -0.003 -5"><span class='ocrx_word' id='word_1_118' title='bbox 166 688 232 720; x_wconf 87' lang='lat' dir='ltr'>Hiis</span> <span class='ocrx_word' id='word_1_119' title='bbox 248 690 373 720; x_wconf 89' lang='lat' dir='ltr'>lamentis</span> <span class='ocrx_word' id='word_1_120' title='bbox 395 689 428 719; x_wconf 92' lang='lat'>&amp;</span> <span class='ocrx_word' id='word_1_121' title='bbox 450 687 536 718; x_wconf 73' lang='lat' dir='ltr'>taediis</span> <span class='ocrx_word' id='word_1_122' title='bbox 550 710 559 724; x_wconf 95' lang='lat'>,</span> <span class='ocrx_word' id='word_1_123' title='bbox 578 687 649 717; x_wconf 88' lang='lat' dir='ltr'>sicut</span> <span class='ocrx_word' id='word_1_124' title='bbox 664 686 797 717; x_wconf 89' lang='lat' dir='ltr'>Domino</span> <span class='ocrx_word' id='word_1_125' title='bbox 811 687 926 724; x_wconf 79' lang='lat' dir='ltr'>placuit,</span> <span class='ocrx_word' id='word_1_126' title='bbox 947 688 994 725; x_wconf 87' lang='lat' dir='ltr'>qui</span> <span class='ocrx_word' id='word_1_127' title='bbox 1009 688 1097 718; x_wconf 84' lang='lat' dir='ltr'>aufert</span> <span class='ocrx_word' id='word_1_128' title='bbox 1111 687 1188 725; x_wconf 79' lang='lat' dir='ltr'>spiri-</span> 
     </span>
     <span class='ocr_line' id='line_1_17' title="bbox 130 725 1186 764; baseline -0.003 -6"><span class='ocrx_word' id='word_1_129' title='bbox 130 735 194 758; x_wconf 90' lang='lat' dir='ltr'>tum</span> <span class='ocrx_word' id='word_1_130' title='bbox 208 728 390 764; x_wconf 82' lang='lat' dir='ltr'>Principum,</span> <span class='ocrx_word' id='word_1_131' title='bbox 408 726 540 756; x_wconf 80' lang='lat' dir='ltr'>Ecclefiae</span> <span class='ocrx_word' id='word_1_132' title='bbox 555 725 655 754; x_wconf 54' lang='lat' dir='ltr'>sanem</span> <span class='ocrx_word' id='word_1_133' title='bbox 669 735 758 762; x_wconf 80' lang='lat' dir='ltr'>nuper</span> <span class='ocrx_word' id='word_1_134' title='bbox 767 725 899 755; x_wconf 75' lang='lat' dir='ltr'>concusfit</span> <span class='ocrx_word' id='word_1_135' title='bbox 913 725 972 755; x_wconf 85' lang='lat' dir='ltr'>sunt</span> <span class='ocrx_word' id='word_1_136' title='bbox 986 726 1100 762; x_wconf 86' lang='lat' dir='ltr'>viscera,</span> <span class='ocrx_word' id='word_1_137' title='bbox 1116 726 1186 764; x_wconf 83' lang='lat' dir='ltr'>ejus-</span> 
     </span>
     <span class='ocr_line' id='line_1_18' title="bbox 131 763 1187 803; baseline -0.005 -6"><span class='ocrx_word' id='word_1_138' title='bbox 131 776 187 803; x_wconf 77' lang='lat' dir='ltr'>que</span> <span class='ocrx_word' id='word_1_139' title='bbox 201 766 317 796; x_wconf 88' lang='lat' dir='ltr'>maxillae</span> <span class='ocrx_word' id='word_1_140' title='bbox 331 765 445 802; x_wconf 66' lang='lat' dir='ltr'>perfusae</span> <span class='ocrx_word' id='word_1_141' title='bbox 463 774 559 794; x_wconf 84' lang='lat' dir='ltr'>amaro</span> <span class='ocrx_word' id='word_1_142' title='bbox 571 763 710 801; x_wconf 85' lang='lat' dir='ltr'>profluvio</span> <span class='ocrx_word' id='word_1_143' title='bbox 724 764 898 794; x_wconf 81' lang='lat' dir='ltr'>lacrimarum</span> <span class='ocrx_word' id='word_1_144' title='bbox 916 787 924 802; x_wconf 90' lang='lat'>,</span> <span class='ocrx_word' id='word_1_145' title='bbox 943 764 1044 794; x_wconf 84' lang='lat' dir='ltr'>foelicis</span> <span class='ocrx_word' id='word_1_146' title='bbox 1060 764 1187 793; x_wconf 85' lang='lat' dir='ltr'>recorda-</span> 
     </span>
     <span class='ocr_line' id='line_1_19' title="bbox 130 801 1185 840; baseline -0.003 -6"><span class='ocrx_word' id='word_1_147' title='bbox 130 806 215 834; x_wconf 79' lang='lat' dir='ltr'>tionis</span> <span class='ocrx_word' id='word_1_148' title='bbox 230 804 399 834; x_wconf 85' lang='lat' dir='ltr'>Innocentio</span> <span class='ocrx_word' id='word_1_149' title='bbox 413 802 487 840; x_wconf 83' lang='lat' dir='ltr'>Papa</span> <span class='ocrx_word' id='word_1_150' title='bbox 503 802 706 832; x_wconf 77' lang='lat' dir='ltr'>Praedecessore</span> <span class='ocrx_word' id='word_1_151' title='bbox 720 801 834 840; x_wconf 85' lang='lat' dir='ltr'>nostro,</span> <span class='ocrx_word' id='word_1_152' title='bbox 853 810 868 838; x_wconf 91' lang='lat'><em>7</em></span> <span class='ocrx_word' id='word_1_153' title='bbox 878 801 918 832; x_wconf 83' lang='lat' dir='ltr'>Id.</span> <span class='ocrx_word' id='word_1_154' title='bbox 935 801 1185 838; x_wconf 81' lang='lat' dir='ltr'>Decembrisapud</span> 
     </span>
     <span class='ocr_line' id='line_1_20' title="bbox 130 841 1186 882; baseline -0.005 -9"><span class='ocrx_word' id='word_1_155' title='bbox 130 842 301 882; x_wconf 80' lang='lat' dir='ltr'>Neapolim,</span> <span class='ocrx_word' id='word_1_156' title='bbox 319 852 366 880; x_wconf 89' lang='lat' dir='ltr'>per</span> <span class='ocrx_word' id='word_1_157' title='bbox 380 841 512 871; x_wconf 79' lang='lat' dir='ltr'>universae</span> <span class='ocrx_word' id='word_1_158' title='bbox 525 841 613 870; x_wconf 72' lang='lat' dir='ltr'>carnis</span> <span class='ocrx_word' id='word_1_159' title='bbox 625 841 700 870; x_wconf 88' lang='lat' dir='ltr'>viam</span> <span class='ocrx_word' id='word_1_160' title='bbox 717 863 726 878; x_wconf 90' lang='lat'>‚</span> <span class='ocrx_word' id='word_1_161' title='bbox 742 841 777 870; x_wconf 91' lang='lat' dir='ltr'>de</span> <span class='ocrx_word' id='word_1_162' title='bbox 790 841 912 878; x_wconf 73' lang='lat' dir='ltr'>nequitia</span> <span class='ocrx_word' id='word_1_163' title='bbox 927 841 1005 879; x_wconf 80' lang='lat' dir='ltr'>liujus</span> <span class='ocrx_word' id='word_1_164' title='bbox 1025 841 1108 870; x_wconf 90' lang='lat' dir='ltr'>seculi</span> <span class='ocrx_word' id='word_1_165' title='bbox 1123 849 1186 869; x_wconf 82' lang='lat' dir='ltr'>eva-</span> 
     </span>
     <span class='ocr_line' id='line_1_21' title="bbox 129 878 1185 920; baseline -0.003 -10"><span class='ocrx_word' id='word_1_166' title='bbox 129 881 227 910; x_wconf 84' lang='lat' dir='ltr'>dente:</span> <span class='ocrx_word' id='word_1_167' title='bbox 253 881 314 920; x_wconf 85' lang='lat' dir='ltr'>Qi</span> <span class='ocrx_word' id='word_1_168' title='bbox 330 889 396 910; x_wconf 89' lang='lat' dir='ltr'>cum</span> <span class='ocrx_word' id='word_1_169' title='bbox 415 880 506 909; x_wconf 88' lang='lat' dir='ltr'>adhuc</span> <span class='ocrx_word' id='word_1_170' title='bbox 520 878 681 909; x_wconf 71' lang='lat' dir='ltr'>necessarius</span> <span class='ocrx_word' id='word_1_171' title='bbox 694 878 761 908; x_wconf 76' lang='lat' dir='ltr'>ell&#39;et</span> <span class='ocrx_word' id='word_1_172' title='bbox 781 880 813 908; x_wconf 73' lang='grc' dir='ltr'>δε</span> <span class='ocrx_word' id='word_1_173' title='bbox 827 878 981 909; x_wconf 86' lang='lat' dir='ltr'>admodum</span> <span class='ocrx_word' id='word_1_174' title='bbox 993 880 1064 909; x_wconf 86' lang='lat' dir='ltr'>utilis</span> <span class='ocrx_word' id='word_1_175' title='bbox 1079 878 1185 915; x_wconf 86' lang='lat' dir='ltr'>populo</span> 
     </span>
     <span class='ocr_line' id='line_1_22' title="bbox 131 916 1187 956; baseline -0.003 -7"><span class='ocrx_word' id='word_1_176' title='bbox 131 918 292 949; x_wconf 88' lang='lat' dir='ltr'>Christiano</span> <span class='ocrx_word' id='word_1_177' title='bbox 307 941 317 956; x_wconf 91' lang='lat'>,</span> <span class='ocrx_word' id='word_1_178' title='bbox 336 918 446 948; x_wconf 75' lang='lat' dir='ltr'>forsitan</span> <span class='ocrx_word' id='word_1_179' title='bbox 462 917 525 948; x_wconf 91' lang='lat' dir='ltr'>ideo</span> <span class='ocrx_word' id='word_1_180' title='bbox 546 926 659 947; x_wconf 78' lang='lat' dir='ltr'>vocatus</span> <span class='ocrx_word' id='word_1_181' title='bbox 681 916 721 947; x_wconf 88' lang='lat' dir='ltr'>est</span> <span class='ocrx_word' id='word_1_182' title='bbox 737 919 751 947; x_wconf 79' lang='lat' dir='ltr'>a</span> <span class='ocrx_word' id='word_1_183' title='bbox 766 916 897 947; x_wconf 87' lang='lat' dir='ltr'>Domino</span> <span class='ocrx_word' id='word_1_184' title='bbox 911 940 920 956; x_wconf 92' lang='lat'>,</span> <span class='ocrx_word' id='word_1_185' title='bbox 939 926 1002 947; x_wconf 83' lang='lat' dir='ltr'>ante</span> <span class='ocrx_word' id='word_1_186' title='bbox 1016 925 1140 954; x_wconf 77' lang='lat' dir='ltr'>tempus,</span> <span class='ocrx_word' id='word_1_187' title='bbox 1156 925 1187 946; x_wconf 88' lang='lat' dir='ltr'>ut</span> 
     </span>
     <span class='ocr_line' id='line_1_23' title="bbox 131 955 1185 995; baseline -0.004 -8"><span class='ocrx_word' id='word_1_188' title='bbox 131 957 269 993; x_wconf 82' lang='lat' dir='ltr'>mundus,</span> <span class='ocrx_word' id='word_1_189' title='bbox 287 958 315 986; x_wconf 89' lang='lat' dir='ltr'>in</span> <span class='ocrx_word' id='word_1_190' title='bbox 331 956 453 995; x_wconf 71' lang='lat' dir='ltr'>maligno</span> <span class='ocrx_word' id='word_1_191' title='bbox 470 956 570 993; x_wconf 83' lang='lat' dir='ltr'>positus</span> <span class='ocrx_word' id='word_1_192' title='bbox 581 978 589 993; x_wconf 92' lang='lat'>,</span> <span class='ocrx_word' id='word_1_193' title='bbox 609 955 749 995; x_wconf 67' lang='lat' dir='ltr'>praesentia</span> <span class='ocrx_word' id='word_1_194' title='bbox 771 956 828 993; x_wconf 85' lang='lat' dir='ltr'>ejus</span> <span class='ocrx_word' id='word_1_195' title='bbox 841 957 1032 994; x_wconf 73' lang='lat' dir='ltr'>agnosceretur</span> <span class='ocrx_word' id='word_1_196' title='bbox 1046 955 1185 993; x_wconf 77' lang='lat' dir='ltr'>indignus,</span> 
     </span>
     <span class='ocr_line' id='line_1_24' title="bbox 131 994 1189 1063; baseline -0.003 -38"><span class='ocrx_word' id='word_1_197' title='bbox 131 995 232 1063; x_wconf 69' lang='lat' dir='ltr'>&amp;nipse</span> <span class='ocrx_word' id='word_1_198' title='bbox 251 995 286 1025; x_wconf 92' lang='lat' dir='ltr'>de</span> <span class='ocrx_word' id='word_1_199' title='bbox 305 996 485 1033; x_wconf 83' lang='lat' dir='ltr'>iniquitatum</span> <span class='ocrx_word' id='word_1_200' title='bbox 501 994 614 1032; x_wconf 84' lang='lat' dir='ltr'>medio,</span> <span class='ocrx_word' id='word_1_201' title='bbox 630 1004 694 1033; x_wconf 70' lang='lat' dir='ltr'>quae</span> <span class='ocrx_word' id='word_1_202' title='bbox 713 995 836 1024; x_wconf 88' lang='lat' dir='ltr'>animam</span> <span class='ocrx_word' id='word_1_203' title='bbox 851 995 909 1032; x_wconf 83' lang='lat' dir='ltr'>ejus</span> <span class='ocrx_word' id='word_1_204' title='bbox 923 994 972 1024; x_wconf 92' lang='lat' dir='ltr'>diu</span> <span class='ocrx_word' id='word_1_205' title='bbox 984 994 1189 1030; x_wconf 83' lang='lat' dir='ltr'>cruciaverant,</span> 
     </span>
     <span class='ocr_line' id='line_1_25' title="bbox 132 1041 282 1064; baseline -0.007 0"><span class='ocrx_word' id='word_1_206' title='bbox 132 1041 163 1064; x_wconf 92' lang='lat' dir='ltr'>to</span> <span class='ocrx_word' id='word_1_207' title='bbox 183 1043 282 1064; x_wconf 76' lang='lat' dir='ltr'>eretur.</span> 
     </span>
    </p>

    <p class='ocr_par' dir='ltr' id='par_1_11' title="bbox 129 1069 1187 1179">
     <span class='ocr_line' id='line_1_26' title="bbox 167 1069 1187 1110; baseline -0.003 -9"><span class='ocrx_word' id='word_1_208' title='bbox 167 1071 229 1101; x_wconf 91' lang='lat' dir='ltr'>Die</span> <span class='ocrx_word' id='word_1_209' title='bbox 251 1073 344 1108; x_wconf 83' lang='lat' dir='ltr'>itaque</span> <span class='ocrx_word' id='word_1_210' title='bbox 370 1071 508 1110; x_wconf 85' lang='lat' dir='ltr'>sequenti,</span> <span class='ocrx_word' id='word_1_211' title='bbox 530 1072 607 1109; x_wconf 84' lang='lat' dir='ltr'>juxta</span> <span class='ocrx_word' id='word_1_212' title='bbox 633 1080 743 1100; x_wconf 87' lang='lat' dir='ltr'>rnorem</span> <span class='ocrx_word' id='word_1_213' title='bbox 753 1093 762 1108; x_wconf 81' lang='lat'>,</span> <span class='ocrx_word' id='word_1_214' title='bbox 786 1071 962 1108; x_wconf 80' lang='lat' dir='ltr'>exequiarum</span> <span class='ocrx_word' id='word_1_215' title='bbox 988 1069 1187 1108; x_wconf 85' lang='lat' dir='ltr'>sollempnitate</span> 
     </span>
     <span class='ocr_line' id='line_1_27' title="bbox 129 1108 1187 1150; baseline -0.003 -11"><span class='ocrx_word' id='word_1_216' title='bbox 129 1109 281 1150; x_wconf 78' lang='lat' dir='ltr'>praemissa,</span> <span class='ocrx_word' id='word_1_217' title='bbox 298 1110 407 1148; x_wconf 87' lang='lat' dir='ltr'>ejusque</span> <span class='ocrx_word' id='word_1_218' title='bbox 428 1119 548 1146; x_wconf 85' lang='lat' dir='ltr'>corpore</span> <span class='ocrx_word' id='word_1_219' title='bbox 567 1111 596 1139; x_wconf 92' lang='lat' dir='ltr'>in</span> <span class='ocrx_word' id='word_1_220' title='bbox 616 1109 794 1149; x_wconf 83' lang='lat' dir='ltr'>Neapolitan.</span> <span class='ocrx_word' id='word_1_221' title='bbox 810 1108 932 1139; x_wconf 85' lang='lat' dir='ltr'>Ecclesia</span> <span class='ocrx_word' id='word_1_222' title='bbox 944 1108 1100 1145; x_wconf 86' lang='lat' dir='ltr'>tumulato,</span> <span class='ocrx_word' id='word_1_223' title='bbox 1117 1117 1187 1145; x_wconf 92' lang='lat' dir='ltr'>nos,</span> 
     </span>
     <span class='ocr_line' id='line_1_28' title="bbox 130 1145 1078 1179; baseline -0.004 0"><span class='ocrx_word' id='word_1_224' title='bbox 130 1149 164 1179; x_wconf 83' lang='lat'>&amp;</span> <span class='ocrx_word' id='word_1_225' title='bbox 178 1148 283 1178; x_wconf 79' lang='lat' dir='ltr'>Fratres</span> <span class='ocrx_word' id='word_1_226' title='bbox 296 1147 383 1177; x_wconf 84' lang='lat' dir='ltr'>nostri</span> <span class='ocrx_word' id='word_1_227' title='bbox 398 1148 430 1177; x_wconf 86' lang='lat' dir='ltr'>ad</span> <span class='ocrx_word' id='word_1_228' title='bbox 446 1147 665 1178; x_wconf 71' lang='lat' dir='ltr'>substituendum</span> <span class='ocrx_word' id='word_1_229' title='bbox 679 1148 863 1178; x_wconf 86' lang='lat' dir='ltr'>convenimus</span> <span class='ocrx_word' id='word_1_230' title='bbox 876 1145 1078 1177; x_wconf 82' lang='lat' dir='ltr'>successorem:</span> 
     </span>
    </p>

    <p class='ocr_par' dir='ltr' id='par_1_12' title="bbox 130 1183 1187 1417">
     <span class='ocr_line' id='line_1_29' title="bbox 169 1183 1185 1225; baseline -0.004 -8"><span class='ocrx_word' id='word_1_231' title='bbox 169 1186 222 1224; x_wconf 92' lang='lat' dir='ltr'>Et,</span> <span class='ocrx_word' id='word_1_232' title='bbox 241 1187 382 1217; x_wconf 85' lang='lat' dir='ltr'>missarum</span> <span class='ocrx_word' id='word_1_233' title='bbox 397 1186 563 1223; x_wconf 71' lang='lat' dir='ltr'>sollempniis</span> <span class='ocrx_word' id='word_1_234' title='bbox 576 1209 586 1225; x_wconf 84' lang='lat'>,</span> <span class='ocrx_word' id='word_1_235' title='bbox 610 1187 637 1215; x_wconf 91' lang='lat' dir='ltr'>in</span> <span class='ocrx_word' id='word_1_236' title='bbox 651 1186 759 1216; x_wconf 84' lang='lat' dir='ltr'>honore</span> <span class='ocrx_word' id='word_1_237' title='bbox 775 1185 869 1215; x_wconf 66' lang='lat' dir='ltr'>saneti</span> <span class='ocrx_word' id='word_1_238' title='bbox 883 1183 1017 1222; x_wconf 70' lang='lat' dir='ltr'>Spiritus,</span> <span class='ocrx_word' id='word_1_239' title='bbox 1032 1184 1135 1214; x_wconf 84' lang='lat' dir='ltr'>devote</span> <span class='ocrx_word' id='word_1_240' title='bbox 1153 1192 1185 1213; x_wconf 88' lang='lat' dir='ltr'>ac</span> 
     </span>
     <span class='ocr_line' id='line_1_30' title="bbox 130 1221 1185 1262; baseline -0.004 -8"><span class='ocrx_word' id='word_1_241' title='bbox 130 1225 271 1255; x_wconf 88' lang='lat' dir='ltr'>humiliter</span> <span class='ocrx_word' id='word_1_242' title='bbox 284 1225 443 1262; x_wconf 80' lang='lat' dir='ltr'>celebratis,</span> <span class='ocrx_word' id='word_1_243' title='bbox 458 1224 520 1261; x_wconf 86' lang='lat' dir='ltr'>post</span> <span class='ocrx_word' id='word_1_244' title='bbox 534 1225 735 1262; x_wconf 78' lang='lat' dir='ltr'>aliquantulum</span> <span class='ocrx_word' id='word_1_245' title='bbox 744 1223 778 1252; x_wconf 89' lang='lat' dir='ltr'>de</span> <span class='ocrx_word' id='word_1_246' title='bbox 791 1224 873 1254; x_wconf 89' lang='lat' dir='ltr'>futuri</span> <span class='ocrx_word' id='word_1_247' title='bbox 887 1222 1080 1253; x_wconf 88' lang='lat' dir='ltr'>substitutione</span> <span class='ocrx_word' id='word_1_248' title='bbox 1093 1221 1185 1258; x_wconf 86' lang='lat' dir='ltr'>pasto-</span> 
     </span>
     <span class='ocr_line' id='line_1_31' title="bbox 131 1260 1185 1301; baseline -0.003 -9"><span class='ocrx_word' id='word_1_249' title='bbox 131 1265 166 1292; x_wconf 88' lang='lat' dir='ltr'>ris</span> <span class='ocrx_word' id='word_1_250' title='bbox 185 1264 331 1294; x_wconf 65' lang='lat' dir='ltr'>traStatum</span> <span class='ocrx_word' id='word_1_251' title='bbox 344 1286 354 1301; x_wconf 90' lang='lat'>,</span> <span class='ocrx_word' id='word_1_252' title='bbox 380 1263 464 1293; x_wconf 88' lang='lat' dir='ltr'>iidem</span> <span class='ocrx_word' id='word_1_253' title='bbox 486 1263 588 1292; x_wconf 82' lang='lat' dir='ltr'>Fratres</span> <span class='ocrx_word' id='word_1_254' title='bbox 608 1261 695 1291; x_wconf 87' lang='lat' dir='ltr'>nostri</span> <span class='ocrx_word' id='word_1_255' title='bbox 715 1261 814 1291; x_wconf 86' lang='lat' dir='ltr'>oculos</span> <span class='ocrx_word' id='word_1_256' title='bbox 833 1261 894 1291; x_wconf 90' lang='lat' dir='ltr'>suos</span> <span class='ocrx_word' id='word_1_257' title='bbox 914 1261 947 1290; x_wconf 93' lang='lat' dir='ltr'>ad</span> <span class='ocrx_word' id='word_1_258' title='bbox 962 1260 1185 1291; x_wconf 83' lang='lat' dir='ltr'>imbecillitatem</span> 
     </span>
     <span class='ocr_line' id='line_1_32' title="bbox 131 1298 1186 1332; baseline -0.003 -1"><span class='ocrx_word' id='word_1_259' title='bbox 131 1301 255 1332; x_wconf 82' lang='lat' dir='ltr'>nostram</span> <span class='ocrx_word' id='word_1_260' title='bbox 269 1302 460 1332; x_wconf 85' lang='lat' dir='ltr'>communiter</span> <span class='ocrx_word' id='word_1_261' title='bbox 473 1302 505 1331; x_wconf 65' lang='grc' dir='ltr'>ὃς</span> <span class='ocrx_word' id='word_1_262' title='bbox 528 1299 707 1330; x_wconf 86' lang='lat' dir='ltr'>concorditer</span> <span class='ocrx_word' id='word_1_263' title='bbox 721 1300 894 1329; x_wconf 86' lang='lat' dir='ltr'>direxerunt:</span> <span class='ocrx_word' id='word_1_264' title='bbox 916 1299 984 1329; x_wconf 86' lang='lat' dir='ltr'>Nos</span> <span class='ocrx_word' id='word_1_265' title='bbox 1002 1299 1037 1329; x_wconf 91' lang='lat' dir='ltr'>ad</span> <span class='ocrx_word' id='word_1_266' title='bbox 1050 1298 1186 1329; x_wconf 86' lang='lat' dir='ltr'>conscen-</span> 
     </span>
     <span class='ocr_line' id='line_1_33' title="bbox 130 1336 1187 1378; baseline -0.002 -10"><span class='ocrx_word' id='word_1_267' title='bbox 130 1339 251 1370; x_wconf 85' lang='lat' dir='ltr'>dendam</span> <span class='ocrx_word' id='word_1_268' title='bbox 264 1340 400 1378; x_wconf 79' lang='lat' dir='ltr'>speculam</span> <span class='ocrx_word' id='word_1_269' title='bbox 415 1338 559 1375; x_wconf 86' lang='lat' dir='ltr'>apostolici</span> <span class='ocrx_word' id='word_1_270' title='bbox 571 1339 700 1368; x_wconf 87' lang='lat' dir='ltr'>culminis</span> <span class='ocrx_word' id='word_1_271' title='bbox 713 1337 928 1368; x_wconf 89' lang='lat' dir='ltr'>&amp;subeundam</span> <span class='ocrx_word' id='word_1_272' title='bbox 940 1336 1127 1377; x_wconf 73' lang='lat' dir='ltr'>gravissimam</span> <span class='ocrx_word' id='word_1_273' title='bbox 1140 1347 1187 1366; x_wconf 90' lang='lat' dir='ltr'>or-</span> 
     </span>
     <span class='ocr_line' id='line_1_34' title="bbox 135 1378 471 1417; baseline -0.006 -9"><span class='ocrx_word' id='word_1_274' title='bbox 135 1379 175 1408; x_wconf 88' lang='lat' dir='ltr'>bis</span> <span class='ocrx_word' id='word_1_275' title='bbox 187 1378 321 1409; x_wconf 83' lang='lat' dir='ltr'>sarcinam</span> <span class='ocrx_word' id='word_1_276' title='bbox 335 1378 471 1417; x_wconf 81' lang='lat' dir='ltr'>eligendo.</span> 
     </span>
    </p>

    <p class='ocr_par' dir='ltr' id='par_1_13' title="bbox 130 1413 1188 1646">
     <span class='ocr_line' id='line_1_35' title="bbox 170 1413 1187 1454; baseline -0.003 -7"><span class='ocrx_word' id='word_1_277' title='bbox 170 1416 278 1447; x_wconf 91' lang='lat' dir='ltr'>Verum</span> <span class='ocrx_word' id='word_1_278' title='bbox 298 1426 350 1446; x_wconf 89' lang='lat' dir='ltr'>nos</span> <span class='ocrx_word' id='word_1_279' title='bbox 364 1439 373 1454; x_wconf 84' lang='lat'>,</span> <span class='ocrx_word' id='word_1_280' title='bbox 391 1425 422 1445; x_wconf 89' lang='lat' dir='ltr'>ea</span> <span class='ocrx_word' id='word_1_281' title='bbox 435 1426 463 1445; x_wconf 91' lang='lat' dir='ltr'>re</span> <span class='ocrx_word' id='word_1_282' title='bbox 473 1414 549 1452; x_wconf 89' lang='lat' dir='ltr'>supra</span> <span class='ocrx_word' id='word_1_283' title='bbox 563 1424 648 1453; x_wconf 84' lang='lat' dir='ltr'>quam</span> <span class='ocrx_word' id='word_1_284' title='bbox 662 1413 717 1444; x_wconf 91' lang='lat' dir='ltr'>dici</span> <span class='ocrx_word' id='word_1_285' title='bbox 732 1414 817 1445; x_wconf 85' lang='lat' dir='ltr'>valeat</span> <span class='ocrx_word' id='word_1_286' title='bbox 831 1413 976 1454; x_wconf 69' lang='lat' dir='ltr'>stupefaffi</span> <span class='ocrx_word' id='word_1_287' title='bbox 992 1437 1001 1451; x_wconf 92' lang='lat'>,</span> <span class='ocrx_word' id='word_1_288' title='bbox 1019 1415 1052 1445; x_wconf 84' lang='lat'><strong>&amp;</strong></span> <span class='ocrx_word' id='word_1_289' title='bbox 1071 1424 1135 1453; x_wconf 82' lang='lat' dir='ltr'>quae</span> <span class='ocrx_word' id='word_1_290' title='bbox 1153 1424 1187 1444; x_wconf 92' lang='lat' dir='ltr'>ac</span> 
     </span>
     <span class='ocr_line' id='line_1_36' title="bbox 130 1453 1188 1493; baseline -0.002 -9"><span class='ocrx_word' id='word_1_291' title='bbox 130 1455 218 1492; x_wconf 87' lang='lat' dir='ltr'>qualis</span> <span class='ocrx_word' id='word_1_292' title='bbox 237 1455 303 1486; x_wconf 86' lang='lat' dir='ltr'>esset</span> <span class='ocrx_word' id='word_1_293' title='bbox 323 1455 364 1484; x_wconf 89' lang='lat' dir='ltr'>illa</span> <span class='ocrx_word' id='word_1_294' title='bbox 385 1453 566 1493; x_wconf 81' lang='lat' dir='ltr'>dispositionis</span> <span class='ocrx_word' id='word_1_295' title='bbox 584 1453 687 1483; x_wconf 79' lang='lat' dir='ltr'>divinae</span> <span class='ocrx_word' id='word_1_296' title='bbox 702 1454 817 1483; x_wconf 90' lang='lat' dir='ltr'>vocatio</span> <span class='ocrx_word' id='word_1_297' title='bbox 830 1454 917 1483; x_wconf 81' lang='lat' dir='ltr'>anxiae</span> <span class='ocrx_word' id='word_1_298' title='bbox 936 1454 1111 1491; x_wconf 76' lang='lat' dir='ltr'>cogitationis</span> <span class='ocrx_word' id='word_1_299' title='bbox 1125 1462 1188 1482; x_wconf 85' lang='lat' dir='ltr'>exa-</span> 
     </span>
     <span class='ocr_line' id='line_1_37' title="bbox 132 1491 1188 1531; baseline -0.002 -9"><span class='ocrx_word' id='word_1_300' title='bbox 132 1493 211 1523; x_wconf 87' lang='lat' dir='ltr'>mine</span> <span class='ocrx_word' id='word_1_301' title='bbox 227 1493 402 1523; x_wconf 81' lang='lat' dir='ltr'>revolventes</span> <span class='ocrx_word' id='word_1_302' title='bbox 416 1493 485 1522; x_wconf 88' lang='lat' dir='ltr'>intra</span> <span class='ocrx_word' id='word_1_303' title='bbox 499 1501 551 1521; x_wconf 90' lang='lat' dir='ltr'>nos</span> <span class='ocrx_word' id='word_1_304' title='bbox 565 1492 649 1531; x_wconf 90' lang='lat' dir='ltr'>ipsos,</span> <span class='ocrx_word' id='word_1_305' title='bbox 682 1500 797 1522; x_wconf 88' lang='lat' dir='ltr'>uantum</span> <span class='ocrx_word' id='word_1_306' title='bbox 811 1492 840 1520; x_wconf 88' lang='lat' dir='ltr'>in</span> <span class='ocrx_word' id='word_1_307' title='bbox 853 1491 896 1522; x_wconf 91' lang='lat' dir='ltr'>illa</span> <span class='ocrx_word' id='word_1_308' title='bbox 909 1492 1048 1528; x_wconf 72' lang='lat' dir='ltr'>potuimus</span> <span class='ocrx_word' id='word_1_309' title='bbox 1061 1492 1188 1521; x_wconf 70' lang='lat' dir='ltr'>fraternae</span> 
     </span>
     <span class='ocr_line' id='line_1_38' title="bbox 130 1501 1188 1570; baseline -0.001 -10"><span class='ocrx_word' id='word_1_310' title='bbox 130 1531 268 1562; x_wconf 79' lang='lat' dir='ltr'>instantiae</span> <span class='ocrx_word' id='word_1_311' title='bbox 289 1530 408 1570; x_wconf 80' lang='lat' dir='ltr'>pressura</span> <span class='ocrx_word' id='word_1_312' title='bbox 429 1530 573 1560; x_wconf 84' lang='lat' dir='ltr'>resedimus</span> <span class='ocrx_word' id='word_1_313' title='bbox 586 1552 596 1568; x_wconf 88' lang='lat'>‚</span> <span class='ocrx_word' id='word_1_314' title='bbox 619 1501 781 1560; x_wconf 50' lang='lat' dir='ltr'>meditando</span> <span class='ocrx_word' id='word_1_315' title='bbox 801 1531 905 1566; x_wconf 77' lang='lat' dir='ltr'>negotii</span> <span class='ocrx_word' id='word_1_316' title='bbox 927 1530 1108 1568; x_wconf 81' lang='lat' dir='ltr'>gravitatem,</span> <span class='ocrx_word' id='word_1_317' title='bbox 1127 1539 1188 1559; x_wconf 93' lang='lat' dir='ltr'>me-</span> 
     </span>
     <span class='ocr_line' id='line_1_39' title="bbox 131 1568 1188 1607; baseline -0.002 -8"><span class='ocrx_word' id='word_1_318' title='bbox 131 1570 227 1599; x_wconf 90' lang='lat' dir='ltr'>tiendo</span> <span class='ocrx_word' id='word_1_319' title='bbox 241 1571 328 1607; x_wconf 89' lang='lat' dir='ltr'>vires,</span> <span class='ocrx_word' id='word_1_320' title='bbox 345 1568 527 1607; x_wconf 88' lang='lat' dir='ltr'>ponderando</span> <span class='ocrx_word' id='word_1_321' title='bbox 541 1568 714 1606; x_wconf 69' lang='lat' dir='ltr'>prudentiam</span> <span class='ocrx_word' id='word_1_322' title='bbox 729 1591 738 1605; x_wconf 87' lang='lat'>,</span> <span class='ocrx_word' id='word_1_323' title='bbox 753 1568 945 1606; x_wconf 87' lang='lat' dir='ltr'>comparando</span> <span class='ocrx_word' id='word_1_324' title='bbox 969 1569 1084 1607; x_wconf 81' lang='lat' dir='ltr'>merita,</span> <span class='ocrx_word' id='word_1_325' title='bbox 1101 1568 1134 1598; x_wconf 89' lang='lat'>&amp;</span> <span class='ocrx_word' id='word_1_326' title='bbox 1154 1568 1188 1598; x_wconf 89' lang='lat' dir='ltr'>ad</span> 
     </span>
     <span class='ocr_line' id='line_1_40' title="bbox 130 1605 1006 1646; baseline -0.002 -8"><span class='ocrx_word' id='word_1_327' title='bbox 130 1607 333 1646; x_wconf 83' lang='lat' dir='ltr'>perficiendum</span> <span class='ocrx_word' id='word_1_328' title='bbox 346 1608 468 1644; x_wconf 88' lang='lat' dir='ltr'>sumptus</span> <span class='ocrx_word' id='word_1_329' title='bbox 479 1608 614 1638; x_wconf 88' lang='lat' dir='ltr'>virtutum</span> <span class='ocrx_word' id='word_1_330' title='bbox 627 1606 790 1636; x_wconf 86' lang='lat' dir='ltr'>necessarios</span> <span class='ocrx_word' id='word_1_331' title='bbox 804 1605 1006 1646; x_wconf 88' lang='lat' dir='ltr'>computando.</span> 
     </span>
    </p>

    <p class='ocr_par' dir='ltr' id='par_1_14' title="bbox 129 1643 1189 1952">
     <span class='ocr_line' id='line_1_41' title="bbox 169 1643 1187 1685; baseline -0.002 -8"><span class='ocrx_word' id='word_1_332' title='bbox 169 1646 323 1685; x_wconf 87' lang='lat' dir='ltr'>Denique,</span> <span class='ocrx_word' id='word_1_333' title='bbox 348 1646 470 1677; x_wconf 88' lang='lat' dir='ltr'>videntes</span> <span class='ocrx_word' id='word_1_334' title='bbox 484 1668 493 1683; x_wconf 84' lang='lat'>‚</span> <span class='ocrx_word' id='word_1_335' title='bbox 517 1646 579 1676; x_wconf 88' lang='lat' dir='ltr'>haec</span> <span class='ocrx_word' id='word_1_336' title='bbox 600 1645 682 1675; x_wconf 82' lang='lat' dir='ltr'>nobis</span> <span class='ocrx_word' id='word_1_337' title='bbox 703 1654 763 1675; x_wconf 90' lang='lat' dir='ltr'>non</span> <span class='ocrx_word' id='word_1_338' title='bbox 784 1645 973 1675; x_wconf 85' lang='lat' dir='ltr'>habundanter</span> <span class='ocrx_word' id='word_1_339' title='bbox 995 1643 1097 1682; x_wconf 81' lang='lat' dir='ltr'>adesse,</span> <span class='ocrx_word' id='word_1_340' title='bbox 1119 1645 1187 1683; x_wconf 81' lang='lat' dir='ltr'>quin</span> 
     </span>
     <span class='ocr_line' id='line_1_42' title="bbox 132 1682 1188 1722; baseline -0.001 -7"><span class='ocrx_word' id='word_1_341' title='bbox 132 1685 226 1722; x_wconf 83' lang='lat' dir='ltr'>potius</span> <span class='ocrx_word' id='word_1_342' title='bbox 247 1685 417 1715; x_wconf 86' lang='lat' dir='ltr'>advertentes</span> <span class='ocrx_word' id='word_1_343' title='bbox 437 1683 513 1722; x_wconf 92' lang='lat' dir='ltr'>quod</span> <span class='ocrx_word' id='word_1_344' title='bbox 533 1683 623 1713; x_wconf 86' lang='lat' dir='ltr'>nichil</span> <span class='ocrx_word' id='word_1_345' title='bbox 642 1682 724 1713; x_wconf 91' lang='lat' dir='ltr'>nobis</span> <span class='ocrx_word' id='word_1_346' title='bbox 747 1682 782 1713; x_wconf 88' lang='lat' dir='ltr'>de</span> <span class='ocrx_word' id='word_1_347' title='bbox 803 1683 901 1713; x_wconf 83' lang='lat' dir='ltr'>nostris</span> <span class='ocrx_word' id='word_1_348' title='bbox 921 1684 1025 1714; x_wconf 90' lang='lat' dir='ltr'>meritis</span> <span class='ocrx_word' id='word_1_349' title='bbox 1049 1683 1188 1714; x_wconf 84' lang='lat' dir='ltr'>revelabat</span> 
     </span>
     <span class='ocr_line' id='line_1_43' title="bbox 131 1721 1187 1762; baseline 0 -10"><span class='ocrx_word' id='word_1_350' title='bbox 131 1724 254 1762; x_wconf 84' lang='lat' dir='ltr'>propriae</span> <span class='ocrx_word' id='word_1_351' title='bbox 267 1722 494 1753; x_wconf 87' lang='lat' dir='ltr'>considerationis</span> <span class='ocrx_word' id='word_1_352' title='bbox 506 1722 625 1752; x_wconf 88' lang='lat' dir='ltr'>attentio</span> <span class='ocrx_word' id='word_1_353' title='bbox 634 1744 643 1759; x_wconf 93' lang='lat'>,</span> <span class='ocrx_word' id='word_1_354' title='bbox 651 1721 725 1751; x_wconf 92' lang='lat' dir='ltr'>unde</span> <span class='ocrx_word' id='word_1_355' title='bbox 739 1721 871 1751; x_wconf 90' lang='lat' dir='ltr'>constitui</span> <span class='ocrx_word' id='word_1_356' title='bbox 885 1732 1054 1753; x_wconf 86' lang='lat' dir='ltr'>mereremur</span> <span class='ocrx_word' id='word_1_357' title='bbox 1068 1723 1095 1751; x_wconf 90' lang='lat' dir='ltr'>in</span> <span class='ocrx_word' id='word_1_358' title='bbox 1103 1731 1187 1752; x_wconf 89' lang='lat' dir='ltr'>mun-</span> 
     </span>
     <span class='ocr_line' id='line_1_44' title="bbox 131 1760 1189 1799; baseline 0 -9"><span class='ocrx_word' id='word_1_359' title='bbox 131 1761 161 1791; x_wconf 90' lang='lat' dir='ltr'>di</span> <span class='ocrx_word' id='word_1_360' title='bbox 182 1762 286 1791; x_wconf 87' lang='lat' dir='ltr'>vertice</span> <span class='ocrx_word' id='word_1_361' title='bbox 309 1761 389 1798; x_wconf 85' lang='lat' dir='ltr'>super</span> <span class='ocrx_word' id='word_1_362' title='bbox 409 1768 503 1799; x_wconf 86' lang='lat' dir='ltr'>gentes</span> <span class='ocrx_word' id='word_1_363' title='bbox 514 1760 548 1791; x_wconf 67' lang='grc' dir='ltr'>ὅ(</span> <span class='ocrx_word' id='word_1_364' title='bbox 561 1769 644 1799; x_wconf 85' lang='lat' dir='ltr'>regna</span> <span class='ocrx_word' id='word_1_365' title='bbox 658 1783 668 1798; x_wconf 87' lang='lat'>,</span> <span class='ocrx_word' id='word_1_366' title='bbox 687 1760 720 1790; x_wconf 92' lang='lat'>&amp;</span> <span class='ocrx_word' id='word_1_367' title='bbox 735 1760 917 1790; x_wconf 84' lang='lat' dir='ltr'>universalem</span> <span class='ocrx_word' id='word_1_368' title='bbox 930 1762 959 1790; x_wconf 92' lang='lat' dir='ltr'>in</span> <span class='ocrx_word' id='word_1_369' title='bbox 972 1761 1042 1790; x_wconf 85' lang='lat' dir='ltr'>orbe</span> <span class='ocrx_word' id='word_1_370' title='bbox 1056 1768 1189 1790; x_wconf 88' lang='lat' dir='ltr'>terrarum</span> 
     </span>
     <span class='ocr_line' id='line_1_45' title="bbox 132 1797 1188 1838; baseline -0.001 -9"><span class='ocrx_word' id='word_1_371' title='bbox 132 1798 268 1829; x_wconf 87' lang='lat' dir='ltr'>evellendi</span> <span class='ocrx_word' id='word_1_372' title='bbox 279 1806 363 1837; x_wconf 85' lang='lat' dir='ltr'>atque</span> <span class='ocrx_word' id='word_1_373' title='bbox 375 1797 514 1838; x_wconf 87' lang='lat' dir='ltr'>plantandi</span> <span class='ocrx_word' id='word_1_374' title='bbox 527 1799 654 1836; x_wconf 87' lang='lat' dir='ltr'>accipere</span> <span class='ocrx_word' id='word_1_375' title='bbox 672 1797 837 1836; x_wconf 88' lang='lat' dir='ltr'>potestatem</span> <span class='ocrx_word' id='word_1_376' title='bbox 847 1821 856 1836; x_wconf 92' lang='lat'>,</span> <span class='ocrx_word' id='word_1_377' title='bbox 874 1800 902 1828; x_wconf 90' lang='lat' dir='ltr'>in</span> <span class='ocrx_word' id='word_1_378' title='bbox 917 1799 1026 1838; x_wconf 88' lang='lat' dir='ltr'>spiritu,</span> <span class='ocrx_word' id='word_1_379' title='bbox 1043 1808 1103 1828; x_wconf 91' lang='lat' dir='ltr'>non</span> <span class='ocrx_word' id='word_1_380' title='bbox 1117 1809 1188 1828; x_wconf 86' lang='lat' dir='ltr'>con-</span> 
     </span>
     <span class='ocr_line' id='line_1_46' title="bbox 130 1836 1189 1876; baseline -0.001 -8"><span class='ocrx_word' id='word_1_381' title='bbox 130 1839 262 1868; x_wconf 84' lang='lat' dir='ltr'>tumaciae</span> <span class='ocrx_word' id='word_1_382' title='bbox 282 1838 328 1868; x_wconf 88' lang='lat' dir='ltr'>vel</span> <span class='ocrx_word' id='word_1_383' title='bbox 350 1844 526 1876; x_wconf 88' lang='lat' dir='ltr'>contemptus</span> <span class='ocrx_word' id='word_1_384' title='bbox 542 1860 552 1875; x_wconf 95' lang='lat'>,</span> <span class='ocrx_word' id='word_1_385' title='bbox 568 1836 614 1866; x_wconf 91' lang='lat' dir='ltr'>sed</span> <span class='ocrx_word' id='word_1_386' title='bbox 633 1837 740 1866; x_wconf 88' lang='lat' dir='ltr'>timoris</span> <span class='ocrx_word' id='word_1_387' title='bbox 752 1858 762 1874; x_wconf 89' lang='lat'>,</span> <span class='ocrx_word' id='word_1_388' title='bbox 782 1836 817 1866; x_wconf 90' lang='lat' dir='ltr'>de</span> <span class='ocrx_word' id='word_1_389' title='bbox 837 1836 1000 1868; x_wconf 82' lang='lat' dir='ltr'>nostrorum</span> <span class='ocrx_word' id='word_1_390' title='bbox 1026 1836 1189 1867; x_wconf 68' lang='lat' dir='ltr'>defeetuum</span> 
     </span>
     <span class='ocr_line' id='line_1_47' title="bbox 130 1873 1187 1915; baseline -0.001 -9"><span class='ocrx_word' id='word_1_391' title='bbox 130 1875 300 1906; x_wconf 88' lang='lat' dir='ltr'>conscientia</span> <span class='ocrx_word' id='word_1_392' title='bbox 320 1875 495 1915; x_wconf 83' lang='lat' dir='ltr'>procedentis</span> <span class='ocrx_word' id='word_1_393' title='bbox 509 1897 519 1913; x_wconf 89' lang='lat'>,</span> <span class='ocrx_word' id='word_1_394' title='bbox 543 1885 604 1905; x_wconf 87' lang='lat' dir='ltr'>non</span> <span class='ocrx_word' id='word_1_395' title='bbox 622 1873 757 1914; x_wconf 88' lang='lat' dir='ltr'>sequenda</span> <span class='ocrx_word' id='word_1_396' title='bbox 774 1874 961 1912; x_wconf 82' lang='lat' dir='ltr'>judicavimus</span> <span class='ocrx_word' id='word_1_397' title='bbox 975 1883 1042 1906; x_wconf 81' lang='lat' dir='ltr'>vota</span> <span class='ocrx_word' id='word_1_398' title='bbox 1055 1875 1187 1914; x_wconf 79' lang='lat' dir='ltr'>fratrum,</span> 
     </span>
     <span class='ocr_line' id='line_1_48' title="bbox 129 1914 990 1952; baseline -0.001 -8"><span class='ocrx_word' id='word_1_399' title='bbox 129 1914 178 1946; x_wconf 87' lang='lat' dir='ltr'>sed</span> <span class='ocrx_word' id='word_1_400' title='bbox 191 1924 288 1944; x_wconf 86' lang='lat' dir='ltr'>manus</span> <span class='ocrx_word' id='word_1_401' title='bbox 301 1915 336 1944; x_wconf 89' lang='lat' dir='ltr'>ab</span> <span class='ocrx_word' id='word_1_402' title='bbox 351 1924 453 1952; x_wconf 88' lang='lat' dir='ltr'>opere,</span> <span class='ocrx_word' id='word_1_403' title='bbox 467 1924 499 1944; x_wconf 89' lang='lat' dir='ltr'>ac</span> <span class='ocrx_word' id='word_1_404' title='bbox 513 1914 644 1943; x_wconf 81' lang='lat' dir='ltr'>humeros</span> <span class='ocrx_word' id='word_1_405' title='bbox 656 1914 691 1943; x_wconf 88' lang='lat' dir='ltr'>ab</span> <span class='ocrx_word' id='word_1_406' title='bbox 707 1923 794 1943; x_wconf 88' lang='lat' dir='ltr'>onere</span> <span class='ocrx_word' id='word_1_407' title='bbox 807 1914 990 1945; x_wconf 79' lang='lat' dir='ltr'>cohibendos.</span> 
     </span>
    </p>

    <p class='ocr_par' dir='ltr' id='par_1_15' title="bbox 128 1951 1189 2107">
     <span class='ocr_line' id='line_1_49' title="bbox 168 1951 1186 1991; baseline -0.002 -8"><span class='ocrx_word' id='word_1_408' title='bbox 168 1951 363 1983; x_wconf 79' lang='lat' dir='ltr'>Confideratio</span> <span class='ocrx_word' id='word_1_409' title='bbox 376 1953 452 1982; x_wconf 92' lang='lat' dir='ltr'>enim</span> <span class='ocrx_word' id='word_1_410' title='bbox 485 1951 564 1982; x_wconf 89' lang='lat' dir='ltr'>radus</span> <span class='ocrx_word' id='word_1_411' title='bbox 579 1951 652 1982; x_wconf 87' lang='lat' dir='ltr'>casus</span> <span class='ocrx_word' id='word_1_412' title='bbox 666 1952 749 1982; x_wconf 84' lang='lat' dir='ltr'>nobis</span> <span class='ocrx_word' id='word_1_413' title='bbox 764 1952 946 1982; x_wconf 79' lang='lat' dir='ltr'>formidinem</span> <span class='ocrx_word' id='word_1_414' title='bbox 959 1952 1186 1991; x_wconf 72' lang='lat' dir='ltr'>ingerebat3quia</span> 
     </span>
     <span class='ocr_line' id='line_1_50' title="bbox 129 1989 1185 2029; baseline -0.003 -7"><span class='ocrx_word' id='word_1_415' title='bbox 129 1991 165 2022; x_wconf 93' lang='lat' dir='ltr'>de</span> <span class='ocrx_word' id='word_1_416' title='bbox 182 1999 240 2022; x_wconf 85' lang='lat' dir='ltr'>tam</span> <span class='ocrx_word' id='word_1_417' title='bbox 256 1991 312 2021; x_wconf 89' lang='lat' dir='ltr'>alto</span> <span class='ocrx_word' id='word_1_418' title='bbox 324 1991 448 2021; x_wconf 87' lang='lat' dir='ltr'>culmine</span> <span class='ocrx_word' id='word_1_419' title='bbox 481 1991 615 2028; x_wconf 87' lang='lat' dir='ltr'>ignitatis,</span> <span class='ocrx_word' id='word_1_420' title='bbox 634 1990 767 2028; x_wconf 84' lang='lat' dir='ltr'>terribili,</span> <span class='ocrx_word' id='word_1_421' title='bbox 784 1989 932 2029; x_wconf 86' lang='lat' dir='ltr'>videlicet,</span> <span class='ocrx_word' id='word_1_422' title='bbox 951 1991 1017 2020; x_wconf 90' lang='lat' dir='ltr'>loco</span> <span class='ocrx_word' id='word_1_423' title='bbox 1030 1990 1185 2027; x_wconf 82' lang='lat' dir='ltr'>Apostolo-</span> 
     </span>
     <span class='ocr_line' id='line_1_51' title="bbox 130 2028 1189 2069; baseline -0.001 -10"><span class='ocrx_word' id='word_1_424' title='bbox 130 2039 195 2060; x_wconf 88' lang='lat' dir='ltr'>rum</span> <span class='ocrx_word' id='word_1_425' title='bbox 216 2029 368 2069; x_wconf 79' lang='lat' dir='ltr'>Principis‚</span> <span class='ocrx_word' id='word_1_426' title='bbox 390 2028 514 2068; x_wconf 89' lang='lat' dir='ltr'>quisnam</span> <span class='ocrx_word' id='word_1_427' title='bbox 534 2029 641 2064; x_wconf 87' lang='lat' dir='ltr'>animus</span> <span class='ocrx_word' id='word_1_428' title='bbox 657 2051 666 2067; x_wconf 92' lang='lat'>,</span> <span class='ocrx_word' id='word_1_429' title='bbox 688 2029 891 2067; x_wconf 87' lang='lat' dir='ltr'>quantumlibet</span> <span class='ocrx_word' id='word_1_430' title='bbox 907 2038 1024 2068; x_wconf 88' lang='lat' dir='ltr'>magnus</span> <span class='ocrx_word' id='word_1_431' title='bbox 1039 2051 1049 2067; x_wconf 86' lang='lat'>,</span> <span class='ocrx_word' id='word_1_432' title='bbox 1068 2028 1189 2068; x_wconf 55' lang='lat' dir='ltr'>inspecta</span> 
     </span>
     <span class='ocr_line' id='line_1_52' title="bbox 128 2066 809 2107; baseline -0.003 -9"><span class='ocrx_word' id='word_1_433' title='bbox 128 2069 245 2107; x_wconf 81' lang='lat' dir='ltr'>jacentis</span> <span class='ocrx_word' id='word_1_434' title='bbox 258 2068 388 2098; x_wconf 87' lang='lat' dir='ltr'>deorsum</span> <span class='ocrx_word' id='word_1_435' title='bbox 402 2067 489 2107; x_wconf 86' lang='lat' dir='ltr'>abyffi</span> <span class='ocrx_word' id='word_1_436' title='bbox 504 2068 591 2105; x_wconf 83' lang='lat' dir='ltr'>facie,</span> <span class='ocrx_word' id='word_1_437' title='bbox 608 2077 668 2097; x_wconf 90' lang='lat' dir='ltr'>non</span> <span class='ocrx_word' id='word_1_438' title='bbox 681 2066 809 2106; x_wconf 82' lang='lat' dir='ltr'>paveret?</span> 
     </span>
    </p>

    <p class='ocr_par' dir='ltr' id='par_1_16' title="bbox 126 2104 1188 2298">
     <span class='ocr_line' id='line_1_53' title="bbox 169 2104 1188 2145; baseline -0.001 -9"><span class='ocrx_word' id='word_1_439' title='bbox 169 2108 243 2145; x_wconf 83' lang='lat' dir='ltr'>Qis</span> <span class='ocrx_word' id='word_1_440' title='bbox 257 2116 360 2144; x_wconf 88' lang='lat' dir='ltr'>nempe</span> <span class='ocrx_word' id='word_1_441' title='bbox 369 2107 468 2145; x_wconf 82' lang='lat' dir='ltr'>jugum</span> <span class='ocrx_word' id='word_1_442' title='bbox 480 2106 599 2143; x_wconf 83' lang='lat' dir='ltr'>publicae</span> <span class='ocrx_word' id='word_1_443' title='bbox 611 2105 745 2135; x_wconf 87' lang='lat' dir='ltr'>servitutis</span> <span class='ocrx_word' id='word_1_444' title='bbox 755 2128 765 2144; x_wconf 89' lang='lat'>,</span> <span class='ocrx_word' id='word_1_445' title='bbox 782 2104 832 2135; x_wconf 89' lang='lat' dir='ltr'>sub</span> <span class='ocrx_word' id='word_1_446' title='bbox 843 2115 901 2144; x_wconf 89' lang='lat' dir='ltr'>quo</span> <span class='ocrx_word' id='word_1_447' title='bbox 916 2107 1031 2143; x_wconf 87' lang='lat' dir='ltr'>probata</span> <span class='ocrx_word' id='word_1_448' title='bbox 1044 2105 1188 2144; x_wconf 79' lang='lat' dir='ltr'>gigantum</span> 
     </span>
     <span class='ocr_line' id='line_1_54' title="bbox 131 2144 1187 2184; baseline -0.002 -9"><span class='ocrx_word' id='word_1_449' title='bbox 131 2146 217 2175; x_wconf 87' lang='lat' dir='ltr'>virtus</span> <span class='ocrx_word' id='word_1_450' title='bbox 231 2167 240 2184; x_wconf 88' lang='lat'>,</span> <span class='ocrx_word' id='word_1_451' title='bbox 265 2145 298 2175; x_wconf 89' lang='lat'>&amp;</span> <span class='ocrx_word' id='word_1_452' title='bbox 321 2144 457 2174; x_wconf 90' lang='lat' dir='ltr'>fortitudo</span> <span class='ocrx_word' id='word_1_453' title='bbox 479 2145 605 2175; x_wconf 83' lang='lat' dir='ltr'>virorum</span> <span class='ocrx_word' id='word_1_454' title='bbox 620 2166 629 2181; x_wconf 85' lang='lat'>,</span> <span class='ocrx_word' id='word_1_455' title='bbox 652 2153 668 2173; x_wconf 92' lang='lat' dir='ltr'>a</span> <span class='ocrx_word' id='word_1_456' title='bbox 681 2144 775 2174; x_wconf 90' lang='lat' dir='ltr'>seculo</span> <span class='ocrx_word' id='word_1_457' title='bbox 789 2144 977 2183; x_wconf 82' lang='lat' dir='ltr'>laudatorum,</span> <span class='ocrx_word' id='word_1_458' title='bbox 992 2145 1124 2175; x_wconf 56' lang='lat' dir='ltr'>hasterius</span> <span class='ocrx_word' id='word_1_459' title='bbox 1138 2152 1187 2182; x_wconf 86' lang='lat' dir='ltr'>ge-</span> 
     </span>
     <span class='ocr_line' id='line_1_55' title="bbox 127 2181 1187 2222; baseline -0.003 -9"><span class='ocrx_word' id='word_1_460' title='bbox 127 2185 217 2222; x_wconf 87' lang='lat' dir='ltr'>muit,</span> <span class='ocrx_word' id='word_1_461' title='bbox 236 2183 332 2213; x_wconf 81' lang='lat' dir='ltr'>audeat</span> <span class='ocrx_word' id='word_1_462' title='bbox 345 2183 460 2213; x_wconf 86' lang='lat' dir='ltr'>scienter</span> <span class='ocrx_word' id='word_1_463' title='bbox 475 2183 508 2212; x_wconf 88' lang='lat'>&amp;</span> <span class='ocrx_word' id='word_1_464' title='bbox 523 2181 672 2222; x_wconf 86' lang='lat' dir='ltr'>prudenter</span> <span class='ocrx_word' id='word_1_465' title='bbox 687 2190 831 2221; x_wconf 88' lang='lat' dir='ltr'>appetere,</span> <span class='ocrx_word' id='word_1_466' title='bbox 849 2182 926 2219; x_wconf 91' lang='lat' dir='ltr'>quod</span> <span class='ocrx_word' id='word_1_467' title='bbox 940 2184 1063 2221; x_wconf 84' lang='lat' dir='ltr'>spiritum</span> <span class='ocrx_word' id='word_1_468' title='bbox 1086 2192 1187 2212; x_wconf 64' lang='lat' dir='ltr'>maero-</span> 
     </span>
     <span class='ocr_line' id='line_1_56' title="bbox 126 2220 1187 2260; baseline -0.002 -8"><span class='ocrx_word' id='word_1_469' title='bbox 126 2223 201 2252; x_wconf 83' lang='lat' dir='ltr'>ribus</span> <span class='ocrx_word' id='word_1_470' title='bbox 215 2230 344 2259; x_wconf 84' lang='lat' dir='ltr'>torquet,</span> <span class='ocrx_word' id='word_1_471' title='bbox 359 2228 485 2251; x_wconf 86' lang='lat' dir='ltr'>mentem</span> <span class='ocrx_word' id='word_1_472' title='bbox 498 2220 629 2251; x_wconf 88' lang='lat' dir='ltr'>eviscerat</span> <span class='ocrx_word' id='word_1_473' title='bbox 641 2243 651 2259; x_wconf 84' lang='lat'>,</span> <span class='ocrx_word' id='word_1_474' title='bbox 668 2220 725 2250; x_wconf 85' lang='lat' dir='ltr'>dies</span> <span class='ocrx_word' id='word_1_475' title='bbox 747 2221 883 2251; x_wconf 86' lang='lat' dir='ltr'>laboribus</span> <span class='ocrx_word' id='word_1_476' title='bbox 897 2222 1024 2260; x_wconf 79' lang='lat' dir='ltr'>obsidet,</span> <span class='ocrx_word' id='word_1_477' title='bbox 1040 2222 1074 2251; x_wconf 62' lang='grc' dir='ltr'>ὃς</span> <span class='ocrx_word' id='word_1_478' title='bbox 1089 2221 1187 2251; x_wconf 58' lang='lat' dir='ltr'>nostes</span> 
     </span>
     <span class='ocr_line' id='line_1_57' title="bbox 127 2259 450 2298; baseline -0.003 -8"><span class='ocrx_word' id='word_1_479' title='bbox 127 2260 260 2298; x_wconf 81' lang='lat' dir='ltr'>producit</span> <span class='ocrx_word' id='word_1_480' title='bbox 271 2259 450 2297; x_wconf 86' lang='lat' dir='ltr'>insompnes?</span> 
     </span>
    </p>

    <p class='ocr_par' dir='ltr' id='par_1_17' title="bbox 125 2297 1188 2452">
     <span class='ocr_line' id='line_1_58' title="bbox 164 2297 1186 2338; baseline -0.001 -9"><span class='ocrx_word' id='word_1_481' title='bbox 164 2298 194 2328; x_wconf 93' lang='lat' dir='ltr'>O</span> <span class='ocrx_word' id='word_1_482' title='bbox 217 2309 304 2338; x_wconf 87' lang='lat' dir='ltr'>quam</span> <span class='ocrx_word' id='word_1_483' title='bbox 325 2298 382 2328; x_wconf 86' lang='lat' dir='ltr'>sani</span> <span class='ocrx_word' id='word_1_484' title='bbox 403 2297 508 2328; x_wconf 85' lang='lat' dir='ltr'>consilii</span> <span class='ocrx_word' id='word_1_485' title='bbox 520 2320 529 2335; x_wconf 92' lang='lat'>,</span> <span class='ocrx_word' id='word_1_486' title='bbox 548 2297 581 2328; x_wconf 88' lang='lat'>&amp;</span> <span class='ocrx_word' id='word_1_487' title='bbox 596 2306 680 2335; x_wconf 88' lang='lat' dir='ltr'>quam</span> <span class='ocrx_word' id='word_1_488' title='bbox 693 2297 830 2328; x_wconf 84' lang='lat' dir='ltr'>consultae</span> <span class='ocrx_word' id='word_1_489' title='bbox 845 2297 1049 2328; x_wconf 84' lang='lat' dir='ltr'>deliberationis</span> <span class='ocrx_word' id='word_1_490' title='bbox 1064 2297 1164 2328; x_wconf 66' lang='lat' dir='ltr'>eleetio</span> <span class='ocrx_word' id='word_1_491' title='bbox 1176 2321 1186 2336; x_wconf 89' lang='lat'>,</span> 
     </span>
     <span class='ocr_line' id='line_1_59' title="bbox 125 2335 1188 2375; baseline 0.001 -9"><span class='ocrx_word' id='word_1_492' title='bbox 125 2337 268 2375; x_wconf 59' lang='lat' dir='ltr'>abjedtum</span> <span class='ocrx_word' id='word_1_493' title='bbox 278 2336 334 2366; x_wconf 83' lang='lat' dir='ltr'>effe</span> <span class='ocrx_word' id='word_1_494' title='bbox 347 2337 376 2366; x_wconf 90' lang='lat' dir='ltr'>in</span> <span class='ocrx_word' id='word_1_495' title='bbox 390 2335 494 2366; x_wconf 92' lang='lat' dir='ltr'>Domo</span> <span class='ocrx_word' id='word_1_496' title='bbox 507 2336 584 2374; x_wconf 90' lang='lat' dir='ltr'>Dei,</span> <span class='ocrx_word' id='word_1_497' title='bbox 604 2337 690 2373; x_wconf 76' lang='lat' dir='ltr'>magis</span> <span class='ocrx_word' id='word_1_498' title='bbox 721 2346 785 2366; x_wconf 86' lang='lat' dir='ltr'>uam</span> <span class='ocrx_word' id='word_1_499' title='bbox 798 2336 855 2366; x_wconf 90' lang='lat' dir='ltr'>loci</span> <span class='ocrx_word' id='word_1_500' title='bbox 870 2338 1061 2367; x_wconf 89' lang='lat' dir='ltr'>eminentioris</span> <span class='ocrx_word' id='word_1_501' title='bbox 1081 2336 1188 2367; x_wconf 80' lang='lat' dir='ltr'>celsitu-</span> 
     </span>
     <span class='ocr_line' id='line_1_60' title="bbox 125 2373 1186 2413; baseline -0.001 -8"><span class='ocrx_word' id='word_1_502' title='bbox 125 2376 193 2406; x_wconf 86' lang='lat' dir='ltr'>dine</span> <span class='ocrx_word' id='word_1_503' title='bbox 210 2375 395 2413; x_wconf 81' lang='lat' dir='ltr'>praeminerel</span> <span class='ocrx_word' id='word_1_504' title='bbox 421 2374 454 2405; x_wconf 87' lang='lat' dir='ltr'>In</span> <span class='ocrx_word' id='word_1_505' title='bbox 477 2375 614 2405; x_wconf 90' lang='lat' dir='ltr'>convivio</span> <span class='ocrx_word' id='word_1_506' title='bbox 633 2374 717 2404; x_wconf 81' lang='lat' dir='ltr'>Chris</span> <span class='ocrx_word' id='word_1_507' title='bbox 732 2376 740 2403; x_wconf 89' lang='lat' dir='ltr'>i</span> <span class='ocrx_word' id='word_1_508' title='bbox 758 2375 854 2404; x_wconf 89' lang='lat' dir='ltr'>locum</span> <span class='ocrx_word' id='word_1_509' title='bbox 873 2383 967 2405; x_wconf 88' lang='lat' dir='ltr'>tenere</span> <span class='ocrx_word' id='word_1_510' title='bbox 986 2373 1186 2413; x_wconf 85' lang='lat' dir='ltr'>novissimum,</span> 
     </span>
     <span class='ocr_line' id='line_1_61' title="bbox 125 2412 918 2452; baseline -0.003 -8"><span class='ocrx_word' id='word_1_511' title='bbox 125 2423 195 2444; x_wconf 91' lang='lat' dir='ltr'>cum</span> <span class='ocrx_word' id='word_1_512' title='bbox 210 2423 314 2452; x_wconf 70' lang='lat' dir='ltr'>pacatae</span> <span class='ocrx_word' id='word_1_513' title='bbox 329 2414 426 2451; x_wconf 85' lang='lat' dir='ltr'>quietis</span> <span class='ocrx_word' id='word_1_514' title='bbox 438 2413 597 2452; x_wconf 86' lang='lat' dir='ltr'>dispendio,</span> <span class='ocrx_word' id='word_1_515' title='bbox 613 2412 733 2448; x_wconf 85' lang='lat' dir='ltr'>superius</span> <span class='ocrx_word' id='word_1_516' title='bbox 747 2414 918 2450; x_wconf 83' lang='lat' dir='ltr'>promoveri!</span> 
     </span>
    </p>

    <p class='ocr_par' dir='ltr' id='par_1_18' title="bbox 123 2450 1187 2722">
     <span class='ocr_line' id='line_1_62' title="bbox 162 2450 1186 2489; baseline 0 -8"><span class='ocrx_word' id='word_1_517' title='bbox 162 2451 271 2482; x_wconf 86' lang='lat' dir='ltr'>Deficit</span> <span class='ocrx_word' id='word_1_518' title='bbox 290 2453 425 2481; x_wconf 89' lang='lat' dir='ltr'>nimirum</span> <span class='ocrx_word' id='word_1_519' title='bbox 443 2451 549 2487; x_wconf 85' lang='lat' dir='ltr'>spiritus</span> <span class='ocrx_word' id='word_1_520' title='bbox 569 2450 803 2480; x_wconf 75' lang='lat' dir='ltr'>considerantibus</span> <span class='ocrx_word' id='word_1_521' title='bbox 822 2451 902 2481; x_wconf 90' lang='lat' dir='ltr'>nobis</span> <span class='ocrx_word' id='word_1_522' title='bbox 925 2451 1066 2488; x_wconf 88' lang='lat' dir='ltr'>undique,</span> <span class='ocrx_word' id='word_1_523' title='bbox 1084 2458 1186 2489; x_wconf 88' lang='lat' dir='ltr'>quanta</span> 
     </span>
     <span class='ocr_line' id='line_1_63' title="bbox 124 2488 1187 2528; baseline 0 -9"><span class='ocrx_word' id='word_1_524' title='bbox 124 2499 202 2520; x_wconf 86' lang='lat' dir='ltr'>nunc</span> <span class='ocrx_word' id='word_1_525' title='bbox 221 2499 285 2528; x_wconf 87' lang='lat' dir='ltr'>ager</span> <span class='ocrx_word' id='word_1_526' title='bbox 297 2489 397 2519; x_wconf 89' lang='lat' dir='ltr'>mundi</span> <span class='ocrx_word' id='word_1_527' title='bbox 409 2489 488 2527; x_wconf 81' lang='lat' dir='ltr'>hujus</span> <span class='ocrx_word' id='word_1_528' title='bbox 500 2489 640 2519; x_wconf 90' lang='lat' dir='ltr'>malorum</span> <span class='ocrx_word' id='word_1_529' title='bbox 653 2488 783 2519; x_wconf 86' lang='lat' dir='ltr'>densitate</span> <span class='ocrx_word' id='word_1_530' title='bbox 800 2488 912 2519; x_wconf 89' lang='lat' dir='ltr'>silvescit</span> <span class='ocrx_word' id='word_1_531' title='bbox 925 2511 936 2527; x_wconf 93' lang='lat'>,</span> <span class='ocrx_word' id='word_1_532' title='bbox 955 2490 988 2520; x_wconf 90' lang='lat'>&amp;</span> <span class='ocrx_word' id='word_1_533' title='bbox 1002 2490 1078 2526; x_wconf 89' lang='lat' dir='ltr'>spem</span> <span class='ocrx_word' id='word_1_534' title='bbox 1094 2489 1129 2519; x_wconf 91' lang='lat' dir='ltr'>de</span> <span class='ocrx_word' id='word_1_535' title='bbox 1143 2490 1187 2520; x_wconf 89' lang='lat' dir='ltr'>vi-</span> 
     </span>
     <span class='ocr_line' id='line_1_64' title="bbox 124 2526 1186 2570; baseline 0 -13"><span class='ocrx_word' id='word_1_536' title='bbox 124 2528 201 2558; x_wconf 85' lang='lat' dir='ltr'>ribus</span> <span class='ocrx_word' id='word_1_537' title='bbox 219 2531 293 2558; x_wconf 86' lang='lat' dir='ltr'>circa</span> <span class='ocrx_word' id='word_1_538' title='bbox 308 2529 364 2557; x_wconf 80' lang='lat' dir='ltr'>e&#39;us</span> <span class='ocrx_word' id='word_1_539' title='bbox 383 2528 492 2557; x_wconf 88' lang='lat' dir='ltr'>cultum</span> <span class='ocrx_word' id='word_1_540' title='bbox 506 2528 524 2557; x_wconf 94' lang='lat' dir='ltr'>d</span> <span class='ocrx_word' id='word_1_541' title='bbox 536 2526 653 2556; x_wconf 85' lang='lat' dir='ltr'>fficultas</span> <span class='ocrx_word' id='word_1_542' title='bbox 676 2528 765 2564; x_wconf 90' lang='lat' dir='ltr'>operis</span> <span class='ocrx_word' id='word_1_543' title='bbox 779 2528 825 2557; x_wconf 82' lang='lat' dir='ltr'>vix</span> <span class='ocrx_word' id='word_1_544' title='bbox 840 2527 983 2566; x_wconf 73' lang='lat' dir='ltr'>relinquit3</span> <span class='ocrx_word' id='word_1_545' title='bbox 1001 2537 1124 2570; x_wconf 88' lang='lat' dir='ltr'>cumque</span> <span class='ocrx_word' id='word_1_546' title='bbox 1141 2529 1186 2557; x_wconf 84' lang='lat' dir='ltr'>in-</span> 
     </span>
     <span class='ocr_line' id='line_1_65' title="bbox 123 2564 1187 2605; baseline 0 -9"><span class='ocrx_word' id='word_1_547' title='bbox 123 2566 263 2596; x_wconf 86' lang='lat' dir='ltr'>valescens</span> <span class='ocrx_word' id='word_1_548' title='bbox 276 2575 304 2595; x_wconf 90' lang='lat' dir='ltr'>m</span> <span class='ocrx_word' id='word_1_549' title='bbox 333 2567 428 2605; x_wconf 84' lang='lat' dir='ltr'>ignitas</span> <span class='ocrx_word' id='word_1_550' title='bbox 442 2565 629 2595; x_wconf 77' lang='lat' dir='ltr'>dissidentium</span> <span class='ocrx_word' id='word_1_551' title='bbox 655 2565 741 2596; x_wconf 88' lang='lat' dir='ltr'>corda</span> <span class='ocrx_word' id='word_1_552' title='bbox 756 2565 929 2603; x_wconf 85' lang='lat' dir='ltr'>populorum</span> <span class='ocrx_word' id='word_1_553' title='bbox 942 2564 1048 2595; x_wconf 88' lang='lat' dir='ltr'>durasse</span> <span class='ocrx_word' id='word_1_554' title='bbox 1060 2566 1187 2596; x_wconf 78' lang='lat' dir='ltr'>Videatur</span> 
     </span>
     <span class='ocr_line' id='line_1_66' title="bbox 125 2603 1186 2645; baseline -0.001 -10"><span class='ocrx_word' id='word_1_555' title='bbox 125 2606 155 2635; x_wconf 89' lang='lat' dir='ltr'>in</span> <span class='ocrx_word' id='word_1_556' title='bbox 175 2604 276 2645; x_wconf 81' lang='lat' dir='ltr'>lapides</span> <span class='ocrx_word' id='word_1_557' title='bbox 289 2627 298 2642; x_wconf 97' lang='lat'>,</span> <span class='ocrx_word' id='word_1_558' title='bbox 323 2605 359 2634; x_wconf 84' lang='lat' dir='ltr'>ita</span> <span class='ocrx_word' id='word_1_559' title='bbox 379 2612 410 2633; x_wconf 91' lang='lat' dir='ltr'>ut</span> <span class='ocrx_word' id='word_1_560' title='bbox 429 2613 544 2634; x_wconf 78' lang='lat' dir='ltr'>manum</span> <span class='ocrx_word' id='word_1_561' title='bbox 564 2603 687 2633; x_wconf 90' lang='lat' dir='ltr'>Domini</span> <span class='ocrx_word' id='word_1_562' title='bbox 709 2604 791 2640; x_wconf 89' lang='lat' dir='ltr'>pauci</span> <span class='ocrx_word' id='word_1_563' title='bbox 807 2603 924 2634; x_wconf 88' lang='lat' dir='ltr'>sentiant</span> <span class='ocrx_word' id='word_1_564' title='bbox 945 2604 974 2633; x_wconf 92' lang='lat' dir='ltr'>in</span> <span class='ocrx_word' id='word_1_565' title='bbox 989 2603 1118 2642; x_wconf 69' lang='lat' dir='ltr'>flagellis,</span> <span class='ocrx_word' id='word_1_566' title='bbox 1136 2604 1186 2634; x_wconf 86' lang='lat' dir='ltr'>cui</span> 
     </span>
     <span class='ocr_line' id='line_1_67' title="bbox 125 2641 1186 2681; baseline -0.001 -8"><span class='ocrx_word' id='word_1_567' title='bbox 125 2643 236 2674; x_wconf 90' lang='lat' dir='ltr'>dabitur</span> <span class='ocrx_word' id='word_1_568' title='bbox 249 2642 319 2672; x_wconf 81' lang='lat' dir='ltr'>filios</span> <span class='ocrx_word' id='word_1_569' title='bbox 331 2641 452 2672; x_wconf 80' lang='lat' dir='ltr'>Abrahae</span> <span class='ocrx_word' id='word_1_570' title='bbox 466 2641 500 2671; x_wconf 92' lang='lat' dir='ltr'>de</span> <span class='ocrx_word' id='word_1_571' title='bbox 513 2641 648 2681; x_wconf 89' lang='lat' dir='ltr'>lapidibus</span> <span class='ocrx_word' id='word_1_572' title='bbox 661 2641 786 2672; x_wconf 86' lang='lat' dir='ltr'>suscitare</span> <span class='ocrx_word' id='word_1_573' title='bbox 795 2641 844 2679; x_wconf 89' lang='lat'>,&amp;</span> <span class='ocrx_word' id='word_1_574' title='bbox 858 2642 973 2672; x_wconf 85' lang='lat' dir='ltr'>reddere</span> <span class='ocrx_word' id='word_1_575' title='bbox 985 2641 1119 2672; x_wconf 87' lang='lat' dir='ltr'>Domino</span> <span class='ocrx_word' id='word_1_576' title='bbox 1134 2652 1186 2680; x_wconf 87' lang='lat' dir='ltr'>po-</span> 
     </span>
     <span class='ocr_line' id='line_1_68' title="bbox 125 2680 932 2722; baseline -0.001 -11"><span class='ocrx_word' id='word_1_577' title='bbox 125 2682 223 2722; x_wconf 88' lang='lat' dir='ltr'>pulum</span> <span class='ocrx_word' id='word_1_578' title='bbox 238 2680 437 2718; x_wconf 87' lang='lat' dir='ltr'>acceptabilem</span> <span class='ocrx_word' id='word_1_579' title='bbox 446 2703 455 2717; x_wconf 89' lang='lat'>,</span> <span class='ocrx_word' id='word_1_580' title='bbox 470 2681 613 2710; x_wconf 89' lang='lat' dir='ltr'>bonorum</span> <span class='ocrx_word' id='word_1_581' title='bbox 628 2689 748 2717; x_wconf 88' lang='lat' dir='ltr'>operum</span> <span class='ocrx_word' id='word_1_582' title='bbox 760 2680 932 2711; x_wconf 72' lang='lat' dir='ltr'>sectatorem.</span> 
     </span>
    </p>

    <p class='ocr_par' dir='ltr' id='par_1_19' title="bbox 121 2717 1188 2909">
     <span class='ocr_line' id='line_1_69' title="bbox 163 2717 1186 2759; baseline -0.001 -10"><span class='ocrx_word' id='word_1_583' title='bbox 163 2719 314 2759; x_wconf 85' lang='lat' dir='ltr'>Propterea</span> <span class='ocrx_word' id='word_1_584' title='bbox 327 2718 515 2749; x_wconf 81' lang='lat' dir='ltr'>excusavimus</span> <span class='ocrx_word' id='word_1_585' title='bbox 532 2728 599 2748; x_wconf 92' lang='lat' dir='ltr'>cum</span> <span class='ocrx_word' id='word_1_586' title='bbox 614 2717 733 2748; x_wconf 87' lang='lat' dir='ltr'>lacrimis</span> <span class='ocrx_word' id='word_1_587' title='bbox 743 2722 758 2755; x_wconf 68' lang='lat'>²,</span> <span class='ocrx_word' id='word_1_588' title='bbox 775 2719 808 2749; x_wconf 73' lang='grc' dir='ltr'>ὅ(</span> <span class='ocrx_word' id='word_1_589' title='bbox 822 2719 908 2757; x_wconf 88' lang='lat' dir='ltr'>usque</span> <span class='ocrx_word' id='word_1_590' title='bbox 920 2718 954 2748; x_wconf 88' lang='lat' dir='ltr'>ad</span> <span class='ocrx_word' id='word_1_591' title='bbox 969 2717 1186 2749; x_wconf 89' lang='lat' dir='ltr'>contristationis</span> 
     </span>
     <span class='ocr_line' id='line_1_70' title="bbox 125 2755 1186 2796; baseline -0.003 -7"><span class='ocrx_word' id='word_1_592' title='bbox 125 2759 159 2790; x_wconf 72' lang='grc' dir='ltr'>δε</span> <span class='ocrx_word' id='word_1_593' title='bbox 174 2758 370 2796; x_wconf 84' lang='lat' dir='ltr'>indignationis</span> <span class='ocrx_word' id='word_1_594' title='bbox 382 2755 534 2794; x_wconf 82' lang='lat' dir='ltr'>offensam,</span> <span class='ocrx_word' id='word_1_595' title='bbox 553 2756 656 2787; x_wconf 89' lang='lat' dir='ltr'>eisdem</span> <span class='ocrx_word' id='word_1_596' title='bbox 669 2757 813 2795; x_wconf 88' lang='lat' dir='ltr'>fratribus,</span> <span class='ocrx_word' id='word_1_597' title='bbox 832 2757 1039 2795; x_wconf 87' lang='lat' dir='ltr'>importabilem</span> <span class='ocrx_word' id='word_1_598' title='bbox 1052 2757 1186 2787; x_wconf 85' lang='lat' dir='ltr'>nobisin-</span> 
     </span>
     <span class='ocr_line' id='line_1_71' title="bbox 123 2794 1188 2837; baseline -0.002 -10"><span class='ocrx_word' id='word_1_599' title='bbox 123 2797 281 2837; x_wconf 83' lang='lat' dir='ltr'>gerentibus</span> <span class='ocrx_word' id='word_1_600' title='bbox 295 2794 478 2833; x_wconf 72' lang='lat' dir='ltr'>Apostolatfis</span> <span class='ocrx_word' id='word_1_601' title='bbox 491 2795 641 2833; x_wconf 80' lang='lat' dir='ltr'>sarcinam,</span> <span class='ocrx_word' id='word_1_602' title='bbox 659 2795 789 2825; x_wconf 88' lang='lat' dir='ltr'>duximus</span> <span class='ocrx_word' id='word_1_603' title='bbox 801 2795 994 2833; x_wconf 86' lang='lat' dir='ltr'>resistendum,</span> <span class='ocrx_word' id='word_1_604' title='bbox 1009 2804 1118 2827; x_wconf 85' lang='lat' dir='ltr'>orantes</span> <span class='ocrx_word' id='word_1_605' title='bbox 1126 2805 1188 2834; x_wconf 87' lang='lat' dir='ltr'>eos,</span> 
     </span>
     <span class='ocr_line' id='line_1_72' title="bbox 123 2833 1184 2875; baseline -0.002 -9"><span class='ocrx_word' id='word_1_606' title='bbox 123 2838 158 2867; x_wconf 90' lang='lat'>&amp;</span> <span class='ocrx_word' id='word_1_607' title='bbox 178 2845 227 2875; x_wconf 91' lang='lat' dir='ltr'>per</span> <span class='ocrx_word' id='word_1_608' title='bbox 246 2834 464 2865; x_wconf 83' lang='lat' dir='ltr'>obtestationem</span> <span class='ocrx_word' id='word_1_609' title='bbox 488 2834 576 2864; x_wconf 90' lang='lat' dir='ltr'>divini</span> <span class='ocrx_word' id='word_1_610' title='bbox 596 2834 688 2871; x_wconf 89' lang='lat' dir='ltr'>judicii</span> <span class='ocrx_word' id='word_1_611' title='bbox 708 2833 884 2865; x_wconf 85' lang='lat' dir='ltr'>obsecrantes</span> <span class='ocrx_word' id='word_1_612' title='bbox 899 2843 930 2866; x_wconf 90' lang='lat' dir='ltr'>ut</span> <span class='ocrx_word' id='word_1_613' title='bbox 944 2834 1054 2865; x_wconf 74' lang='lat' dir='ltr'>anobis</span> <span class='ocrx_word' id='word_1_614' title='bbox 1066 2834 1184 2866; x_wconf 88' lang='lat' dir='ltr'>calicem</span> 
     </span>
     <span class='ocr_line' id='line_1_73' title="bbox 121 2871 835 2909; baseline -0.004 -4"><span class='ocrx_word' id='word_1_615' title='bbox 121 2875 200 2905; x_wconf 90' lang='lat' dir='ltr'>hunc</span> <span class='ocrx_word' id='word_1_616' title='bbox 215 2873 404 2909; x_wconf 85' lang='lat' dir='ltr'>transferrent,</span> <span class='ocrx_word' id='word_1_617' title='bbox 421 2873 454 2904; x_wconf 70' lang='grc' dir='ltr'>δε</span> <span class='ocrx_word' id='word_1_618' title='bbox 472 2872 609 2904; x_wconf 85' lang='lat' dir='ltr'>traderent</span> <span class='ocrx_word' id='word_1_619' title='bbox 623 2872 702 2902; x_wconf 88' lang='lat' dir='ltr'>alteri</span> <span class='ocrx_word' id='word_1_620' title='bbox 717 2871 835 2903; x_wconf 90' lang='lat' dir='ltr'>fortiori.</span> 
     </span>
    </p>

    <p class='ocr_par' dir='ltr' id='par_1_20' title="bbox 158 2910 1185 2951">
     <span class='ocr_line' id='line_1_74' title="bbox 158 2910 1185 2951; baseline -0.001 -9"><span class='ocrx_word' id='word_1_621' title='bbox 158 2912 213 2944; x_wconf 87' lang='lat' dir='ltr'>Sed</span> <span class='ocrx_word' id='word_1_622' title='bbox 229 2912 294 2951; x_wconf 89' lang='lat' dir='ltr'>ipsi,</span> <span class='ocrx_word' id='word_1_623' title='bbox 315 2913 422 2941; x_wconf 90' lang='lat' dir='ltr'>utinam</span> <span class='ocrx_word' id='word_1_624' title='bbox 445 2921 504 2941; x_wconf 90' lang='lat' dir='ltr'>non</span> <span class='ocrx_word' id='word_1_625' title='bbox 525 2912 555 2942; x_wconf 91' lang='lat' dir='ltr'>in</span> <span class='ocrx_word' id='word_1_626' title='bbox 570 2910 731 2941; x_wconf 86' lang='lat' dir='ltr'>nostrorum</span> <span class='ocrx_word' id='word_1_627' title='bbox 746 2912 910 2950; x_wconf 84' lang='lat' dir='ltr'>exigentiam</span> <span class='ocrx_word' id='word_1_628' title='bbox 924 2918 1106 2950; x_wconf 89' lang='lat' dir='ltr'>peccatorum</span> <span class='ocrx_word' id='word_1_629' title='bbox 1122 2911 1128 2941; x_wconf 78' lang='lat'><em>1</em></span> <span class='ocrx_word' id='word_1_630' title='bbox 1148 2912 1185 2941; x_wconf 89' lang='lat' dir='ltr'>ir-</span> 
     </span>
    </p>
   </div>
   <div class='ocr_carea' id='block_1_9' title="bbox 99 2948 1187 2988">
    <p class='ocr_par' dir='ltr' id='par_1_21' title="bbox 99 2948 1187 2988">
     <span class='ocr_line' id='line_1_75' title="bbox 99 2948 1187 2988; baseline -0.002 -6"><span class='ocrx_word' id='word_1_631' title='bbox 99 2972 101 2974; x_wconf 97' lang='grc'>-</span> <span class='ocrx_word' id='word_1_632' title='bbox 120 2950 290 2982; x_wconf 87' lang='lat' dir='ltr'>revincibilis</span> <span class='ocrx_word' id='word_1_633' title='bbox 303 2950 517 2987; x_wconf 81' lang='lat' dir='ltr'>importunitatis</span> <span class='ocrx_word' id='word_1_634' title='bbox 530 2949 673 2988; x_wconf 69' lang='lat' dir='ltr'>instantia,</span> <span class='ocrx_word' id='word_1_635' title='bbox 689 2948 814 2980; x_wconf 86' lang='lat' dir='ltr'>nostram</span> <span class='ocrx_word' id='word_1_636' title='bbox 834 2950 1010 2980; x_wconf 80' lang='lat' dir='ltr'>resistentiam</span> <span class='ocrx_word' id='word_1_637' title='bbox 1026 2951 1187 2988; x_wconf 89' lang='lat' dir='ltr'>evicerunt,</span> 
     </span>
    </p>
   </div>
   <div class='ocr_carea' id='block_1_10' title="bbox 121 2988 1186 4067">
    <p class='ocr_par' dir='ltr' id='par_1_22' title="bbox 122 2988 1186 3211">
     <span class='ocr_line' id='line_1_76' title="bbox 123 2988 1183 3027; baseline -0.001 -8"><span class='ocrx_word' id='word_1_638' title='bbox 123 2997 259 3026; x_wconf 87' lang='lat' dir='ltr'>cogentes</span> <span class='ocrx_word' id='word_1_639' title='bbox 279 2998 329 3017; x_wconf 85' lang='lat' dir='ltr'>nos</span> <span class='ocrx_word' id='word_1_640' title='bbox 353 2988 456 3017; x_wconf 90' lang='lat' dir='ltr'>invitos</span> <span class='ocrx_word' id='word_1_641' title='bbox 475 2989 526 3018; x_wconf 89' lang='lat' dir='ltr'>suis</span> <span class='ocrx_word' id='word_1_642' title='bbox 544 2988 679 3018; x_wconf 84' lang='lat' dir='ltr'>desideriis</span> <span class='ocrx_word' id='word_1_643' title='bbox 698 2988 855 3019; x_wconf 89' lang='lat' dir='ltr'>consentire</span> <span class='ocrx_word' id='word_1_644' title='bbox 870 3001 880 3027; x_wconf 78' lang='lat'>3</span> <span class='ocrx_word' id='word_1_645' title='bbox 899 2989 933 3019; x_wconf 73' lang='grc' dir='ltr'>ὃς</span> <span class='ocrx_word' id='word_1_646' title='bbox 946 2988 985 3019; x_wconf 83' lang='lat' dir='ltr'>sic</span> <span class='ocrx_word' id='word_1_647' title='bbox 1002 2998 1070 3018; x_wconf 90' lang='lat' dir='ltr'>cum</span> <span class='ocrx_word' id='word_1_648' title='bbox 1083 2988 1183 3019; x_wconf 91' lang='lat' dir='ltr'>dolore</span> 
     </span>
     <span class='ocr_line' id='line_1_77' title="bbox 123 3026 1184 3065; baseline 0 -7"><span class='ocrx_word' id='word_1_649' title='bbox 123 3027 232 3065; x_wconf 89' lang='lat' dir='ltr'>cordis,</span> <span class='ocrx_word' id='word_1_650' title='bbox 250 3035 283 3056; x_wconf 90' lang='lat' dir='ltr'>ac</span> <span class='ocrx_word' id='word_1_651' title='bbox 295 3034 416 3056; x_wconf 89' lang='lat' dir='ltr'>tremore</span> <span class='ocrx_word' id='word_1_652' title='bbox 430 3036 513 3065; x_wconf 87' lang='lat' dir='ltr'>quam</span> <span class='ocrx_word' id='word_1_653' title='bbox 528 3027 649 3063; x_wconf 88' lang='lat' dir='ltr'>plurimo</span> <span class='ocrx_word' id='word_1_654' title='bbox 663 3027 829 3058; x_wconf 84' lang='lat' dir='ltr'>infirmitatis</span> <span class='ocrx_word' id='word_1_655' title='bbox 841 3026 946 3057; x_wconf 85' lang='lat' dir='ltr'>nostrae</span> <span class='ocrx_word' id='word_1_656' title='bbox 959 3026 1032 3058; x_wconf 91' lang='lat' dir='ltr'>colla</span> <span class='ocrx_word' id='word_1_657' title='bbox 1048 3026 1184 3058; x_wconf 89' lang='lat' dir='ltr'>summisi-</span> 
     </span>
     <span class='ocr_line' id='line_1_78' title="bbox 125 3064 1186 3104; baseline -0.001 -8"><span class='ocrx_word' id='word_1_658' title='bbox 125 3076 187 3096; x_wconf 90' lang='lat' dir='ltr'>mus</span> <span class='ocrx_word' id='word_1_659' title='bbox 202 3066 229 3103; x_wconf 80' lang='lat' dir='ltr'>ju</span> <span class='ocrx_word' id='word_1_660' title='bbox 248 3074 267 3094; x_wconf 94' lang='lat' dir='ltr'>o</span> <span class='ocrx_word' id='word_1_661' title='bbox 281 3064 445 3102; x_wconf 78' lang='lat' dir='ltr'>apostolicae</span> <span class='ocrx_word' id='word_1_662' title='bbox 459 3064 612 3102; x_wconf 74' lang='lat' dir='ltr'>servitutis3</span> <span class='ocrx_word' id='word_1_663' title='bbox 629 3064 802 3096; x_wconf 85' lang='lat' dir='ltr'>confidentes</span> <span class='ocrx_word' id='word_1_664' title='bbox 815 3067 844 3096; x_wconf 91' lang='lat' dir='ltr'>in</span> <span class='ocrx_word' id='word_1_665' title='bbox 861 3065 946 3103; x_wconf 86' lang='lat' dir='ltr'>Deo,</span> <span class='ocrx_word' id='word_1_666' title='bbox 964 3067 1012 3104; x_wconf 90' lang='lat' dir='ltr'>qui</span> <span class='ocrx_word' id='word_1_667' title='bbox 1024 3065 1072 3096; x_wconf 81' lang='lat' dir='ltr'>dat</span> <span class='ocrx_word' id='word_1_668' title='bbox 1088 3068 1186 3097; x_wconf 86' lang='lat' dir='ltr'>omni-</span> 
     </span>
     <span class='ocr_line' id='line_1_79' title="bbox 122 3101 1185 3143; baseline 0.001 -9"><span class='ocrx_word' id='word_1_669' title='bbox 122 3105 174 3135; x_wconf 90' lang='lat' dir='ltr'>bus</span> <span class='ocrx_word' id='word_1_670' title='bbox 196 3114 210 3133; x_wconf 91' lang='lat' dir='ltr'>a</span> <span class='ocrx_word' id='word_1_671' title='bbox 245 3110 339 3133; x_wconf 90' lang='lat' dir='ltr'>uenter</span> <span class='ocrx_word' id='word_1_672' title='bbox 354 3125 363 3140; x_wconf 95' lang='lat'>,</span> <span class='ocrx_word' id='word_1_673' title='bbox 381 3101 456 3141; x_wconf 90' lang='lat' dir='ltr'>quod</span> <span class='ocrx_word' id='word_1_674' title='bbox 477 3102 699 3133; x_wconf 86' lang='lat' dir='ltr'>insufficientiam</span> <span class='ocrx_word' id='word_1_675' title='bbox 712 3104 835 3134; x_wconf 88' lang='lat' dir='ltr'>nostram</span> <span class='ocrx_word' id='word_1_676' title='bbox 857 3127 866 3142; x_wconf 86' lang='lat'>,</span> <span class='ocrx_word' id='word_1_677' title='bbox 884 3114 968 3143; x_wconf 88' lang='lat' dir='ltr'>quam</span> <span class='ocrx_word' id='word_1_678' title='bbox 985 3104 1124 3135; x_wconf 87' lang='lat' dir='ltr'>humiliter</span> <span class='ocrx_word' id='word_1_679' title='bbox 1142 3115 1185 3134; x_wconf 87' lang='lat' dir='ltr'>re-</span> 
     </span>
     <span class='ocr_line' id='line_1_80' title="bbox 122 3140 1183 3211; baseline 0 -38"><span class='ocrx_word' id='word_1_680' title='bbox 122 3141 318 3211; x_wconf 46' lang='lat' dir='ltr'>cpgkposcimus</span> <span class='ocrx_word' id='word_1_681' title='bbox 331 3163 341 3180; x_wconf 90' lang='lat'>,</span> <span class='ocrx_word' id='word_1_682' title='bbox 358 3141 391 3172; x_wconf 91' lang='lat'>&amp;</span> <span class='ocrx_word' id='word_1_683' title='bbox 411 3141 498 3171; x_wconf 89' lang='lat' dir='ltr'>libere</span> <span class='ocrx_word' id='word_1_684' title='bbox 512 3140 696 3180; x_wconf 86' lang='lat' dir='ltr'>profitemur,</span> <span class='ocrx_word' id='word_1_685' title='bbox 714 3151 748 3173; x_wconf 85' lang='lat' dir='ltr'>ex</span> <span class='ocrx_word' id='word_1_686' title='bbox 771 3142 856 3183; x_wconf 87' lang='lat' dir='ltr'>seipso</span> <span class='ocrx_word' id='word_1_687' title='bbox 871 3142 1084 3174; x_wconf 86' lang='lat' dir='ltr'>misericorditer</span> <span class='ocrx_word' id='word_1_688' title='bbox 1094 3143 1183 3174; x_wconf 86' lang='lat' dir='ltr'>adim-</span> 
     </span>
    </p>

    <p class='ocr_par' dir='ltr' id='par_1_23' title="bbox 155 3189 222 3211">
     <span class='ocr_line' id='line_1_81' title="bbox 155 3189 222 3211; baseline -0.03 0"><span class='ocrx_word' id='word_1_689' title='bbox 155 3191 170 3211; x_wconf 93' lang='lat' dir='ltr'>e</span> <span class='ocrx_word' id='word_1_690' title='bbox 193 3189 222 3210; x_wconf 89' lang='lat' dir='ltr'>it.</span> 
     </span>
    </p>

    <p class='ocr_par' dir='ltr' id='par_1_24' title="bbox 125 3192 1183 3261">
     <span class='ocr_line' id='line_1_82' title="bbox 125 3192 1183 3261; baseline 0.001 -12"><span class='ocrx_word' id='word_1_691' title='bbox 125 3192 144 3222; x_wconf 80' lang='lat' dir='ltr'>p</span> <span class='ocrx_word' id='word_1_692' title='bbox 162 3220 181 3239; x_wconf 66' lang='lat'>²*</span> <span class='ocrx_word' id='word_1_693' title='bbox 200 3217 395 3249; x_wconf 88' lang='lat' dir='ltr'>Sollicitudine</span> <span class='ocrx_word' id='word_1_694' title='bbox 408 3218 490 3256; x_wconf 82' lang='lat' dir='ltr'>igitur</span> <span class='ocrx_word' id='word_1_695' title='bbox 503 3216 702 3248; x_wconf 78' lang='lat' dir='ltr'>Ecclesiasticae</span> <span class='ocrx_word' id='word_1_696' title='bbox 714 3219 961 3250; x_wconf 87' lang='lat' dir='ltr'>administrationis</span> <span class='ocrx_word' id='word_1_697' title='bbox 973 3219 1123 3261; x_wconf 84' lang='lat' dir='ltr'>assumpta,</span> <span class='ocrx_word' id='word_1_698' title='bbox 1140 3220 1183 3250; x_wconf 85' lang='lat' dir='ltr'>di-</span> 
     </span>
    </p>

    <p class='ocr_par' dir='ltr' id='par_1_25' title="bbox 122 3254 1184 3298">
     <span class='ocr_line' id='line_1_83' title="bbox 122 3254 1184 3298; baseline -0.001 -9"><span class='ocrx_word' id='word_1_699' title='bbox 122 3259 199 3290; x_wconf 80' lang='lat' dir='ltr'>vinae</span> <span class='ocrx_word' id='word_1_700' title='bbox 213 3256 413 3298; x_wconf 81' lang='lat' dir='ltr'>propitiationis</span> <span class='ocrx_word' id='word_1_701' title='bbox 428 3254 645 3285; x_wconf 88' lang='lat' dir='ltr'>misericordiam</span> <span class='ocrx_word' id='word_1_702' title='bbox 661 3257 840 3296; x_wconf 86' lang='lat' dir='ltr'>imploramus</span> <span class='ocrx_word' id='word_1_703' title='bbox 853 3266 902 3297; x_wconf 88' lang='lat' dir='ltr'>ut,</span> <span class='ocrx_word' id='word_1_704' title='bbox 920 3268 969 3298; x_wconf 88' lang='lat' dir='ltr'>per</span> <span class='ocrx_word' id='word_1_705' title='bbox 982 3258 1038 3289; x_wconf 78' lang='lat' dir='ltr'>fiiae</span> <span class='ocrx_word' id='word_1_706' title='bbox 1052 3259 1184 3290; x_wconf 73' lang='lat' dir='ltr'>volunta-</span> 
     </span>
    </p>

    <p class='ocr_par' dir='ltr' id='par_1_26' title="bbox 121 3294 1182 3337">
     <span class='ocr_line' id='line_1_84' title="bbox 121 3294 1182 3337; baseline -0.002 -9"><span class='ocrx_word' id='word_1_707' title='bbox 121 3299 154 3328; x_wconf 92' lang='lat' dir='ltr'>tis</span> <span class='ocrx_word' id='word_1_708' title='bbox 172 3295 360 3334; x_wconf 81' lang='lat' dir='ltr'>beneplactta,</span> <span class='ocrx_word' id='word_1_709' title='bbox 377 3295 407 3323; x_wconf 85' lang='lat' dir='ltr'>in</span> <span class='ocrx_word' id='word_1_710' title='bbox 421 3295 496 3323; x_wconf 90' lang='lat' dir='ltr'>viam</span> <span class='ocrx_word' id='word_1_711' title='bbox 520 3295 594 3331; x_wconf 83' lang='lat' dir='ltr'>pacis</span> <span class='ocrx_word' id='word_1_712' title='bbox 606 3294 724 3333; x_wconf 87' lang='lat' dir='ltr'>dirigens</span> <span class='ocrx_word' id='word_1_713' title='bbox 735 3297 837 3335; x_wconf 86' lang='lat' dir='ltr'>gressus</span> <span class='ocrx_word' id='word_1_714' title='bbox 850 3297 973 3334; x_wconf 86' lang='lat' dir='ltr'>nostros,</span> <span class='ocrx_word' id='word_1_715' title='bbox 992 3298 1020 3327; x_wconf 92' lang='lat' dir='ltr'>in</span> <span class='ocrx_word' id='word_1_716' title='bbox 1037 3297 1101 3336; x_wconf 84' lang='lat' dir='ltr'>hiis,</span> <span class='ocrx_word' id='word_1_717' title='bbox 1119 3307 1182 3337; x_wconf 86' lang='lat' dir='ltr'>quae</span> 
     </span>
    </p>

    <p class='ocr_par' dir='ltr' id='par_1_27' title="bbox 122 3332 1184 3375">
     <span class='ocr_line' id='line_1_85' title="bbox 122 3332 1184 3375; baseline 0 -9"><span class='ocrx_word' id='word_1_718' title='bbox 122 3336 183 3366; x_wconf 88' lang='lat' dir='ltr'>sunt</span> <span class='ocrx_word' id='word_1_719' title='bbox 198 3335 230 3365; x_wconf 87' lang='lat' dir='ltr'>ad</span> <span class='ocrx_word' id='word_1_720' title='bbox 244 3332 332 3371; x_wconf 89' lang='lat' dir='ltr'>ipsum</span> <span class='ocrx_word' id='word_1_721' title='bbox 347 3341 398 3371; x_wconf 87' lang='lat' dir='ltr'>pro</span> <span class='ocrx_word' id='word_1_722' title='bbox 411 3332 537 3374; x_wconf 74' lang='lat' dir='ltr'>populo,</span> <span class='ocrx_word' id='word_1_723' title='bbox 553 3332 677 3363; x_wconf 88' lang='lat' dir='ltr'>favorem</span> <span class='ocrx_word' id='word_1_724' title='bbox 685 3334 767 3363; x_wconf 90' lang='lat' dir='ltr'>nobis</span> <span class='ocrx_word' id='word_1_725' title='bbox 777 3335 868 3365; x_wconf 85' lang='lat' dir='ltr'>auxilii</span> <span class='ocrx_word' id='word_1_726' title='bbox 883 3335 1004 3366; x_wconf 87' lang='lat' dir='ltr'>coelestis</span> <span class='ocrx_word' id='word_1_727' title='bbox 1018 3336 1184 3375; x_wconf 70' lang='lat' dir='ltr'>aspiret3&amp;‚</span> 
     </span>
    </p>

    <p class='ocr_par' dir='ltr' id='par_1_28' title="bbox 122 3369 1180 3414">
     <span class='ocr_line' id='line_1_86' title="bbox 122 3369 1180 3414; baseline 0 -9"><span class='ocrx_word' id='word_1_728' title='bbox 122 3385 158 3405; x_wconf 88' lang='lat' dir='ltr'>eo</span> <span class='ocrx_word' id='word_1_729' title='bbox 170 3374 252 3403; x_wconf 86' lang='lat' dir='ltr'>nobis</span> <span class='ocrx_word' id='word_1_730' title='bbox 265 3373 472 3401; x_wconf 86' lang='lat' dir='ltr'>incrementum</span> <span class='ocrx_word' id='word_1_731' title='bbox 484 3369 598 3414; x_wconf 68' lang='lat' dir='ltr'>desuper</span> <span class='ocrx_word' id='word_1_732' title='bbox 611 3370 756 3410; x_wconf 83' lang='lat' dir='ltr'>largiente,</span> <span class='ocrx_word' id='word_1_733' title='bbox 775 3373 824 3403; x_wconf 92' lang='lat' dir='ltr'>sub</span> <span class='ocrx_word' id='word_1_734' title='bbox 838 3373 993 3404; x_wconf 86' lang='lat' dir='ltr'>sacerdotio</span> <span class='ocrx_word' id='word_1_735' title='bbox 1007 3375 1104 3404; x_wconf 88' lang='lat' dir='ltr'>nostro</span> <span class='ocrx_word' id='word_1_736' title='bbox 1113 3384 1180 3414; x_wconf 90' lang='lat' dir='ltr'>pro-</span> 
     </span>
    </p>

    <p class='ocr_par' dir='ltr' id='par_1_29' title="bbox 122 3408 1183 3482">
     <span class='ocr_line' id='line_1_87' title="bbox 122 3408 1183 3482; baseline -0.001 -39"><span class='ocrx_word' id='word_1_737' title='bbox 122 3411 314 3482; x_wconf 46' lang='lat' dir='ltr'>genigtsqulies</span> <span class='ocrx_word' id='word_1_738' title='bbox 336 3408 443 3448; x_wconf 85' lang='lat' dir='ltr'>Regnis</span> <span class='ocrx_word' id='word_1_739' title='bbox 456 3430 466 3447; x_wconf 86' lang='lat'>,</span> <span class='ocrx_word' id='word_1_740' title='bbox 483 3417 535 3447; x_wconf 82' lang='lat' dir='ltr'>pax</span> <span class='ocrx_word' id='word_1_741' title='bbox 552 3408 698 3448; x_wconf 73' lang='lat' dir='ltr'>Ecclesiis,</span> <span class='ocrx_word' id='word_1_742' title='bbox 715 3412 868 3443; x_wconf 87' lang='lat' dir='ltr'>concordia</span> <span class='ocrx_word' id='word_1_743' title='bbox 881 3412 1006 3453; x_wconf 87' lang='lat' dir='ltr'>plebibus</span> <span class='ocrx_word' id='word_1_744' title='bbox 1020 3436 1030 3452; x_wconf 90' lang='lat'>,</span> <span class='ocrx_word' id='word_1_745' title='bbox 1048 3415 1082 3444; x_wconf 69' lang='grc' dir='ltr'>ὃ(</span> <span class='ocrx_word' id='word_1_746' title='bbox 1095 3414 1183 3443; x_wconf 89' lang='lat' dir='ltr'>mori-</span> 
     </span>
     <span class='ocr_line' id='line_1_88' title="bbox 147 3458 337 3481; baseline -0.021 0"><span class='ocrx_word' id='word_1_747' title='bbox 147 3461 175 3481; x_wconf 87' lang='lat' dir='ltr'>us</span> <span class='ocrx_word' id='word_1_748' title='bbox 209 3461 254 3481; x_wconf 81' lang='lat' dir='ltr'>ici</span> <span class='ocrx_word' id='word_1_749' title='bbox 285 3458 337 3478; x_wconf 88' lang='lat' dir='ltr'>ma.</span> 
     </span>
    </p>

    <p class='ocr_par' dir='ltr' id='par_1_30' title="bbox 123 3460 1184 3637">
     <span class='ocr_line' id='line_1_89' title="bbox 162 3460 1184 3529; baseline -0.002 -9"><span class='ocrx_word' id='word_1_750' title='bbox 162 3460 374 3520; x_wconf 72' lang='lat' dir='ltr'>Tuampautem</span> <span class='ocrx_word' id='word_1_751' title='bbox 394 3484 596 3515; x_wconf 88' lang='lat' dir='ltr'>Celsitudinem</span> <span class='ocrx_word' id='word_1_752' title='bbox 615 3479 771 3529; x_wconf 26' lang='lat' dir='ltr'>⁵(cariffisne</span> <span class='ocrx_word' id='word_1_753' title='bbox 783 3487 850 3525; x_wconf 88' lang='lat' dir='ltr'>Fili)</span> <span class='ocrx_word' id='word_1_754' title='bbox 873 3498 1022 3520; x_wconf 90' lang='lat' dir='ltr'>monemus</span> <span class='ocrx_word' id='word_1_755' title='bbox 1035 3490 1065 3519; x_wconf 87' lang='lat' dir='ltr'>in</span> <span class='ocrx_word' id='word_1_756' title='bbox 1077 3489 1184 3520; x_wconf 90' lang='lat' dir='ltr'>Domi-</span> 
     </span>
     <span class='ocr_line' id='line_1_90' title="bbox 124 3524 1181 3591; baseline 0 -34"><span class='ocrx_word' id='word_1_757' title='bbox 124 3538 183 3566; x_wconf 85' lang='lat' dir='ltr'>no,</span> <span class='ocrx_word' id='word_1_758' title='bbox 202 3529 234 3559; x_wconf 74' lang='grc' dir='ltr'>δε</span> <span class='ocrx_word' id='word_1_759' title='bbox 248 3527 392 3557; x_wconf 88' lang='lat' dir='ltr'>hortamur</span> <span class='ocrx_word' id='word_1_760' title='bbox 407 3524 530 3566; x_wconf 75' lang='lat' dir='ltr'>attente,</span> <span class='ocrx_word' id='word_1_761' title='bbox 547 3530 689 3591; x_wconf 64' lang='lat' dir='ltr'>qpatinus,</span> <span class='ocrx_word' id='word_1_762' title='bbox 705 3524 806 3556; x_wconf 87' lang='lat' dir='ltr'>Deum</span> <span class='ocrx_word' id='word_1_763' title='bbox 825 3528 941 3566; x_wconf 87' lang='lat' dir='ltr'>timens,</span> <span class='ocrx_word' id='word_1_764' title='bbox 959 3529 988 3558; x_wconf 90' lang='lat' dir='ltr'>in</span> <span class='ocrx_word' id='word_1_765' title='bbox 1003 3528 1081 3564; x_wconf 77' lang='lat' dir='ltr'>cujus</span> <span class='ocrx_word' id='word_1_766' title='bbox 1097 3537 1181 3557; x_wconf 87' lang='lat' dir='ltr'>manu</span> 
     </span>
     <span class='ocr_line' id='line_1_91' title="bbox 123 3562 1181 3637; baseline 0 -41"><span class='ocrx_word' id='word_1_767' title='bbox 123 3577 175 3637; x_wconf 63' lang='lat' dir='ltr'>‹qor</span> <span class='ocrx_word' id='word_1_768' title='bbox 188 3564 338 3634; x_wconf 77' lang='lat' dir='ltr'>tuumdest‚</span> <span class='ocrx_word' id='word_1_769' title='bbox 356 3563 388 3594; x_wconf 72' lang='grc' dir='ltr'>δε</span> <span class='ocrx_word' id='word_1_770' title='bbox 403 3563 432 3592; x_wconf 87' lang='lat' dir='ltr'>in</span> <span class='ocrx_word' id='word_1_771' title='bbox 447 3571 525 3599; x_wconf 74' lang='lat' dir='ltr'>cujus</span> <span class='ocrx_word' id='word_1_772' title='bbox 538 3571 554 3592; x_wconf 91' lang='lat' dir='ltr'>e</span> <span class='ocrx_word' id='word_1_773' title='bbox 592 3562 706 3593; x_wconf 86' lang='lat' dir='ltr'>arbitrio</span> <span class='ocrx_word' id='word_1_774' title='bbox 719 3565 774 3594; x_wconf 90' lang='lat' dir='ltr'>vita</span> <span class='ocrx_word' id='word_1_775' title='bbox 785 3572 831 3595; x_wconf 85' lang='lat' dir='ltr'>tua</span> <span class='ocrx_word' id='word_1_776' title='bbox 839 3588 849 3604; x_wconf 89' lang='lat'>,</span> <span class='ocrx_word' id='word_1_777' title='bbox 867 3566 946 3604; x_wconf 87' lang='lat' dir='ltr'>ipsius</span> <span class='ocrx_word' id='word_1_778' title='bbox 966 3566 1071 3597; x_wconf 88' lang='lat' dir='ltr'>studeas</span> <span class='ocrx_word' id='word_1_779' title='bbox 1085 3565 1181 3597; x_wconf 86' lang='lat' dir='ltr'>custo-</span> 
     </span>
    </p>

    <p class='ocr_par' dir='ltr' id='par_1_31' title="bbox 146 3611 342 3636">
     <span class='ocr_line' id='line_1_92' title="bbox 146 3611 342 3636; baseline -0.015 -1"><span class='ocrx_word' id='word_1_780' title='bbox 146 3615 184 3635; x_wconf 87' lang='lat' dir='ltr'>1re</span> <span class='ocrx_word' id='word_1_781' title='bbox 200 3615 265 3636; x_wconf 83' lang='lat' dir='ltr'>man</span> <span class='ocrx_word' id='word_1_782' title='bbox 287 3611 342 3633; x_wconf 86' lang='lat' dir='ltr'>ata:</span> 
     </span>
    </p>

    <p class='ocr_par' dir='ltr' id='par_1_32' title="bbox 121 3638 1182 3798">
     <span class='ocr_line' id='line_1_93' title="bbox 163 3638 1180 3683; baseline -0.002 -8"><span class='ocrx_word' id='word_1_783' title='bbox 163 3644 196 3674; x_wconf 92' lang='lat' dir='ltr'>In</span> <span class='ocrx_word' id='word_1_784' title='bbox 217 3643 382 3683; x_wconf 70' lang='lat' dir='ltr'>devotione¹</span> <span class='ocrx_word' id='word_1_785' title='bbox 393 3649 505 3679; x_wconf 91' lang='lat' dir='ltr'>quoque</span> <span class='ocrx_word' id='word_1_786' title='bbox 523 3638 623 3682; x_wconf 59' lang='lat' dir='ltr'>sanetae</span> <span class='ocrx_word' id='word_1_787' title='bbox 641 3638 776 3670; x_wconf 79' lang='lat' dir='ltr'>Ecclesiae</span> <span class='ocrx_word' id='word_1_788' title='bbox 789 3639 891 3672; x_wconf 92' lang='lat' dir='ltr'>Matris</span> <span class='ocrx_word' id='word_1_789' title='bbox 903 3650 976 3681; x_wconf 86' lang='lat' dir='ltr'>tuae,</span> <span class='ocrx_word' id='word_1_790' title='bbox 993 3643 1027 3673; x_wconf 80' lang='lat' dir='ltr'>ad</span> <span class='ocrx_word' id='word_1_791' title='bbox 1040 3644 1116 3681; x_wconf 87' lang='lat' dir='ltr'>cujus</span> <span class='ocrx_word' id='word_1_792' title='bbox 1131 3642 1180 3672; x_wconf 90' lang='lat' dir='ltr'>de-</span> 
     </span>
     <span class='ocr_line' id='line_1_94' title="bbox 121 3677 1180 3725; baseline -0.001 -12"><span class='ocrx_word' id='word_1_793' title='bbox 121 3682 278 3713; x_wconf 82' lang='lat' dir='ltr'>fensionem</span> <span class='ocrx_word' id='word_1_794' title='bbox 294 3678 479 3720; x_wconf 78' lang='lat' dir='ltr'>principaliter</span> <span class='ocrx_word' id='word_1_795' title='bbox 498 3678 630 3715; x_wconf 81' lang='lat' dir='ltr'>accepisti</span> <span class='ocrx_word' id='word_1_796' title='bbox 651 3687 667 3707; x_wconf 89' lang='lat' dir='ltr'>a</span> <span class='ocrx_word' id='word_1_797' title='bbox 687 3677 820 3709; x_wconf 90' lang='lat' dir='ltr'>Domino</span> <span class='ocrx_word' id='word_1_798' title='bbox 841 3680 925 3717; x_wconf 88' lang='lat' dir='ltr'>gladii</span> <span class='ocrx_word' id='word_1_799' title='bbox 937 3682 1120 3725; x_wconf 83' lang='lat' dir='ltr'>potestatem,</span> <span class='ocrx_word' id='word_1_800' title='bbox 1135 3690 1180 3712; x_wconf 88' lang='lat' dir='ltr'>tua</span> 
     </span>
     <span class='ocr_line' id='line_1_95' title="bbox 124 3716 1182 3759; baseline 0 -9"><span class='ocrx_word' id='word_1_801' title='bbox 124 3720 273 3751; x_wconf 87' lang='lat' dir='ltr'>sublimitas</span> <span class='ocrx_word' id='word_1_802' title='bbox 296 3719 402 3755; x_wconf 84' lang='lat' dir='ltr'>semper</span> <span class='ocrx_word' id='word_1_803' title='bbox 423 3716 545 3755; x_wconf 84' lang='lat' dir='ltr'>crescat,</span> <span class='ocrx_word' id='word_1_804' title='bbox 562 3724 592 3747; x_wconf 90' lang='lat' dir='ltr'>ut</span> <span class='ocrx_word' id='word_1_805' title='bbox 610 3725 644 3746; x_wconf 85' lang='lat' dir='ltr'>ex</span> <span class='ocrx_word' id='word_1_806' title='bbox 662 3716 718 3746; x_wconf 92' lang='lat' dir='ltr'>hoc</span> <span class='ocrx_word' id='word_1_807' title='bbox 729 3726 858 3755; x_wconf 86' lang='lat' dir='ltr'>augeatur</span> <span class='ocrx_word' id='word_1_808' title='bbox 871 3719 922 3749; x_wconf 86' lang='lat' dir='ltr'>tibi</span> <span class='ocrx_word' id='word_1_809' title='bbox 935 3730 964 3750; x_wconf 88' lang='lat' dir='ltr'>in</span> <span class='ocrx_word' id='word_1_810' title='bbox 978 3721 1105 3759; x_wconf 63' lang='lat' dir='ltr'>praestrnti</span> <span class='ocrx_word' id='word_1_811' title='bbox 1118 3729 1182 3757; x_wconf 85' lang='lat' dir='ltr'>gra-</span> 
     </span>
     <span class='ocr_line' id='line_1_96' title="bbox 124 3755 490 3798; baseline -0.014 -9"><span class='ocrx_word' id='word_1_812' title='bbox 124 3760 179 3796; x_wconf 83' lang='lat' dir='ltr'>tia,</span> <span class='ocrx_word' id='word_1_813' title='bbox 196 3761 228 3790; x_wconf 67' lang='grc' dir='ltr'>ὃς</span> <span class='ocrx_word' id='word_1_814' title='bbox 242 3760 330 3798; x_wconf 85' lang='lat' dir='ltr'>gloria</span> <span class='ocrx_word' id='word_1_815' title='bbox 344 3758 373 3787; x_wconf 89' lang='lat' dir='ltr'>in</span> <span class='ocrx_word' id='word_1_816' title='bbox 386 3755 490 3785; x_wconf 81' lang='lat' dir='ltr'>futuro.</span> 
     </span>
    </p>

    <p class='ocr_par' dir='ltr' id='par_1_33' title="bbox 123 3793 1180 3903">
     <span class='ocr_line' id='line_1_97' title="bbox 156 3793 1180 3835; baseline -0.001 -8"><span class='ocrx_word' id='word_1_817' title='bbox 156 3797 298 3833; x_wconf 79' lang='lat' dir='ltr'>justitiam</span> <span class='ocrx_word' id='word_1_818' title='bbox 318 3795 428 3835; x_wconf 86' lang='lat' dir='ltr'>insuper</span> <span class='ocrx_word' id='word_1_819' title='bbox 447 3793 510 3824; x_wconf 91' lang='lat' dir='ltr'>cole</span> <span class='ocrx_word' id='word_1_820' title='bbox 522 3816 532 3832; x_wconf 86' lang='lat'>,</span> <span class='ocrx_word' id='word_1_821' title='bbox 550 3803 582 3824; x_wconf 89' lang='lat' dir='ltr'>ac</span> <span class='ocrx_word' id='word_1_822' title='bbox 603 3793 685 3832; x_wconf 85' lang='lat' dir='ltr'>dilige</span> <span class='ocrx_word' id='word_1_823' title='bbox 703 3794 732 3823; x_wconf 89' lang='lat' dir='ltr'>in</span> <span class='ocrx_word' id='word_1_824' title='bbox 754 3794 887 3825; x_wconf 89' lang='lat' dir='ltr'>omnibus</span> <span class='ocrx_word' id='word_1_825' title='bbox 899 3805 924 3825; x_wconf 87' lang='lat' dir='ltr'>ae</span> <span class='ocrx_word' id='word_1_826' title='bbox 944 3797 1076 3834; x_wconf 86' lang='lat' dir='ltr'>uitatem,</span> <span class='ocrx_word' id='word_1_827' title='bbox 1094 3796 1180 3827; x_wconf 88' lang='lat' dir='ltr'>sciens</span> 
     </span>
     <span class='ocr_line' id='line_1_98' title="bbox 123 3832 1180 3874; baseline 0.001 -10"><span class='ocrx_word' id='word_1_828' title='bbox 123 3834 201 3874; x_wconf 90' lang='lat' dir='ltr'>quod</span> <span class='ocrx_word' id='word_1_829' title='bbox 219 3836 254 3866; x_wconf 89' lang='lat' dir='ltr'>ad</span> <span class='ocrx_word' id='word_1_830' title='bbox 274 3836 331 3867; x_wconf 91' lang='lat' dir='ltr'>hoc</span> <span class='ocrx_word' id='word_1_831' title='bbox 353 3842 381 3865; x_wconf 90' lang='lat' dir='ltr'>te</span> <span class='ocrx_word' id='word_1_832' title='bbox 401 3841 506 3864; x_wconf 84' lang='lat' dir='ltr'>naturae</span> <span class='ocrx_word' id='word_1_833' title='bbox 527 3840 583 3862; x_wconf 84' lang='lat' dir='ltr'>tuae</span> <span class='ocrx_word' id='word_1_834' title='bbox 604 3832 781 3870; x_wconf 81' lang='lat' dir='ltr'>participibus</span> <span class='ocrx_word' id='word_1_835' title='bbox 801 3833 919 3872; x_wconf 79' lang='lat' dir='ltr'>praetulit</span> <span class='ocrx_word' id='word_1_836' title='bbox 971 3836 1084 3866; x_wconf 83' lang='lat' dir='ltr'>ominus</span> <span class='ocrx_word' id='word_1_837' title='bbox 1102 3835 1180 3865; x_wconf 90' lang='lat' dir='ltr'>Deus</span> 
     </span>
     <span class='ocr_line' id='line_1_99' title="bbox 128 3880 201 3903; baseline -0.014 0"><span class='ocrx_word' id='word_1_838' title='bbox 128 3880 201 3903; x_wconf 86' lang='lat' dir='ltr'>tuus.</span> 
     </span>
    </p>

    <p class='ocr_par' dir='ltr' id='par_1_34' title="bbox 126 3908 1182 4067">
     <span class='ocr_line' id='line_1_100' title="bbox 165 3908 1181 3951; baseline 0.002 -11"><span class='ocrx_word' id='word_1_839' title='bbox 165 3910 254 3941; x_wconf 91' lang='lat' dir='ltr'>Porro</span> <span class='ocrx_word' id='word_1_840' title='bbox 275 3911 383 3942; x_wconf 86' lang='lat' dir='ltr'>firmam</span> <span class='ocrx_word' id='word_1_841' title='bbox 403 3911 438 3942; x_wconf 90' lang='lat' dir='ltr'>de</span> <span class='ocrx_word' id='word_1_842' title='bbox 457 3910 539 3941; x_wconf 90' lang='lat' dir='ltr'>nobis</span> <span class='ocrx_word' id='word_1_843' title='bbox 561 3918 588 3940; x_wconf 88' lang='lat' dir='ltr'>te</span> <span class='ocrx_word' id='word_1_844' title='bbox 600 3909 731 3940; x_wconf 89' lang='lat' dir='ltr'>volumus</span> <span class='ocrx_word' id='word_1_845' title='bbox 741 3915 836 3939; x_wconf 87' lang='lat' dir='ltr'>tenere</span> <span class='ocrx_word' id='word_1_846' title='bbox 844 3908 992 3950; x_wconf 86' lang='lat' dir='ltr'>fiduciam,</span> <span class='ocrx_word' id='word_1_847' title='bbox 1010 3911 1088 3950; x_wconf 90' lang='lat' dir='ltr'>quod</span> <span class='ocrx_word' id='word_1_848' title='bbox 1100 3912 1181 3951; x_wconf 89' lang='lat' dir='ltr'>Reg-</span> 
     </span>
     <span class='ocr_line' id='line_1_101' title="bbox 127 3947 1180 3989; baseline 0.003 -11"><span class='ocrx_word' id='word_1_849' title='bbox 127 3958 197 3979; x_wconf 91' lang='lat' dir='ltr'>num</span> <span class='ocrx_word' id='word_1_850' title='bbox 211 3957 291 3980; x_wconf 87' lang='lat' dir='ltr'>tuum</span> <span class='ocrx_word' id='word_1_851' title='bbox 302 3950 424 3988; x_wconf 88' lang='lat' dir='ltr'>specialis</span> <span class='ocrx_word' id='word_1_852' title='bbox 438 3949 643 3980; x_wconf 82' lang='lat' dir='ltr'>benevolentiae</span> <span class='ocrx_word' id='word_1_853' title='bbox 657 3949 741 3987; x_wconf 85' lang='lat' dir='ltr'>gratia</span> <span class='ocrx_word' id='word_1_854' title='bbox 754 3947 997 3988; x_wconf 75' lang='lat' dir='ltr'>prosequentes,re</span> <span class='ocrx_word' id='word_1_855' title='bbox 1017 3950 1087 3981; x_wconf 83' lang='lat' dir='ltr'>alem</span> <span class='ocrx_word' id='word_1_856' title='bbox 1101 3959 1180 3989; x_wconf 88' lang='lat' dir='ltr'>mag-</span> 
     </span>
     <span class='ocr_line' id='line_1_102' title="bbox 126 3985 1180 4028; baseline 0.002 -12"><span class='ocrx_word' id='word_1_857' title='bbox 126 3986 296 4018; x_wconf 89' lang='lat' dir='ltr'>nificentiam</span> <span class='ocrx_word' id='word_1_858' title='bbox 316 3989 461 4028; x_wconf 86' lang='lat' dir='ltr'>oportunis</span> <span class='ocrx_word' id='word_1_859' title='bbox 479 3988 638 4019; x_wconf 88' lang='lat' dir='ltr'>curabimus</span> <span class='ocrx_word' id='word_1_860' title='bbox 653 4009 662 4024; x_wconf 85' lang='lat'>,</span> <span class='ocrx_word' id='word_1_861' title='bbox 677 3994 814 4026; x_wconf 84' lang='lat' dir='ltr'>quantum</span> <span class='ocrx_word' id='word_1_862' title='bbox 835 3985 977 4019; x_wconf 89' lang='lat' dir='ltr'>Dominus</span> <span class='ocrx_word' id='word_1_863' title='bbox 1008 3988 1108 4027; x_wconf 87' lang='lat' dir='ltr'>ederit,</span> <span class='ocrx_word' id='word_1_864' title='bbox 1125 3989 1180 4018; x_wconf 94' lang='lat' dir='ltr'>ful-</span> 
     </span>
     <span class='ocr_line' id='line_1_103' title="bbox 127 4025 1182 4067; baseline 0 -10"><span class='ocrx_word' id='word_1_865' title='bbox 127 4026 185 4057; x_wconf 86' lang='lat' dir='ltr'>cire</span> <span class='ocrx_word' id='word_1_866' title='bbox 202 4025 341 4058; x_wconf 78' lang='lat' dir='ltr'>favoribus</span> <span class='ocrx_word' id='word_1_867' title='bbox 353 4051 364 4066; x_wconf 87' lang='lat'>,</span> <span class='ocrx_word' id='word_1_868' title='bbox 380 4029 414 4060; x_wconf 76' lang='grc' dir='ltr'>δε</span> <span class='ocrx_word' id='word_1_869' title='bbox 434 4026 523 4067; x_wconf 87' lang='lat' dir='ltr'>dignis</span> <span class='ocrx_word' id='word_1_870' title='bbox 544 4026 700 4058; x_wconf 88' lang='lat' dir='ltr'>honoribus</span> <span class='ocrx_word' id='word_1_871' title='bbox 716 4025 887 4065; x_wconf 78' lang='lat' dir='ltr'>praevenire·²</span> <span class='ocrx_word' id='word_1_872' title='bbox 903 4026 941 4059; x_wconf 82' lang='lat' dir='ltr'>ita</span> <span class='ocrx_word' id='word_1_873' title='bbox 953 4027 1047 4067; x_wconf 82' lang='lat' dir='ltr'>quod,</span> <span class='ocrx_word' id='word_1_874' title='bbox 1063 4027 1182 4059; x_wconf 88' lang='lat' dir='ltr'>innotes-</span> 
     </span>
    </p>
   </div>
   <div class='ocr_carea' id='block_1_11' title="bbox 1238 341 2268 459">
    <p class='ocr_par' dir='ltr' id='par_1_35' title="bbox 1238 341 2268 459">
     <span class='ocr_line' id='line_1_104' title="bbox 1238 341 1740 373; baseline 0 -1"><span class='ocrx_word' id='word_1_875' title='bbox 1238 341 1348 373; x_wconf 84' lang='lat' dir='ltr'>filialem</span> <span class='ocrx_word' id='word_1_876' title='bbox 1363 342 1584 372; x_wconf 83' lang='lat' dir='ltr'>benivolentiam</span> <span class='ocrx_word' id='word_1_877' title='bbox 1602 344 1740 373; x_wconf 78' lang='lat' dir='ltr'>excitabit.</span> 
     </span>
     <span class='ocr_line' id='line_1_105' title="bbox 1270 416 2268 459; baseline 0.003 -11"><span class='ocrx_word' id='word_1_878' title='bbox 1270 418 1339 450; x_wconf 86' lang='lat' dir='ltr'>Dat.</span> <span class='ocrx_word' id='word_1_879' title='bbox 1358 418 1500 459; x_wconf 84' lang='lat' dir='ltr'>Neapoli,</span> <span class='ocrx_word' id='word_1_880' title='bbox 1521 427 1553 448; x_wconf 92' lang='lat'>11</span> <span class='ocrx_word' id='word_1_881' title='bbox 1573 416 1636 447; x_wconf 80' lang='lat' dir='ltr'>Kal.</span> <span class='ocrx_word' id='word_1_882' title='bbox 1646 417 1758 456; x_wconf 78' lang='lat' dir='ltr'>januar.</span> <span class='ocrx_word' id='word_1_883' title='bbox 1775 416 1959 450; x_wconf 77' lang='lat' dir='ltr'>Pontificatsis</span> <span class='ocrx_word' id='word_1_884' title='bbox 1974 419 2063 450; x_wconf 91' lang='lat' dir='ltr'>nostri</span> <span class='ocrx_word' id='word_1_885' title='bbox 2077 429 2152 451; x_wconf 88' lang='lat' dir='ltr'>anno</span> <span class='ocrx_word' id='word_1_886' title='bbox 2166 421 2268 459; x_wconf 89' lang='lat' dir='ltr'>primo.</span> 
     </span>
    </p>
   </div>
   <div class='ocr_carea' id='block_1_12' title="bbox 1652 492 2237 536">
    <p class='ocr_par' dir='ltr' id='par_1_36' title="bbox 1652 492 2237 536">
     <span class='ocr_line' id='line_1_106' title="bbox 1652 492 2237 536; baseline 0.007 -14"><span class='ocrx_word' id='word_1_887' title='bbox 1652 492 1777 523; x_wconf 83' lang='lat' dir='ltr'>Plumbeo</span> <span class='ocrx_word' id='word_1_888' title='bbox 1791 494 1879 531; x_wconf 71' lang='lat' dir='ltr'>sigillo</span> <span class='ocrx_word' id='word_1_889' title='bbox 1882 496 2013 533; x_wconf 71' lang='lat' dir='ltr'>pendente</span> <span class='ocrx_word' id='word_1_890' title='bbox 2026 508 2043 525; x_wconf 89' lang='lat' dir='ltr'>a</span> <span class='ocrx_word' id='word_1_891' title='bbox 2050 495 2104 536; x_wconf 87' lang='lat' dir='ltr'>filo</span> <span class='ocrx_word' id='word_1_892' title='bbox 2115 495 2237 526; x_wconf 78' lang='lat' dir='ltr'>canabeo.</span> 
     </span>
    </p>
   </div>
   <div class='ocr_carea' id='block_1_13' title="bbox 1232 618 2291 751">
    <p class='ocr_par' dir='ltr' id='par_1_37' title="bbox 1232 618 2291 751">
     <span class='ocr_line' id='line_1_107' title="bbox 1232 618 2291 667; baseline 0.001 -14"><span class='ocrx_word' id='word_1_893' title='bbox 1232 623 1290 653; x_wconf 80' lang='lat' dir='ltr'>Pro</span> <span class='ocrx_word' id='word_1_894' title='bbox 1316 619 1538 666; x_wconf 69' lang='lat' dir='ltr'>Archiepisbopo</span> <span class='ocrx_word' id='word_1_895' title='bbox 1561 621 1738 652; x_wconf 74' lang='lat' dir='ltr'>Armacano</span> <span class='ocrx_word' id='word_1_896' title='bbox 1757 644 1766 658; x_wconf 89' lang='lat'><strong>‚</strong></span> <span class='ocrx_word' id='word_1_897' title='bbox 1800 628 1833 649; x_wconf 83' lang='lat' dir='ltr'>ut</span> <span class='ocrx_word' id='word_1_898' title='bbox 1860 621 1924 650; x_wconf 78' lang='lat' dir='ltr'>Rex</span> <span class='ocrx_word' id='word_1_899' title='bbox 1943 618 2149 662; x_wconf 73' lang='lat' dir='ltr'>favorabilem</span> <span class='ocrx_word' id='word_1_900' title='bbox 2172 623 2206 667; x_wconf 77' lang='lat' dir='ltr'><em>ft</em></span> <span class='ocrx_word' id='word_1_901' title='bbox 2217 632 2291 667; x_wconf 72' lang='lat' dir='ltr'>prae-</span> 
     </span>
     <span class='ocr_line' id='line_1_108' title="bbox 1275 665 2289 714; baseline 0.002 -13"><span class='ocrx_word' id='word_1_902' title='bbox 1275 667 1342 701; x_wconf 72' lang='lat' dir='ltr'>beat</span> <span class='ocrx_word' id='word_1_903' title='bbox 1359 669 1452 701; x_wconf 80' lang='lat' dir='ltr'>eidem</span> <span class='ocrx_word' id='word_1_904' title='bbox 1471 694 1481 711; x_wconf 81' lang='lat'>‚</span> <span class='ocrx_word' id='word_1_905' title='bbox 1514 680 1550 706; x_wconf 69' lang='lat' dir='ltr'>(y</span> <span class='ocrx_word' id='word_1_906' title='bbox 1567 666 1646 714; x_wconf 77' lang='lat' dir='ltr'>quod</span> <span class='ocrx_word' id='word_1_907' title='bbox 1665 679 1721 699; x_wconf 82' lang='lat' dir='ltr'>non</span> <span class='ocrx_word' id='word_1_908' title='bbox 1739 666 1840 698; x_wconf 79' lang='lat' dir='ltr'>credat</span> <span class='ocrx_word' id='word_1_909' title='bbox 1858 665 2084 700; x_wconf 63' lang='lat' dir='ltr'>detraflionibus</span> <span class='ocrx_word' id='word_1_910' title='bbox 2102 669 2197 712; x_wconf 55' lang='lat' dir='ltr'>fastis</span> <span class='ocrx_word' id='word_1_911' title='bbox 2221 681 2289 703; x_wconf 83' lang='lat' dir='ltr'>con-</span> 
     </span>
     <span class='ocr_line' id='line_1_109' title="bbox 1274 727 1418 751; baseline 0.014 -3"><span class='ocrx_word' id='word_1_912' title='bbox 1274 727 1325 749; x_wconf 82' lang='lat' dir='ltr'>tra</span> <span class='ocrx_word' id='word_1_913' title='bbox 1342 729 1418 751; x_wconf 78' lang='lat' dir='ltr'>eum.</span> 
     </span>
    </p>
   </div>
   <div class='ocr_carea' id='block_1_14' title="bbox 1226 799 2293 3069">
    <p class='ocr_par' dir='ltr' id='par_1_38' title="bbox 1226 799 2286 908">
     <span class='ocr_line' id='line_1_110' title="bbox 1289 799 2286 840; baseline 0.002 -10"><span class='ocrx_word' id='word_1_914' title='bbox 1289 801 1431 831; x_wconf 78' lang='lat' dir='ltr'>Lexander</span> <span class='ocrx_word' id='word_1_915' title='bbox 1450 800 1604 840; x_wconf 80' lang='lat' dir='ltr'>Episcopus</span> <span class='ocrx_word' id='word_1_916' title='bbox 1620 823 1629 838; x_wconf 91' lang='lat'>,</span> <span class='ocrx_word' id='word_1_917' title='bbox 1652 799 1742 830; x_wconf 87' lang='lat' dir='ltr'>servus</span> <span class='ocrx_word' id='word_1_918' title='bbox 1762 800 1903 830; x_wconf 87' lang='lat' dir='ltr'>servorum</span> <span class='ocrx_word' id='word_1_919' title='bbox 1917 799 1989 836; x_wconf 83' lang='lat' dir='ltr'>Dei,</span> <span class='ocrx_word' id='word_1_920' title='bbox 2004 800 2144 830; x_wconf 64' lang='lat' dir='ltr'>carissimo</span> <span class='ocrx_word' id='word_1_921' title='bbox 2159 802 2186 831; x_wconf 91' lang='lat' dir='ltr'>in</span> <span class='ocrx_word' id='word_1_922' title='bbox 2200 801 2286 832; x_wconf 91' lang='lat' dir='ltr'>Chri-</span> 
     </span>
     <span class='ocr_line' id='line_1_111' title="bbox 1303 838 2284 878; baseline 0.003 -10"><span class='ocrx_word' id='word_1_923' title='bbox 1303 840 1346 869; x_wconf 89' lang='lat' dir='ltr'>sto</span> <span class='ocrx_word' id='word_1_924' title='bbox 1361 839 1419 869; x_wconf 84' lang='lat' dir='ltr'>filio</span> <span class='ocrx_word' id='word_1_925' title='bbox 1524 839 1621 869; x_wconf 82' lang='lat' dir='ltr'>illustri</span> <span class='ocrx_word' id='word_1_926' title='bbox 1633 838 1707 878; x_wconf 82' lang='lat' dir='ltr'>Regi</span> <span class='ocrx_word' id='word_1_927' title='bbox 1721 838 1832 878; x_wconf 72' lang='lat' dir='ltr'>Angli-ae</span> <span class='ocrx_word' id='word_1_928' title='bbox 1844 838 1954 868; x_wconf 89' lang='lat' dir='ltr'>salutem</span> <span class='ocrx_word' id='word_1_929' title='bbox 1974 839 2006 869; x_wconf 89' lang='lat'>&amp;</span> <span class='ocrx_word' id='word_1_930' title='bbox 2027 838 2221 876; x_wconf 82' lang='lat' dir='ltr'>Apostolicam</span> <span class='ocrx_word' id='word_1_931' title='bbox 2235 841 2284 872; x_wconf 88' lang='lat' dir='ltr'>bc-</span> 
     </span>
     <span class='ocr_line' id='line_1_112' title="bbox 1226 877 1429 908; baseline 0.005 -2"><span class='ocrx_word' id='word_1_932' title='bbox 1226 877 1429 908; x_wconf 70' lang='lat' dir='ltr'>nedietlonem.</span> 
     </span>
    </p>

    <p class='ocr_par' dir='ltr' id='par_1_39' title="bbox 1228 913 2287 1107">
     <span class='ocr_line' id='line_1_113' title="bbox 1267 913 2281 954; baseline 0.003 -9"><span class='ocrx_word' id='word_1_933' title='bbox 1267 915 1346 945; x_wconf 74' lang='lat' dir='ltr'>Cum</span> <span class='ocrx_word' id='word_1_934' title='bbox 1362 917 1431 946; x_wconf 89' lang='lat' dir='ltr'>inter</span> <span class='ocrx_word' id='word_1_935' title='bbox 1445 916 1506 952; x_wconf 86' lang='lat' dir='ltr'>alia,</span> <span class='ocrx_word' id='word_1_936' title='bbox 1525 925 1588 954; x_wconf 65' lang='lat' dir='ltr'>quae</span> <span class='ocrx_word' id='word_1_937' title='bbox 1605 913 1735 951; x_wconf 60' lang='lat' dir='ltr'>majestati</span> <span class='ocrx_word' id='word_1_938' title='bbox 1749 914 1809 945; x_wconf 91' lang='lat' dir='ltr'>sunt</span> <span class='ocrx_word' id='word_1_939' title='bbox 1821 914 1915 944; x_wconf 75' lang='lat' dir='ltr'>odiosa</span> <span class='ocrx_word' id='word_1_940' title='bbox 1928 913 2050 953; x_wconf 75' lang='lat' dir='ltr'>divinae,</span> <span class='ocrx_word' id='word_1_941' title='bbox 2068 914 2235 947; x_wconf 62' lang='lat' dir='ltr'>detraetore:</span> <span class='ocrx_word' id='word_1_942' title='bbox 2248 918 2281 948; x_wconf 69' lang='grc' dir='ltr'>ὃ(</span> 
     </span>
     <span class='ocr_line' id='line_1_114' title="bbox 1230 952 2284 990; baseline 0.002 -7"><span class='ocrx_word' id='word_1_943' title='bbox 1230 953 1405 983; x_wconf 87' lang='lat' dir='ltr'>seminatores</span> <span class='ocrx_word' id='word_1_944' title='bbox 1418 953 1561 983; x_wconf 67' lang='lat' dir='ltr'>discordiae</span> <span class='ocrx_word' id='word_1_945' title='bbox 1575 976 1583 989; x_wconf 91' lang='lat'>,</span> <span class='ocrx_word' id='word_1_946' title='bbox 1599 954 1674 990; x_wconf 78' lang='lat' dir='ltr'>juxta</span> <span class='ocrx_word' id='word_1_947' title='bbox 1694 953 1853 982; x_wconf 66' lang='lat' dir='ltr'>sementiam</span> <span class='ocrx_word' id='word_1_948' title='bbox 1866 952 2005 990; x_wconf 52' lang='lat' dir='ltr'>sapientis,</span> <span class='ocrx_word' id='word_1_949' title='bbox 2025 955 2177 990; x_wconf 88' lang='lat' dir='ltr'>plurimum</span> <span class='ocrx_word' id='word_1_950' title='bbox 2191 956 2284 985; x_wconf 81' lang='lat' dir='ltr'>altissi-</span> 
     </span>
     <span class='ocr_line' id='line_1_115' title="bbox 1230 990 2283 1030; baseline 0.002 -9"><span class='ocrx_word' id='word_1_951' title='bbox 1230 1002 1292 1021; x_wconf 88' lang='lat' dir='ltr'>mus</span> <span class='ocrx_word' id='word_1_952' title='bbox 1307 991 1458 1022; x_wconf 82' lang='lat' dir='ltr'>detestetur</span> <span class='ocrx_word' id='word_1_953' title='bbox 1468 1014 1477 1029; x_wconf 88' lang='lat'>,</span> <span class='ocrx_word' id='word_1_954' title='bbox 1490 991 1575 1027; x_wconf 72' lang='lat' dir='ltr'>digne</span> <span class='ocrx_word' id='word_1_955' title='bbox 1592 993 1625 1021; x_wconf 68' lang='grc' dir='ltr'>ὃς</span> <span class='ocrx_word' id='word_1_956' title='bbox 1639 991 1735 1020; x_wconf 74' lang='lat' dir='ltr'>talibus</span> <span class='ocrx_word' id='word_1_957' title='bbox 1749 990 1828 1019; x_wconf 73' lang='lat' dir='ltr'>suurn</span> <span class='ocrx_word' id='word_1_958' title='bbox 1849 999 1951 1020; x_wconf 84' lang='lat' dir='ltr'>avertet</span> <span class='ocrx_word' id='word_1_959' title='bbox 1966 991 2090 1022; x_wconf 86' lang='lat' dir='ltr'>auditum</span> <span class='ocrx_word' id='word_1_960' title='bbox 2106 994 2177 1030; x_wconf 74' lang='lat' dir='ltr'>regia</span> <span class='ocrx_word' id='word_1_961' title='bbox 2192 995 2283 1023; x_wconf 84' lang='lat' dir='ltr'>excel-</span> 
     </span>
     <span class='ocr_line' id='line_1_116' title="bbox 1228 1028 2287 1070; baseline 0.001 -10"><span class='ocrx_word' id='word_1_962' title='bbox 1228 1031 1311 1060; x_wconf 74' lang='lat' dir='ltr'>lentia</span> <span class='ocrx_word' id='word_1_963' title='bbox 1326 1052 1336 1067; x_wconf 90' lang='lat'>,</span> <span class='ocrx_word' id='word_1_964' title='bbox 1360 1039 1409 1068; x_wconf 88' lang='lat' dir='ltr'>per</span> <span class='ocrx_word' id='word_1_965' title='bbox 1429 1039 1499 1068; x_wconf 87' lang='lat' dir='ltr'>quos</span> <span class='ocrx_word' id='word_1_966' title='bbox 1516 1029 1678 1066; x_wconf 86' lang='lat' dir='ltr'>depravatur</span> <span class='ocrx_word' id='word_1_967' title='bbox 1698 1028 1856 1057; x_wconf 80' lang='lat' dir='ltr'>multotiens</span> <span class='ocrx_word' id='word_1_968' title='bbox 1876 1029 1986 1066; x_wconf 77' lang='lat' dir='ltr'>veritas,</span> <span class='ocrx_word' id='word_1_969' title='bbox 2005 1030 2037 1059; x_wconf 68' lang='grc' dir='ltr'>ὃ(</span> <span class='ocrx_word' id='word_1_970' title='bbox 2047 1053 2057 1068; x_wconf 83' lang='grc'>,</span> <span class='ocrx_word' id='word_1_971' title='bbox 2073 1029 2174 1068; x_wconf 84' lang='lat' dir='ltr'>absque</span> <span class='ocrx_word' id='word_1_972' title='bbox 2187 1040 2261 1062; x_wconf 84' lang='lat' dir='ltr'>reatu</span> <span class='ocrx_word' id='word_1_973' title='bbox 2276 1054 2287 1070; x_wconf 88' lang='lat'>,</span> 
     </span>
     <span class='ocr_line' id='line_1_117' title="bbox 1228 1066 1915 1107; baseline -0.006 -8"><span class='ocrx_word' id='word_1_974' title='bbox 1228 1068 1274 1100; x_wconf 88' lang='lat' dir='ltr'>vel</span> <span class='ocrx_word' id='word_1_975' title='bbox 1288 1069 1386 1107; x_wconf 84' lang='lat' dir='ltr'>culpa,</span> <span class='ocrx_word' id='word_1_976' title='bbox 1405 1068 1570 1097; x_wconf 85' lang='lat' dir='ltr'>innocentia</span> <span class='ocrx_word' id='word_1_977' title='bbox 1581 1067 1673 1096; x_wconf 71' lang='lat' dir='ltr'>nox&#39;oe</span> <span class='ocrx_word' id='word_1_978' title='bbox 1686 1066 1915 1103; x_wconf 74' lang='lat' dir='ltr'>condempnatur.</span> 
     </span>
    </p>

    <p class='ocr_par' dir='ltr' id='par_1_40' title="bbox 1227 1103 2288 1452">
     <span class='ocr_line' id='line_1_118' title="bbox 1264 1103 2283 1145; baseline -0.003 -8"><span class='ocrx_word' id='word_1_979' title='bbox 1264 1106 1368 1144; x_wconf 81' lang='lat' dir='ltr'>Nuper</span> <span class='ocrx_word' id='word_1_980' title='bbox 1389 1105 1524 1143; x_wconf 87' lang='lat' dir='ltr'>siquidem</span> <span class='ocrx_word' id='word_1_981' title='bbox 1544 1103 1578 1135; x_wconf 87' lang='lat' dir='ltr'>ad</span> <span class='ocrx_word' id='word_1_982' title='bbox 1597 1103 1763 1134; x_wconf 78' lang='lat' dir='ltr'>audientiam</span> <span class='ocrx_word' id='word_1_983' title='bbox 1782 1103 1905 1133; x_wconf 85' lang='lat' dir='ltr'>nostram</span> <span class='ocrx_word' id='word_1_984' title='bbox 1925 1106 2051 1142; x_wconf 82' lang='lat' dir='ltr'>pervenit</span> <span class='ocrx_word' id='word_1_985' title='bbox 2071 1106 2149 1144; x_wconf 82' lang='lat' dir='ltr'>quod</span> <span class='ocrx_word' id='word_1_986' title='bbox 2169 1106 2283 1145; x_wconf 63' lang='lat' dir='ltr'>quidam</span> 
     </span>
     <span class='ocr_line' id='line_1_119' title="bbox 1229 1141 2285 1182; baseline 0 -7"><span class='ocrx_word' id='word_1_987' title='bbox 1229 1145 1378 1182; x_wconf 86' lang='lat' dir='ltr'>iniquitatis</span> <span class='ocrx_word' id='word_1_988' title='bbox 1401 1143 1469 1182; x_wconf 86' lang='lat' dir='ltr'>filii,</span> <span class='ocrx_word' id='word_1_989' title='bbox 1483 1143 1530 1182; x_wconf 88' lang='lat' dir='ltr'>qui</span> <span class='ocrx_word' id='word_1_990' title='bbox 1550 1142 1626 1173; x_wconf 89' lang='lat' dir='ltr'>velut</span> <span class='ocrx_word' id='word_1_991' title='bbox 1639 1143 1796 1172; x_wconf 78' lang='lat' dir='ltr'>incentores</span> <span class='ocrx_word' id='word_1_992' title='bbox 1812 1141 1968 1178; x_wconf 78' lang='lat' dir='ltr'>malorum,</span> <span class='ocrx_word' id='word_1_993' title='bbox 1986 1152 2186 1182; x_wconf 77' lang='lat' dir='ltr'>nonnunquam</span> <span class='ocrx_word' id='word_1_994' title='bbox 2206 1145 2285 1175; x_wconf 75' lang='lat' dir='ltr'>labiis</span> 
     </span>
     <span class='ocr_line' id='line_1_120' title="bbox 1229 1179 2284 1222; baseline 0 -9"><span class='ocrx_word' id='word_1_995' title='bbox 1229 1183 1332 1214; x_wconf 81' lang='lat' dir='ltr'>doloris</span> <span class='ocrx_word' id='word_1_996' title='bbox 1350 1183 1501 1222; x_wconf 88' lang='lat' dir='ltr'>loquuntur</span> <span class='ocrx_word' id='word_1_997' title='bbox 1516 1204 1525 1219; x_wconf 86' lang='lat'>,</span> <span class='ocrx_word' id='word_1_998' title='bbox 1549 1181 1654 1219; x_wconf 76' lang='lat' dir='ltr'>linguas</span> <span class='ocrx_word' id='word_1_999' title='bbox 1677 1180 1733 1210; x_wconf 85' lang='lat' dir='ltr'>suas</span> <span class='ocrx_word' id='word_1_1000' title='bbox 1753 1179 1786 1209; x_wconf 85' lang='lat' dir='ltr'>ad</span> <span class='ocrx_word' id='word_1_1001' title='bbox 1809 1179 1990 1216; x_wconf 81' lang='lat' dir='ltr'>nocendum,</span> <span class='ocrx_word' id='word_1_1002' title='bbox 2010 1189 2089 1210; x_wconf 87' lang='lat' dir='ltr'>more</span> <span class='ocrx_word' id='word_1_1003' title='bbox 2103 1183 2257 1221; x_wconf 77' lang='lat' dir='ltr'>serpentum</span> <span class='ocrx_word' id='word_1_1004' title='bbox 2273 1207 2284 1222; x_wconf 88' lang='lat'>‚</span> 
     </span>
     <span class='ocr_line' id='line_1_121' title="bbox 1229 1217 2283 1257; baseline -0.001 -5"><span class='ocrx_word' id='word_1_1005' title='bbox 1229 1221 1359 1252; x_wconf 75' lang='lat' dir='ltr'>malivole</span> <span class='ocrx_word' id='word_1_1006' title='bbox 1372 1229 1515 1257; x_wconf 75' lang='lat' dir='ltr'>acuenteS,</span> <span class='ocrx_word' id='word_1_1007' title='bbox 1533 1229 1630 1249; x_wconf 76' lang='lat' dir='ltr'>arcum</span> <span class='ocrx_word' id='word_1_1008' title='bbox 1642 1218 1819 1249; x_wconf 63' lang='lat' dir='ltr'>detractionis</span> <span class='ocrx_word' id='word_1_1009' title='bbox 1833 1217 1866 1247; x_wconf 84' lang='lat' dir='ltr'>ad</span> <span class='ocrx_word' id='word_1_1010' title='bbox 1874 1217 1957 1248; x_wconf 54' lang='lat' dir='ltr'>sersus</span> <span class='ocrx_word' id='word_1_1011' title='bbox 1970 1219 2158 1249; x_wconf 75' lang='lat' dir='ltr'>venerabilem</span> <span class='ocrx_word' id='word_1_1012' title='bbox 2173 1221 2283 1251; x_wconf 78' lang='lat' dir='ltr'>fratrem</span> 
     </span>
     <span class='ocr_line' id='line_1_122' title="bbox 1227 1256 2285 1298; baseline -0.002 -8"><span class='ocrx_word' id='word_1_1013' title='bbox 1227 1259 1356 1290; x_wconf 87' lang='lat' dir='ltr'>nostrum</span> <span class='ocrx_word' id='word_1_1014' title='bbox 1463 1258 1714 1295; x_wconf 77' lang='lat' dir='ltr'>Archiepis&#39;copum</span> <span class='ocrx_word' id='word_1_1015' title='bbox 1736 1257 1928 1286; x_wconf 77' lang='lat' dir='ltr'>Armacanum</span> <span class='ocrx_word' id='word_1_1016' title='bbox 1949 1256 2074 1295; x_wconf 88' lang='lat' dir='ltr'>nequiter</span> <span class='ocrx_word' id='word_1_1017' title='bbox 2093 1258 2285 1298; x_wconf 81' lang='lat' dir='ltr'>tetenderunt,</span> 
     </span>
     <span class='ocr_line' id='line_1_123' title="bbox 1230 1295 2287 1337; baseline -0.003 -7"><span class='ocrx_word' id='word_1_1018' title='bbox 1230 1300 1263 1330; x_wconf 73' lang='grc' dir='ltr'>δε</span> <span class='ocrx_word' id='word_1_1019' title='bbox 1281 1299 1377 1337; x_wconf 82' lang='lat' dir='ltr'>sagittis</span> <span class='ocrx_word' id='word_1_1020' title='bbox 1395 1297 1495 1328; x_wconf 80' lang='lat' dir='ltr'>dolosis</span> <span class='ocrx_word' id='word_1_1021' title='bbox 1510 1319 1519 1334; x_wconf 90' lang='lat'>,</span> <span class='ocrx_word' id='word_1_1022' title='bbox 1533 1306 1599 1335; x_wconf 89' lang='lat' dir='ltr'>quas</span> <span class='ocrx_word' id='word_1_1023' title='bbox 1619 1297 1647 1325; x_wconf 92' lang='lat' dir='ltr'>in</span> <span class='ocrx_word' id='word_1_1024' title='bbox 1668 1296 1796 1333; x_wconf 85' lang='lat' dir='ltr'>pharetra</span> <span class='ocrx_word' id='word_1_1025' title='bbox 1818 1304 1912 1333; x_wconf 82' lang='lat' dir='ltr'>parant</span> <span class='ocrx_word' id='word_1_1026' title='bbox 1927 1317 1937 1332; x_wconf 87' lang='lat'>,</span> <span class='ocrx_word' id='word_1_1027' title='bbox 1955 1295 2094 1324; x_wconf 84' lang='lat' dir='ltr'>mendacii</span> <span class='ocrx_word' id='word_1_1028' title='bbox 2108 1296 2201 1334; x_wconf 85' lang='lat' dir='ltr'>regalis</span> <span class='ocrx_word' id='word_1_1029' title='bbox 2216 1307 2287 1327; x_wconf 85' lang='lat' dir='ltr'>con-</span> 
     </span>
     <span class='ocr_line' id='line_1_124' title="bbox 1231 1332 2288 1379; baseline -0.004 -11"><span class='ocrx_word' id='word_1_1030' title='bbox 1231 1338 1354 1368; x_wconf 78' lang='lat' dir='ltr'>scientiae</span> <span class='ocrx_word' id='word_1_1031' title='bbox 1368 1336 1469 1367; x_wconf 62' lang='lat' dir='ltr'>laedere</span> <span class='ocrx_word' id='word_1_1032' title='bbox 1482 1335 1665 1373; x_wconf 83' lang='lat' dir='ltr'>integritatem</span> <span class='ocrx_word' id='word_1_1033' title='bbox 1686 1335 1820 1371; x_wconf 80' lang='lat' dir='ltr'>nitentes,</span> <span class='ocrx_word' id='word_1_1034' title='bbox 1839 1342 1921 1370; x_wconf 73' lang='lat' dir='ltr'>prava</span> <span class='ocrx_word' id='word_1_1035' title='bbox 1936 1333 1972 1362; x_wconf 90' lang='lat' dir='ltr'>de</span> <span class='ocrx_word' id='word_1_1036' title='bbox 1995 1332 2070 1371; x_wconf 88' lang='lat' dir='ltr'>ipso,</span> <span class='ocrx_word' id='word_1_1037' title='bbox 2087 1335 2187 1372; x_wconf 85' lang='lat' dir='ltr'>quibus</span> <span class='ocrx_word' id='word_1_1038' title='bbox 2203 1333 2288 1379; x_wconf 80' lang='lat' dir='ltr'>Regii</span> 
     </span>
     <span class='ocr_line' id='line_1_125' title="bbox 1231 1371 2287 1411; baseline -0.003 -5"><span class='ocrx_word' id='word_1_1039' title='bbox 1231 1376 1347 1407; x_wconf 61' lang='lat' dir='ltr'>affeetu&gt;-</span> <span class='ocrx_word' id='word_1_1040' title='bbox 1367 1374 1400 1406; x_wconf 86' lang='lat' dir='ltr'>ad</span> <span class='ocrx_word' id='word_1_1041' title='bbox 1420 1384 1486 1405; x_wconf 93' lang='lat' dir='ltr'>eum</span> <span class='ocrx_word' id='word_1_1042' title='bbox 1505 1374 1607 1404; x_wconf 86' lang='lat' dir='ltr'>turbari</span> <span class='ocrx_word' id='word_1_1043' title='bbox 1628 1372 1717 1411; x_wconf 90' lang='lat' dir='ltr'>posset</span> <span class='ocrx_word' id='word_1_1044' title='bbox 1737 1372 1892 1410; x_wconf 81' lang='lat' dir='ltr'>sinceritas,</span> <span class='ocrx_word' id='word_1_1045' title='bbox 1911 1372 1963 1401; x_wconf 89' lang='lat' dir='ltr'>tuis</span> <span class='ocrx_word' id='word_1_1046' title='bbox 1977 1371 2106 1402; x_wconf 83' lang='lat' dir='ltr'>dicuntur</span> <span class='ocrx_word' id='word_1_1047' title='bbox 2119 1373 2229 1404; x_wconf 84' lang='lat' dir='ltr'>auribus</span> <span class='ocrx_word' id='word_1_1048' title='bbox 2244 1383 2287 1403; x_wconf 81' lang='lat' dir='ltr'>in-</span> 
     </span>
     <span class='ocr_line' id='line_1_126' title="bbox 1233 1415 1367 1452; baseline -0.015 -7"><span class='ocrx_word' id='word_1_1049' title='bbox 1233 1415 1367 1452; x_wconf 81' lang='lat' dir='ltr'>culcalie,</span> 
     </span>
    </p>

    <p class='ocr_par' dir='ltr' id='par_1_41' title="bbox 1230 1447 2288 1608">
     <span class='ocr_line' id='line_1_127' title="bbox 1272 1447 2288 1487; baseline -0.003 -4"><span class='ocrx_word' id='word_1_1050' title='bbox 1272 1452 1451 1483; x_wconf 81' lang='lat' dir='ltr'>Mendaciter</span> <span class='ocrx_word' id='word_1_1051' title='bbox 1462 1450 1610 1480; x_wconf 85' lang='lat' dir='ltr'>astruentes</span> <span class='ocrx_word' id='word_1_1052' title='bbox 1622 1449 1701 1487; x_wconf 81' lang='lat' dir='ltr'>quod</span> <span class='ocrx_word' id='word_1_1053' title='bbox 1717 1448 1791 1479; x_wconf 88' lang='lat' dir='ltr'>idem</span> <span class='ocrx_word' id='word_1_1054' title='bbox 1808 1447 2042 1486; x_wconf 87' lang='lat' dir='ltr'>Archiepiscopus</span> <span class='ocrx_word' id='word_1_1055' title='bbox 2056 1449 2127 1487; x_wconf 82' lang='lat' dir='ltr'>apud</span> <span class='ocrx_word' id='word_1_1056' title='bbox 2141 1447 2288 1487; x_wconf 82' lang='lat' dir='ltr'>Apostoli-</span> 
     </span>
     <span class='ocr_line' id='line_1_128' title="bbox 1231 1488 2285 1528; baseline -0.001 -7"><span class='ocrx_word' id='word_1_1057' title='bbox 1231 1501 1294 1521; x_wconf 80' lang='lat' dir='ltr'>cam</span> <span class='ocrx_word' id='word_1_1058' title='bbox 1307 1491 1397 1521; x_wconf 85' lang='lat' dir='ltr'>sedem</span> <span class='ocrx_word' id='word_1_1059' title='bbox 1412 1490 1514 1528; x_wconf 68' lang='lat' dir='ltr'>Regia:</span> <span class='ocrx_word' id='word_1_1060' title='bbox 1527 1489 1660 1519; x_wconf 77' lang='lat' dir='ltr'>serenitati</span> <span class='ocrx_word' id='word_1_1061' title='bbox 1673 1488 1840 1525; x_wconf 78' lang='lat' dir='ltr'>detraxerat,</span> <span class='ocrx_word' id='word_1_1062' title='bbox 1859 1488 1891 1517; x_wconf 89' lang='lat'>&amp;</span> <span class='ocrx_word' id='word_1_1063' title='bbox 1903 1488 1932 1516; x_wconf 88' lang='lat' dir='ltr'>in</span> <span class='ocrx_word' id='word_1_1064' title='bbox 1946 1496 1977 1516; x_wconf 79' lang='lat' dir='ltr'>ea</span> <span class='ocrx_word' id='word_1_1065' title='bbox 1993 1488 2058 1525; x_wconf 85' lang='lat' dir='ltr'>tibi,</span> <span class='ocrx_word' id='word_1_1066' title='bbox 2073 1489 2119 1518; x_wconf 87' lang='lat' dir='ltr'>cui</span> <span class='ocrx_word' id='word_1_1067' title='bbox 2135 1488 2285 1525; x_wconf 86' lang='lat' dir='ltr'>plurimum</span> 
     </span>
     <span class='ocr_line' id='line_1_129' title="bbox 1230 1524 2285 1567; baseline -0.003 -7"><span class='ocrx_word' id='word_1_1068' title='bbox 1230 1530 1267 1560; x_wconf 90' lang='lat' dir='ltr'>de</span> <span class='ocrx_word' id='word_1_1069' title='bbox 1285 1538 1363 1560; x_wconf 88' lang='lat' dir='ltr'>tanto</span> <span class='ocrx_word' id='word_1_1070' title='bbox 1384 1529 1442 1558; x_wconf 82' lang='lat' dir='ltr'>silio</span> <span class='ocrx_word' id='word_1_1071' title='bbox 1458 1529 1631 1567; x_wconf 78' lang='lat' dir='ltr'>complacet,</span> <span class='ocrx_word' id='word_1_1072' title='bbox 1655 1527 1688 1557; x_wconf 82' lang='lat'>&amp;</span> <span class='ocrx_word' id='word_1_1073' title='bbox 1703 1526 1879 1562; x_wconf 88' lang='lat' dir='ltr'>complacere</span> <span class='ocrx_word' id='word_1_1074' title='bbox 1894 1525 1924 1555; x_wconf 90' lang='lat' dir='ltr'>in</span> <span class='ocrx_word' id='word_1_1075' title='bbox 1939 1524 2054 1555; x_wconf 88' lang='lat' dir='ltr'>Christo</span> <span class='ocrx_word' id='word_1_1076' title='bbox 2068 1525 2195 1565; x_wconf 52' lang='lat' dir='ltr'>afferrat,</span> <span class='ocrx_word' id='word_1_1077' title='bbox 2214 1536 2285 1557; x_wconf 86' lang='lat' dir='ltr'>tam-</span> 
     </span>
     <span class='ocr_line' id='line_1_130' title="bbox 1230 1563 1941 1608; baseline -0.007 -10"><span class='ocrx_word' id='word_1_1078' title='bbox 1230 1578 1315 1608; x_wconf 88' lang='lat' dir='ltr'>quam</span> <span class='ocrx_word' id='word_1_1079' title='bbox 1329 1567 1490 1598; x_wconf 86' lang='lat' dir='ltr'>advcrsarius</span> <span class='ocrx_word' id='word_1_1080' title='bbox 1504 1566 1621 1596; x_wconf 86' lang='lat' dir='ltr'>extiterit</span> <span class='ocrx_word' id='word_1_1081' title='bbox 1636 1565 1732 1594; x_wconf 87' lang='lat' dir='ltr'>noxius</span> <span class='ocrx_word' id='word_1_1082' title='bbox 1746 1574 1779 1594; x_wconf 84' lang='lat' dir='ltr'>ac</span> <span class='ocrx_word' id='word_1_1083' title='bbox 1794 1563 1941 1601; x_wconf 74' lang='lat' dir='ltr'>molestus,</span> 
     </span>
    </p>

    <p class='ocr_par' dir='ltr' id='par_1_42' title="bbox 1228 1601 2287 1875">
     <span class='ocr_line' id='line_1_131' title="bbox 1267 1601 2284 1644; baseline -0.002 -8"><span class='ocrx_word' id='word_1_1084' title='bbox 1267 1606 1369 1644; x_wconf 89' lang='lat' dir='ltr'>Sicque</span> <span class='ocrx_word' id='word_1_1085' title='bbox 1382 1607 1433 1636; x_wconf 90' lang='lat' dir='ltr'>suis</span> <span class='ocrx_word' id='word_1_1086' title='bbox 1443 1605 1584 1635; x_wconf 89' lang='lat' dir='ltr'>virulentis</span> <span class='ocrx_word' id='word_1_1087' title='bbox 1599 1603 1711 1633; x_wconf 78' lang='lat' dir='ltr'>suasibus</span> <span class='ocrx_word' id='word_1_1088' title='bbox 1725 1602 1843 1641; x_wconf 74' lang='lat' dir='ltr'>regalem</span> <span class='ocrx_word' id='word_1_1089' title='bbox 1857 1601 1980 1632; x_wconf 89' lang='lat' dir='ltr'>adversus</span> <span class='ocrx_word' id='word_1_1090' title='bbox 2000 1602 2121 1632; x_wconf 88' lang='lat' dir='ltr'>eundern</span> <span class='ocrx_word' id='word_1_1091' title='bbox 2138 1602 2284 1644; x_wconf 87' lang='lat' dir='ltr'>Archiepi-</span> 
     </span>
     <span class='ocr_line' id='line_1_132' title="bbox 1231 1640 2287 1682; baseline -0.001 -8"><span class='ocrx_word' id='word_1_1092' title='bbox 1231 1645 1349 1682; x_wconf 90' lang='lat' dir='ltr'>scopum</span> <span class='ocrx_word' id='word_1_1093' title='bbox 1364 1644 1495 1675; x_wconf 85' lang='lat' dir='ltr'>dicuntur</span> <span class='ocrx_word' id='word_1_1094' title='bbox 1511 1641 1748 1673; x_wconf 85' lang='lat' dir='ltr'>mansuetudinem</span> <span class='ocrx_word' id='word_1_1095' title='bbox 1760 1640 1938 1679; x_wconf 73' lang='lat' dir='ltr'>provocasse,</span> <span class='ocrx_word' id='word_1_1096' title='bbox 1954 1641 2029 1678; x_wconf 89' lang='lat' dir='ltr'>quod</span> <span class='ocrx_word' id='word_1_1097' title='bbox 2038 1641 2287 1682; x_wconf 85' lang='lat' dir='ltr'>Archiepiscopalia</span> 
     </span>
     <span class='ocr_line' id='line_1_133' title="bbox 1228 1679 2286 1721; baseline -0.001 -9"><span class='ocrx_word' id='word_1_1098' title='bbox 1228 1683 1305 1714; x_wconf 88' lang='lat' dir='ltr'>bona</span> <span class='ocrx_word' id='word_1_1099' title='bbox 1318 1683 1467 1721; x_wconf 87' lang='lat' dir='ltr'>direptioni</span> <span class='ocrx_word' id='word_1_1100' title='bbox 1480 1684 1512 1714; x_wconf 75' lang='grc' dir='ltr'>δε</span> <span class='ocrx_word' id='word_1_1101' title='bbox 1526 1681 1627 1720; x_wconf 50' lang='lat' dir='ltr'>praed-&gt;se</span> <span class='ocrx_word' id='word_1_1102' title='bbox 1642 1681 1671 1710; x_wconf 92' lang='lat' dir='ltr'>in</span> <span class='ocrx_word' id='word_1_1103' title='bbox 1690 1680 1767 1718; x_wconf 76' lang='lat' dir='ltr'>ipsiu:</span> <span class='ocrx_word' id='word_1_1104' title='bbox 1787 1679 1905 1709; x_wconf 83' lang='lat' dir='ltr'>absentia</span> <span class='ocrx_word' id='word_1_1105' title='bbox 1920 1687 2043 1716; x_wconf 80' lang='lat' dir='ltr'>pateant,</span> <span class='ocrx_word' id='word_1_1106' title='bbox 2059 1680 2091 1710; x_wconf 90' lang='lat'>&amp;</span> <span class='ocrx_word' id='word_1_1107' title='bbox 2107 1680 2231 1711; x_wconf 81' lang='lat' dir='ltr'>adversus</span> <span class='ocrx_word' id='word_1_1108' title='bbox 2243 1681 2286 1711; x_wconf 90' lang='lat' dir='ltr'>di-</span> 
     </span>
     <span class='ocr_line' id='line_1_134' title="bbox 1228 1718 2284 1760; baseline -0.001 -9"><span class='ocrx_word' id='word_1_1109' title='bbox 1228 1723 1388 1760; x_wconf 84' lang='lat' dir='ltr'>ripientium</span> <span class='ocrx_word' id='word_1_1110' title='bbox 1402 1723 1435 1753; x_wconf 84' lang='lat'>&amp;</span> <span class='ocrx_word' id='word_1_1111' title='bbox 1449 1721 1656 1751; x_wconf 85' lang='lat' dir='ltr'>molestantium</span> <span class='ocrx_word' id='word_1_1112' title='bbox 1669 1718 1745 1749; x_wconf 77' lang='lat' dir='ltr'>ausus</span> <span class='ocrx_word' id='word_1_1113' title='bbox 1759 1718 1899 1757; x_wconf 67' lang='lat' dir='ltr'>sacrilegos</span> <span class='ocrx_word' id='word_1_1114' title='bbox 1912 1727 2062 1756; x_wconf 72' lang='lat' dir='ltr'>oportunae</span> <span class='ocrx_word' id='word_1_1115' title='bbox 2076 1718 2241 1749; x_wconf 85' lang='lat' dir='ltr'>defensionis</span> <span class='ocrx_word' id='word_1_1116' title='bbox 2257 1727 2284 1750; x_wconf 87' lang='lat' dir='ltr'>te</span> 
     </span>
     <span class='ocr_line' id='line_1_135' title="bbox 1228 1756 2284 1796; baseline -0.004 -5"><span class='ocrx_word' id='word_1_1117' title='bbox 1228 1761 1405 1791; x_wconf 74' lang='lat' dir='ltr'>subtrahente</span> <span class='ocrx_word' id='word_1_1118' title='bbox 1426 1761 1572 1790; x_wconf 87' lang='lat' dir='ltr'>munimen</span> <span class='ocrx_word' id='word_1_1119' title='bbox 1586 1780 1594 1796; x_wconf 82' lang='grc'>,</span> <span class='ocrx_word' id='word_1_1120' title='bbox 1615 1759 1647 1788; x_wconf 60' lang='grc' dir='ltr'>ἃς</span> <span class='ocrx_word' id='word_1_1121' title='bbox 1670 1756 1812 1787; x_wconf 76' lang='lat' dir='ltr'>censuram</span> <span class='ocrx_word' id='word_1_1122' title='bbox 1833 1757 1967 1794; x_wconf 74' lang='lat' dir='ltr'>aequitatis</span> <span class='ocrx_word' id='word_1_1123' title='bbox 1988 1756 2086 1795; x_wconf 79' lang='lat' dir='ltr'>Regiae</span> <span class='ocrx_word' id='word_1_1124' title='bbox 2107 1759 2284 1796; x_wconf 87' lang='lat' dir='ltr'>remittente,</span> 
     </span>
     <span class='ocr_line' id='line_1_136' title="bbox 1228 1794 2282 1838; baseline -0.001 -10"><span class='ocrx_word' id='word_1_1125' title='bbox 1228 1801 1320 1838; x_wconf 80' lang='lat' dir='ltr'>gravia</span> <span class='ocrx_word' id='word_1_1126' title='bbox 1333 1801 1361 1829; x_wconf 88' lang='lat' dir='ltr'>in</span> <span class='ocrx_word' id='word_1_1127' title='bbox 1377 1799 1457 1829; x_wconf 90' lang='lat' dir='ltr'>bonis</span> <span class='ocrx_word' id='word_1_1128' title='bbox 1470 1800 1502 1830; x_wconf 82' lang='lat'>&amp;</span> <span class='ocrx_word' id='word_1_1129' title='bbox 1516 1797 1666 1828; x_wconf 80' lang='lat' dir='ltr'>redditibus</span> <span class='ocrx_word' id='word_1_1130' title='bbox 1686 1796 1737 1825; x_wconf 87' lang='lat' dir='ltr'>suis</span> <span class='ocrx_word' id='word_1_1131' title='bbox 1758 1796 1871 1825; x_wconf 86' lang='lat' dir='ltr'>incurrit</span> <span class='ocrx_word' id='word_1_1132' title='bbox 1879 1796 1980 1834; x_wconf 85' lang='lat' dir='ltr'>jugiter</span> <span class='ocrx_word' id='word_1_1133' title='bbox 1993 1794 2069 1825; x_wconf 89' lang='lat' dir='ltr'>idem</span> <span class='ocrx_word' id='word_1_1134' title='bbox 2083 1795 2282 1834; x_wconf 79' lang='lat' dir='ltr'>Archiepisco-</span> 
     </span>
     <span class='ocr_line' id='line_1_137' title="bbox 1231 1838 1470 1875; baseline -0.004 -8"><span class='ocrx_word' id='word_1_1135' title='bbox 1231 1848 1281 1875; x_wconf 83' lang='lat' dir='ltr'>pus</span> <span class='ocrx_word' id='word_1_1136' title='bbox 1296 1838 1470 1868; x_wconf 77' lang='lat' dir='ltr'>detrimenta.</span> 
     </span>
    </p>

    <p class='ocr_par' dir='ltr' id='par_1_43' title="bbox 1229 1871 2288 2176">
     <span class='ocr_line' id='line_1_138' title="bbox 1268 1871 2287 1912; baseline -0.004 -6"><span class='ocrx_word' id='word_1_1137' title='bbox 1268 1876 1427 1906; x_wconf 81' lang='lat' dir='ltr'>Occasione</span> <span class='ocrx_word' id='word_1_1138' title='bbox 1448 1874 1557 1912; x_wconf 87' lang='lat' dir='ltr'>insuper</span> <span class='ocrx_word' id='word_1_1139' title='bbox 1578 1873 1681 1911; x_wconf 76' lang='lat' dir='ltr'>sumpta</span> <span class='ocrx_word' id='word_1_1140' title='bbox 1702 1881 1734 1901; x_wconf 75' lang='lat' dir='ltr'>ex</span> <span class='ocrx_word' id='word_1_1141' title='bbox 1758 1882 1792 1901; x_wconf 91' lang='lat' dir='ltr'>eo</span> <span class='ocrx_word' id='word_1_1142' title='bbox 1811 1871 1886 1910; x_wconf 87' lang='lat' dir='ltr'>quod</span> <span class='ocrx_word' id='word_1_1143' title='bbox 1909 1871 1996 1901; x_wconf 87' lang='lat' dir='ltr'>nullus</span> <span class='ocrx_word' id='word_1_1144' title='bbox 2017 1872 2044 1901; x_wconf 91' lang='lat' dir='ltr'>in</span> <span class='ocrx_word' id='word_1_1145' title='bbox 2059 1871 2163 1911; x_wconf 85' lang='lat' dir='ltr'>Regno</span> <span class='ocrx_word' id='word_1_1146' title='bbox 2177 1872 2287 1911; x_wconf 71' lang='lat' dir='ltr'>Angliae</span> 
     </span>
     <span class='ocr_line' id='line_1_139' title="bbox 1229 1908 2288 1952; baseline -0.003 -8"><span class='ocrx_word' id='word_1_1147' title='bbox 1229 1914 1323 1944; x_wconf 69' lang='lat' dir='ltr'>absens</span> <span class='ocrx_word' id='word_1_1148' title='bbox 1339 1922 1548 1952; x_wconf 87' lang='lat' dir='ltr'>procuratorem</span> <span class='ocrx_word' id='word_1_1149' title='bbox 1564 1934 1572 1950; x_wconf 85' lang='lat'>,</span> <span class='ocrx_word' id='word_1_1150' title='bbox 1591 1913 1638 1948; x_wconf 78' lang='lat' dir='ltr'>qui</span> <span class='ocrx_word' id='word_1_1151' title='bbox 1658 1919 1807 1940; x_wconf 76' lang='lat' dir='ltr'>atturnatus</span> <span class='ocrx_word' id='word_1_1152' title='bbox 1822 1910 1967 1948; x_wconf 71' lang='lat' dir='ltr'>vulgariter</span> <span class='ocrx_word' id='word_1_1153' title='bbox 1981 1909 2099 1948; x_wconf 89' lang='lat' dir='ltr'>dicitur,</span> <span class='ocrx_word' id='word_1_1154' title='bbox 2118 1908 2288 1941; x_wconf 68' lang='lat' dir='ltr'>constituere</span> 
     </span>
     <span class='ocr_line' id='line_1_140' title="bbox 1229 1947 2288 1989; baseline -0.003 -7"><span class='ocrx_word' id='word_1_1155' title='bbox 1229 1952 1380 1983; x_wconf 78' lang='lat' dir='ltr'>secundum</span> <span class='ocrx_word' id='word_1_1156' title='bbox 1403 1953 1545 1989; x_wconf 81' lang='lat' dir='ltr'>antiquam</span> <span class='ocrx_word' id='word_1_1157' title='bbox 1568 1949 1662 1989; x_wconf 83' lang='lat' dir='ltr'>Regni</span> <span class='ocrx_word' id='word_1_1158' title='bbox 1682 1948 1800 1987; x_wconf 67' lang='lat' dir='ltr'>ejusdem</span> <span class='ocrx_word' id='word_1_1159' title='bbox 1822 1947 2051 1978; x_wconf 88' lang='lat' dir='ltr'>consuetudinem</span> <span class='ocrx_word' id='word_1_1160' title='bbox 2071 1948 2177 1979; x_wconf 88' lang='lat' dir='ltr'>valeat:</span> <span class='ocrx_word' id='word_1_1161' title='bbox 2198 1949 2288 1980; x_wconf 88' lang='lat' dir='ltr'>Non-</span> 
     </span>
     <span class='ocr_line' id='line_1_141' title="bbox 1229 1986 2287 2030; baseline -0.003 -10"><span class='ocrx_word' id='word_1_1162' title='bbox 1229 1991 1301 2021; x_wconf 79' lang='lat' dir='ltr'>nulla</span> <span class='ocrx_word' id='word_1_1163' title='bbox 1317 2014 1326 2030; x_wconf 92' lang='lat'>,</span> <span class='ocrx_word' id='word_1_1164' title='bbox 1351 2000 1485 2029; x_wconf 68' lang='lat' dir='ltr'>praeteii&#39;tu</span> <span class='ocrx_word' id='word_1_1165' title='bbox 1507 1989 1586 2030; x_wconf 77' lang='lat' dir='ltr'>ipsius</span> <span class='ocrx_word' id='word_1_1166' title='bbox 1608 1987 1809 2018; x_wconf 70' lang='lat' dir='ltr'>consuetudinis</span> <span class='ocrx_word' id='word_1_1167' title='bbox 1823 2009 1832 2024; x_wconf 94' lang='lat'>,</span> <span class='ocrx_word' id='word_1_1168' title='bbox 1850 1988 1879 2016; x_wconf 90' lang='lat' dir='ltr'>in</span> <span class='ocrx_word' id='word_1_1169' title='bbox 1903 1986 2008 2024; x_wconf 74' lang='lat' dir='ltr'>praefati</span> <span class='ocrx_word' id='word_1_1170' title='bbox 2022 1987 2235 2025; x_wconf 85' lang='lat' dir='ltr'>Archiepiscopi</span> <span class='ocrx_word' id='word_1_1171' title='bbox 2253 1989 2287 2019; x_wconf 71' lang='grc' dir='ltr'>δε</span> 
     </span>
     <span class='ocr_line' id='line_1_142' title="bbox 1229 2025 2288 2064; baseline -0.005 -4"><span class='ocrx_word' id='word_1_1172' title='bbox 1229 2029 1364 2060; x_wconf 63' lang='grc' dir='ltr'>Εςεὶειὶῑε</span> <span class='ocrx_word' id='word_1_1173' title='bbox 1378 2029 1526 2059; x_wconf 73' lang='lat' dir='ltr'>Armacan.</span> <span class='ocrx_word' id='word_1_1174' title='bbox 1543 2036 1692 2064; x_wconf 72' lang='lat' dir='ltr'>grava-,nen</span> <span class='ocrx_word' id='word_1_1175' title='bbox 1703 2049 1711 2063; x_wconf 93' lang='lat'>,</span> <span class='ocrx_word' id='word_1_1176' title='bbox 1730 2026 1898 2063; x_wconf 85' lang='lat' dir='ltr'>suorumque</span> <span class='ocrx_word' id='word_1_1177' title='bbox 1912 2025 2055 2055; x_wconf 69' lang='lat' dir='ltr'>laesionem</span> <span class='ocrx_word' id='word_1_1178' title='bbox 2070 2025 2228 2056; x_wconf 90' lang='lat' dir='ltr'>reddituum</span> <span class='ocrx_word' id='word_1_1179' title='bbox 2245 2026 2288 2055; x_wconf 83' lang='lat' dir='ltr'>in-</span> 
     </span>
     <span class='ocr_line' id='line_1_143' title="bbox 1231 2063 2288 2108; baseline -0.004 -10"><span class='ocrx_word' id='word_1_1180' title='bbox 1231 2077 1418 2108; x_wconf 70' lang='lat' dir='ltr'>temptantur,</span> <span class='ocrx_word' id='word_1_1181' title='bbox 1441 2077 1508 2097; x_wconf 90' lang='lat' dir='ltr'>curn</span> <span class='ocrx_word' id='word_1_1182' title='bbox 1530 2066 1635 2104; x_wconf 86' lang='lat' dir='ltr'>ipsum,</span> <span class='ocrx_word' id='word_1_1183' title='bbox 1654 2065 1732 2101; x_wconf 74' lang='lat' dir='ltr'>stiper</span> <span class='ocrx_word' id='word_1_1184' title='bbox 1749 2064 1831 2093; x_wconf 77' lang='lat' dir='ltr'>caufis</span> <span class='ocrx_word' id='word_1_1185' title='bbox 1852 2064 1979 2094; x_wconf 89' lang='lat' dir='ltr'>civilibus</span> <span class='ocrx_word' id='word_1_1186' title='bbox 1998 2064 2139 2094; x_wconf 90' lang='lat' dir='ltr'>interdum</span> <span class='ocrx_word' id='word_1_1187' title='bbox 2157 2065 2186 2094; x_wconf 91' lang='lat' dir='ltr'>in</span> <span class='ocrx_word' id='word_1_1188' title='bbox 2201 2063 2288 2095; x_wconf 86' lang='lat' dir='ltr'>Curia</span> 
     </span>
     <span class='ocr_line' id='line_1_144' title="bbox 1230 2101 2285 2146; baseline -0.003 -10"><span class='ocrx_word' id='word_1_1189' title='bbox 1230 2107 1329 2146; x_wconf 77' lang='lat' dir='ltr'>Regali</span> <span class='ocrx_word' id='word_1_1190' title='bbox 1342 2108 1475 2144; x_wconf 77' lang='lat' dir='ltr'>citatum,</span> <span class='ocrx_word' id='word_1_1191' title='bbox 1494 2105 1539 2136; x_wconf 89' lang='lat' dir='ltr'>vel</span> <span class='ocrx_word' id='word_1_1192' title='bbox 1548 2105 1608 2143; x_wconf 84' lang='lat' dir='ltr'>jura</span> <span class='ocrx_word' id='word_1_1193' title='bbox 1622 2104 1742 2142; x_wconf 77' lang='lat' dir='ltr'>ejusdem</span> <span class='ocrx_word' id='word_1_1194' title='bbox 1757 2102 1845 2133; x_wconf 78' lang='lat' dir='ltr'>nullus</span> <span class='ocrx_word' id='word_1_1195' title='bbox 1859 2103 1925 2133; x_wconf 83' lang='lat' dir='ltr'>tucri</span> <span class='ocrx_word' id='word_1_1196' title='bbox 1941 2101 2025 2140; x_wconf 82' lang='lat' dir='ltr'>possit</span> <span class='ocrx_word' id='word_1_1197' title='bbox 2041 2103 2070 2132; x_wconf 91' lang='lat' dir='ltr'>in</span> <span class='ocrx_word' id='word_1_1198' title='bbox 2085 2103 2203 2133; x_wconf 86' lang='lat' dir='ltr'>absentia</span> <span class='ocrx_word' id='word_1_1199' title='bbox 2218 2113 2285 2141; x_wconf 84' lang='lat' dir='ltr'>pro-</span> 
     </span>
     <span class='ocr_line' id='line_1_145' title="bbox 1231 2155 1350 2176; baseline -0.017 0"><span class='ocrx_word' id='word_1_1200' title='bbox 1231 2155 1350 2176; x_wconf 75' lang='lat' dir='ltr'>curator.</span> 
     </span>
    </p>

    <p class='ocr_par' dir='ltr' id='par_1_44' title="bbox 1226 2177 2293 2647">
     <span class='ocr_line' id='line_1_146' title="bbox 1267 2177 2291 2223; baseline -0.004 -9"><span class='ocrx_word' id='word_1_1201' title='bbox 1267 2183 1346 2214; x_wconf 86' lang='lat' dir='ltr'>Cum</span> <span class='ocrx_word' id='word_1_1202' title='bbox 1360 2185 1441 2223; x_wconf 84' lang='lat' dir='ltr'>igitur</span> <span class='ocrx_word' id='word_1_1203' title='bbox 1456 2182 1531 2212; x_wconf 88' lang='lat' dir='ltr'>idem</span> <span class='ocrx_word' id='word_1_1204' title='bbox 1545 2178 1776 2219; x_wconf 84' lang='lat' dir='ltr'>Archiepiscopus</span> <span class='ocrx_word' id='word_1_1205' title='bbox 1790 2179 1868 2217; x_wconf 87' lang='lat' dir='ltr'>super</span> <span class='ocrx_word' id='word_1_1206' title='bbox 1882 2179 1940 2209; x_wconf 92' lang='lat' dir='ltr'>hoc</span> <span class='ocrx_word' id='word_1_1207' title='bbox 1955 2179 1988 2209; x_wconf 69' lang='grc' dir='ltr'>ὃς</span> <span class='ocrx_word' id='word_1_1208' title='bbox 2001 2177 2058 2208; x_wconf 81' lang='lat' dir='ltr'>aliis</span> <span class='ocrx_word' id='word_1_1209' title='bbox 2067 2202 2076 2218; x_wconf 91' lang='lat'>,</span> <span class='ocrx_word' id='word_1_1210' title='bbox 2093 2188 2155 2218; x_wconf 81' lang='lat' dir='ltr'>quae</span> <span class='ocrx_word' id='word_1_1211' title='bbox 2165 2179 2291 2210; x_wconf 78' lang='lat' dir='ltr'>mansue-</span> 
     </span>
     <span class='ocr_line' id='line_1_147' title="bbox 1229 2217 2293 2261; baseline -0.004 -9"><span class='ocrx_word' id='word_1_1212' title='bbox 1229 2222 1357 2252; x_wconf 85' lang='lat' dir='ltr'>tudinem</span> <span class='ocrx_word' id='word_1_1213' title='bbox 1377 2222 1496 2261; x_wconf 77' lang='lat' dir='ltr'>regalem</span> <span class='ocrx_word' id='word_1_1214' title='bbox 1518 2220 1694 2251; x_wconf 84' lang='lat' dir='ltr'>offenderent</span> <span class='ocrx_word' id='word_1_1215' title='bbox 1707 2240 1717 2255; x_wconf 88' lang='lat'>,</span> <span class='ocrx_word' id='word_1_1216' title='bbox 1739 2217 1835 2248; x_wconf 83' lang='lat' dir='ltr'>existat</span> <span class='ocrx_word' id='word_1_1217' title='bbox 1854 2219 1982 2247; x_wconf 85' lang='lat' dir='ltr'>innoxius</span> <span class='ocrx_word' id='word_1_1218' title='bbox 1994 2241 2005 2257; x_wconf 86' lang='lat'>,</span> <span class='ocrx_word' id='word_1_1219' title='bbox 2025 2218 2058 2247; x_wconf 74' lang='grc' dir='ltr'>ὃ(</span> <span class='ocrx_word' id='word_1_1220' title='bbox 2080 2218 2134 2247; x_wconf 78' lang='lat' dir='ltr'>aliis</span> <span class='ocrx_word' id='word_1_1221' title='bbox 2149 2228 2165 2248; x_wconf 89' lang='lat' dir='ltr'>a</span> <span class='ocrx_word' id='word_1_1222' title='bbox 2179 2217 2206 2248; x_wconf 92' lang='lat' dir='ltr'>se</span> <span class='ocrx_word' id='word_1_1223' title='bbox 2220 2219 2293 2248; x_wconf 71' lang='lat' dir='ltr'>rese-1</span> 
     </span>
     <span class='ocr_line' id='line_1_148' title="bbox 1228 2255 2290 2300; baseline -0.004 -9"><span class='ocrx_word' id='word_1_1224' title='bbox 1228 2261 1302 2300; x_wconf 86' lang='lat' dir='ltr'>gasse</span> <span class='ocrx_word' id='word_1_1225' title='bbox 1315 2260 1440 2291; x_wconf 67' lang='lat' dir='ltr'>credatur</span> <span class='ocrx_word' id='word_1_1226' title='bbox 1451 2260 1548 2290; x_wconf 86' lang='lat' dir='ltr'>omnia</span> <span class='ocrx_word' id='word_1_1227' title='bbox 1559 2268 1622 2297; x_wconf 82' lang='lat' dir='ltr'>quae</span> <span class='ocrx_word' id='word_1_1228' title='bbox 1642 2260 1672 2287; x_wconf 89' lang='lat' dir='ltr'>in</span> <span class='ocrx_word' id='word_1_1229' title='bbox 1688 2255 1825 2286; x_wconf 78' lang='lat' dir='ltr'>offensam</span> <span class='ocrx_word' id='word_1_1230' title='bbox 1839 2256 1969 2286; x_wconf 85' lang='lat' dir='ltr'>cederent</span> <span class='ocrx_word' id='word_1_1231' title='bbox 1986 2255 2070 2294; x_wconf 77' lang='lat' dir='ltr'>Regis</span> <span class='ocrx_word' id='word_1_1232' title='bbox 2092 2255 2228 2294; x_wconf 80' lang='lat' dir='ltr'>Regum,</span> <span class='ocrx_word' id='word_1_1233' title='bbox 2243 2258 2290 2287; x_wconf 86' lang='lat' dir='ltr'>sit-</span> 
     </span>
     <span class='ocr_line' id='line_1_149' title="bbox 1230 2293 2290 2337; baseline -0.004 -9"><span class='ocrx_word' id='word_1_1234' title='bbox 1230 2310 1285 2337; x_wconf 82' lang='lat' dir='ltr'>que</span> <span class='ocrx_word' id='word_1_1235' title='bbox 1298 2300 1334 2330; x_wconf 84' lang='lat' dir='ltr'>ab</span> <span class='ocrx_word' id='word_1_1236' title='bbox 1349 2298 1506 2337; x_wconf 80' lang='lat' dir='ltr'>hujusmodi</span> <span class='ocrx_word' id='word_1_1237' title='bbox 1523 2298 1663 2328; x_wconf 86' lang='lat' dir='ltr'>malorum</span> <span class='ocrx_word' id='word_1_1238' title='bbox 1676 2295 1899 2332; x_wconf 86' lang='lat' dir='ltr'>inventionibus,</span> <span class='ocrx_word' id='word_1_1239' title='bbox 1914 2296 1947 2326; x_wconf 89' lang='lat'>&amp;</span> <span class='ocrx_word' id='word_1_1240' title='bbox 1962 2293 2121 2324; x_wconf 66' lang='lat' dir='ltr'>fictionibus</span> <span class='ocrx_word' id='word_1_1241' title='bbox 2137 2295 2290 2333; x_wconf 84' lang='lat' dir='ltr'>malignan-</span> 
     </span>
     <span class='ocr_line' id='line_1_150' title="bbox 1229 2333 2287 2376; baseline -0.005 -8"><span class='ocrx_word' id='word_1_1242' title='bbox 1229 2339 1301 2368; x_wconf 81' lang='lat' dir='ltr'>tium</span> <span class='ocrx_word' id='word_1_1243' title='bbox 1324 2338 1426 2369; x_wconf 85' lang='lat' dir='ltr'>alienus</span> <span class='ocrx_word' id='word_1_1244' title='bbox 1441 2361 1450 2376; x_wconf 95' lang='lat'>,</span> <span class='ocrx_word' id='word_1_1245' title='bbox 1469 2337 1641 2367; x_wconf 88' lang='lat' dir='ltr'>serenitatem</span> <span class='ocrx_word' id='word_1_1246' title='bbox 1663 2343 1739 2364; x_wconf 86' lang='lat' dir='ltr'>tuam</span> <span class='ocrx_word' id='word_1_1247' title='bbox 1750 2355 1759 2371; x_wconf 81' lang='lat'>,</span> <span class='ocrx_word' id='word_1_1248' title='bbox 1775 2335 1809 2364; x_wconf 87' lang='lat' dir='ltr'>ad</span> <span class='ocrx_word' id='word_1_1249' title='bbox 1829 2334 1912 2363; x_wconf 85' lang='lat' dir='ltr'>instar</span> <span class='ocrx_word' id='word_1_1250' title='bbox 1924 2333 2012 2364; x_wconf 86' lang='lat' dir='ltr'>felicis</span> <span class='ocrx_word' id='word_1_1251' title='bbox 2026 2333 2225 2363; x_wconf 85' lang='lat' dir='ltr'>recordationis</span> <span class='ocrx_word' id='word_1_1252' title='bbox 2240 2333 2287 2363; x_wconf 88' lang='lat' dir='ltr'>In-</span> 
     </span>
     <span class='ocr_line' id='line_1_151' title="bbox 1227 2371 2288 2415; baseline -0.004 -8"><span class='ocrx_word' id='word_1_1253' title='bbox 1227 2379 1353 2407; x_wconf 85' lang='lat' dir='ltr'>nocentii</span> <span class='ocrx_word' id='word_1_1254' title='bbox 1366 2400 1375 2415; x_wconf 91' lang='lat'>,</span> <span class='ocrx_word' id='word_1_1255' title='bbox 1402 2376 1488 2414; x_wconf 79' lang='lat' dir='ltr'>Papae</span> <span class='ocrx_word' id='word_1_1256' title='bbox 1509 2373 1715 2414; x_wconf 67' lang='lat' dir='ltr'>praedecefforis</span> <span class='ocrx_word' id='word_1_1257' title='bbox 1733 2371 1846 2410; x_wconf 86' lang='lat' dir='ltr'>nostri,</span> <span class='ocrx_word' id='word_1_1258' title='bbox 1863 2373 1968 2403; x_wconf 84' lang='lat' dir='ltr'>attente</span> <span class='ocrx_word' id='word_1_1259' title='bbox 1990 2371 2144 2409; x_wconf 87' lang='lat' dir='ltr'>rogandam</span> <span class='ocrx_word' id='word_1_1260' title='bbox 2157 2372 2288 2403; x_wconf 79' lang='lat' dir='ltr'>duximus</span> 
     </span>
     <span class='ocr_line' id='line_1_152' title="bbox 1228 2409 2287 2454; baseline -0.005 -8"><span class='ocrx_word' id='word_1_1261' title='bbox 1228 2415 1261 2445; x_wconf 89' lang='lat'>&amp;</span> <span class='ocrx_word' id='word_1_1262' title='bbox 1274 2414 1457 2452; x_wconf 82' lang='lat' dir='ltr'>hortandam,</span> <span class='ocrx_word' id='word_1_1263' title='bbox 1472 2415 1612 2454; x_wconf 85' lang='lat' dir='ltr'>quatinus,</span> <span class='ocrx_word' id='word_1_1264' title='bbox 1630 2413 1649 2442; x_wconf 91' lang='lat' dir='ltr'>si</span> <span class='ocrx_word' id='word_1_1265' title='bbox 1662 2411 1723 2441; x_wconf 80' lang='lat' dir='ltr'>talia</span> <span class='ocrx_word' id='word_1_1266' title='bbox 1737 2411 1772 2440; x_wconf 86' lang='lat' dir='ltr'>de</span> <span class='ocrx_word' id='word_1_1267' title='bbox 1793 2410 1852 2448; x_wconf 90' lang='lat' dir='ltr'>ipso</span> <span class='ocrx_word' id='word_1_1268' title='bbox 1867 2409 2088 2449; x_wconf 88' lang='lat' dir='ltr'>Archiepiscopo</span> <span class='ocrx_word' id='word_1_1269' title='bbox 2103 2409 2287 2448; x_wconf 82' lang='lat' dir='ltr'>magnificen-</span> 
     </span>
     <span class='ocr_line' id='line_1_153' title="bbox 1226 2448 2287 2491; baseline -0.003 -8"><span class='ocrx_word' id='word_1_1270' title='bbox 1226 2454 1273 2483; x_wconf 87' lang='lat' dir='ltr'>tiae</span> <span class='ocrx_word' id='word_1_1271' title='bbox 1287 2454 1347 2483; x_wconf 63' lang='lat' dir='ltr'>fiant</span> <span class='ocrx_word' id='word_1_1272' title='bbox 1362 2453 1444 2491; x_wconf 80' lang='lat' dir='ltr'>regali</span> <span class='ocrx_word' id='word_1_1273' title='bbox 1456 2452 1594 2491; x_wconf 78' lang='lat' dir='ltr'>suggesta,</span> <span class='ocrx_word' id='word_1_1274' title='bbox 1612 2449 1804 2481; x_wconf 84' lang='lat' dir='ltr'>credulitatem</span> <span class='ocrx_word' id='word_1_1275' title='bbox 1819 2450 1886 2488; x_wconf 85' lang='lat' dir='ltr'>hiis,</span> <span class='ocrx_word' id='word_1_1276' title='bbox 1904 2457 2048 2486; x_wconf 84' lang='lat' dir='ltr'>tamquam</span> <span class='ocrx_word' id='word_1_1277' title='bbox 2063 2449 2080 2467; x_wconf 64' lang='lat'>³⁸</span> <span class='ocrx_word' id='word_1_1278' title='bbox 2095 2449 2185 2485; x_wconf 87' lang='lat' dir='ltr'>pravis</span> <span class='ocrx_word' id='word_1_1279' title='bbox 2200 2448 2287 2480; x_wconf 76' lang='lat' dir='ltr'>sustit-</span> 
     </span>
     <span class='ocr_line' id='line_1_154' title="bbox 1226 2486 2288 2529; baseline -0.003 -7"><span class='ocrx_word' id='word_1_1280' title='bbox 1226 2501 1324 2522; x_wconf 90' lang='lat' dir='ltr'>rorum</span> <span class='ocrx_word' id='word_1_1281' title='bbox 1339 2492 1473 2528; x_wconf 73' lang='lat' dir='ltr'>suasibus,</span> <span class='ocrx_word' id='word_1_1282' title='bbox 1491 2499 1664 2529; x_wconf 77' lang='lat' dir='ltr'>nequaquam</span> <span class='ocrx_word' id='word_1_1283' title='bbox 1678 2488 1822 2525; x_wconf 81' lang='lat' dir='ltr'>adhibeas,</span> <span class='ocrx_word' id='word_1_1284' title='bbox 1840 2497 1872 2518; x_wconf 91' lang='lat' dir='ltr'>ac</span> <span class='ocrx_word' id='word_1_1285' title='bbox 1887 2510 1896 2525; x_wconf 88' lang='lat'>‚</span> <span class='ocrx_word' id='word_1_1286' title='bbox 1916 2486 2011 2526; x_wconf 79' lang='lat' dir='ltr'>siquod</span> <span class='ocrx_word' id='word_1_1287' title='bbox 2027 2487 2126 2529; x_wconf 82' lang='lat' dir='ltr'>exinde</span> <span class='ocrx_word' id='word_1_1288' title='bbox 2139 2487 2288 2519; x_wconf 64' lang='lat' dir='ltr'>affectibus</span> 
     </span>
     <span class='ocr_line' id='line_1_155' title="bbox 1227 2524 2288 2565; baseline -0.004 -5"><span class='ocrx_word' id='word_1_1289' title='bbox 1227 2530 1279 2560; x_wconf 90' lang='lat' dir='ltr'>tuis</span> <span class='ocrx_word' id='word_1_1290' title='bbox 1294 2530 1423 2560; x_wconf 88' lang='lat' dir='ltr'>nubilum</span> <span class='ocrx_word' id='word_1_1291' title='bbox 1439 2529 1603 2559; x_wconf 82' lang='lat' dir='ltr'>turbationis</span> <span class='ocrx_word' id='word_1_1292' title='bbox 1615 2527 1736 2564; x_wconf 75' lang='lat' dir='ltr'>inhaesit,</span> <span class='ocrx_word' id='word_1_1293' title='bbox 1754 2526 1838 2561; x_wconf 91' lang='lat' dir='ltr'>illud,</span> <span class='ocrx_word' id='word_1_1294' title='bbox 1854 2527 1894 2555; x_wconf 90' lang='lat' dir='ltr'>ob</span> <span class='ocrx_word' id='word_1_1295' title='bbox 1908 2532 2089 2557; x_wconf 82' lang='lat' dir='ltr'>reverentiam</span> <span class='ocrx_word' id='word_1_1296' title='bbox 2103 2524 2187 2555; x_wconf 70' lang='lat' dir='ltr'>dietae</span> <span class='ocrx_word' id='word_1_1297' title='bbox 2200 2525 2268 2557; x_wconf 90' lang='lat' dir='ltr'>sedis</span> <span class='ocrx_word' id='word_1_1298' title='bbox 2277 2550 2288 2565; x_wconf 87' lang='lat'>,</span> 
     </span>
     <span class='ocr_line' id='line_1_156' title="bbox 1226 2563 2284 2607; baseline -0.002 -9"><span class='ocrx_word' id='word_1_1299' title='bbox 1226 2578 1288 2607; x_wconf 73' lang='lat' dir='ltr'>erga</span> <span class='ocrx_word' id='word_1_1300' title='bbox 1303 2568 1391 2606; x_wconf 90' lang='lat' dir='ltr'>ipsum</span> <span class='ocrx_word' id='word_1_1301' title='bbox 1409 2567 1657 2604; x_wconf 82' lang='lat' dir='ltr'>Archiepiscopum</span> <span class='ocrx_word' id='word_1_1302' title='bbox 1671 2565 1699 2593; x_wconf 85' lang='lat' dir='ltr'>in</span> <span class='ocrx_word' id='word_1_1303' title='bbox 1716 2564 1812 2601; x_wconf 67' lang='lat' dir='ltr'>gratiae</span> <span class='ocrx_word' id='word_1_1304' title='bbox 1827 2563 1954 2594; x_wconf 87' lang='lat' dir='ltr'>serenum</span> <span class='ocrx_word' id='word_1_1305' title='bbox 1971 2572 2133 2602; x_wconf 75' lang='lat' dir='ltr'>convertas,</span> <span class='ocrx_word' id='word_1_1306' title='bbox 2149 2564 2284 2596; x_wconf 72' lang='lat' dir='ltr'>aliaseum</span> 
     </span>
     <span class='ocr_line' id='line_1_157' title="bbox 1226 2602 2000 2647; baseline -0.009 -10"><span class='ocrx_word' id='word_1_1307' title='bbox 1226 2607 1307 2645; x_wconf 83' lang='lat' dir='ltr'>plena</span> <span class='ocrx_word' id='word_1_1308' title='bbox 1319 2608 1486 2647; x_wconf 87' lang='lat' dir='ltr'>prosequens</span> <span class='ocrx_word' id='word_1_1309' title='bbox 1501 2604 1687 2635; x_wconf 86' lang='lat' dir='ltr'>benivolentia</span> <span class='ocrx_word' id='word_1_1310' title='bbox 1700 2603 1732 2633; x_wconf 67' lang='grc' dir='ltr'>δε</span> <span class='ocrx_word' id='word_1_1311' title='bbox 1750 2602 1853 2632; x_wconf 78' lang='lat' dir='ltr'>favore.</span> <span class='ocrx_word' id='word_1_1312' title='bbox 1997 2627 2000 2631; x_wconf 83' lang='lat'><strong>.</strong></span> 
     </span>
    </p>

    <p class='ocr_par' dir='ltr' id='par_1_45' title="bbox 1226 2640 2291 2953">
     <span class='ocr_line' id='line_1_158' title="bbox 1264 2640 2286 2684; baseline -0.004 -9"><span class='ocrx_word' id='word_1_1313' title='bbox 1264 2644 1315 2684; x_wconf 86' lang='lat' dir='ltr'>Et,</span> <span class='ocrx_word' id='word_1_1314' title='bbox 1335 2646 1398 2683; x_wconf 84' lang='lat' dir='ltr'>quia</span> <span class='ocrx_word' id='word_1_1315' title='bbox 1419 2645 1510 2674; x_wconf 89' lang='lat' dir='ltr'>minus</span> <span class='ocrx_word' id='word_1_1316' title='bbox 1530 2643 1677 2683; x_wconf 74' lang='lat' dir='ltr'>indignum</span> <span class='ocrx_word' id='word_1_1317' title='bbox 1697 2641 1822 2671; x_wconf 82' lang='lat' dir='ltr'>existeret</span> <span class='ocrx_word' id='word_1_1318' title='bbox 1842 2648 1873 2670; x_wconf 88' lang='lat' dir='ltr'>ut</span> <span class='ocrx_word' id='word_1_1319' title='bbox 1891 2650 1989 2675; x_wconf 69' lang='lat' dir='ltr'>mora,</span> <span class='ocrx_word' id='word_1_1320' title='bbox 2007 2649 2091 2679; x_wconf 85' lang='lat' dir='ltr'>quam</span> <span class='ocrx_word' id='word_1_1321' title='bbox 2105 2640 2178 2679; x_wconf 85' lang='lat' dir='ltr'>apud</span> <span class='ocrx_word' id='word_1_1322' title='bbox 2192 2640 2286 2674; x_wconf 88' lang='lat' dir='ltr'>sedem</span> 
     </span>
     <span class='ocr_line' id='line_1_159' title="bbox 1227 2679 2290 2721; baseline -0.004 -8"><span class='ocrx_word' id='word_1_1323' title='bbox 1227 2684 1235 2712; x_wconf 95' lang='lat' dir='ltr'>i</span> <span class='ocrx_word' id='word_1_1324' title='bbox 1255 2683 1311 2713; x_wconf 89' lang='lat' dir='ltr'>sam</span> <span class='ocrx_word' id='word_1_1325' title='bbox 1327 2693 1378 2721; x_wconf 92' lang='lat' dir='ltr'>pro</span> <span class='ocrx_word' id='word_1_1326' title='bbox 1392 2682 1524 2713; x_wconf 76' lang='lat' dir='ltr'>Eccleliae</span> <span class='ocrx_word' id='word_1_1327' title='bbox 1539 2682 1594 2712; x_wconf 81' lang='lat' dir='ltr'>suae</span> <span class='ocrx_word' id='word_1_1328' title='bbox 1609 2681 1742 2719; x_wconf 86' lang='lat' dir='ltr'>protraxit</span> <span class='ocrx_word' id='word_1_1329' title='bbox 1755 2680 1888 2718; x_wconf 77' lang='lat' dir='ltr'>negotiis,</span> <span class='ocrx_word' id='word_1_1330' title='bbox 1905 2679 2100 2718; x_wconf 69' lang='lat' dir='ltr'>praejudicium</span> <span class='ocrx_word' id='word_1_1331' title='bbox 2116 2680 2183 2716; x_wconf 86' lang='lat' dir='ltr'>sibi,</span> <span class='ocrx_word' id='word_1_1332' title='bbox 2198 2680 2231 2710; x_wconf 74' lang='grc' dir='ltr'>ὃ(</span> <span class='ocrx_word' id='word_1_1333' title='bbox 2242 2682 2290 2718; x_wconf 84' lang='lat' dir='ltr'>ip-</span> 
     </span>
     <span class='ocr_line' id='line_1_160' title="bbox 1237 2717 2288 2760; baseline -0.003 -8"><span class='ocrx_word' id='word_1_1334' title='bbox 1237 2721 1393 2752; x_wconf 82' lang='lat' dir='ltr'>iEcclesiae</span> <span class='ocrx_word' id='word_1_1335' title='bbox 1433 2729 1518 2751; x_wconf 88' lang='lat' dir='ltr'>areret</span> <span class='ocrx_word' id='word_1_1336' title='bbox 1538 2721 1582 2751; x_wconf 89' lang='lat' dir='ltr'>vel</span> <span class='ocrx_word' id='word_1_1337' title='bbox 1604 2728 1771 2760; x_wconf 84' lang='lat' dir='ltr'>gravamen,</span> <span class='ocrx_word' id='word_1_1338' title='bbox 1789 2717 1876 2755; x_wconf 83' lang='lat' dir='ltr'>siquid</span> <span class='ocrx_word' id='word_1_1339' title='bbox 1893 2717 2040 2747; x_wconf 83' lang='lat' dir='ltr'>occasione</span> <span class='ocrx_word' id='word_1_1340' title='bbox 2055 2717 2197 2754; x_wconf 69' lang='lat' dir='ltr'>praedietae</span> <span class='ocrx_word' id='word_1_1341' title='bbox 2216 2728 2288 2749; x_wconf 88' lang='lat' dir='ltr'>con-</span> 
     </span>
     <span class='ocr_line' id='line_1_161' title="bbox 1226 2730 2290 2800; baseline -0.003 -10"><span class='ocrx_word' id='word_1_1342' title='bbox 1226 2760 1373 2791; x_wconf 87' lang='lat' dir='ltr'>suetudinis</span> <span class='ocrx_word' id='word_1_1343' title='bbox 1387 2730 1512 2791; x_wconf 34' lang='lat' dir='ltr'>adsersus</span> <span class='ocrx_word' id='word_1_1344' title='bbox 1525 2768 1608 2796; x_wconf 88' lang='lat' dir='ltr'>eum,</span> <span class='ocrx_word' id='word_1_1345' title='bbox 1627 2759 1660 2789; x_wconf 89' lang='lat'>&amp;</span> <span class='ocrx_word' id='word_1_1346' title='bbox 1676 2755 2015 2800; x_wconf 59' lang='lat' dir='ltr'>ArmachainEcclesiam</span> <span class='ocrx_word' id='word_1_1347' title='bbox 2030 2778 2039 2793; x_wconf 91' lang='lat'>,</span> <span class='ocrx_word' id='word_1_1348' title='bbox 2056 2757 2084 2786; x_wconf 89' lang='lat' dir='ltr'>in</span> <span class='ocrx_word' id='word_1_1349' title='bbox 2102 2754 2154 2799; x_wconf 79' lang='lat' dir='ltr'>suis</span> <span class='ocrx_word' id='word_1_1350' title='bbox 2165 2757 2290 2796; x_wconf 86' lang='lat' dir='ltr'>juribus,</span> 
     </span>
     <span class='ocr_line' id='line_1_162' title="bbox 1227 2794 2291 2837; baseline -0.003 -8"><span class='ocrx_word' id='word_1_1351' title='bbox 1227 2799 1268 2829; x_wconf 91' lang='lat' dir='ltr'>est</span> <span class='ocrx_word' id='word_1_1352' title='bbox 1290 2798 1489 2837; x_wconf 70' lang='lat' dir='ltr'>praesumptum</span> <span class='ocrx_word' id='word_1_1353' title='bbox 1502 2821 1512 2836; x_wconf 92' lang='lat'>,</span> <span class='ocrx_word' id='word_1_1354' title='bbox 1531 2797 1633 2828; x_wconf 86' lang='lat' dir='ltr'>nostrae</span> <span class='ocrx_word' id='word_1_1355' title='bbox 1657 2797 1867 2826; x_wconf 78' lang='lat' dir='ltr'>interventionis</span> <span class='ocrx_word' id='word_1_1356' title='bbox 1880 2796 1997 2824; x_wconf 88' lang='lat' dir='ltr'>obtentu</span> <span class='ocrx_word' id='word_1_1357' title='bbox 2012 2794 2146 2824; x_wconf 85' lang='lat' dir='ltr'>Serenitas</span> <span class='ocrx_word' id='word_1_1358' title='bbox 2160 2803 2205 2824; x_wconf 88' lang='lat' dir='ltr'>tua</span> <span class='ocrx_word' id='word_1_1359' title='bbox 2221 2805 2291 2826; x_wconf 91' lang='lat' dir='ltr'>cen-</span> 
     </span>
     <span class='ocr_line' id='line_1_163' title="bbox 1227 2833 2289 2873; baseline -0.003 -5"><span class='ocrx_word' id='word_1_1360' title='bbox 1227 2838 1281 2868; x_wconf 86' lang='lat' dir='ltr'>seat</span> <span class='ocrx_word' id='word_1_1361' title='bbox 1301 2838 1334 2868; x_wconf 88' lang='lat'>&amp;</span> <span class='ocrx_word' id='word_1_1362' title='bbox 1356 2838 1436 2868; x_wconf 83' lang='lat' dir='ltr'>faciat</span> <span class='ocrx_word' id='word_1_1363' title='bbox 1456 2836 1598 2873; x_wconf 84' lang='lat' dir='ltr'>revocari,</span> <span class='ocrx_word' id='word_1_1364' title='bbox 1616 2836 1649 2865; x_wconf 67' lang='grc' dir='ltr'>ὅτ.</span> <span class='ocrx_word' id='word_1_1365' title='bbox 1668 2834 1761 2866; x_wconf 87' lang='lat' dir='ltr'>eidem</span> <span class='ocrx_word' id='word_1_1366' title='bbox 1782 2833 2004 2872; x_wconf 79' lang='lat' dir='ltr'>Archiepiscopo</span> <span class='ocrx_word' id='word_1_1367' title='bbox 2017 2833 2138 2871; x_wconf 82' lang='lat' dir='ltr'>benigne</span> <span class='ocrx_word' id='word_1_1368' title='bbox 2150 2834 2289 2865; x_wconf 84' lang='lat' dir='ltr'>concedat</span> 
     </span>
     <span class='ocr_line' id='line_1_164' title="bbox 1228 2870 2290 2915; baseline -0.004 -8"><span class='ocrx_word' id='word_1_1369' title='bbox 1228 2876 1323 2915; x_wconf 89' lang='lat' dir='ltr'>quod,</span> <span class='ocrx_word' id='word_1_1370' title='bbox 1341 2877 1371 2906; x_wconf 93' lang='lat' dir='ltr'>in</span> <span class='ocrx_word' id='word_1_1371' title='bbox 1387 2875 1520 2913; x_wconf 83' lang='lat' dir='ltr'>absentia,</span> <span class='ocrx_word' id='word_1_1372' title='bbox 1536 2885 1585 2914; x_wconf 93' lang='lat' dir='ltr'>per</span> <span class='ocrx_word' id='word_1_1373' title='bbox 1596 2873 1653 2904; x_wconf 86' lang='lat' dir='ltr'>suas</span> <span class='ocrx_word' id='word_1_1374' title='bbox 1667 2874 1785 2911; x_wconf 82' lang='lat' dir='ltr'>litteras,</span> <span class='ocrx_word' id='word_1_1375' title='bbox 1800 2872 1844 2902; x_wconf 90' lang='lat' dir='ltr'>vel</span> <span class='ocrx_word' id='word_1_1376' title='bbox 1858 2871 1935 2910; x_wconf 85' lang='lat' dir='ltr'>quod</span> <span class='ocrx_word' id='word_1_1377' title='bbox 1949 2873 2005 2910; x_wconf 88' lang='lat' dir='ltr'>ejus</span> <span class='ocrx_word' id='word_1_1378' title='bbox 2019 2870 2161 2910; x_wconf 84' lang='lat' dir='ltr'>officialis,</span> <span class='ocrx_word' id='word_1_1379' title='bbox 2179 2872 2228 2902; x_wconf 90' lang='lat' dir='ltr'>suo</span> <span class='ocrx_word' id='word_1_1380' title='bbox 2235 2882 2290 2903; x_wconf 94' lang='lat' dir='ltr'>no-</span> 
     </span>
     <span class='ocr_line' id='line_1_165' title="bbox 1228 2913 1779 2953; baseline -0.007 -8"><span class='ocrx_word' id='word_1_1381' title='bbox 1228 2916 1324 2953; x_wconf 89' lang='lat' dir='ltr'>mine,</span> <span class='ocrx_word' id='word_1_1382' title='bbox 1341 2913 1509 2944; x_wconf 87' lang='lat' dir='ltr'>constituere</span> <span class='ocrx_word' id='word_1_1383' title='bbox 1522 2913 1609 2944; x_wconf 86' lang='lat' dir='ltr'>valeat</span> <span class='ocrx_word' id='word_1_1384' title='bbox 1620 2920 1779 2942; x_wconf 86' lang='lat' dir='ltr'>attornatos.</span> 
     </span>
    </p>

    <p class='ocr_par' dir='ltr' id='par_1_46' title="bbox 1227 2946 2291 3069">
     <span class='ocr_line' id='line_1_166' title="bbox 1264 2946 2287 2989; baseline -0.004 -5"><span class='ocrx_word' id='word_1_1385' title='bbox 1264 2953 1365 2984; x_wconf 88' lang='lat' dir='ltr'>Preces</span> <span class='ocrx_word' id='word_1_1386' title='bbox 1387 2951 1492 2983; x_wconf 88' lang='lat' dir='ltr'>nostras</span> <span class='ocrx_word' id='word_1_1387' title='bbox 1513 2952 1593 2989; x_wconf 90' lang='lat' dir='ltr'>super</span> <span class='ocrx_word' id='word_1_1388' title='bbox 1613 2950 1669 2980; x_wconf 85' lang='lat' dir='ltr'>hoc</span> <span class='ocrx_word' id='word_1_1389' title='bbox 1693 2950 1726 2981; x_wconf 67' lang='grc' dir='ltr'>ὃς</span> <span class='ocrx_word' id='word_1_1390' title='bbox 1748 2950 1804 2980; x_wconf 86' lang='lat' dir='ltr'>aliis</span> <span class='ocrx_word' id='word_1_1391' title='bbox 1818 2958 1883 2986; x_wconf 77' lang='lat' dir='ltr'>erga</span> <span class='ocrx_word' id='word_1_1392' title='bbox 1895 2946 2017 2978; x_wconf 87' lang='lat' dir='ltr'>eundem</span> <span class='ocrx_word' id='word_1_1393' title='bbox 2032 2947 2287 2987; x_wconf 86' lang='lat' dir='ltr'>Archiepiscopum</span> 
     </span>
     <span class='ocr_line' id='line_1_167' title="bbox 1227 2985 2288 3030; baseline -0.005 -8"><span class='ocrx_word' id='word_1_1394' title='bbox 1227 2991 1314 3022; x_wconf 82' lang='lat' dir='ltr'>taliter</span> <span class='ocrx_word' id='word_1_1395' title='bbox 1328 2991 1523 3030; x_wconf 87' lang='lat' dir='ltr'>adimplendo,</span> <span class='ocrx_word' id='word_1_1396' title='bbox 1540 2988 1618 3030; x_wconf 91' lang='lat' dir='ltr'>quod</span> <span class='ocrx_word' id='word_1_1397' title='bbox 1633 2989 1767 3029; x_wconf 84' lang='lat' dir='ltr'>speratum</span> <span class='ocrx_word' id='word_1_1398' title='bbox 1783 2996 1818 3017; x_wconf 84' lang='lat' dir='ltr'>ex</span> <span class='ocrx_word' id='word_1_1399' title='bbox 1832 2989 1869 3016; x_wconf 90' lang='lat' dir='ltr'>eis</span> <span class='ocrx_word' id='word_1_1400' title='bbox 1891 2986 2073 3025; x_wconf 85' lang='lat' dir='ltr'>consequatur</span> <span class='ocrx_word' id='word_1_1401' title='bbox 2086 2985 2238 3026; x_wconf 65' lang='lat' dir='ltr'>effe&amp;um,</span> <span class='ocrx_word' id='word_1_1402' title='bbox 2253 2989 2288 3023; x_wconf 65' lang='lat' dir='ltr'>&amp;c</span> 
     </span>
     <span class='ocr_line' id='line_1_168' title="bbox 1227 3024 2291 3069; baseline -0.003 -9"><span class='ocrx_word' id='word_1_1403' title='bbox 1227 3030 1321 3069; x_wconf 83' lang='lat' dir='ltr'>regalis</span> <span class='ocrx_word' id='word_1_1404' title='bbox 1336 3028 1544 3067; x_wconf 83' lang='lat' dir='ltr'>magnificentia</span> <span class='ocrx_word' id='word_1_1405' title='bbox 1557 3028 1592 3058; x_wconf 91' lang='lat' dir='ltr'>de</span> <span class='ocrx_word' id='word_1_1406' title='bbox 1609 3028 1682 3057; x_wconf 89' lang='lat' dir='ltr'>Zelo</span> <span class='ocrx_word' id='word_1_1407' title='bbox 1696 3026 1856 3058; x_wconf 85' lang='lat' dir='ltr'>devotionis</span> <span class='ocrx_word' id='word_1_1408' title='bbox 1871 3024 1984 3055; x_wconf 81' lang='lat' dir='ltr'>sincerae</span> <span class='ocrx_word' id='word_1_1409' title='bbox 1998 3026 2034 3056; x_wconf 93' lang='lat' dir='ltr'>ab</span> <span class='ocrx_word' id='word_1_1410' title='bbox 2050 3025 2149 3055; x_wconf 89' lang='lat' dir='ltr'>eadem</span> <span class='ocrx_word' id='word_1_1411' title='bbox 2160 3026 2220 3057; x_wconf 90' lang='lat' dir='ltr'>sede</span> <span class='ocrx_word' id='word_1_1412' title='bbox 2227 3026 2291 3066; x_wconf 89' lang='lat' dir='ltr'>pos-</span> 
     </span>
    </p>
   </div>
   <div class='ocr_carea' id='block_1_15' title="bbox 1227 3066 2214 3183">
    <p class='ocr_par' dir='ltr' id='par_1_47' title="bbox 1227 3066 2214 3183">
     <span class='ocr_line' id='line_1_169' title="bbox 1227 3066 1712 3099; baseline -0.008 0"><span class='ocrx_word' id='word_1_1413' title='bbox 1227 3069 1258 3099; x_wconf 85' lang='lat' dir='ltr'>sit</span> <span class='ocrx_word' id='word_1_1414' title='bbox 1273 3079 1334 3099; x_wconf 92' lang='lat' dir='ltr'>non</span> <span class='ocrx_word' id='word_1_1415' title='bbox 1347 3069 1491 3099; x_wconf 88' lang='lat' dir='ltr'>immerito</span> <span class='ocrx_word' id='word_1_1416' title='bbox 1505 3066 1712 3097; x_wconf 86' lang='lat' dir='ltr'>commendari.</span> 
     </span>
     <span class='ocr_line' id='line_1_170' title="bbox 1265 3139 2214 3183; baseline -0.006 -7"><span class='ocrx_word' id='word_1_1417' title='bbox 1265 3144 1333 3177; x_wconf 85' lang='lat' dir='ltr'>Dat.</span> <span class='ocrx_word' id='word_1_1418' title='bbox 1347 3144 1490 3183; x_wconf 87' lang='lat' dir='ltr'>Neapoli,</span> <span class='ocrx_word' id='word_1_1419' title='bbox 1506 3143 1549 3175; x_wconf 89' lang='lat' dir='ltr'>Id.</span> <span class='ocrx_word' id='word_1_1420' title='bbox 1563 3142 1684 3182; x_wconf 89' lang='lat' dir='ltr'>Januarii</span> <span class='ocrx_word' id='word_1_1421' title='bbox 1693 3165 1703 3180; x_wconf 90' lang='lat'>,</span> <span class='ocrx_word' id='word_1_1422' title='bbox 1720 3139 1904 3171; x_wconf 74' lang='lat' dir='ltr'>Pontificatus</span> <span class='ocrx_word' id='word_1_1423' title='bbox 1917 3140 2006 3171; x_wconf 87' lang='lat' dir='ltr'>nostri</span> <span class='ocrx_word' id='word_1_1424' title='bbox 2020 3150 2096 3171; x_wconf 89' lang='lat' dir='ltr'>anno</span> <span class='ocrx_word' id='word_1_1425' title='bbox 2110 3141 2214 3179; x_wconf 88' lang='lat' dir='ltr'>primo.</span> 
     </span>
    </p>
   </div>
   <div class='ocr_carea' id='block_1_16' title="bbox 1561 3215 2157 3258">
    <p class='ocr_par' dir='ltr' id='par_1_48' title="bbox 1561 3215 2157 3258">
     <span class='ocr_line' id='line_1_171' title="bbox 1561 3215 2157 3258; baseline -0.005 -9"><span class='ocrx_word' id='word_1_1426' title='bbox 1561 3219 1687 3249; x_wconf 83' lang='lat' dir='ltr'>Plumbeo</span> <span class='ocrx_word' id='word_1_1427' title='bbox 1701 3217 1792 3256; x_wconf 77' lang='lat' dir='ltr'>sigillo</span> <span class='ocrx_word' id='word_1_1428' title='bbox 1796 3218 1930 3256; x_wconf 79' lang='lat' dir='ltr'>pendente</span> <span class='ocrx_word' id='word_1_1429' title='bbox 1942 3229 1960 3246; x_wconf 88' lang='lat' dir='ltr'>a</span> <span class='ocrx_word' id='word_1_1430' title='bbox 1966 3215 2019 3258; x_wconf 87' lang='lat' dir='ltr'>filo</span> <span class='ocrx_word' id='word_1_1431' title='bbox 2034 3216 2157 3247; x_wconf 71' lang='lat' dir='ltr'>cambeo.</span> 
     </span>
    </p>
   </div>
   <div class='ocr_carea' id='block_1_17' title="bbox 1246 3301 2195 3311">
    <p class='ocr_par' dir='ltr' id='par_1_49' title="bbox 1246 3301 2195 3311">
     <span class='ocr_line' id='line_1_172' title="bbox 1246 3301 2195 3311; baseline 0 0"><span class='ocrx_word' id='word_1_1432' title='bbox 1246 3301 2195 3311; x_wconf 95' lang='lat' dir='ltr'> </span> 
     </span>
    </p>
   </div>
   <div class='ocr_carea' id='block_1_18' title="bbox 1257 3349 2258 3446">
    <p class='ocr_par' dir='ltr' id='par_1_50' title="bbox 1257 3349 2258 3446">
     <span class='ocr_line' id='line_1_173' title="bbox 1257 3349 2258 3400; baseline -0.006 -15"><span class='ocrx_word' id='word_1_1433' title='bbox 1257 3354 1346 3386; x_wconf 62' lang='lat' dir='ltr'>Bulla</span> <span class='ocrx_word' id='word_1_1434' title='bbox 1357 3364 1412 3400; x_wconf 82' lang='lat' dir='ltr'>pro</span> <span class='ocrx_word' id='word_1_1435' title='bbox 1429 3356 1531 3386; x_wconf 80' lang='lat' dir='ltr'>Priore</span> <span class='ocrx_word' id='word_1_1436' title='bbox 1546 3355 1582 3390; x_wconf 61' lang='grc' dir='ltr'>(ῤ’</span> <span class='ocrx_word' id='word_1_1437' title='bbox 1602 3353 1753 3384; x_wconf 70' lang='lat' dir='ltr'>Conventa</span> <span class='ocrx_word' id='word_1_1438' title='bbox 1769 3349 1950 3394; x_wconf 66' lang='lat' dir='ltr'>Adonasterii</span> <span class='ocrx_word' id='word_1_1439' title='bbox 1968 3350 2079 3382; x_wconf 65' lang='lat' dir='ltr'>Sanflae</span> <span class='ocrx_word' id='word_1_1440' title='bbox 2096 3349 2258 3382; x_wconf 82' lang='lat' dir='ltr'>Trinitatis</span> 
     </span>
     <span class='ocr_line' id='line_1_174' title="bbox 1474 3397 2037 3446; baseline -0.005 -12"><span class='ocrx_word' id='word_1_1441' title='bbox 1474 3400 1598 3434; x_wconf 82' lang='lat' dir='ltr'>Ordinis</span> <span class='ocrx_word' id='word_1_1442' title='bbox 1614 3400 1718 3432; x_wconf 61' lang='lat' dir='ltr'>saneti</span> <span class='ocrx_word' id='word_1_1443' title='bbox 1728 3398 1890 3446; x_wconf 65' lang='lat' dir='ltr'>Angustini</span> <span class='ocrx_word' id='word_1_1444' title='bbox 1905 3397 2037 3431; x_wconf 82' lang='lat' dir='ltr'>London.</span> 
     </span>
    </p>
   </div>
   <div class='ocr_carea' id='block_1_19' title="bbox 1221 3481 2286 4019">
    <p class='ocr_par' dir='ltr' id='par_1_51' title="bbox 1225 3481 2285 3602">
     <span class='ocr_line' id='line_1_175' title="bbox 1227 3481 2285 3542; baseline -0.005 -24"><span class='ocrx_word' id='word_1_1445' title='bbox 1227 3485 1435 3542; x_wconf 76' lang='lat' dir='ltr'>ALexander</span> <span class='ocrx_word' id='word_1_1446' title='bbox 1456 3484 1612 3523; x_wconf 88' lang='lat' dir='ltr'>Episcopus</span> <span class='ocrx_word' id='word_1_1447' title='bbox 1659 3485 1750 3515; x_wconf 88' lang='lat' dir='ltr'>servus</span> <span class='ocrx_word' id='word_1_1448' title='bbox 1771 3483 1914 3515; x_wconf 89' lang='lat' dir='ltr'>servorum</span> <span class='ocrx_word' id='word_1_1449' title='bbox 1935 3482 2014 3520; x_wconf 89' lang='lat' dir='ltr'>Dei,</span> <span class='ocrx_word' id='word_1_1450' title='bbox 2035 3481 2188 3511; x_wconf 86' lang='lat' dir='ltr'>venerabili</span> <span class='ocrx_word' id='word_1_1451' title='bbox 2210 3481 2285 3513; x_wconf 87' lang='lat' dir='ltr'>fratri</span> 
     </span>
     <span class='ocr_line' id='line_1_176' title="bbox 1392 3507 2284 3562; baseline -0.004 -7"><span class='ocrx_word' id='word_1_1452' title='bbox 1392 3523 1551 3562; x_wconf 77' lang='lat' dir='ltr'>Episcopo,</span> <span class='ocrx_word' id='word_1_1453' title='bbox 1567 3525 1600 3555; x_wconf 64' lang='grc' dir='ltr'>ες</span> <span class='ocrx_word' id='word_1_1454' title='bbox 1614 3507 1720 3553; x_wconf 64' lang='lat' dir='ltr'>&lt;inesto</span> <span class='ocrx_word' id='word_1_1455' title='bbox 1735 3522 1793 3552; x_wconf 69' lang='lat' dir='ltr'>filio</span> <span class='ocrx_word' id='word_1_1456' title='bbox 1879 3520 2005 3551; x_wconf 71' lang='lat' dir='ltr'>Officiaii</span> <span class='ocrx_word' id='word_1_1457' title='bbox 2016 3519 2201 3551; x_wconf 70' lang='lat' dir='ltr'>Londonien.</span> <span class='ocrx_word' id='word_1_1458' title='bbox 2214 3520 2284 3551; x_wconf 81' lang='lat' dir='ltr'>salu-</span> 
     </span>
     <span class='ocr_line' id='line_1_177' title="bbox 1225 3561 2167 3602; baseline -0.006 -8"><span class='ocrx_word' id='word_1_1459' title='bbox 1225 3572 1283 3594; x_wconf 89' lang='lat' dir='ltr'>tem</span> <span class='ocrx_word' id='word_1_1460' title='bbox 1299 3564 1332 3594; x_wconf 91' lang='lat'>&amp;</span> <span class='ocrx_word' id='word_1_1461' title='bbox 1347 3561 1544 3601; x_wconf 85' lang='lat' dir='ltr'>Apostolicam</span> <span class='ocrx_word' id='word_1_1462' title='bbox 1559 3561 1799 3592; x_wconf 57' lang='lat' dir='ltr'>benedictionem.</span> <span class='ocrx_word' id='word_1_1463' title='bbox 2151 3596 2167 3602; x_wconf 89' lang='lat'>..</span> 
     </span>
    </p>

    <p class='ocr_par' dir='ltr' id='par_1_52' title="bbox 1222 3594 2286 3869">
     <span class='ocr_line' id='line_1_178' title="bbox 1259 3594 2284 3632; baseline -0.003 -1"><span class='ocrx_word' id='word_1_1464' title='bbox 1259 3602 1315 3632; x_wconf 85' lang='lat' dir='ltr'>Sua</span> <span class='ocrx_word' id='word_1_1465' title='bbox 1329 3603 1410 3631; x_wconf 87' lang='lat' dir='ltr'>nobis</span> <span class='ocrx_word' id='word_1_1466' title='bbox 1424 3601 1519 3630; x_wconf 67' lang='lat' dir='ltr'>dilecti</span> <span class='ocrx_word' id='word_1_1467' title='bbox 1533 3599 1579 3630; x_wconf 91' lang='lat' dir='ltr'>filii</span> <span class='ocrx_word' id='word_1_1468' title='bbox 1684 3599 1766 3629; x_wconf 89' lang='lat' dir='ltr'>Prior</span> <span class='ocrx_word' id='word_1_1469' title='bbox 1779 3599 1812 3629; x_wconf 71' lang='grc' dir='ltr'>δε</span> <span class='ocrx_word' id='word_1_1470' title='bbox 1826 3596 1993 3627; x_wconf 86' lang='lat' dir='ltr'>Conventus</span> <span class='ocrx_word' id='word_1_1471' title='bbox 2001 3594 2168 3626; x_wconf 84' lang='lat' dir='ltr'>Monasterii</span> <span class='ocrx_word' id='word_1_1472' title='bbox 2182 3596 2284 3628; x_wconf 67' lang='lat' dir='ltr'>sanstae</span> 
     </span>
     <span class='ocr_line' id='line_1_179' title="bbox 1225 3635 2281 3674; baseline -0.004 -4"><span class='ocrx_word' id='word_1_1473' title='bbox 1225 3640 1369 3671; x_wconf 85' lang='lat' dir='ltr'>Trinitatis</span> <span class='ocrx_word' id='word_1_1474' title='bbox 1385 3639 1564 3669; x_wconf 88' lang='lat' dir='ltr'>Londonien.</span> <span class='ocrx_word' id='word_1_1475' title='bbox 1580 3637 1685 3668; x_wconf 88' lang='lat' dir='ltr'>ordinis</span> <span class='ocrx_word' id='word_1_1476' title='bbox 1698 3637 1794 3668; x_wconf 72' lang='lat' dir='ltr'>Sanffi</span> <span class='ocrx_word' id='word_1_1477' title='bbox 1811 3635 1958 3674; x_wconf 85' lang='lat' dir='ltr'>Augustini</span> <span class='ocrx_word' id='word_1_1478' title='bbox 1972 3657 1982 3672; x_wconf 91' lang='lat'>,</span> <span class='ocrx_word' id='word_1_1479' title='bbox 1996 3635 2131 3673; x_wconf 87' lang='lat' dir='ltr'>petitione</span> <span class='ocrx_word' id='word_1_1480' title='bbox 2143 3635 2281 3666; x_wconf 83' lang='lat' dir='ltr'>monstra-</span> 
     </span>
     <span class='ocr_line' id='line_1_180' title="bbox 1226 3673 2283 3716; baseline -0.005 -7"><span class='ocrx_word' id='word_1_1481' title='bbox 1226 3687 1291 3709; x_wconf 89' lang='lat' dir='ltr'>runt</span> <span class='ocrx_word' id='word_1_1482' title='bbox 1308 3677 1403 3716; x_wconf 88' lang='lat' dir='ltr'>quod,</span> <span class='ocrx_word' id='word_1_1483' title='bbox 1423 3686 1490 3707; x_wconf 86' lang='lat' dir='ltr'>cum</span> <span class='ocrx_word' id='word_1_1484' title='bbox 1504 3678 1532 3706; x_wconf 90' lang='lat' dir='ltr'>in</span> <span class='ocrx_word' id='word_1_1485' title='bbox 1549 3676 1646 3714; x_wconf 67' lang='lat' dir='ltr'>causei,</span> <span class='ocrx_word' id='word_1_1486' title='bbox 1664 3686 1728 3716; x_wconf 85' lang='lat' dir='ltr'>quae</span> <span class='ocrx_word' id='word_1_1487' title='bbox 1747 3677 1817 3705; x_wconf 89' lang='lat' dir='ltr'>inter</span> <span class='ocrx_word' id='word_1_1488' title='bbox 1838 3674 1908 3713; x_wconf 89' lang='lat' dir='ltr'>ipsos</span> <span class='ocrx_word' id='word_1_1489' title='bbox 1921 3682 1954 3703; x_wconf 81' lang='lat' dir='ltr'>ex</span> <span class='ocrx_word' id='word_1_1490' title='bbox 1969 3681 2044 3710; x_wconf 72' lang='lat' dir='ltr'>parte</span> <span class='ocrx_word' id='word_1_1491' title='bbox 2059 3673 2132 3712; x_wconf 74' lang='lat' dir='ltr'>una,</span> <span class='ocrx_word' id='word_1_1492' title='bbox 2150 3674 2183 3704; x_wconf 93' lang='lat'>&amp;</span> <span class='ocrx_word' id='word_1_1493' title='bbox 2197 3684 2283 3705; x_wconf 88' lang='lat' dir='ltr'>vene-</span> 
     </span>
     <span class='ocr_line' id='line_1_181' title="bbox 1224 3711 2286 3751; baseline -0.006 -3"><span class='ocrx_word' id='word_1_1494' title='bbox 1224 3717 1340 3748; x_wconf 82' lang='lat' dir='ltr'>rabilem</span> <span class='ocrx_word' id='word_1_1495' title='bbox 1354 3716 1466 3746; x_wconf 73' lang='lat' dir='ltr'>fmtrem</span> <span class='ocrx_word' id='word_1_1496' title='bbox 1477 3714 1605 3745; x_wconf 88' lang='lat' dir='ltr'>nostrum</span> <span class='ocrx_word' id='word_1_1497' title='bbox 1710 3713 1890 3744; x_wconf 82' lang='lat' dir='ltr'>Cantuarien.</span> <span class='ocrx_word' id='word_1_1498' title='bbox 1905 3711 2160 3751; x_wconf 87' lang='lat' dir='ltr'>Archiepiscopum</span> <span class='ocrx_word' id='word_1_1499' title='bbox 2171 3721 2205 3742; x_wconf 84' lang='lat' dir='ltr'>ex</span> <span class='ocrx_word' id='word_1_1500' title='bbox 2218 3713 2286 3743; x_wconf 87' lang='lat' dir='ltr'>alte-</span> 
     </span>
     <span class='ocr_line' id='line_1_182' title="bbox 1224 3749 2283 3794; baseline -0.005 -8"><span class='ocrx_word' id='word_1_1501' title='bbox 1224 3756 1252 3786; x_wconf 72' lang='lat' dir='ltr'>ra</span> <span class='ocrx_word' id='word_1_1502' title='bbox 1268 3756 1400 3791; x_wconf 74' lang='lat' dir='ltr'>vertitur,</span> <span class='ocrx_word' id='word_1_1503' title='bbox 1415 3753 1493 3794; x_wconf 87' lang='lat' dir='ltr'>super</span> <span class='ocrx_word' id='word_1_1504' title='bbox 1509 3763 1545 3783; x_wconf 92' lang='lat' dir='ltr'>eo</span> <span class='ocrx_word' id='word_1_1505' title='bbox 1559 3751 1635 3791; x_wconf 90' lang='lat' dir='ltr'>quod</span> <span class='ocrx_word' id='word_1_1506' title='bbox 1650 3752 1725 3783; x_wconf 90' lang='lat' dir='ltr'>idem</span> <span class='ocrx_word' id='word_1_1507' title='bbox 1741 3750 1973 3789; x_wconf 79' lang='lat' dir='ltr'>Archiepiscopus</span> <span class='ocrx_word' id='word_1_1508' title='bbox 1987 3749 2057 3789; x_wconf 86' lang='lat' dir='ltr'>ipsos</span> <span class='ocrx_word' id='word_1_1509' title='bbox 2064 3759 2165 3780; x_wconf 85' lang='lat' dir='ltr'>eorum</span> <span class='ocrx_word' id='word_1_1510' title='bbox 2179 3749 2283 3781; x_wconf 88' lang='lat' dir='ltr'>Eccle—</span> 
     </span>
     <span class='ocr_line' id='line_1_183' title="bbox 1225 3788 2281 3828; baseline -0.005 -3"><span class='ocrx_word' id='word_1_1511' title='bbox 1225 3795 1259 3825; x_wconf 87' lang='lat' dir='ltr'>sia</span> <span class='ocrx_word' id='word_1_1512' title='bbox 1273 3795 1309 3824; x_wconf 87' lang='lat' dir='ltr'>dc</span> <span class='ocrx_word' id='word_1_1513' title='bbox 1320 3793 1397 3824; x_wconf 83' lang='lat' dir='ltr'>Bixle</span> <span class='ocrx_word' id='word_1_1514' title='bbox 1412 3791 1530 3822; x_wconf 85' lang='lat' dir='ltr'>Roffen.</span> <span class='ocrx_word' id='word_1_1515' title='bbox 1544 3791 1633 3822; x_wconf 93' lang='lat' dir='ltr'>Dioc.</span> <span class='ocrx_word' id='word_1_1516' title='bbox 1648 3801 1701 3828; x_wconf 86' lang='lat' dir='ltr'>pro</span> <span class='ocrx_word' id='word_1_1517' title='bbox 1715 3790 1770 3820; x_wconf 81' lang='lat' dir='ltr'>suae</span> <span class='ocrx_word' id='word_1_1518' title='bbox 1785 3789 1932 3820; x_wconf 88' lang='lat' dir='ltr'>voluntatis</span> <span class='ocrx_word' id='word_1_1519' title='bbox 1939 3788 2022 3819; x_wconf 87' lang='lat' dir='ltr'>libito</span> <span class='ocrx_word' id='word_1_1520' title='bbox 2033 3788 2175 3828; x_wconf 83' lang='lat' dir='ltr'>spoliavit,</span> <span class='ocrx_word' id='word_1_1521' title='bbox 2190 3789 2281 3820; x_wconf 81' lang='lat' dir='ltr'>fuiffet</span> 
     </span>
     <span class='ocr_line' id='line_1_184' title="bbox 1222 3831 1652 3869; baseline -0.009 -6"><span class='ocrx_word' id='word_1_1522' title='bbox 1222 3833 1289 3863; x_wconf 88' lang='lat' dir='ltr'>hinc</span> <span class='ocrx_word' id='word_1_1523' title='bbox 1305 3832 1371 3862; x_wconf 89' lang='lat' dir='ltr'>inde</span> <span class='ocrx_word' id='word_1_1524' title='bbox 1383 3831 1484 3861; x_wconf 85' lang='lat' dir='ltr'>diutius</span> <span class='ocrx_word' id='word_1_1525' title='bbox 1498 3831 1652 3869; x_wconf 66' lang='lat' dir='ltr'>litigatum,</span> 
     </span>
    </p>

    <p class='ocr_par' dir='ltr' id='par_1_53' title="bbox 1221 3864 2283 4019">
     <span class='ocr_line' id='line_1_185' title="bbox 1259 3864 2283 3907; baseline -0.006 -6"><span class='ocrx_word' id='word_1_1526' title='bbox 1259 3870 1392 3901; x_wconf 90' lang='lat' dir='ltr'>Tandem</span> <span class='ocrx_word' id='word_1_1527' title='bbox 1406 3892 1416 3907; x_wconf 94' lang='lat'>,</span> <span class='ocrx_word' id='word_1_1528' title='bbox 1441 3868 1544 3899; x_wconf 90' lang='lat' dir='ltr'>eodem</span> <span class='ocrx_word' id='word_1_1529' title='bbox 1563 3865 1782 3907; x_wconf 87' lang='lat' dir='ltr'>Archiepiscopo</span> <span class='ocrx_word' id='word_1_1530' title='bbox 1803 3864 1956 3895; x_wconf 79' lang='lat' dir='ltr'>Ecclesiam</span> <span class='ocrx_word' id='word_1_1531' title='bbox 1970 3864 2055 3903; x_wconf 90' lang='lat' dir='ltr'>ipsam</span> <span class='ocrx_word' id='word_1_1532' title='bbox 2070 3866 2106 3896; x_wconf 91' lang='lat' dir='ltr'>de</span> <span class='ocrx_word' id='word_1_1533' title='bbox 2119 3864 2197 3895; x_wconf 62' lang='lat' dir='ltr'>fadm</span> <span class='ocrx_word' id='word_1_1534' title='bbox 2214 3864 2283 3895; x_wconf 79' lang='lat' dir='ltr'>Ma-</span> 
     </span>
     <span class='ocr_line' id='line_1_186' title="bbox 1221 3902 2282 3950; baseline -0.008 -10"><span class='ocrx_word' id='word_1_1535' title='bbox 1221 3910 1308 3950; x_wconf 87' lang='lat' dir='ltr'>gistro</span> <span class='ocrx_word' id='word_1_1536' title='bbox 1330 3907 1498 3938; x_wconf 88' lang='lat' dir='ltr'>Guillielmo</span> <span class='ocrx_word' id='word_1_1537' title='bbox 1517 3907 1554 3937; x_wconf 92' lang='lat' dir='ltr'>de</span> <span class='ocrx_word' id='word_1_1538' title='bbox 1572 3905 1656 3943; x_wconf 87' lang='lat' dir='ltr'>Papia</span> <span class='ocrx_word' id='word_1_1539' title='bbox 1677 3905 1792 3935; x_wconf 89' lang='lat' dir='ltr'>Clerico</span> <span class='ocrx_word' id='word_1_1540' title='bbox 1805 3904 1985 3942; x_wconf 84' lang='lat' dir='ltr'>conferente,</span> <span class='ocrx_word' id='word_1_1541' title='bbox 2001 3903 2098 3934; x_wconf 89' lang='lat' dir='ltr'>faelicis</span> <span class='ocrx_word' id='word_1_1542' title='bbox 2111 3902 2282 3934; x_wconf 89' lang='lat' dir='ltr'>recordatio-</span> 
     </span>
     <span class='ocr_line' id='line_1_187' title="bbox 1222 3940 2279 3984; baseline -0.008 -5"><span class='ocrx_word' id='word_1_1543' title='bbox 1222 3951 1262 3980; x_wconf 85' lang='lat' dir='ltr'>nis</span> <span class='ocrx_word' id='word_1_1544' title='bbox 1281 3947 1463 3978; x_wconf 81' lang='lat' dir='ltr'>Lnnocentius</span> <span class='ocrx_word' id='word_1_1545' title='bbox 1475 3945 1550 3982; x_wconf 90' lang='lat' dir='ltr'>Papa</span> <span class='ocrx_word' id='word_1_1546' title='bbox 1563 3942 1750 3984; x_wconf 79' lang='lat' dir='ltr'>praedecessor</span> <span class='ocrx_word' id='word_1_1547' title='bbox 1761 3941 1856 3972; x_wconf 89' lang='lat' dir='ltr'>noster</span> <span class='ocrx_word' id='word_1_1548' title='bbox 1874 3942 1981 3972; x_wconf 67' lang='lat' dir='ltr'>dilectis</span> <span class='ocrx_word' id='word_1_1549' title='bbox 1998 3941 2060 3973; x_wconf 87' lang='lat' dir='ltr'>filiis</span> <span class='ocrx_word' id='word_1_1550' title='bbox 2162 3940 2279 3980; x_wconf 68' lang='lat' dir='ltr'>Eledo,</span> 
     </span>
     <span class='ocr_line' id='line_1_188' title="bbox 1223 3980 2282 4019; baseline -0.006 -4"><span class='ocrx_word' id='word_1_1551' title='bbox 1223 3988 1256 4019; x_wconf 89' lang='lat'>&amp;</span> <span class='ocrx_word' id='word_1_1552' title='bbox 1330 3984 1456 4015; x_wconf 86' lang='lat' dir='ltr'>Officiali</span> <span class='ocrx_word' id='word_1_1553' title='bbox 1468 3983 1647 4014; x_wconf 90' lang='lat' dir='ltr'>Wintonien.</span> <span class='ocrx_word' id='word_1_1554' title='bbox 1667 3983 1718 4012; x_wconf 91' lang='lat' dir='ltr'>suis</span> <span class='ocrx_word' id='word_1_1555' title='bbox 1730 3981 1808 4012; x_wconf 89' lang='lat' dir='ltr'>dedit</span> <span class='ocrx_word' id='word_1_1556' title='bbox 1819 3981 1913 4011; x_wconf 89' lang='lat' dir='ltr'>litteris</span> <span class='ocrx_word' id='word_1_1557' title='bbox 1925 3981 1955 4011; x_wconf 92' lang='lat' dir='ltr'>in</span> <span class='ocrx_word' id='word_1_1558' title='bbox 1969 3981 2104 4012; x_wconf 88' lang='lat' dir='ltr'>mandatis</span> <span class='ocrx_word' id='word_1_1559' title='bbox 2117 3987 2148 4010; x_wconf 89' lang='lat' dir='ltr'>ut</span> <span class='ocrx_word' id='word_1_1560' title='bbox 2159 3980 2282 4010; x_wconf 89' lang='lat' dir='ltr'>eundem</span> 
     </span>
    </p>
   </div>
   <div class='ocr_carea' id='block_1_20' title="bbox 1223 4019 2285 4088">
    <p class='ocr_par' dir='ltr' id='par_1_54' title="bbox 1223 4019 2285 4088">
     <span class='ocr_line' id='line_1_189' title="bbox 1223 4019 2285 4088; baseline -0.008 -32"><span class='ocrx_word' id='word_1_1561' title='bbox 1223 4023 1409 4065; x_wconf 84' lang='lat' dir='ltr'>Magistrum,</span> <span class='ocrx_word' id='word_1_1562' title='bbox 1429 4023 1477 4061; x_wconf 88' lang='lat' dir='ltr'>qui</span> <span class='ocrx_word' id='word_1_1563' title='bbox 1494 4022 1612 4054; x_wconf 83' lang='lat' dir='ltr'>eandem</span> <span class='ocrx_word' id='word_1_1564' title='bbox 1633 4020 1786 4052; x_wconf 82' lang='lat' dir='ltr'>Ecclesiam</span> <span class='ocrx_word' id='word_1_1565' title='bbox 1799 4027 1967 4058; x_wconf 84' lang='lat' dir='ltr'>occupatam</span> <span class='ocrx_word' id='word_1_1566' title='bbox 1979 4019 2102 4058; x_wconf 85' lang='lat' dir='ltr'>detinet,</span> <span class='ocrx_word' id='word_1_1567' title='bbox 2119 4026 2285 4088; x_wconf 52' lang='lat' dir='ltr'>peremptpi}</span> 
     </span>
    </p>
   </div>
   <div class='ocr_carea' id='block_1_21' title="bbox 2310 350 2423 418">
    <p class='ocr_par' dir='ltr' id='par_1_55' title="bbox 2310 350 2423 418">
     <span class='ocr_line' id='line_1_190' title="bbox 2331 350 2414 382; baseline 0 -11"><span class='ocrx_word' id='word_1_1568' title='bbox 2331 350 2414 382; x_wconf 76' lang='lat'><em>1254.</em></span> 
     </span>
     <span class='ocr_line' id='line_1_191' title="bbox 2310 384 2423 418; baseline 0.009 -10"><span class='ocrx_word' id='word_1_1569' title='bbox 2310 384 2375 409; x_wconf 67' lang='lat' dir='ltr'>Hm.</span> <span class='ocrx_word' id='word_1_1570' title='bbox 2397 392 2423 418; x_wconf 83' lang='lat'>3.</span> 
     </span>
    </p>
   </div>
   <div class='ocr_carea' id='block_1_22' title="bbox 2306 791 2439 1021">
    <p class='ocr_par' dir='ltr' id='par_1_56' title="bbox 2306 791 2439 1021">
     <span class='ocr_line' id='line_1_192' title="bbox 2308 791 2439 824; baseline 0.015 -2"><span class='ocrx_word' id='word_1_1571' title='bbox 2308 791 2380 822; x_wconf 32' lang='lat' dir='ltr'>Armi</span> <span class='ocrx_word' id='word_1_1572' title='bbox 2399 793 2439 824; x_wconf 82' lang='lat' dir='ltr'>D.</span> 
     </span>
     <span class='ocr_line' id='line_1_193' title="bbox 2325 839 2407 870; baseline 0 -10"><span class='ocrx_word' id='word_1_1573' title='bbox 2325 839 2407 870; x_wconf 82' lang='lat'><em>1255.</em></span> 
     </span>
     <span class='ocr_line' id='line_1_194' title="bbox 2306 874 2421 906; baseline 0.009 -8"><span class='ocrx_word' id='word_1_1574' title='bbox 2306 874 2358 898; x_wconf 77' lang='lat' dir='ltr'>Az.</span> <span class='ocrx_word' id='word_1_1575' title='bbox 2378 881 2421 906; x_wconf 87' lang='lat'>39.</span> 
     </span>
     <span class='ocr_line' id='line_1_195' title="bbox 2311 913 2388 944; baseline 0.026 -10"><span class='ocrx_word' id='word_1_1576' title='bbox 2311 913 2343 935; x_wconf 83' lang='lat' dir='ltr'>H.</span> <span class='ocrx_word' id='word_1_1577' title='bbox 2363 919 2388 944; x_wconf 84' lang='lat'>3.</span> 
     </span>
     <span class='ocr_line' id='line_1_196' title="bbox 2309 950 2421 974; baseline -0.018 0"><span class='ocrx_word' id='word_1_1578' title='bbox 2309 951 2348 974; x_wconf 81' lang='lat' dir='ltr'>Ex</span> <span class='ocrx_word' id='word_1_1579' title='bbox 2363 950 2421 973; x_wconf 76' lang='lat' dir='ltr'>Au-</span> 
     </span>
     <span class='ocr_line' id='line_1_197' title="bbox 2308 992 2371 1021; baseline 0 -10"><span class='ocrx_word' id='word_1_1580' title='bbox 2308 992 2371 1021; x_wconf 62' lang='grc' dir='ltr'>ιαμ.</span> 
     </span>
    </p>
   </div>
   <div class='ocr_carea' id='block_1_23' title="bbox 2313 2457 2447 2496">
    <p class='ocr_par' dir='ltr' id='par_1_57' title="bbox 2313 2457 2447 2496">
     <span class='ocr_line' id='line_1_198' title="bbox 2313 2457 2447 2496; baseline 0.015 -2"><span class='ocrx_word' id='word_1_1581' title='bbox 2313 2457 2365 2486; x_wconf 69' lang='lat'>⁴⁸1-</span> <span class='ocrx_word' id='word_1_1582' title='bbox 2380 2465 2447 2496; x_wconf 80' lang='lat'>539·</span> 
     </span>
    </p>
   </div>
   <div class='ocr_carea' id='block_1_24' title="bbox 2306 3476 2442 3510">
    <p class='ocr_par' dir='ltr' id='par_1_58' title="bbox 2306 3476 2442 3510">
     <span class='ocr_line' id='line_1_199' title="bbox 2306 3476 2442 3510; baseline 0.007 -3"><span class='ocrx_word' id='word_1_1583' title='bbox 2306 3476 2382 3508; x_wconf 89' lang='lat' dir='ltr'>Ann.</span> <span class='ocrx_word' id='word_1_1584' title='bbox 2400 3477 2442 3510; x_wconf 92' lang='lat' dir='ltr'>D.</span> 
     </span>
    </p>
   </div>
   <div class='ocr_carea' id='block_1_25' title="bbox 2306 3525 2420 3706">
    <p class='ocr_par' dir='ltr' id='par_1_59' title="bbox 2306 3525 2420 3706">
     <span class='ocr_line' id='line_1_200' title="bbox 2327 3525 2410 3555; baseline 0.012 -10"><span class='ocrx_word' id='word_1_1585' title='bbox 2327 3525 2410 3555; x_wconf 78' lang='lat'><em>1255.</em></span> 
     </span>
     <span class='ocr_line' id='line_1_201' title="bbox 2306 3559 2420 3592; baseline 0.009 -11"><span class='ocrx_word' id='word_1_1586' title='bbox 2306 3559 2357 3582; x_wconf 67' lang='lat' dir='ltr'>Aa.</span> <span class='ocrx_word' id='word_1_1587' title='bbox 2377 3566 2420 3592; x_wconf 78' lang='lat'>39.</span> 
     </span>
     <span class='ocr_line' id='line_1_202' title="bbox 2306 3597 2384 3630; baseline 0.013 -10"><span class='ocrx_word' id='word_1_1588' title='bbox 2306 3597 2341 3621; x_wconf 87' lang='lat' dir='ltr'>H.</span> <span class='ocrx_word' id='word_1_1589' title='bbox 2358 3603 2384 3630; x_wconf 87' lang='lat'>3.</span> 
     </span>
     <span class='ocr_line' id='line_1_203' title="bbox 2307 3635 2418 3659; baseline 0.009 -1"><span class='ocrx_word' id='word_1_1590' title='bbox 2307 3636 2347 3658; x_wconf 83' lang='lat' dir='ltr'>Ex</span> <span class='ocrx_word' id='word_1_1591' title='bbox 2362 3635 2418 3659; x_wconf 82' lang='lat' dir='ltr'>Au-</span> 
     </span>
     <span class='ocr_line' id='line_1_204' title="bbox 2306 3678 2370 3706; baseline 0 -9"><span class='ocrx_word' id='word_1_1592' title='bbox 2306 3678 2370 3706; x_wconf 80' lang='lat' dir='ltr'>togr.</span> 
     </span>
    </p>
   </div>
  </div>
 </body>
</html>
