2570 4261
4 360 100 395 1·593·

0 556 49 580 nn.
62 547 104 579 D.

0 585 61 625 256.

0 635 80 660 n.40.

1 685 7 692 .
24 673 50 700 3.

0 723 3 730 .
17 700 82 738 B.f.

0 742 37 768 52.
52 740 78 766 b.

0 788 38 806 nes
53 781 105 806 Ca-

0 826 33 844 ΘΥ.

0 863 87 883 Utar.

0 1358 59 1396 256.

0 1400 25 1425 ἂι.
41 1406 88 1432 40.

0 1477 84 1501 rAu-

0 3109 43 3143 tl.
55 3119 122 3149 594·

687 174 800 219 ET
882 172 1149 217 ACTA

118 351 141 375 *
154 353 274 385 Littera
291 350 427 384 Falconis
438 351 567 384 Domini
583 349 619 382 de
638 347 808 393 Mastacio,
832 346 868 382 de
879 346 1020 394 capienda
1026 347 1177 394 fidelitate

165 398 303 444 Galfridi
325 399 471 433 Martelli
484 424 494 440 ,
511 409 568 446 pro
593 408 678 431 terra
693 424 704 441 ,
728 410 789 445 quie
802 397 872 442 fuit
897 396 969 429 disti
990 398 1126 431 Falconis
1143 400 1175 429 in

167 449 271 494 Infhla
285 447 405 481 Oleron.

164 536 350 569 Llustriffimo
365 536 497 568 Domino
511 534 560 567 suo
573 536 606 568 &
619 535 773 567 reverendo
786 558 797 575 ,
820 535 953 567 Domino
971 534 1112 567 Edwardo
1123 536 1179 573 pri-

174 577 321 615 mogenito
343 576 466 606 Domini
486 575 623 612 Henrici,
643 575 701 605 Dei
740 576 804 605 tatia
817 600 827 613 ,
850 575 937 615 Regis
961 575 1179 606 excellentissimi

127 614 250 654 Angfiae,
269 614 392 645 Domini
404 614 573 652 Hiberniae,
598 613 688 644 Ducis
743 616 917 652 ormanniae,
936 614 1115 652 Aquitanniae
1145 614 1178 643 &

128 653 250 684 Comitis
262 653 449 693 Andegaviae‚
466 652 489 681 F
490 652 576 696 ulcho
588 651 732 682 Dominus
746 651 783 683 de
804 652 963 692 Mastacio,
980 652 1101 692 ejusdem
1115 637 1178 683 Mi-

126 691 180 730 les,
197 692 310 723 sslutern
321 692 354 722 &
369 691 491 721 debitam
505 690 675 721 fidelitatem.

164 731 292 762 Vestram
304 731 500 766 reverentiam,
518 729 554 760 de
567 739 621 769 qua
634 728 767 767 confido,
783 729 920 767 deprecor
939 731 973 761 &
987 730 1098 770 requiro
1111 739 1180 768 qua-

126 767 198 800 tinus
218 768 378 800 Galfridum
397 767 521 798 Martelli
535 790 543 806 ,
569 776 667 797 meum
687 768 799 798 fratrem
820 768 954 799 diletstum
968 792 977 807 ,
1002 769 1032 798 in
1053 766 1182 799 fidelitate

125 807 214 839 vestra
228 817 280 847 pro
294 816 379 845 terra,
397 816 481 846 quarn
495 816 549 845 ego
560 805 596 836 de
610 805 742 836 Domino
756 816 840 845 meo,
859 806 940 838 Patre
953 807 1046 837 vestro
1063 807 1118 843 jam
1132 805 1182 835 de-

124 846 204 887 super
216 847 366 877 nominato
400 854 484 876 teneo
498 846 527 874 in
541 844 629 876 Insula
643 844 775 878 Oleronis
787 868 796 884 ,
818 856 904 888 quam
920 855 1021 877 terram
1036 843 1182 887 Dominus

121 883 266 915 Robertus
278 885 314 915 de
326 869 468 924 Salbolio,
488 883 632 914 Dominus
648 883 729 914 Pater
744 893 823 914 rneus
838 885 871 916 &
892 884 971 922 suus,
993 883 1042 922 ipsi
1057 881 1184 913 Gaulfri-

119 922 160 953 do
172 920 332 964 affignavit‚
350 924 384 956 &
397 933 452 964 ego
466 922 590 964 assigno,
609 923 629 955 si
643 923 748 964 placet,
765 924 883 965 capiatis.

158 1002 228 1035 Dat.
243 1003 288 1034 die
300 1001 401 1035 Martis
413 1002 478 1041 post
498 1002 603 1034 octab.
618 1004 690 1034 beati
707 1003 843 1042 Johannis
856 1027 866 1043 ,
888 1012 952 1034 ante
969 1002 1086 1033 Portam
1103 1000 1181 1032 Lati-

120 1051 195 1111 nand
204 1051 317 1111 ,Mamm
331 1041 454 1074 Domini
472 1041 620 1073 millesimo
638 1043 831 1074 ducentesimo
847 1041 1075 1084 quinquagefimo
1089 1040 1184 1079 sexto,

120 1090 175 1122 apu
246 1090 344 1112 ornao.

123 1216 173 1249 De
190 1218 318 1249 Pecunia
330 1225 385 1262 pro
401 1217 526 1264 Negatio
540 1215 644 1250 Siciliae
653 1242 664 1257 ,
687 1217 725 1253 (ῤ’
743 1213 780 1248 de
799 1214 958 1249 Credentia
975 1212 1033 1261 J0.
1050 1213 1087 1246 de
1101 1215 1183 1262 Dya.

188 1303 333 1335 Lexander
344 1303 369 1335 E
390 1304 513 1345 iscopus,
529 1304 619 1334 servus
630 1303 772 1334 servorum
780 1303 837 1333 Dei
846 1326 855 1340 ,
873 1302 1013 1333 carissimo
1028 1304 1056 1332 in
1065 1300 1187 1332 Christo

127 1380 194 1411 dieti
204 1343 261 1373 filio
363 1314 460 1374 iilustri
474 1342 549 1382 Regi
564 1342 692 1382 Angliae,
710 1342 824 1372 salutem
838 1341 871 1372 &
887 1340 1083 1381 Apostolicam
1101 1340 1190 1371 bene-

195 1391 291 1412 onem.

167 1420 244 1459 Qia
265 1419 340 1450 sedes
352 1418 378 1450 A
418 1418 514 1450 stolica
528 1418 657 1450 inclitum
671 1428 757 1464 genus
771 1426 853 1449 tuum
872 1418 993 1466 quadam
1011 1418 1134 1458 semper,
1145 1418 1189 1448 in—

132 1466 174 1489 ter
186 1459 261 1489 orbis
273 1458 366 1498 Reges
426 1458 568 1497 Principes
581 1481 591 1496 ,
605 1458 699 1489 dilexit
718 1458 901 1498 praerogativa
916 1458 1117 1487 benivolenriae
1129 1456 1189 1494 spe-

129 1497 218 1534 cialis,
235 1496 344 1537 ejusque
357 1497 494 1527 continue
509 1496 649 1526 honorem
662 1497 696 1527 &
710 1496 902 1527 commodum
913 1495 1042 1526 indefessa}
1057 1495 1189 1526 sollicitu-

127 1535 194 1566 dine
211 1536 372 1579 procuravit
385 1559 395 1574 ,
425 1536 488 1574 quia
507 1537 581 1566 circa
600 1535 815 1575 progenitorum
835 1543 948 1566 tuorum
969 1535 1164 1565 exaltationem
1178 1556 1188 1571 ,

126 1574 177 1605 sub
188 1574 342 1605 diversitate
362 1581 525 1614 temporum
538 1596 549 1612 ,
574 1583 693 1604 omnem
704 1596 714 1612 ,
730 1583 816 1614 quarn
838 1574 946 1612 potuit,
963 1573 1089 1604 adhibuit
1101 1582 1188 1613 opem

125 1612 161 1644 &
175 1622 291 1653 operam
306 1612 468 1643 efficacem:

160 1651 245 1690 Nos,
262 1651 432 1682 attendentes
445 1651 538 1691 quod,
554 1659 588 1681 ex
600 1649 657 1681 hoc
671 1651 749 1690 regio
763 1659 880 1690 genere,
897 1658 956 1681 tam
970 1650 1083 1691 infigni,
1100 1648 1189 1681 susce-

148 1690 168 1721 it
184 1699 272 1721 mater
284 1689 408 1721 Ecclesia
421 1689 477 1719 sem
499 1699 545 1727 er,
563 1690 597 1720 ὃς
611 1688 719 1729 suscipit
732 1689 803 1719 filios
819 1689 1019 1720 benedictionis
1033 1690 1066 1720 &
1082 1688 1190 1729 gaudii,

125 1699 197 1760 Elios
210 1729 288 1758 factis
301 1729 336 1758 &
350 1727 424 1758 samii
439 1737 479 1765 po
489 1728 590 1765 lentes,
605 1726 676 1757 filios
688 1728 820 1767 oport-uni
833 1728 924 1758 auxilii
939 1728 972 1759 ὃς
984 1728 1100 1767 favoris,

161 1765 307 1805 Qiodque
327 1767 356 1796 in
369 1766 427 1797 hoc
440 1775 541 1805 genere
559 1765 671 1796 suavem
691 1765 794 1796 delibat
813 1765 962 1797 dulcorem
982 1767 1143 1797 reverentiae
1159 1765 1192 1796 fi-

126 1802 211 1843 lialis,
228 1805 354 1845 auritque
372 1804 408 1835 de
428 1804 487 1845 ipso
501 1805 637 1836 continue
654 1814 804 1836 amoenum
826 1806 929 1836 innatae
943 1805 1101 1836 sinceritatis
1117 1804 1191 1836 odo-

127 1852 205 1875 rem·

163 1867 209 1912 A}
223 1882 350 1913 volentes
363 1891 397 1913 ex
411 1882 469 1913 hoc
484 1881 550 1913 sedis
563 1881 684 1920 ejusdem
702 1882 831 1913 favorem
847 1882 880 1913 &
902 1883 1016 1922 gratiam
1035 1881 1070 1913 ad
1084 1890 1113 1913 te
1126 1906 1134 1921 ,
1157 1882 1191 1913 &

127 1921 300 1951 carissimum
314 1922 343 1952 in
358 1920 475 1952 Christo
491 1921 578 1951 filium
599 1921 726 1951 nostrum
742 1920 929 1952 Edmundum
942 1944 953 1961 ,
978 1921 1112 1952 illustrem
1130 1921 1192 1952 Re-

127 1967 193 1998 gem
201 1959 320 1999 Sicssiae,
336 1969 434 1990 natum
449 1969 544 1998 tuum,
561 1959 708 1990 exrendere
720 1959 871 1991 successive
885 1959 1046 2000 (praesertim
1060 1969 1129 1990 cum
1145 1968 1193 1998 tu,

127 1997 249 2028 &idem
265 2008 344 2029 natus
367 1999 612 2040 progenitoribusi
633 1999 664 2029 sis
677 2022 688 2037 ,
713 2009 772 2029 non
791 1998 880 2029 solum
895 1999 1067 2029 derivatione
1086 1999 1130 2029 san
1151 2000 1192 2028 ui-

127 2036 170 2067 nis
201 2036 246 2067 sed
280 2038 456 2077 ropagatione
471 2037 584 2068 sincerae
623 2038 776 2074 evotionis,
793 2038 826 2068 ὃς
844 2037 1031 2069 immaculatae
1051 2037 1116 2068 fidei
1140 2047 1192 2068 uc-

127 2060 241 2113 cedans)
288 2085 394 2115 egnum
409 2076 528 2115 Siciliae,
566 2075 623 2106 uod
640 2075 679 2106 est
697 2075 812 2116 speciale
837 2075 904 2106 sedis
918 2076 997 2117 ipsius
1009 2099 1018 2114 ,
1041 2085 1095 2116 pro
1113 2077 1192 2115 cujus

127 2115 339 2152 recuperatione
352 2114 477 2145 Roman.
493 2113 554 2146 Ecc
564 2115 615 2145 esia
631 2114 851 2154 importabilibus
865 2124 924 2145 non
937 2115 1079 2154 parcendo
1093 2114 1191 2155 sump-

126 2153 216 2192 tibus,
231 2162 264 2183 ac
277 2153 431 2183 inultorum
445 2153 575 2183 laborum
590 2153 710 2183 minime
729 2152 881 2183 devitando
902 2153 983 2183 taedia
996 2153 1096 2184 diutius
1110 2153 1190 2184 labo-

126 2193 196 2221 ravit
210 2192 282 2229 (rem
295 2191 392 2231 utique
405 2191 452 2231 ipsi
466 2191 600 2222 Ecclesiae
615 2214 624 2228 ,
647 2192 717 2221 inter
732 2200 832 2222 caetera
854 2192 1017 2230 temporalia
1039 2192 1084 2222 sua
1098 2192 1192 2231 bona,

127 2230 313 2268 carissimam,
330 2230 365 2261 &
379 2230 468 2271 longo
480 2232 534 2268 jam
548 2239 676 2270 ternpore
691 2230 885 2270 concupitam)
902 2230 995 2263 eidem
1009 2240 1078 2261 nato
1092 2230 1192 2261 libera-

125 2268 189 2299 liter
200 2268 405 2307 conceffimus,
422 2277 506 2308 prout
519 2270 547 2299 in
561 2267 730 2306 Apostolico
742 2269 903 2310 privilegio,
919 2269 998 2307 super
1011 2268 1068 2300 hoc
1089 2269 1194 2300 obten-

126 2314 175 2341 to,
194 2307 302 2347 plenius
319 2309 498 2346 continetur,

162 2345 202 2376 Et
214 2370 223 2384 ,
243 2348 378 2384 quoniam
397 2346 498 2376 sincera
520 2348 553 2378 &
574 2345 655 2376 firma
674 2346 804 2377 voluntas
823 2347 853 2377 in
872 2345 1029 2378 dilectionis
1047 2347 1081 2379 Sc
1101 2348 1193 2386 operis

126 2385 323 2454 {insecutione
336 2385 532 2425 cognoscitur,
551 2386 615 2425 quia
630 2384 787 2423 huiusmodi
802 2386 965 2425 negotium,
984 2395 1098 2426 propter
1110 2387 1191 2424 ipsius

159 2424 223 2462 egni
236 2422 356 2462 statum,
373 2423 507 2455 nondum
518 2425 547 2453 in
562 2432 626 2454 toto
640 2422 820 2461 tranquillum
832 2446 841 2461 ,
865 2424 957 2455 multo
970 2424 1109 2463 indigebat
1121 2435 1193 2456 con-

128 2461 188 2493 silio
201 2462 234 2491 &
247 2462 360 2501 favore,
377 2471 565 2502 magnamque
578 2462 732 2500 requirebat
747 2461 895 2492 sollertiam
910 2485 919 2500 ‚
943 2463 976 2493 &
997 2463 1193 2494 substentatio-

128 2500 172 2530 nis
184 2499 346 2530 fulcimenta
359 2510 419 2530 non
436 2500 566 2537 modica,
583 2499 672 2531 valida
692 2499 857 2531 defensionis
878 2502 1050 2540 munimina,
1066 2502 1100 2533 &
1114 2502 1194 2533 inde-

130 2536 249 2568 ficientis
263 2538 371 2569 subsidii
386 2538 596 2569 firmamentum
608 2562 617 2577 ,

168 2575 276 2606 Eadem
291 2576 413 2607 Ecclesia
428 2585 523 2607 totum
536 2577 609 2617 quasi
621 2576 732 2617 pondus
746 2576 866 2615 ejusdem
881 2579 1007 2617 negotii,
1023 2579 1196 2619 portandum

130 2613 211 2655 super
229 2614 361 2645 humeros
382 2615 442 2645 suos
456 2615 596 2656 assumpsit
606 2638 616 2654 ,
638 2617 655 2645 ὲ
670 2615 779 2646 diverlis
793 2616 913 2656 partibus
928 2618 1080 2648 exercitum
1094 2618 1195 2648 instau-

132 2653 222 2684 rando
233 2652 414 2693 magnificum
466 2664 498 2684 ac
512 2653 672 2693 deputando
688 2654 807 2694 Legatos
820 2654 854 2684 ad
868 2654 1092 2694 prosecutionem
1108 2656 1196 2695 illius,

134 2702 195 2723 non
210 2691 267 2722 sine
280 2701 324 2721 ma
346 2692 381 2722 nsi
394 2677 532 2722 eff²usione
544 2693 724 2733 sumptuum,
751 2701 780 2722 ut
793 2692 883 2732 posset
896 2693 961 2723 illud
971 2716 981 2732 ,
999 2693 1134 2725 Domino
1148 2695 1198 2725 ad-

136 2732 242 2769 iutore,
269 2739 318 2769 per
339 2740 420 2761 ucere
438 2730 472 2761 ad
494 2731 596 2761 statum
630 2731 841 2770 honorabilem,
863 2732 1042 2774 prosperum,
1063 2733 1097 2764 &
1119 2734 1198 2774 quie-

137 2777 208 2800 tum.

173 2806 309 2848 Cumque
320 2815 510 2839 memoratum
525 2807 672 2849 negotium
685 2807 854 2842 laudabiliter
866 2809 1199 2849 convalesceret‚&suc-

135 2845 253 2876 cassibus
274 2847 406 2886 prosperis
427 2846 599 2887 firmaretur,
624 2847 755 2888 tandem,
770 2849 851 2887 quia,
875 2849 1054 2889 quorundam
1073 2849 1199 2889 prodito-

135 2893 199 2914 rum
219 2885 336 2916 faciente
354 2886 494 2925 nequitifi,
507 2888 656 2925 inopinato
675 2886 737 2918 casu
759 2888 848 2918 extitit
869 2888 1037 2926 impeditum
1049 2911 1059 2927 ,
1085 2897 1201 2929 propter

156 2922 214 2953 uod
228 2931 307 2953 tanto
323 2923 492 2956 festinantius
509 2934 566 2956 erat
589 2925 809 2957 succurrendum
832 2926 925 2957 eidem
944 2928 1078 2967 negotio,
1116 2936 1201 2958 uanto

135 2933 186 2991 ghi
200 2962 381 3002 propinquius
395 2963 560 2995 imminebat
573 2964 701 2995 confusio
715 2965 749 2996 &
761 2964 927 3004 discrimen,
944 2965 1084 3005 Regalem
1124 2966 1201 2996 xcel-

135 2999 251 3030 lentiam
263 3010 312 3040 per
326 3000 431 3032 nostras
445 3004 634 3042 requisivimus
649 3004 750 3034 litteras
785 3003 837 3035 tibi
858 3013 927 3035 curn
940 3004 1069 3035 instantia
1085 3004 1201 3035 suaden-

137 3044 193 3081 tes,
212 3045 262 3076 ut,
278 3039 342 3078 quia
363 3049 470 3070 eramus
489 3041 599 3072 ulterius
617 3042 652 3072 ad
670 3026 818 3073 ferendum
835 3049 945 3074 tantum
965 3043 1076 3083 pondus
1093 3044 1202 3081 penitus

138 3084 326 3115 impotentes,
342 3086 411 3108 cum
425 3088 478 3116 pro
494 3080 574 3117 ipsius
585 3081 768 3120 promotione
787 3083 894 3120 negotii
906 3081 1141 3112 exhauriverimus
1155 3092 1202 3112 ca-

139 3124 248 3159 meram
261 3116 387 3147 nostram
396 3117 577 3158 1praedi6iam,
597 3120 613 3136 ³¹*
627 3118 782 3150 Ecclesiam
796 3120 890 3150 multis
905 3121 939 3151 &
952 3120 1081 3161 gravibus
1096 3121 1203 3160 obliga-

139 3154 262 3185 tionibus
277 3154 472 3199 astringentes,
487 3157 620 3187 omnium
633 3158 706 3197 quasi
720 3157 933 3198 Mercarorum,
951 3158 1024 3197 apud
1039 3159 1202 3199 praedictam

138 3192 234 3223 sedem
248 3202 438 3232 morantium,
456 3195 490 3225 &
503 3195 659 3226 multorum
678 3196 845 3228 officialium
856 3221 866 3235 ,
888 3198 922 3228 &
941 3198 1117 3229 familiarium
1137 3208 1203 3228 nos-

138 3238 268 3275 trorum,
283 3241 321 3275 ac
335 3232 452 3264 aliorum
467 3233 568 3272 etiam,
584 3243 637 3273 pro
657 3234 814 3273 hujusmodi
834 3235 993 3267 necessitate
1011 3237 1135 3276 pecuniis
1148 3238 1203 3274 jain

139 3277 257 3307 receptis
271 3269 317 3306 (ita
329 3271 406 3309 quod
420 3281 480 3301 non
492 3280 652 3311 poteramus
662 3281 796 3304 mutuum
808 3275 943 3312 invenire)
957 3275 1119 3306 festinatum
1131 3285 1203 3315 prae-

140 3318 248 3352 parares
263 3308 435 3352 succursum·
458 3310 495 3340 ita
506 3310 600 3349 quod,
615 3312 697 3341 omni
708 3311 872 3345 difficultate
885 3324 919 3344 ac
933 3314 1058 3345 tarditate
1077 3323 1184 3345 remota
1193 3339 1203 3353 ,

141 3346 235 3378 statim
248 3346 358 3385 copiosa
372 3348 406 3378 ὃς
419 3333 529 3378 strenua
541 3349 637 3379 militia
652 3350 814 3381 mitteretur.

177 3384 215 3415 Et
227 3385 427 3415 nichilominus
440 3395 471 3416 ut
483 3394 554 3417 terra
563 3386 697 3426 Laboris,
716 3388 749 3418 ὃ(
761 3390 821 3419 aliae
833 3399 915 3422 terrae
925 3390 1005 3429 ipsius
1012 3391 1107 3431 Regni
1116 3415 1125 3429 ‚
1161 3401 1204 3422 uae

140 3422 234 3454 adhuc
248 3423 278 3453 in
291 3423 445 3454 devotione
458 3424 536 3463 ipsius
547 3425 682 3455 Ecclesiae
694 3427 886 3468 persistebant,
905 3431 939 3461 ὃς
953 3440 1001 3468 per
1015 3440 1081 3470 quas
1094 3431 1128 3461 ad
1141 3441 1155 3460 a
1167 3432 1206 3460 ias

142 3460 239 3500 Regni
251 3471 340 3503 partes
352 3462 438 3493 libere
454 3463 548 3493 haberi
559 3472 668 3503 poterat
681 3465 804 3496 transitus
819 3468 851 3498 &
866 3469 1023 3507 processus,
1039 3469 1148 3507 possent
1163 3471 1206 3498 in-

141 3501 225 3531 terim
236 3500 407 3540 praeservari,
427 3502 576 3542 pecuniam
590 3503 796 3542 incontinenti,
810 3515 862 3545 pro
885 3507 1076 3538 conducendis
1092 3508 1126 3538 ad
1147 3507 1205 3537 hoc

141 3539 292 3585 rnilitibtiS,
309 3540 343 3570 &
357 3539 478 3584 aliquem
491 3540 584 3571 virum
599 3540 732 3585 idoneum
752 3552 804 3581 pro
820 3543 976 3589 Capitaneo
991 3546 1152 3584 destinares,
1171 3555 1205 3576 ac

141 3577 206 3609 alias
216 3577 307 3608 eidem
320 3588 451 3618 negotio,
470 3588 553 3619 prout
568 3579 744 3618 expediebat,
762 3581 913 3613 efficaciter
927 3585 1095 3623 provideres.

157 3654 165 3660 ·
180 3616 229 3647 Set
244 3617 358 3660 qualiter
369 3617 447 3656 haec,
466 3628 531 3657 quae
550 3618 600 3650 tibi
619 3627 671 3654 pro
689 3618 809 3657 ejusdem
829 3623 1012 3661 promotione
1032 3633 1064 3654 ac
1078 3622 1208 3653 sustenta-

142 3661 222 3686 tione
236 3656 342 3695 negotii
355 3656 546 3696 persuasimus,
564 3656 678 3694 feceris,
693 3667 752 3687 non
772 3659 899 3698 ignoras,
917 3662 1032 3700 qualiter
1053 3663 1137 3692 etiam
1157 3671 1208 3692 ne-

143 3695 254 3737 gotium
268 3693 357 3734 ipsum
369 3694 518 3733 adjuveris,
532 3704 565 3725 ac
580 3694 658 3734 super
668 3694 719 3726 illo
733 3697 898 3736 provideris,
914 3700 1023 3730 cunetis
1034 3700 1098 3731 luce
1111 3701 1209 3731 clarius

144 3732 318 3772 innotescet,
336 3742 405 3763 cum
420 3743 473 3764 nec
486 3742 545 3764 tuas
560 3757 570 3772 ,
594 3743 648 3764 nec
662 3733 783 3764 aliorum
798 3745 876 3767 curas
890 3737 924 3767 &
942 3739 1013 3769 vires
1027 3762 1036 3777 ,
1059 3739 1094 3769 ad
1115 3739 1209 3778 hujus-

145 3770 225 3802 modi
241 3772 281 3801 rei
294 3771 522 3811 prosecutionem
535 3772 672 3803 curaveris
686 3772 825 3804 adhibere.

185 3808 360 3847 Quinimmo
384 3810 422 3841 fic
445 3811 535 3854 ipsum
556 3821 576 3840 n
611 3811 704 3854 otiu-m
724 3812 797 3854 quasi
822 3812 1001 3850 postposuisse
1026 3815 1185 3847 disnosceris
1199 3840 1209 3856 ,

147 3847 226 3883 quod
236 3858 289 3885 eo,
303 3849 356 3879 tuis
366 3857 511 3888 oportunis
530 3849 564 3880 &
577 3820 690 3887 e[geratis
711 3849 831 3880 subsidiis
853 3861 912 3882 non
929 3853 1058 3891 suffulto,
1076 3856 1210 3893 praedicta

149 3890 219 3914 terra
234 3885 367 3923 Laboris,
386 3897 435 3928 per
450 3897 533 3925 quarn
548 3887 687 3918 residuum
702 3889 783 3926 ipsius
803 3888 833 3919 R

148 3920 188 3965 sic
200 3922 339 3956 adversarii
349 3925 484 3957 Ecclefiae
499 3926 644 3967 agreffibus
658 3929 760 3966 patuit,
778 3937 815 3967 qu

149 3958 212 3989 liter
225 3966 384 4001 occupavit.

188 3997 258 4029 Nec
270 4002 360 4040 potest
373 4004 462 4044 aliqua
476 4004 554 4045 super
567 4004 624 4035 hoc
634 4028 643 4043 ,
660 4014 693 4035 ex
707 4015 783 4043 parte
800 4015 862 4044 tua,
880 4008 1033 4047 ignorantia
1045 4010 1211 4049 quomodo-

152 4034 221 4066 libet
233 4038 357 4079 allegari,
373 4043 524 4082 praesertim
538 4053 605 4074 curn
620 4044 682 4074 haec
696 4047 794 4079 omnia
804 4046 858 4079 tibi
874 4046 911 4080 ad
922 4047 1048 4082 nostram
1059 4049 1214 4087 excusatios

153 4083 224 4113 nem
234 4076 391 4120 frequenter
403 4081 561 4114 duxerimus
573 4083 734 4116 intimanda.

889 3891 898 3920 i
919 3894 1069 3932 recuperari
1087 3903 1212 3934 poterat,

876 3929 949 3960 illam
971 3932 1025 3969 jam
1051 3933 1125 3970 quasi
1139 3942 1212 3964 tota-

1230 172 1263 214 P
1301 173 1346 216 U
1384 177 1417 218 Β
1455 176 1489 218 L
1526 177 1546 218 1
1583 179 1622 220 C
1660 180 1708 223 Α,
2221 202 2239 231 1
2250 202 2275 241 5

1250 258 1382 307 Verum,
1391 264 1454 301 quia
1466 274 1553 305 nuper
1565 264 1682 297 dssastos
1696 266 1766 298 filios
1776 266 1903 300 nobilem
1916 270 2203 304 virumWillielmum
2211 274 2268 306 Bo·
2286 279 2362 310 Anii.
2376 279 2418 310 Dv

1214 307 1304 329 nevor
1318 299 1460 341 Militem,
1476 304 1508 333 &
1526 303 1694 343 Magistrum
1709 307 1823 339 Petrum
1837 308 1872 338 de
1886 309 1994 341 Solerio
2009 311 2191 343 Canonicum
2206 314 2269 345 He·
2288 319 2371 357 1256.
2411 302 2420 320 ἢ

1215 338 1352 384 reforden3
1390 340 1524 386 Nuncios
1539 351 1601 373 tuos
1615 344 1695 383 (quos
1709 345 1743 375 de
1762 347 1849 378 multa
1863 347 2028 380 discretione
2042 375 2052 389 ,
2078 361 2130 389 pro
2137 352 2270 393 videntia,

1217 377 1251 407 ὃς
1265 377 1450 408 sollicitudine
1464 389 1538 410 circa
1560 383 1708 413 commista
1729 385 1768 414 eis
1790 388 1900 425 negotia
1923 388 2074 425 plurimum
2088 391 2273 422 commenda—

1216 416 1289 460 mus)
1307 417 1341 447 ad
1356 416 1479 462 nostram
1495 420 1666 457 praesentiam
1681 422 1820 453 destinasti
1830 448 1839 462 ,
1854 434 1948 464 petens
1962 436 2010 466 per
2026 429 2096 465 ipsos
2111 428 2243 461 instanter
2258 442 2275 462 a

1217 455 1300 485 nobis
1314 464 1345 486 ut
1360 464 1511 499 terminum
1527 458 1668 488 solutionis
1684 462 1809 499 pecuniae
1833 464 1842 499 (
1851 473 1935 502 quam
1948 489 1958 502 ,
1984 467 2055 503 juxta
2072 476 2198 499 tenorem
2212 478 2274 500 me-

1217 496 1319 524 morati
1334 495 1470 535 privilegii
1484 496 1606 534 iolvere,
1623 498 1691 528 infra
1706 499 1819 529 Festum
1833 502 1928 532 Sancti
1946 503 2094 536 Michaelis
2108 529 2118 544 ,
2143 507 2275 546 proximo

1217 540 1368 602 {zeiztiuirrgirigi
1360 541 1450 603 r1,mtstia
1463 535 1626 575 magnitudo
1642 540 1759 575 tenetur)
1775 547 1924 578 prorogare
1944 540 2115 583 benignitate
2127 545 2276 586 Apostoli-

1426 596 1436 610 Ἰ

1231 649 1237 654 ἱ
1254 610 1322 654 Nos
1336 612 1486 649 omnibus,
1500 621 1564 653 quae
1576 613 1662 644 iidem
1678 613 1809 653 Nuncii,
1826 624 1860 645 ex
1900 625 1956 648 arte
1974 626 2035 658 tua,
2054 622 2112 652 tarn
2135 621 2213 661 super
2226 633 2277 664 pe-

1218 656 1316 679 titione
1330 649 1502 688 hujusmodi,
1518 652 1602 689 quarn
1618 654 1700 683 etiam
1714 652 1791 692 super
1806 654 1863 684 aliis
1902 656 1934 686 iis
1951 659 2131 697 petitionibus
2173 671 2277 703 propo-

1218 697 1284 731 nere
1297 688 1446 719 voluerunt
1460 712 1470 727 ‚
1491 689 1636 729 diligenter
1653 691 1749 721 auditis
1768 693 1801 723 &
1817 694 1921 730 plenius
1936 695 2080 728 intellectis
2095 722 2104 737 ,
2130 686 2278 741 h’abitaque

1217 725 1345 769 diligenti
1360 726 1559 758 deliberatione
1571 738 1639 760 cum
1652 729 1751 761 nostris
1764 731 1890 762 fratribus
1908 733 1985 774 super
1999 736 2052 766 illis
2065 760 2075 775 ,
2098 738 2232 769 dilectum
2245 738 2279 769 fi-

1218 764 1303 802 lium,
1317 765 1429 795 fratrem
1439 765 1601 803 Johannem
1615 768 1651 798 de
1665 768 1722 799 Dia
1736 792 1746 808 ,
1772 770 1956 810 Capelianum
1975 774 2009 805 &
2033 774 2280 808 Poenitentiarium

1219 801 1346 847 nostrum
1360 804 1407 842 (de
1442 814 1480 835 uo
1492 815 1543 836 nos
1558 807 1591 837 &
1606 807 1694 837 iidem
1708 808 1801 838 fratres
1817 809 1929 848 plenam
1950 811 1979 842 in
1993 812 2128 844 Domino
2147 815 2280 846 fiduciam

1218 841 1392 886 obtinemus)
1402 814 1443 887 'ad'
1456 851 1484 873 te
1498 867 1507 882 ,
1533 845 1568 875 de
1588 845 1710 890 ipsorum
1731 846 1845 877 fratrum
1859 850 1977 880 consilio
1998 851 2125 882 duximus
2139 853 2280 884 destinan-

1218 879 1306 947 ἀξίως
1318 880 1439 949 dviii&
1453 881 1531 922 super
1545 884 1684 924 praediCtis
1699 887 1881 925 petitionibus
1896 897 1930 917 ex
1953 898 2030 929 parte
2051 890 2144 922 nostra
2159 892 2280 932 plenarie

1220 927 1234 948 r
1278 927 1318 948 on
1337 928 1352 948 e
1375 929 1382 948 i
1405 930 1411 949 :

1269 956 1381 994 deoque
1395 958 1578 990 Serenitatem
1593 968 1670 991 tuam
1693 971 1822 1000 rogamus
1843 964 1877 994 &
1897 963 2041 996 hortamur
2060 970 2164 998 attente
2187 972 2285 1007 quatess

1219 1004 1287 1033 nus,
1306 996 1428 1039 eundem
1443 997 1627 1036 Capellanum
1648 1000 1724 1030 solita
1741 1003 1803 1031 beni
1845 1003 1908 1032 itate
1930 1006 2064 1043 recipiens
2077 1029 2086 1044 ,
2111 1007 2160 1036 fibi
2180 1007 2210 1036 in
2227 1008 2281 1037 hiis

1220 1043 1285 1072 quae
1300 1034 1352 1077 tibi
1366 1034 1443 1074 super
1456 1036 1600 1074 praemiffis
1613 1048 1646 1068 ex
1659 1048 1734 1077 parte
1753 1049 1793 1069 no
1820 1050 1846 1068 ra
1868 1040 1966 1072 dixerit
1987 1046 2068 1076 (curn
2090 1044 2215 1074 nostram
2230 1045 2281 1076 fibi

1220 1073 1303 1114 plene
1314 1081 1343 1102 in
1356 1071 1409 1104 hac
1424 1082 1500 1113 parte
1514 1075 1703 1107 intentionem
1716 1077 1904 1117 expressimus)
1920 1080 2048 1112 adhibeas
2060 1083 2171 1113 firmam
2184 1082 2280 1114 fidem.

1260 1151 1329 1185 Dat.
1341 1152 1494 1196 Anagniae,
1510 1156 1593 1187 tertio
1606 1155 1647 1187 ld.
1656 1155 1751 1195 Junii,
1768 1155 1951 1189 Pontificatfis
1964 1160 2052 1191 nostri
2065 1172 2140 1194 anno
2151 1162 2284 1197 secundo:

1700 1237 1918 1282 Plumbeofigillo
1931 1250 1951 1270 a
1959 1238 2008 1280 filo
2023 1241 2148 1273 canabeo.

1223 1370 1274 1404 De
1294 1368 1434 1403 carnibus
1450 1371 1632 1405 comedendis
1650 1375 1681 1405 in
1707 1369 1797 1415 I-'estis
1815 1373 1920 1406 Sanfii
1941 1372 2095 1408 Edwardi
2113 1400 2123 1417 ‚
2146 1374 2180 1418 fi
2197 1376 2291 1407 comi-

1265 1422 1369 1467 gerint
1384 1430 1438 1466 per
1460 1419 1522 1454 dies
1541 1420 1667 1455 Sabbati
1677 1448 1687 1464 ,
1707 1432 1764 1469 pro
1779 1423 1858 1469 Rege
1870 1424 1969 1456 Henr.
1987 1426 2023 1461 ὠ·
2041 1425 2178 1456 convivis
2187 1422 2267 1468 sicis.

1225 1508 1430 1570 ALexander
1446 1508 1616 1550 Episcopus,
1632 1510 1722 1542 servus
1736 1511 1880 1541 servorum
1892 1512 1968 1551 Dei,
1984 1511 2135 1543 Cariffimo
2154 1513 2186 1543 in
2200 1511 2288 1543 Chri-
2309 1514 2385 1546 Ann.
2398 1514 2440 1548 Dr

1291 1548 1336 1578 sto
1349 1546 1407 1578 filio
1419 1548 1550 1581 Henrico
1565 1550 1662 1581 illustri
1675 1550 1752 1591 Regi·
1767 1550 1897 1591 Angli-ae,
1915 1550 2028 1582 salutem
2041 1552 2075 1583 &
2089 1551 2286 1589 Apostolicam
2308 1556 2391 1594 1256.

1224 1586 1463 1618 benedidtionem.
2307 1598 2359 1622 An.
2371 1604 2419 1630 40.

1264 1623 1360 1663 Cum,
1378 1626 1447 1656 sicut
1462 1635 1496 1656 ex
1527 1635 1585 1657 arte
1598 1637 1645 1658 tua
1660 1627 1742 1658 nobis
1760 1628 1849 1659 extitit
1866 1628 2024 1660 intimatum
2038 1651 2049 1667 ‚
2073 1636 2104 1659 tu
2119 1627 2257 1661 abstinere
2273 1639 2290 1660 a
2308 1637 2342 1660 H.
2358 1643 2383 1669 3.

1226 1664 1371 1703 carnibus,
1389 1664 1485 1695 diebus
1522 1666 1631 1705 abbati,
1648 1668 1762 1698 tenearis
1777 1676 1811 1696 ex
1832 1675 1921 1705 vot03
1936 1677 2003 1705 nos,
2021 1669 2074 1698 tuis
2115 1668 2224 1699 recibus
2241 1678 2291 1699 an·
2310 1676 2348 1698 Ex
2359 1673 2420 1704 Aio-j

1225 1710 1341 1733 nuentes
1376 1702 1558 1734 Excellentiae
1572 1714 1645 1743 tuae,
1662 1715 1694 1736 ut
1708 1729 1717 1743 ‚
1742 1706 1761 1735 si
1782 1705 1933 1744 contigerit
1955 1705 2071 1737 Festum
2089 1677 2292 1738 {tanssationis
2309 1717 2373 1748 mgr,

1226 1741 1322 1772 Sandti
1335 1726 1467 1772 ssdwardi
1483 1743 1512 1773 in
1526 1743 1571 1773 die
1586 1744 1701 1775 Sabbati
1715 1744 1845 1774 celebrari
1859 1766 1870 1781 ,
1890 1743 1974 1774 liceat
1994 1745 2046 1775 tibi
2071 1745 2141 1783 (non
2162 1745 2292 1776 obstante

1226 1788 1298 1811 voto
1311 1780 1482 1819 hujusmodi)
1498 1791 1614 1812 necnon
1627 1783 1660 1813 &
1674 1783 1804 1814 convivis
1821 1783 1875 1812 tuis
1888 1805 1898 1821 ,
1921 1784 1970 1821 qui
1992 1783 2038 1814 tali
2052 1792 2123 1814 voto
2138 1783 2163 1814 le
2177 1784 2294 1815 nullate-

1226 1829 1277 1849 nus
1291 1819 1492 1858 astrinxerunt,
1507 1830 1603 1852 carnee
1621 1821 1770 1852 comedere
1785 1845 1796 1860 ,
1820 1821 1982 1852 auctoritate
2002 1821 2182 1863 praesentium
2201 1822 2296 1854 indul-

1245 1867 1331 1888 emus.

1226 1866 1245 1898 g
1264 1896 1406 1927 Volumus
1420 1906 1514 1929 autem
1534 1897 1612 1939 quod
1632 1907 1747 1940 propter
1766 1897 1826 1930 hoc
1847 1906 1965 1930 centum
1983 1908 2116 1940 pauperes
2133 1900 2236 1930 eodem
2249 1898 2297 1930 die

1227 1934 1337 1974 pascere
1350 1937 1473 1967 tenearis.

1264 1973 1348 2005 Nulli
1362 1983 1430 2014 ergo
1439 1997 1448 2013 ,
1464 1976 1526 2006 &c-

1264 2053 1334 2087 Dat.
1349 2054 1504 2096 Anagniae,
1518 2056 1602 2088 tertio
1614 2054 1757 2096 Id.Junii,
1774 2054 1962 2088 Pontificati'is
1974 2054 2062 2088 nostri
2075 2066 2151 2088 anno
2164 2055 2298 2090 secundo·

1743 2136 1969 2184 Plumbeo-figillo
1983 2149 2002 2168 a
2012 2137 2075 2180 filis
2082 2137 2175 2178 sericis
2181 2138 2264 2180 flavi

1806 2175 1931 2216 rubetque
1943 2176 2044 2206 coloris.

1349 2306 1377 2333 *ε
1402 2307 1522 2343 Littera
1538 2307 1575 2343 de
1593 2308 1752 2344 Credentia
1769 2306 1958 2357 Principibus
1974 2309 2172 2353 Alemanniae‚
2322 2316 2338 2334 ⁶
2352 2313 2375 2347 1.
2383 2320 2451 2355 595,

1229 2395 1324 2458 RE
1334 2396 1366 2428 X
1379 2400 1512 2430 omnibus
1525 2400 1559 2431 &
1574 2399 1684 2440 singulis
1697 2399 1793 2431 Princi
1813 2400 1875 2430 ibus
1889 2399 2067 2432 Alemanni-ae
2081 2398 2202 2430 salutem.
2315 2408 2392 2440 Anu,
2409 2409 2452 2442 D,

1330 2436 1471 2468 Mittimus
1487 2439 1520 2469 ad
1535 2448 1623 2478 partes
1640 2438 1741 2470 vestras
1755 2448 1795 2469 no
1817 2438 1883 2468 ilem
1899 2439 1933 2469 &
1967 2438 2114 2468 rudentem
2129 2440 2223 2469 virum
2242 2437 2296 2469 Ri-
2317 2448 2400 2488 1256,

1229 2475 1346 2506 cardum
1361 2475 1397 2506 de
1411 2475 1493 2507 Clare
1506 2476 1656 2508 Comitem
1677 2476 1867 2507 Gloucestriae
1889 2477 1922 2507 &
1977 2476 2092 2508 ertford.
2108 2477 2141 2507 &
2157 2476 2294 2508 dilectum
2314 2490 2366 2515 An.
2401 2498 2427 2516 Ο,

1231 2513 1416 2557 Senescallum
1435 2515 1562 2546 nostrum
1582 2516 1748 2546 Robertum
1768 2515 1923 2545 Walerand
1936 2538 1946 2553 ,
1969 2514 2062 2546 fideles
2084 2514 2195 2546 nostros
2209 2539 2219 2554 ,
2243 2524 2296 2554 pro
2314 2530 2348 2553 H.
2379 2497 2398 2524 4

1231 2552 1395 2596 quibusdam
1406 2553 1518 2598 servitiis
1533 2555 1567 2584 &
1582 2554 1699 2594 negotiis
1713 2552 1831 2592 nostris,
1847 2563 1899 2583 vos
1918 2562 2044 2598 rogantes
2062 2554 2190 2584 attentius
2207 2554 2296 2594 quati·
2315 2535 2379 2592 Par?
2406 2568 2435 2594 «λ’

1233 2600 1284 2634 nus
1295 2590 1365 2635 ipsos
1379 2591 1458 2631 super
1471 2592 1524 2636 ¹¹}ss
1537 2591 1900 2636 recommendatos-habere
1919 2594 2023 2636 velitiS,
2039 2591 2124 2622 fidem
2138 2592 2250 2636 plenam
2264 2594 2298 2623 &
2386 2574 2404 2601 4

1233 2628 1831 2739 tzslaki‘isscmngsszissffisasssdssssiffi&³
1849 2639 1915 2669 ‘³¹¹ae
1926 2631 2007 2662 νοω
2028 2630 2203 2670 εΧΡΟῶΜ
2220 2631 2300 2674 supe‘

1287 2716 1307 2736 n
1319 2715 1410 2746 quuS,
1462 2717 1488 2739 c.

2318 2607 2353 2633 Η.
2357 2612 2371 2642 3
2378 2604 2453 2641 .m.9·]

1270 2786 1360 2819 Teste
1370 2786 1453 2829 Rege
1464 2786 1538 2829 apud
1551 2786 1677 2820 Westm.
1689 2788 1866 2820 duodecimo
1879 2786 1924 2819 die
1934 2786 2021 2827 Junii.

1619 2870 1673 2900 Per
1688 2870 1835 2900 Ricardum
1850 2873 1976 2900 Comitem
1988 2867 2130 2910 Gloucestr.
2144 2870 2308 2910 Johannem

1660 2907 1816 2948 Maunfi’ll,
1831 2908 1976 2940 Robertum
1991 2907 2158 2949 Wlerand,
2176 2907 2215 2945 ό·
2231 2908 2308 2940 alios.

1240 3041 1330 3076 Bulla
1349 3039 1430 3088 quod
1446 3040 1580 3087 Epift'opi
1594 3040 1720 3086 sblvant
1744 3039 1893 3074 decimam
1916 3040 1952 3074 de
1980 3043 2137 3075 Maneriis
2156 3044 2304 3089 propriis,

1372 3102 1429 3122 non
1444 3087 1623 3132 obstantibus
1645 3090 1705 3122 alio
1721 3090 1850 3134 servitio
1862 3117 1872 3134 ‚
1896 3100 1953 3123 aut
1971 3090 2173 3138 indulgentiis.

1242 3165 1447 3241 ALexander
1460 3178 1483 3209 E
1505 3177 1629 3218 iscopus,
1648 3179 1737 3210 servus
1749 3178 1893 3211 servorum
1908 3179 1982 3219 Dei,
1999 3179 2105 3212 dssefto
2123 3179 2183 3211 silio
2197 3179 2304 3218 Magis·
2322 3181 2398 3213 Ann.
2414 3180 2458 3212 D.-

1309 3226 1353 3248 tro
1364 3217 1474 3248 Rostan
1495 3228 1532 3255 o,
1548 3217 1702 3257 Capeliano
1715 3218 1748 3250 δε
1764 3218 1800 3248 N
1802 3220 1890 3250 uncio
1908 3219 2021 3258 nostro,
2037 3218 2148 3249 salutem
2163 3219 2197 3250 &
2210 3217 2302 3256 Apos-
2325 3222 2406 3259 1256.

1241 3257 1358 3288 tolicam
1374 3256 1609 3287 benedietionem.
2320 3265 2371 3290 An.
2390 3270 2437 3296 40.

1277 3295 1356 3326 Cum
1369 3295 1479 3325 decima
1491 3296 1624 3325 omnium
1639 3304 1832 3337 proventuum
1850 3295 2111 3326 Ecclesiasticorum
2134 3293 2227 3334 Regni
2241 3293 2302 3324 An-
2321 3302 2355 3327 H.
2373 3308 2398 3336 3.

1242 3333 1322 3377 gliae,
1341 3334 1374 3364 &
1386 3333 1498 3364 aliarum
1514 3342 1647 3364 terrarum
1660 3334 1789 3365 carissimi
1803 3336 1832 3365 in
1848 3334 1963 3366 Christo
1983 3333 2031 3364 filii
2045 3332 2133 3363 nostri
2243 3332 2302 3364 Re·
2320 3341 2360 3365 Ex
2374 3339 2433 3365 Aa·

1240 3381 1282 3411 gis
1296 3372 1456 3412 Anglorum
1469 3371 1594 3410 illustris,
1612 3373 1644 3403 sit
1658 3374 1754 3404 eidem
1767 3372 1842 3414 Regi
1857 3397 1866 3412 ,
1894 3374 1979 3413 usque
1993 3372 2027 3403 ad
2045 3379 2155 3402 certum
2175 3378 2304 3414 tempus,
2322 3383 2384 3413 togr.

1241 3412 1277 3441 ab
1290 3410 1455 3450 Apostolica
1467 3410 1529 3440 sede
1542 3411 1687 3451 concessa,

1280 3450 1436 3487 Volumus,
1455 3449 1487 3479 &
1500 3448 1676 3486 praesentium
1691 3450 1742 3481 tibi
1754 3450 1917 3481 au&0ritate
1931 3447 2094 3479 mandamus
2105 3449 2234 3486 quatinus
2246 3451 2307 3485 uni.-

1244 3488 1336 3519 versos
1349 3488 1496 3524 Praelatos,
1513 3488 1547 3518 &
1560 3488 1621 3519 alias
1634 3488 1759 3527 personas
1774 3487 1978 3519 Ecclesiasticas
1992 3485 2147 3516 eorundem
2162 3486 2258 3528 Regni
2270 3489 2305 3523 ὃς

1243 3527 1412 3564 Terrarum,
1431 3534 1462 3556 ut
1471 3525 1507 3555 de
1520 3527 1699 3566 proventibus
1714 3526 1910 3557 Maneriorum
1933 3526 2061 3561 suorum,
2080 3533 2144 3562 quae
2165 3524 2308 3566 largitione

1244 3566 1325 3605 regali
1340 3566 1440 3596 habere
1459 3564 1611 3596 noscuntur
1626 3589 1636 3605 ,
1662 3565 1820 3604 hujusmodi
1835 3562 2105 3606 decimamhsolvant
2116 3585 2127 3601 ‚
2150 3566 2308 3602 monitione

1244 3604 1397 3643 praemissa,
1415 3603 1577 3635 auctontate
1590 3604 1699 3642 nostra,
1716 3614 1765 3642 per
1776 3614 1818 3643 te,
1837 3604 1882 3635 vel
1897 3612 1945 3641 per
1957 3601 2042 3632 alium
2055 3623 2066 3639 ,
2085 3601 2130 3632 seu
2141 3602 2210 3634 alios
2222 3627 2233 3642 ,
2260 3614 2309 3646 ap-

1245 3643 1394 3683 pellatione
1408 3650 1531 3681 remota,
1549 3643 1712 3682 compellas:
2143 3679 2149 3684 ⁴

1280 3681 1355 3713 Non
1367 3680 1540 3711 obstantibus
1551 3681 1571 3711 si
1584 3682 1675 3720 forte,
1689 3691 1742 3721 pro
1753 3679 1813 3720 ipsis
1827 3679 1962 3710 Maneriis
1975 3679 2069 3709 eidem
2075 3676 2151 3719 Regi
2166 3679 2309 3711 servitium

1247 3720 1354 3759 facere,
1374 3720 1441 3750 sicut
1455 3720 1560 3750 laicales
1572 3744 1582 3758 ,
1605 3722 1649 3752 vel
1662 3720 1793 3751 seculares
1807 3718 1955 3761 personae,
1979 3717 2030 3761 sibi
2044 3727 2096 3756 pro
2110 3717 2224 3762 feudis,
2245 3728 2310 3759 quae

1249 3768 1344 3789 tenent
1358 3759 1393 3788 ab
1411 3758 1469 3799 ipso
1482 3782 1491 3797 ,
1515 3758 1640 3798 faciunt,
1655 3767 1799 3791 teneantur
1813 3769 1823 3796 3
1848 3757 1881 3787 ὃς
1897 3754 2250 3800 ςυὼᾳΠὼεῑᾼροὶὶοὶιεὶε
2264 3758 2308 3788 in-

1247 3797 1392 3838 dulgentiis
1406 3807 1454 3837 per
1467 3807 1533 3837 quas
1546 3798 1637 3836 posset
1651 3798 1770 3829 effeetus
1781 3795 1959 3837 praesentium
1973 3793 2109 3835 impediri.

1283 3879 1353 3913 Dat.
1366 3878 1519 3920 Anagniae,
1535 3877 1578 3913 Id.
1587 3878 1607 3920 J
1609 3880 1682 3919 unii,
1698 3875 1884 3912 Pontificatiis
1895 3875 1986 3909 nostri
1996 3885 2074 3908 anno
2087 3874 2219 3908 secundo.

1767 3956 1894 3992 Pluubeo
1900 3956 1989 4002 figi‘llo
2001 3969 2021 3992 a
2028 3957 2080 4001 filo
2093 3955 2220 3990 candeo,

2231 4113 2317 4149 Bulla
