2570 4261
96 193 172 225 Ann.
187 192 229 223 D.

120 241 205 270 1290.

99 277 163 299 Ἐάν.
187 281 209 298 ι.

108 2170 237 2204 ‘11.477.

235 104 295 150 ‘68

244 194 385 225 decimam
405 198 458 230 pro
477 189 537 221 solo
558 188 648 226 pretio
666 184 746 224 quod
767 184 915 227 recipietur
935 180 972 212 de
991 179 1109 218 eisdem,
1128 177 1198 209 dum
1210 184 1305 209 tamen

245 230 321 265 circa
333 228 391 262 hoc
406 233 434 260 in
446 227 572 258 fraudem
591 226 710 256 decimae
722 223 807 253 nichil
821 231 944 252 omnmo
956 229 1061 257 agatur.
1260 254 1265 259 .

284 271 340 301 Sed
361 266 553 299 Ecclesiastica
572 263 703 302 persona,
722 272 787 299 quae
806 262 835 290 in
852 259 978 290 Ecclesia
996 256 1122 301 sua,·seu
1146 253 1305 299 beneficio,

244 309 323 348 quod
345 307 515 337 residentiam
535 301 708 343 personalem
728 300 857 338 requirit,
876 308 937 328 non
948 296 1101 341 ⁸resederit,
1118 294 1172 337 sed*
1187 293 1257 336 facit
1275 301 1305 321 in

245 347 346 378 eodem
368 354 416 381 per
436 343 592 379 firmarium
613 340 659 370 vel
671 340 811 369 vicarium
825 336 972 373 deserviri,
991 333 1152 378 deputando
1165 331 1215 369 ipsi
1231 339 1306 360 Vica-

246 387 289 416 rio
303 383 346 413 vel
360 382 483 412 firmatio
497 387 603 411 certam
616 378 731 409 suorum
744 385 935 415 proventuum
950 382 1134 417 pontonem,
1147 368 1308 411 nonqdedu—

245 433 291 454 cet
310 429 416 459 partem
438 420 534 449 vicarii
554 419 599 449 seu
619 416 748 454 firmarii,
765 415 811 446 sed
823 414 860 444 de
872 414 1005 458 universis
1017 414 1099 449 ipsius
1113 408 1247 439 Eccleliae
1260 405 1307 437 vel

246 458 378 492 Beneficii
392 456 581 488 Proventibus
596 455 740 487 decimam
754 453 907 484 exhibebit.
988 490 992 495 η

284 497 466 528 Declaramus
485 497 569 526 etiam
588 493 666 533 quod
686 493 722 524 de
736 492 808 523 silvis
822 491 867 522 seu
883 488 1064 533 nemoribus,
1083 496 1148 530 quse
1161 493 1222 514 non
1236 492 1308 526 con·

246 536 394 567 sueverunt
406 534 507 573 vendi,
524 533 613 564 nichil
625 532 764 570 solvetur,
781 530 832 561 nisi
846 530 919 560 forte
929 526 1033 565 aliquid
1048 526 1083 555 de
1097 524 1147 554 illis
1159 521 1307 553 venditum

246 575 331 606 fuerit
345 574 463 604 durante
475 573 600 603 decima:
621 572 654 602 &
671 580 739 602 tunc
755 568 937 609 extimabitur
951 573 1088 604 quantum
1102 562 1194 593 valere
1204 560 1309 604 debeat

246 613 332 644 annui
346 611 469 642 redditus
482 622 543 651 pars
558 610 686 647 vendita,
704 607 858 638 secundum
871 604 986 635 assisiam
1000 612 1063 641 quae
1077 601 1222 645 consuevit
1234 597 1308 641 ⁴sieri

245 651 282 682 de
305 651 487 688 nemoribus,
506 651 536 680 in
554 649 674 688 partibus
699 647 767 684 inis,
785 647 814 676 in
831 645 933 683 quibus
945 651 1046 672 nemus
1059 639 1207 682 venditum
1226 639 1309 666 litum

245 689 347 728 fuerit,
367 690 400 720 ὃς
423 688 460 719 de
479 689 536 719 sola
555 687 737 718 extimatione
759 683 869 715 decima
891 681 1079 724 persolvetur,
1097 679 1131 709 &
1153 676 1203 707 nisi
1217 675 1253 720 de
1273 684 1309 704 eo

246 727 326 767 quod
347 728 534 766 perciperetur
556 725 592 755 de
609 725 691 755 dietis
713 722 784 754 silvis
803 722 848 753 seu
868 719 1050 761 nemoribus,
1067 726 1131 755 quae
1149 714 1310 783 νεηόιάῗρη

1117 763 1151 785 ex
1170 764 1227 784 ven
1250 765 1255 782 i
1270 763 1311 782 io-

246 768 468 805 consueverunt,
487 775 539 796 nec
553 763 629 794 foi-te
644 761 816 799 vendentur,
833 760 950 790 durante
973 756 1083 788 decima
1106 791 1242 824 roventus
1260 801 1312 820 eo-

246 816 285 836 ne
306 805 461 843 pascuagii,
480 803 526 834 seu
549 802 636 832 herba
656 802 692 839 ii,
716 800 763 831 seu
781 799 890 830 alterius
908 795 1061 828 consimilis
1194 833 1197 836 ι
1305 829 1309 834 ¹

246 843 381 874 rumdem
399 851 553 873 nemorum
575 841 609 871 &
626 810 772 876 {fival'urtss
800 839 835 869 &
856 837 875 867 si
894 846 956 866 non
977 833 1133 865 vendantur
1147 828 1311 876 *hujusmodi

246 881 405 921 pascuagia,
422 880 554 920 herbagia
569 880 602 910 &
617 877 729 916 similia,
744 887 804 907 non
816 875 938 905 solvetur
952 873 1062 904 decima
1077 871 1113 901 de
1125 871 1191 908 hiis,
1211 879 1248 900 ita
1271 877 1312 899 ta-

247 930 315 951 men
332 919 410 958 quod
424 921 452 949 in
467 918 597 949 fraudem
612 917 733 947 decimae
744 914 832 945 nichil
845 915 920 945 circa
933 913 992 956 hoc
1004 918 1208 956 attemptetun
1253 947 1258 952 .

284 958 424 997 idemque
441 957 476 988 de
498 957 620 995 pascuis,
649 955 734 985 herba
755 955 802 991 iis,
821 953 854 983 &
875 950 1067 983 consimilibus
1089 945 1313 980 obventionibus

247 997 381 1028 silvarum
394 995 556 1027 caeduarum
568 996 702 1025 volumus
715 1004 735 1024 o
757 992 864 1022 servari.
969 998 973 1002 '
1010 1028 1015 1034 .
1115 1026 1120 1032 υ

285 1035 336 1066 De
348 1035 450 1073 stagnis
466 1035 500 1066 ὅ(
513 1034 650 1076 piscariis,
670 1033 689 1062 fi
706 1031 879 1068 vendantur,
897 1028 933 1060 de
947 1036 1038 1067 pretio
1059 1025 1179 1056 decimae
1200 1023 1242 1068 sic⁴
1259 1021 1314 1053 sol-

245 1081 345 1113 vetur,
360 1073 509 1112 videlicet,
525 1072 603 1111 quod
625 1071 673 1101 fiet
694 1070 808 1101 collatio
831 1068 868 1099 de
881 1077 1003 1110 numero
1021 1074 1181 1102 annorum,
1197 1063 1315 1107 quibus,

246 1121 312 1143 ante
332 1112 530 1144 venditionem
551 1112 697 1147 ultimam,
715 1108 828 1139 vendita
846 1117 907 1137 non
927 1106 1047 1144 fuerint,
1070 1103 1107 1148 ad
1130 1109 1315 1147 quantitatem

248 1152 331 1190 pretii
344 1160 379 1182 ex
393 1151 447 1190 ipsa
460 1151 558 1181 ultima
571 1148 736 1180 venditione
748 1147 867 1185 recepti,
885 1154 916 1176 ut
952 1145 1023 1188 retio
1047 1141 1136 1172 diviso
1157 1151 1185 1171 m
1243 1148 1316 1184 rtes,

248 1189 404 1221 secundum
426 1198 568 1220 annorum
589 1196 758 1223 numerum,
781 1184 898 1215 durante
939 1192 1046 1219 ecima,
1064 1181 1185 1225 solvetur
1225 1188 1315 1222 ecima

249 1228 306 1267 ipsa
321 1229 356 1259 de
369 1237 411 1259 tot
424 1228 546 1267 partibus
559 1227 656 1266 pretii,
673 1235 707 1256 ex
722 1224 776 1263 ipsa
797 1222 961 1255 venditione
983 1228 1104 1261 recepti,
1125 1227 1195 1258 quot
1213 1218 1316 1248 fuerint

248 1269 316 1298 anni
336 1268 479 1307 praediffl3

288 1306 351 1344 Ut,
377 1307 398 1337 si
417 1306 492 1337 forte
513 1305 574 1337 sunt
594 1306 718 1344 quinque
735 1304 802 1335 anni
820 1301 919 1342 eiapfi,
943 1310 977 1332 ex
996 1309 1055 1345 quo
1076 1297 1164 1330 fuerat
1185 1296 1316 1340 stagnum

249 1345 415 1384 venditum,
434 1346 468 1376 &
481 1355 558 1376 nunc
571 1344 710 1375 vendatur
729 1354 782 1381 pro
802 1351 919 1373 centum
935 1340 1062 1383 Marcis,
1081 1337 1149 1382 fient
1168 1335 1203 1367 de
1224 1344 1316 1376 pretio

250 1386 376 1422 quinque
388 1393 494 1422 parteS,
512 1382 545 1415 ὃς
560 1393 614 1421 pro
630 1384 716 1414 tribus
728 1383 805 1412 annis
829 1381 930 1420 quibus
950 1379 1061 1421 durabit
1080 1376 1210 1420 decima,
1227 1374 1318 1405 solve-

250 1431 296 1453 tur
310 1422 365 1460 ipsa
378 1422 490 1453 decima
502 1422 538 1452 de
551 1422 637 1452 tribus
652 1422 774 1462 partibus
787 1421 866 1458 pretii
880 1419 1010 1461 tantum,
1028 1415 1176 1452 videlicet,
1192 1414 1227 1443 de
1241 1412 1316 1457 seira-

250 1462 326 1500 ginta
350 1460 474 1499 Marcis3
493 1461 526 1492 δε
548 1460 586 1490 sic
608 1460 867 1498 multiplicabuntur
893 1459 1106 1500 &nminuentur
1120 1461 1206 1492 partes
1218 1459 1317 1490 pretii,

251 1508 338 1538 prout
353 1499 444 1536 plures
456 1499 502 1529 vel
516 1499 659 1539 pauciores
676 1498 780 1529 fuerint
792 1496 862 1527 dieti
874 1505 947 1525 anni.
983 1533 988 1539 ⁴

291 1537 339 1568 De
359 1537 554 1569 venationibus
572 1546 685 1575 autem,
716 1537 750 1568 &
772 1536 890 1573 piscariis
909 1534 1079 1575 fluminum,
1096 1531 1130 1562 δε
1152 1529 1264 1560 lacuum
1286 1527 1319 1566 (fi

252 1576 421 1612 vendantur)
437 1578 470 1608 δε
486 1576 558 1606 silvis
573 1575 695 1613 caeduis,
713 1574 789 1605 idem
805 1573 884 1611 quod
897 1573 933 1602 de
947 1572 1055 1611 Stagnis
1070 1569 1124 1600 fiet.

290 1615 338 1645 De
358 1614 477 1653 piscibus
498 1614 679 1653 stagnorum,
697 1613 743 1643 vel
761 1612 855 1643 bestiis
876 1619 1040 1652 garenarum
1083 1617 1156 1652 quos
1176 1616 1230 1650 pro
1251 1605 1318 1650 usu,

251 1654 297 1685 vel
317 1654 362 1684 esu
377 1653 428 1684 suo
441 1664 474 1684 ca
495 1654 521 1692 i,
539 1654 572 1684 &
589 1653 627 1684 fic
638 1652 784 1690 consumi,
799 1651 846 1683 vel
860 1651 918 1681 sine
930 1648 1027 1680 fraude
1040 1633 1138 1677 donari
1153 1653 1321 1684 contigerit,

251 1693 364 1724 decima
376 1703 437 1723 non
452 1692 482 1723 so
493 1701 582 1723 vetur.
911 1728 915 1732 ¹
1121 1724 1126 1729 ¹
1202 1723 1206 1728 ¹

287 1731 343 1770 Et,
361 1733 426 1770 quia
439 1731 568 1762 nonnulli
581 1731 710 1761 obtinent
726 1730 741 1760 *a
757 1726 940 1759 Monasteriis
953 1726 987 1757 &
1009 1723 1140 1768 Ecclesiis
1160 1722 1322 1760 Prioratus,

273 1771 394 1808 ranoias,
417 1769 540 1808 domos,
565 1768 705 1807 redditus,
728 1767 874 1806 pensiones
894 1767 927 1797 &
951 1764 1066 1802 census,
1083 1760 1264 1806 in-sollvenda
1285 1761 1323 1790 de

251 1779 305 1839 fiiis
318 1794 429 1839 decima
444 1808 584 1840 credimus
596 1807 846 1845 distinguendum,
864 1805 1014 1841 videlicet,
1031 1812 1068 1832 an
1083 1801 1144 1845 talia
1163 1810 1192 1830 in
1213 1799 1323 1830 benefi-

252 1848 333 1877 cium
347 1847 519 1878 habeantur?
538 1846 585 1876 An
599 1855 632 1876 ex
646 1845 815 1876 contractu?
835 1844 882 1874 An
896 1853 930 1874 ex
947 1851 1024 1873 mera
1036 1839 1141 1880 gratia?
1161 1838 1199 1869 Et
1212 1848 1247 1868 an
1269 1848 1323 1876 pro

253 1885 388 1917 mercede
404 1886 505 1917 laboris
520 1885 565 1916 vel
580 1885 728 1923 obsequii?
878 1921 883 1926 ι
1051 1919 1056 1924 ⁷

290 1924 329 1955 Et
339 1924 454 1963 quidem
469 1925 629 1955 obtinentes
644 1923 706 1954 talia
720 1924 750 1953 in
764 1920 954 1957 beneficium,
972 1919 1104 1963 &tetiam
1120 1925 1154 1947 ex
1169 1924 1323 1959 meragra-

254 1963 310 2001 tia,
324 1963 380 1993 sive
394 1963 451 1994 hoc
464 1963 496 1994 sit
511 1962 680 1994 concessum
695 1971 745 1999 per
759 1960 864 1991 Sedem
883 1957 1095 2000 Apostolicani,
1114 1955 1170 1986 sive
1184 1964 1234 1993 per
1251 1953 1324 1991 ipso—

255 2012 320 2032 rum
337 2001 580 2032 Monasteriorum
593 2001 640 2032 vel
652 2000 841 2032 Ecclesiarum
857 1997 999 2037 personaS,
1017 1995 1053 2026 de
1067 1995 1182 2025 illorum
1199 2002 1323 2031 proven-

254 2041 327 2070 tibus
340 2039 450 2071 solvent
464 2040 617 2071 decimam.

292 2077 373 2109 Cum
392 2087 487 2109 autem
507 2079 675 2109 obtinentur
696 2078 759 2109 talia
780 2086 815 2108 ex
835 2074 1002 2111 contraditi,
1018 2081 1085 2117 puta
1100 2070 1134 2116 ad
1155 2069 1324 2115 pensionem

255 2117 301 2147 vel
322 2116 435 2148 firmam
456 2127 594 2155 annuam,
612 2118 642 2146 in
668 2127 722 2154 qua
736 2126 796 2147 non
813 2115 853 2145 est
868 2114 940 2145 facta
955 2120 1040 2152 gratia
1053 2112 1212 2147 obtuienti,
1230 2109 1275 2139 sed
1293 2118 1322 2138 in

253 2156 313 2186 hoc
326 2164 445 2194 uterque
461 2156 690 2186 contrahentium
705 2153 809 2185 studuit
824 2152 1021 2195 conditionem
1034 2149 1110 2192 suam
1121 2148 1214 2179 facere
1228 2148 1246 2166 '¹‘
1262 2156 1325 2177 me-

255 2194 360 2226 liorem
369 2218 378 2233 ‚
396 2202 575 2232 perceptores
587 2193 728 2232 pensionis
740 2192 787 2224 vel
800 2191 892 2222 firmae
906 2190 943 2221 de
957 2189 1014 2228 ipsa
1023 2190 1155 2227 pensione
1170 2186 1216 2218 vel
1243 2185 1324 2215 firma

254 2233 398 2264 decimam
411 2233 595 2263 exhibebunt.
1159 2265 1164 2270 ι
1243 2264 1248 2269 ⁵

292 2271 321 2302 Si
335 2281 430 2302 autem
444 2273 520 2309 quis,
537 2280 601 2301 ante
616 2270 661 2301 vel
683 2269 749 2308 post
771 2268 986 2300 concessionem
1006 2263 1165 2309 hujusmodi
1185 2262 1324 2307 decimae,

255 2310 289 2341 ad
302 2312 387 2341 vitam
402 2310 546 2348 propriam
559 2310 629 2340 emit
643 2309 800 2339 Proventus
818 2306 979 2345 Prioratiis,
996 2305 1043 2336 vel
1065 2304 1185 2347 aliorum
1204 2302 1324 2346 praedic-

254 2358 367 2388 torum,
385 2359 439 2387 pro
451 2349 542 2387 aliqua
554 2349 683 2388 pecuniae
696 2348 866 2385 quantitate,
885 2347 921 2376 ita
936 2343 1015 2383 quod
1029 2345 1059 2374 in
1073 2343 1131 2387 hoc
1152 2352 1184 2385 *ei
1206 2341 1322 2371 scienter

254 2389 342 2428 gratia
363 2397 422 2418 non
442 2387 483 2418 est
504 2387 592 2418 facta:
619 2385 851 2417 Considerabirur
874 2393 1014 2422 quantum
1029 2388 1216 2426 'extimatione
1237 2388 1324 2409 corn-

257 2427 337 2458 muni
352 2426 460 2457 valeant
471 2427 556 2456 annui
572 2433 728 2464 proventus
745 2422 907 2460 prioratus,
926 2422 1079 2460 Grangiae,
1097 2419 1221 2462 domus,
1240 2426 1325 2448 terra-

258 2475 339 2504 rum,
357 2465 402 2495 seu
417 2464 579 2496 reddituum
597 2463 777 2502 hujusmodi,
796 2464 846 2499 δε,
865 2460 1019 2492 secundum
1034 2459 1091 2489 hoc
1105 2458 1140 2487 ab
1162 2457 1233 2495 illis,
1252 2466 1326 2494 quo-

258 2514 322 2534 rum
341 2503 383 2534 est
405 2504 509 2534 horum
532 2504 700 2542 proprietas,
719 2503 768 2540 qui
791 2501 856 2531 inde
875 2501 998 2537 pretium
1012 2508 1065 2536 pro
1081 2497 1177 2527 futuro
1196 2504 1326 2536 tempore

259 2551 423 2581 receperunt
437 2552 486 2582 per
497 2550 551 2573 tres
565 2551 654 2571 annos
669 2540 779 2570 decima
792 2540 925 2578 exigetur.
960 2576 965 2581 θ
1096 2576 1101 2581 .
1167 2574 1171 2579 ,

297 2581 327 2611 Si
345 2589 439 2612 autern
460 2582 489 2610 in
508 2581 559 2611 hiis
579 2581 665 2619 gratia
683 2579 755 2609 facta
782 2578 813 2609 sit
827 2576 1036 2619 obtinentibus,
1055 2584 1119 2613 quia
1134 2573 1259 2615 scienter⁴
1273 2581 1327 2610 pro

261 2620 366 2650 minori
379 2620 488 2657 pretio,
506 2628 592 2657 quarn
603 2618 728 2655 valeant,
744 2617 804 2647 sunt
818 2616 881 2646 talia
895 2614 1007 2646 vendita
1020 2614 1066 2644 vel
1081 2613 1187 2644 locata:
1206 2611 1261 2649 Ipii
1273 2611 1327 2654 ob—

261 2659 395 2695 tinentes,
413 2658 446 2688 ὃ(
461 2668 520 2688 nori
538 2655 748 2687 Monasterium
764 2655 808 2685 vel
822 2653 962 2690 Ecclesia,
980 2652 1016 2682 de
1026 2652 1093 2695 illo,
1110 2652 1138 2681 in
1159 2660 1218 2688 quo
1242 2657 1328 2693 gratia

263 2697 335 2727 faesia
348 2696 388 2727 est
401 2696 481 2735 ipsis,
499 2697 533 2728 ὅ(
547 2695 582 2726 de
595 2695 702 2733 reliquo
720 2694 776 2732 illi,
795 2701 919 2730 quorum
934 2690 975 2722 est
998 2698 1167 2728 proprietas,
1185 2688 1327 2718 decimam

262 2736 441 2766 exhibebunt.
1289 2765 1293 2770 Ι

300 2774 329 2805 Si
343 2782 437 2804 autem
452 2772 575 2812 personis
587 2772 724 2811 aliquibus
740 2782 793 2810 pro
805 2770 878 2809 justa
891 2767 1042 2806 mercede,
1059 2767 1104 2812 seu
1127 2772 1329 2796 remuneratio-

263 2823 300 2843 ne
313 2813 413 2843 laboris
426 2813 473 2844 vel
485 2812 628 2850 obsequii,
647 2810 762 2849 praestiti
778 2810 822 2840 vel
836 2807 1002 2850 praestandi,
1019 2806 1081 2850 tal-ia
1095 2804 1228 2836 concessa
1249 2803 1327 2834 sunt:

264 2851 334 2890 Hii,
350 2861 473 2890 quorum
493 2850 535 2881 est
555 2851 670 2881 illorum
691 2850 860 2888 proprietaS,
879 2849 907 2877 in
929 2847 1117 2877 decimatione
1131 2843 1329 2886 Proventuum

264 2890 380 2920 suorum
399 2891 482 2920 etiam
501 2889 606 2919 horum
628 2897 781 2926 proventus
801 2888 903 2917 merito
926 2884 1130 2921 numerabunt,
1154 2883 1188 2913 &
1207 2880 1248 2924 de*
1261 2880 1330 2918 illis,

266 2928 384 2996 ficiitbde
398 2928 471 2966 aliis,
490 2938 562 2966 quos
576 2937 627 2965 pro
641 2928 722 2958 certis
735 2927 786 2956 suis
809 2924 969 2956 utilitatibus
989 2921 1170 2961 expendunt,
1187 2919 1329 2951 decimam

265 2975 299 2996 ex
322 2967 329 2995 i
351 2967 446 2997 ebunt.

308 3004 400 3042 Qiod
414 3005 433 3034 fi
446 3005 508 3035 haec
523 3015 572 3042 per
588 3004 668 3042 illos,
686 3005 751 3042 quia
765 3013 797 3033 ea
810 3003 958 3039 obtinent,
974 3001 1026 3031 rite
1043 2997 1154 3043 in'alios
1168 2997 1230 3027 sunt
1243 3004 1332 3041 trans-

268 3042 338 3081 lata,
358 3044 423 3080 quia
444 3053 484 3073 res
506 3042 601 3073 transit
622 3052 691 3073 cum
705 3051 792 3073 onere
806 3041 873 3078 suo,
891 3041 975 3071 etiam
988 3040 1064 3070 circa
1076 3037 1138 3067 illos
1153 3045 1217 3074 quae
1231 3035 1332 3073 piaedi-

267 3083 360 3111 ximus
374 3081 562 3111 servabuntur.
1156 3114 1161 3119 ⁵
1186 3114 1190 3119 ,
1271 3114 1275 3118 ,

306 3119 376 3149 Nec
396 3119 569 3149 deducentur
590 3118 715 3157 expensae
764 3128 826 3157 quae
848 3127 901 3156 pro
922 3115 1095 3152 Monachis,
1113 3122 1162 3152 qui
1184 3123 1213 3143 in
1232 3112 1331 3144 talibus

269 3157 458 3196 Prioratibus,
477 3157 628 3195 Grangiis,
646 3157 690 3187 seu
711 3143 860 3194 tionibus,
879 3158 908 3186 in
925 3154 1114 3190 beneficium,
1132 3151 1177 3182 seu
1198 3160 1240 3195 ei<⁵
1255 3161 1332 3181 mera

269 3198 354 3236 gratia
368 3195 521 3233 conceffis,
540 3204 574 3225 ex
589 3203 664 3232 parte
676 3197 762 3225 teneri
778 3195 882 3226 debent
894 3219 903 3232 ,
920 3193 979 3224 fieri
997 3191 1206 3235 dinoscunturt·
1217 3189 1332 3227 Expen-

271 3237 305 3266 iie
321 3244 415 3265 autem
430 3235 544 3264 illorum
559 3233 774 3264 Monachorum
789 3233 834 3264 vel
847 3233 1042 3270 personarum,
1059 3240 1112 3273 qui·
1121 3237 1209 3259 teneri
1227 3228 1332 3259 debent

272 3284 305 3304 ex
319 3274 420 3311 padio,
438 3275 468 3303 in
481 3272 665 3310 Prioratibus,
683 3272 819 3314 grangiis,
833 3272 878 3301 seu
892 3270 1025 3301 domibus
1034 3293 1043 3308 ,
1055 3268 1090 3300 ad
1102 3267 1206 3310 justam
1220 3266 1332 3311 firmam

271 3312 317 3344 vel
332 3312 495 3350 pensionem
509 3310 661 3348 concessis,
680 3314 736 3340 live
757 3310 946 3340 determinatae
966 3309 1086 3345 fuerint,
1103 3309 1159 3350 live
1173 3315 1231 3335 non
1241 3327 1250 3343 ,
1263 3315 1333 3336 exti-

272 3351 424 3381 mabuntur
442 3350 623 3381 eXtiniatione
640 3350 808 3386 communi,
827 3350 859 3378 &
881 3348 966 3378 talem
987 3348 1200 3378 extimationem
1214 3343 1333 3388 Monas·

271 3390 374 3419 terium
393 3388 438 3420 vel
458 3388 600 3426 Ecclesia,
618 3388 695 3426 cujus
715 3387 829 3417 illorum
849 3385 891 3416 est
911 3388 1081 3424 proprietas,
1098 3392 1168 3413 cum
1191 3382 1243 3412 suis
1258 3382 1332 3414 Pro-

271 3428 400 3458 ventibus
410 3427 569 3457 decimabit.
1133 3460 1138 3466 ι
1162 3460 1167 3465 .
1314 3460 1319 3466 ,

312 3465 418 3496 Praelati
433 3465 468 3496 de
481 3464 741 3504 procurationibus,
757 3473 823 3501 quas
836 3464 864 3493 in
877 3463 1044 3493 victualibus
1063 3459 1335 3503 perelplunt,.deC1-

275 3511 352 3532 marn
365 3514 423 3533 non
438 3504 614 3542 persolvent,
632 3502 677 3533 sed
691 3504 739 3540 qui
754 3512 797 3531 eas
810 3500 940 3539 praestant
958 3499 1118 3539 hujusmodi
1137 3498 1285 3537 victualia,
1303 3500 1332 3528 in

275 3539 458 3572 decimatione
471 3543 586 3573 suorum
599 3549 792 3579 proventuum
804 3541 836 3571 &
851 3539 1010 3570 reddituum
1023 3537 1210 3569 numerabunt
1223 3538 1257 3567 &
1277 3536 1332 3567 sol·

275 3586 343 3609 vent
353 3578 492 3610 decimam
504 3581 540 3611 de
553 3580 663 3610 eisdem.

314 3614 363 3645 De
380 3618 429 3647 illis
449 3627 541 3649 autem
563 3617 822 3656 procurationibus,
840 3627 906 3654 quas
930 3615 1043 3646 Praelati
1056 3616 1085 3645 in
1099 3614 1218 3654 pecunia
1230 3623 1334 3656 nume-

278 3661 335 3683 rata
349 3655 399 3684 rite
410 3658 566 3696 percipiunt
578 3657 614 3686 ab
627 3657 744 3693 antiquo
754 3679 763 3693 ,
781 3657 815 3686 δε
831 3665 898 3692 quas
910 3655 1062 3692 percipient
1076 3654 1160 3683 etiam
1173 3652 1194 3681 si
1208 3662 1269 3681 non
1290 3661 1334 3682 vi-

277 3690 402 3729 sitarent,
420 3692 557 3725 decimam
570 3694 699 3733 praestare
712 3703 850 3724 tenentur.

318 3728 446 3759 Pi¹aelatus
459 3741 570 3770 autem,
590 3735 637 3771 qui
653 3733 902 3771 procurationem,
919 3740 1005 3769 quarn
1027 3730 1084 3760 fine
1101 3728 1259 3760 visitatione
1282 3737 1334 3770 po-

277 3767 333 3809 tuit
345 3765 380 3795 de
393 3768 452 3804 jure
464 3772 605 3807 percipere
618 3773 646 3801 in
658 3771 776 3808 pecunia
790 3777 949 3806 numerata,
962 3769 1078 3798 remittit
1092 3768 1174 3798 alicui
1189 3766 1334 3803 Ecclesiae,

278 3813 344 3842 quia
358 3805 471 3845 remittit
484 3809 560 3844 quod
575 3809 625 3839 sibi
639 3808 773 3846 debetur,
791 3809 825 3839 &
838 3807 874 3837 de
889 3817 946 3844 quo
958 3807 1080 3837 solvisset
1093 3806 1237 3836 decimam
1257 3804 1278 3834 si
1291 3813 1335 3833 re-

279 3842 397 3880 cepisset
409 3842 492 3880 illud,
507 3853 614 3875 tenetur
627 3857 659 3877 ex
675 3847 720 3877 tali
732 3846 928 3884 procuratione
943 3845 1084 3875 decimani
1100 3844 1240 3874 exhibere.
1311 3880 1316 3885 ι

319 3880 349 3911 Si
363 3889 433 3910 vero
448 3885 691 3922 procurationem,
709 3894 794 3923 quam
805 3892 915 3914 tantum
928 3884 958 3912 in
971 3883 1137 3913 victualibus
1156 3881 1223 3911 licet
1240 3889 1332 3918 perci-

282 3919 310 3955 Pi
319 3942 328 3960 ρ
336 3917 592 3961 fOstaffeyemittat,
602 3922 714 3957 persona
730 3921 926 3957 ecclesiastica,
947 3923 993 3951 cui
1006 3920 1130 3951 remissio
1142 3919 1214 3949 facia
1225 3917 1266 3960 est
1278 3917 1332 3946 hu-

278 3956 418 3994 jusmodi,
431 3955 558 3986 Victualia
570 3967 636 3987 curn
648 3960 704 3988 aliis
718 3960 768 3990 suis
784 3960 981 3998 proventibus,
996 3969 1064 3988 cum
1077 3959 1166 3989 solvet
1180 3956 1333 3993 decimam,

279 3995 443 4032 emmam&
460 4003 529 4024 Cum
543 3995 643 4033 etiam,
660 3996 680 4026 si
692 4007 751 4028 uon
765 3998 834 4030 esset
847 3996 973 4035 remilla,
991 3997 1049 4028 hoc
1062 3997 1155 4028 facere
1169 4001 1317 4026 teneretur.

705 81 1948 141 CONVENTioNES‚'L1TERAE‚

1380 168 1414 199 ln
1427 168 1564 212 solvendo
1577 170 1720 201 decimam
1732 170 1916 210 supradictam
1929 166 1995 202 solae
2010 171 2137 210 expensae
2150 171 2328 212 necessariae,
2342 183 2407 214 quae

1343 208 1415 239 fiunt
1428 217 1457 237 in
1470 217 1516 246 re,
1535 218 1569 238 ex
1584 209 1640 247 qua
1660 210 1767 241 fruc'lus
1789 212 1999 249 percipiuntur,
2017 210 2141 248 arando,
2160 211 2194 241 &
2215 211 2358 251 colendo,
2375 222 2408 246 ac

2428 157 2504 209 Arin.
2511 162 2558 209 fii

2453 219 2538 254 1290'.

1344 245 1505 285 colligendo
1526 246 1648 286 fruetus,
1666 248 1723 279 sine
1744 251 1844 287 quibus
1866 259 1927 280 non
1947 248 2063 286 possunt
2086 248 2136 287 ipsi
2158 248 2265 280 fruetus
2286 253 2410 293 percipi,
2426 257 2492 284 Edv.
2515 263 2540 283 ι.
2559 274 2560 278 ,

1344 285 1518 315 deducentur
1526 295 1531 314 :

1383 322 1519 361 Expensae
1533 332 1644 363 autem,
1662 335 1728 363 quie
1740 325 1811 356 fiunt
1826 327 1855 356 in
1868 325 2037 356 Castrorum
2053 324 2249 365 Custodibus,
2267 336 2337 358 cum
2357 328 2411 361 fint

1345 372 1419 393 extra
1439 370 1518 399 rem,
1543 363 1589 392 vel
1610 365 1694 394 etiam
1717 365 1746 394 in
1767 364 1889 395 aedificiis
1911 363 2108 396 construendis
2127 364 2174 396 vel
2196 365 2411 406 conservandis,

1345 401 1500 431 nullatenus
1513 400 1701 432 deducentur:
2115 425 2123 434 .

1380 438 1427 506 lSic
1441 448 1496 481 nec
1511 439 1581 478 illae,
1600 449 1665 478 quae
1679 451 1732 479 pro
1745 441 1817 473 villis
1829 441 1938 479 tuendis
1953 441 2052 472 fierent
2071 442 2100 471 in
2119 443 2241 482 guerris,
2256 442 2303 474 seu
2324 445 2410 475 etiam

1345 488 1379 508 ca
1391 486 1500 506 vacatis.

1363 554 1368 559 ¹
1386 515 1435 545 De
1455 516 1507 544 hiis
1523 525 1655 555 quoque,
1674 527 1738 555 quae
1760 518 1916 550 consistunt
1938 520 1968 549 in
1990 517 2200 557 jurisdiffione,
2217 529 2298 552 mero
2312 521 2410 560 Impe-

1346 563 1406 591 rio,
1425 553 1593 597 Regalibiis,
1612 564 1697 594 atque
1711 555 1863 594 similibus,
1879 557 2002 588 solvetur
2016 557 2143 587 decima:
2164 557 2293 589 deductis
2307 560 2411 590 mode-

1347 593 1415 636 ratis*
1422 593 1533 636 salariis,
1550 603 1614 631 quae
1649 603 1714 624 ante
1726 595 1941 626 concessionem
1962 596 2099 634 decimae,
2117 595 2326 628 consueverunt
2347 608 2412 638 per-

1347 630 1417 675 solvi
1429 630 1586 675 judicibus,
1605 617 1799 672 &fficialibuffi
1817 634 2065 673 consimilibusque
2080 636 2204 673 personis
2221 635 2291 673 (sine
2311 637 2415 673 quibus

1343 669 1499 708 jurisdiistlo
1513 670 1548 700 &
1561 679 1663 701 caetera
1678 671 1775 701 similia
1790 681 1934 711 nequeunt
1959 674 2091 710 exerceri)
2114 674 2149 704 ita
2169 681 2265 704 tamen
2286 673 2365 712 quod
2385 676 2416 705 in

1346 707 1474 738 fraudem
1489 707 1609 739 decimae
1620 709 1707 739 nichil
1722 711 1797 740 circa
1810 711 1869 741 hoc
1883 710 2053 749 aliquatenus
2064 720 2255 750 attemptetur.

1387 746 1442 777 Sed
1463 747 1590 783 expensae
1611 747 1787 778 Officialium
1803 773 1813 787 ,
1833 749 1969 788 Judicum
1988 774 1998 788 ,
2020 751 2054 781 ὅ(
2073 751 2264 781 consimilium
2285 751 2417 789 persona-

1349 794 1430 823 rum,
1455 785 1538 815 facite
1557 786 1586 814 in
1602 786 1727 816 vestibus
1746 787 1804 817 sive
1820 788 2002 826 victualibus,
2026 789 2145 819 minime
2163 789 2360 821 deducentur:
2380 791 2416 821 si-

1349 832 1397 854 cut
1415 834 1469 854 nec
1489 824 1548 853 aliae
1567 825 1694 862 expensae
1713 825 1813 856 similes
1827 849 1838 865 ,
1865 826 1949 857 faetae
1967 828 2041 858 circa
2058 827 2141 858 aliam
2158 827 2294 859 familiam
2312 828 2417 861 Praela-

1349 870 1455 893 torum.

1386 901 1511 932 Ratione
1518 909 1621 944 ,autern
1639 902 1701 932 aeris
1717 902 1817 941 alieni,
1835 913 1894 942 quo
1907 903 2043 943 persona,
2061 904 2170 935 solvens
2185 904 2345 944 decimam,
2359 906 2416 937 ob-

1348 938 1431 976 ligata
1449 939 1589 978 consistit,
1608 941 1695 970 nichil
1714 941 1750 971 de
1765 941 1876 972 decima
1894 943 2055 981 minuetur;
2083 943 2189 974 etiamsi
2206 952 2289 975 certae
2308 955 2350 975 res
2367 955 2417 975 ec-

1349 978 1524 1017 clefiasticae,
1544 988 1660 1020 propter
1677 979 1753 1018 hoc,
1771 981 1787 1010 ἐι
1811 990 1997 1019 quocumque
2015 980 2118 1012 fuerint
2142 982 2294 1020 specialiter
2307 983 2416 1023 obliga-

1350 1025 1396 1048 tae.

1386 1055 1461 1087 Item
1474 1055 1511 1088 de
1523 1056 1609 1088 furnis
1623 1058 1658 1090 ὃς
1673 1057 1843 1089 molendinis
1856 1057 1968 1090 decima
1981 1058 2163 1097 praestabitur.

1391 1095 1524 1127 Solvetur
1537 1106 1632 1128 autem
1645 1096 1755 1128 decima
1769 1096 1806 1128 de
1818 1098 2025 1136 oblationibus,
2044 1098 2101 1129 five
2122 1097 2188 1130 fiant
2206 1107 2260 1137 pro
2280 1099 2418 1132 benedic-

1352 1135 1431 1164 tione
1444 1135 1632 1174 nubendum,
1651 1135 1708 1166 sive
1724 1146 1776 1174 pro
1791 1138 1913 1175 exequiis
1926 1146 2128 1175 mortuorum,

1390 1172 1460 1204 Nec
1476 1183 1537 1204 non
1551 1173 1587 1204 de
1601 1176 1786 1213 proventibus
1799 1175 1964 1215 Sigillorum
1982 1174 2186 1214 Praelatorum,
2204 1176 2238 1207 &
2260 1175 2297 1206 de
2318 1185 2419 1207 emen·

1352 1211 1394 1241 dis
1410 1222 1473 1250 quae
1487 1212 1523 1242 ab
1537 1214 1789 1245 excommunicatis
1802 1215 1984 1252 recipiuntur.

1391 1249 1441 1280 De
1456 1250 1482 1280 L
1518 1252 1567 1282 atis
1583 1261 1716 1290 quoque,
1735 1252 1830 1284 fibi&
1843 1254 1899 1283 aliis
1914 1252 2037 1290 personis
2051 1253 2258 1292 ecclesiasticis,
2277 1263 2337 1284 non
2354 1263 2419 1291 per·

1353 1289 1484 1359 sonsrim]
1509 1289 1543 1320 cd
1556 1290 1753 1330 ecclesiarum,
1770 1291 1815 1323 vel
1835 1291 2014 1322 Officioruin
2034 1293 2158 1331 ratione,
2175 1292 2292 1331 relictis,
2308 1292 2419 1323 decima

1353 1338 1403 1367 per
1414 1339 1434 1359 o
1447 1337 1535 1360 vetur.

1392 1368 1411 1387 ³*
1438 1367 1496 1398 Pro
1516 1367 1629 1399 decima
1658 1368 1686 1399 su
1709 1368 1813 1400 radidi
1833 1380 1893 1401 non
1909 1371 2035 1410 exigetur
2052 1371 2171 1408 pecunia
2183 1393 2193 1409 ,
2222 1369 2272 1400 nisi
2291 1369 2336 1400 illa
2354 1379 2420 1408 quae

1355 1407 1550 1438 communiter
1567 1415 1662 1438 curret
1700 1418 1715 1437 e
1733 1408 1866 1439 mandato
1884 1408 2010 1439 Domini
2029 1418 2130 1448 terrae,
2146 1411 2224 1448 cujus
2242 1408 2284 1438 est
2304 1416 2420 1439 moneta

1355 1446 1385 1474 in
1406 1445 1492 1484 locis,
1518 1446 1547 1476 in
1568 1446 1669 1484 quibus
1690 1446 1843 1477 consistent
1861 1447 1969 1478 fructus
1990 1449 2024 1479 &
2045 1447 2184 1486 redditus,
2210 1447 2286 1478 unde
2306 1447 2419 1478 decima

1356 1484 1545 1522 persolvetur,
1563 1494 1617 1514 nec
1633 1485 1718 1523 aliqui
1732 1487 1883 1525 pecuniam
1895 1487 2021 1516 cambire
2034 1495 2172 1526 cogentur
2185 1485 2314 1516 eandem.

1395 1521 1445 1560 Si,
1464 1532 1497 1553 ex
1512 1523 1704 1561 probabilibus
1715 1523 1760 1554 seu
1775 1524 1967 1555 verisimilibus
1991 1525 2271 1563 praesiimptionibUS,
2288 1534 2423 1562 apparue-

1357 1561 1392 1591 rit
1405 1561 1550 1604 aliquem,
1564 1562 1678 1598 pensatis
1691 1563 1749 1600 ejus
1762 1564 1962 1602 proventibus,
1982 1564 2075 1593 minus
2089 1563 2190 1594 debito
2207 1562 2367 1593 notabiliter
2385 1563 2423 1594 de

1357 1599 1467 1630 decima
1483 1600 1660 1639 persolvisse,
1679 1601 1715 1631 ita
1729 1601 1807 1639 quod
1824 1601 1904 1640 super
1915 1602 1973 1632 hoc
1985 1603 2091 1633 merito
2105 1601 2245 1640 suspectus
2265 1601 2365 1632 debeat
2379 1611 2424 1633 re-

1358 1639 1464 1677 putari,
1479 1649 1513 1669 ex
1535 1637 1636 1669 officio
1655 1639 1754 1670 nostro
1773 1650 1823 1681 per
1840 1642 1914 1671 viros
1935 1640 2080 1681 ydoneos,
2098 1639 2274 1678 deputandos
2287 1640 2303 1670 Ξι
2323 1641 2426 1679 nobis,

1357 1677 1492 1708 faciemus
1510 1678 1613 1716 inquiri
1630 1678 1666 1707 ab
1683 1678 1750 1716 illis,
1774 1680 1823 1718 qui
1843 1679 1871 1710 su
1910 1689 1922 1709 r
1945 1679 2002 1710 hoc
2023 1680 2092 1710 scire
2111 1678 2236 1717 valeant,
2261 1679 2424 1717 veritatem;

1360 1716 1492 1747 videlicet
1505 1716 1541 1746 de
1556 1716 1675 1748 consilio
1693 1715 1846 1748 Diocesani
1887 1717 2011 1756 piscopi,
2028 1717 2074 1748 vel
2089 1716 2184 1755 aliquo
2205 1717 2367 1755 deputando
2388 1718 2427 1747 ab

1359 1755 1434 1793 ipso,
1452 1755 1472 1785 si
1494 1755 1525 1785 sit
1546 1756 1603 1793 ejus
1622 1755 1761 1793 subditus;
1780 1757 1814 1788 ὃς
1835 1766 1893 1787 non
1915 1757 1992 1786 aliter
2006 1756 2039 1794 (si
2053 1756 2158 1794 Episco
2178 1764 2209 1786 us
2223 1755 2295 1794 ipse,
2314 1755 2360 1786 vel
2374 1754 2427 1787 de-

1360 1801 1469 1830 putatus
1495 1793 1532 1823 ab
1549 1804 1586 1824 eo
1599 1793 1760 1825 commode
1775 1794 1860 1832 poffit
1879 1795 1985 1831 haberi)
2010 1796 2044 1826 &
2066 1802 2134 1825 tunc
2176 1803 2292 1832 emum,
2310 1794 2344 1825 &
2365 1804 2428 1824 non

1360 1833 1450 1870 prius,
1467 1830 1529 1871 ille,
1547 1833 1625 1870 cujus
1644 1841 1797 1870 proventus
1816 1832 1919 1864 fuerint
1939 1833 2029 1864 taliter
2050 1833 2192 1870 extimati,
2214 1842 2269 1871 pro
2289 1842 2326 1863 eo
2346 1832 2426 1871 quod

1360 1872 1453 1901 minus
1466 1871 1602 1909 solveret,
1621 1873 1706 1902 etiarn
1721 1873 1890 1902 nominatim
1906 1871 2218 1910 excommunicabitur,
2237 1871 2257 1902 si
2279 1871 2335 1910 ejus
2355 1880 2428 1902 con-

1361 1910 1483 1940 tumacia
1496 1911 1633 1949 exegerit,
1651 1910 1685 1941 &
1697 1910 1788 1941 visum
1802 1909 1886 1941 fuerit
1900 1910 2041 1949 expedire.

1399 1947 1533 1986 Episcopi
1549 1956 1659 1987 autem,
1679 1950 1714 1980 &
1728 1949 1870 1988 Abbatoe,
1888 1958 2057 1988 caeteraeque
2074 1948 2201 1987 personae
2221 1947 2428 1980 Ecclesiasticae

1360 1986 1557 2032 honorabiles,
1575 1997 1634 2017 non
1653 1986 1803 2027 suspeetae,
1820 1989 1942 2026 propriae
1963 1987 2143 2019 conscientiae
2164 1987 2373 2026 relinquentur,
2391 1989 2430 2018 ita

1361 2025 1441 2064 quod
1463 2025 1581 2056 sufficiat
1601 2026 1695 2065 quoad
1718 2026 1783 2057 tales
1804 2027 2106 2057 excommunicationis
2127 2026 2259 2057 sententia
2273 2050 2283 2064 ,
2315 2036 2378 2063 quae
2399 2027 2429 2055 in

1361 2064 1440 2095 nullo
1458 2064 1549 2095 modo
1560 2064 1716 2104 solventes,
1730 2065 1777 2095 vel
1788 2064 1904 2095 scienter
1917 2066 2010 2096 minus
2037 2065 2192 2103 solventes,
2210 2065 2244 2096 ὃς
2265 2064 2430 2094 adhibentes

1361 2103 1488 2171 fraufdem
1507 2101 1553 2134 vel
1573 2103 1706 2134 malitiam
1724 2105 1800 2135 circa
1828 2103 1909 2142 ipsius
1923 2103 2046 2135 decirnae
2059 2103 2249 2141 solutionem,
2265 2102 2430 2143 generaliter

1383 2151 1415 2172 ro
1429 2150 1528 2172 eretur.

1361 2152 1381 2180 p
1399 2180 1489 2219 Super
1509 2181 1562 2210 hiis
1580 2188 1674 2211 autern
1698 2179 1746 2210 fiet
1765 2180 1942 2220 compulsio,
1960 2191 2011 2220 per
2024 2180 2169 2213 censuram
2184 2179 2432 2219 Ecclesiasticam,

1382 2228 1446 2263 tout
1460 2219 1588 2287 ηοδίὲὅε
1603 2219 1672 2258 illis,
1691 2219 1792 2258 quibus
1806 2219 1865 2250 hoc
1879 2219 2041 2251 duxerimus
2062 2218 2323 2257 committendum,
2340 2219 2431 2250 visum

1376 2266 1446 2288 uerit
1460 2267 1494 2287 ex
1515 2268 1530 2288 e
1552 2267 1599 2287 ire.

1399 2267 1563 2327 Profersstur
1580 2304 1692 2335 autem,
1717 2295 1736 2326 si
1753 2295 1901 2335 expediens
1921 2296 2012 2328 visum
2035 2296 2118 2327 fuerit
2132 2321 2142 2335 ,
2167 2297 2431 2327 excommunicatio

1363 2334 1539 2374 generaliter,
1558 2335 1602 2365 vel
1616 2334 1765 2372 specialiter
1777 2336 1806 2365 in
1830 2345 1896 2373 eos,
1914 2337 1963 2374 qui
1983 2344 2084 2366 contra
2104 2335 2273 2366 solutionem
2291 2335 2429 2371 decimae,

1363 2372 1409 2403 vel
1422 2373 1536 2404 suorum
1551 2374 1765 2404 extimationem
1778 2383 1989 2413 proventuum,
2008 2383 2077 2405 cum
2095 2373 2177 2404 fuerit
2199 2373 2342 2413 facienda,
2356 2373 2431 2404 frau-

1363 2410 1429 2441 dem
1444 2412 1488 2442 vel
1504 2411 1637 2442 malitiam
1650 2411 1768 2442 scienter
1781 2412 1911 2443 duxerint
1921 2412 2118 2443 adhibendam.

1401 2449 1508 2481 Nullus
1528 2459 1621 2481 autem
1637 2460 1698 2481 non
1718 2450 1888 2482 solventium
1906 2451 2092 2490 compelletur
2113 2460 2163 2490 per
2183 2450 2309 2481 secularis
2320 2450 2432 2481 violen-

1363 2490 1431 2520 tiam
1451 2488 1611 2527 potestatis,
1626 2489 1676 2519 nisi
1696 2489 1793 2528 ipsius,
1811 2500 1872 2520 non
1893 2489 2042 2528 solventis,
2062 2490 2242 2521 contumacia
2253 2489 2300 2519 vel
2314 2489 2432 2520 rebellio

1363 2528 1422 2558 talis
1435 2537 1482 2559 aut
1494 2537 1568 2559 tanta
1581 2527 1681 2566 fuerit,
1700 2527 1778 2566 quod
1793 2529 1896 2559 merito
1911 2537 2011 2560 contra
2026 2528 2133 2567 ipsum,
2148 2527 2219 2558 sicut
2232 2527 2310 2559 fieret
2321 2529 2350 2558 in
2376 2527 2434 2558 aliis

1364 2567 1471 2597 casibus
1489 2567 1534 2597 seu
1555 2567 1692 2606 negotiis,
1707 2575 1823 2605 propter
1842 2566 2048 2598 Ecclesiasticae
2068 2567 2192 2598 censurae
2215 2573 2432 2605 contemptum,

1366 2605 1492 2636 invocari
1509 2605 1610 2636 debeat
1623 2606 1756 2636 auxilium
1772 2605 1879 2636 brachii
1890 2605 2023 2636 secularis⁴

1402 2643 1462 2674 Fiet
1478 2652 1571 2674 autem
1584 2643 1686 2674 solutio
1699 2643 1838 2682 decimae‚
1855 2653 1916 2673 non
1930 2645 1959 2674 in
1973 2644 2037 2681 ipsis
2049 2644 2150 2682 rebus,
2163 2653 2228 2682 quae
2241 2644 2434 2681 percipiuntur

1365 2681 1400 2712 de
1415 2682 1614 2720 proventibus,
1631 2681 1675 2711 sed
1689 2682 1718 2710 in
1731 2683 1849 2719 pecunia
1863 2690 2017 2712 numerata.

1404 2720 1537 2766 Solvetur
1551 2727 1645 2750 autem
1659 2718 1770 2750 decima
1783 2719 1834 2750 illis
1847 2719 1985 2759 personis,
2005 2729 2071 2757 quas
2083 2717 2118 2750 ad
2131 2718 2190 2749 hoc
2213 2719 2366 2757 contigerit
2384 2718 2435 2750 de-

1386 2767 1464 2789 utari.

1365 2769 1385 2797 P
1404 2797 1518 2828 Redior
1536 2796 1704 2828 Parochialis
1726 2795 1861 2827 Ecclesiae
1881 2796 1946 2835 qui,
1963 2803 2079 2836 urgente
2100 2795 2260 2826 necessitate
2281 2806 2357 2828 curae
2374 2795 2434 2828 Ec-

1369 2835 1458 2866 clesiae
1472 2837 1545 2875 suae,
1563 2845 1628 2875 puta
1642 2836 1706 2874 quia
1720 2835 1793 2873 ipse,
1811 2834 1957 2865 residendo
1972 2834 2150 2873 personaliter
2161 2835 2191 2864 in
2202 2834 2318 2874 eadem,
2335 2845 2384 2873 per
2405 2835 2433 2866 se

1366 2884 1427 2905 non
1441 2874 1565 2905 sufficiti
1587 2874 1605 2904 fi
1630 2884 1722 2911 curae,
1761 2882 1856 2914 ropter
1875 2873 2086 2904 multitudinem
2107 2873 2368 2913 Parochianorum,
2385 2873 2432 2904 vel

1366 2913 1548 2944 diffiisionem
1591 2913 1713 2943 arochiae
1743 2922 1785 2942 uae
1797 2936 1807 2951 ,
1840 2911 1885 2942 sed
1903 2912 2014 2942 necesse
2032 2912 2116 2943 habet
2131 2921 2222 2942 unum
2233 2936 2244 2950 ,
2274 2911 2321 2943 vel
2338 2911 2411 2943 duos
2423 2936 2435 2951 ,

1366 2951 1412 2982 seu
1451 2952 1520 2982 lures
1535 2951 1580 2982 Ca
1600 2951 1703 2982 ellanos
1720 2949 1899 2989 conducere,
1918 2951 1951 2981 δε
1969 2952 2027 2988 eis,
2042 2958 2143 2989 praeter
2161 2950 2292 2989 victum,
2308 2949 2436 2981 salarium

1367 2962 1552 3021 consumere:
1578 2990 1691 3021 alarium
1707 2988 1868 3027 hujusmodi
1886 2990 1989 3028 poterit
2009 2990 2039 3019 in
2057 2988 2179 3020 decimae
2194 2988 2334 3019 solutione
2346 2988 2436 3020 dedu-

1368 3039 1450 3068 cere,
1468 3028 1514 3060 sed
1527 3030 1635 3060 ratione
1646 3027 1740 3061 vietus
1754 3026 1974 3065 Capelianorum
1989 3027 2115 3067 ipsorum
2139 3027 2244 3066 aliquid
2263 3037 2324 3058 non
2346 3026 2437 3058 dedu-

1368 3077 1423 3100 cet.

1408 3105 1516 3146 Qiod,
1535 3105 1555 3136 si
1568 3106 1596 3136 in
1611 3105 1725 3137 diversis
1737 3104 1907 3136 Civitatibus
1920 3104 1965 3136 seu
1988 3104 2158 3136 Diocesibus
2176 3103 2282 3134 diversa
2299 3103 2439 3135 beneficia

1367 3146 1493 3177 obtineat
1505 3145 1582 3184 quis,
1599 3145 1635 3175 de
1651 3154 1827 3183 unoquoque
1842 3143 1981 3175 beneficio
1994 3145 2024 3174 in
2041 3143 2167 3175 Civitate
2186 3143 2233 3174 vel
2253 3142 2391 3183 Diocefi,
2407 3144 2439 3173 in

1368 3184 1424 3224 qua
1438 3183 1504 3214 illud
1518 3183 1618 3222 fuerit,
1633 3182 1744 3213 decima
1779 3183 1936 3213 ersolvetur.

1408 3222 1457 3253 De
1469 3221 1639 3252 Reddiribus
1651 3230 1745 3252 autem
1786 3221 1959 3252 cclesiasticis
1966 3244 1977 3261 ,
1991 3220 2127 3259 deputatis
2139 3219 2175 3250 ad
2188 3219 2324 3251 fabrimm
2335 3219 2437 3251 Eccle-

1370 3261 1487 3298 siarum,
1506 3259 1615 3290 decima
1629 3260 1758 3290 solvetur.

1409 3299 1457 3330 De
1477 3298 1634 3329 elemosinis
1651 3300 1723 3330 vero
1738 3322 1748 3337 ,
1773 3298 1818 3329 seu
1840 3298 2048 3337 oblationibus,
2072 3297 2142 3328 datis
2161 3296 2196 3327 ad
2214 3307 2235 3328 ο
2256 3307 2288 3328 us
2304 3296 2437 3334 fabricae,

1370 3339 1494 3369 maxime
1514 3336 1550 3367 de
1572 3337 1624 3367 hiis
1649 3337 1841 3368 oblationibus
1853 3348 1917 3376 quae
1932 3339 1960 3367 in
1976 3337 2149 3374 civitatibus,
2167 3337 2201 3367 &
2240 3336 2351 3374 iquibus
2365 3334 2437 3365 Cas-

1369 3378 1433 3415 tris,
1453 3377 1486 3407 &
1500 3374 1570 3405 locis
1584 3375 1788 3413 praedictorum
1802 3376 1977 3415 Regnorum
1993 3376 2027 3407 &
2039 3375 2213 3412 Terrarum,
2230 3375 2261 3404 in
2277 3375 2359 3405 certis
2371 3373 2436 3403 Fes-

1370 3415 1522 3447 tivitatibus
1538 3415 1566 3443 in
1583 3414 1722 3453 candelis,
1739 3415 1774 3446 &
1789 3417 1890 3452 cereis,
1906 3416 1944 3453 δε,
1955 3414 2031 3453 aliis,
2046 3413 2252 3445 consueverunt
2263 3412 2321 3443 dari
2333 3413 2367 3444 δε
2387 3410 2434 3441 of-

1372 3455 1453 3492 ferri,
1470 3452 1504 3483 ad
1520 3462 1592 3490 opus
1607 3452 1721 3483 fabricae
1734 3453 1887 3490 deputatis,
1905 3453 2015 3483 decima
2029 3462 2088 3483 non
2102 3451 2234 3482 solvetur.

1407 3493 1539 3524 Similiter
1557 3501 1610 3521 nec
1626 3491 1662 3521 de
1680 3491 1729 3521 illis
1741 3492 1947 3529 oblationibus,
1966 3500 2031 3529 quae
2044 3490 2216 3529 colliguntur
2230 3488 2369 3519 interdurn
2383 3497 2434 3525 pei·

1370 3531 1474 3561 Laicos
1499 3529 1566 3567 (qui
1591 3528 1770 3560 Collectores
1796 3530 1974 3560 consortiales
1999 3528 2148 3565 dicuntur)
2174 3528 2209 3558 ὃς
2226 3525 2433 3568 interdum-per

1368 3569 1514 3605 Clericos,
1538 3568 1578 3610 &⁴
1591 3578 1656 3606 quae
1673 3567 1707 3597 ad
1727 3578 1799 3605 opus
1818 3568 1964 3598 Consortii
1982 3565 2157 3604 offeruntur,
2184 3574 2216 3596 ut
2232 3564 2298 3595 inde
2312 3564 2432 3607 luituna-

1368 3608 1406 3636 ria
1424 3609 1452 3636 in
1472 3605 1613 3644 Ecclesia,
1631 3616 1729 3636 cruces
1747 3608 1780 3638 ὅ(
1797 3607 1897 3637 calice:
1915 3605 1981 3636 fiant
1997 3606 2031 3635 &
2048 3612 2225 3642 reparentur,
2246 3604 2280 3634 &
2297 3609 2380 3631 etiam
2401 3611 2432 3632 ut

1367 3654 1403 3714 {ex
1416 3645 1467 3713 igis
1477 3645 1643 3682 pauperibus
1655 3644 1888 3684 subveniatur,&
1902 3644 2066 3683 sepeliantur
2079 3652 2200 3681 corpora
2211 3649 2367 3680 pauperum
2380 3639 2432 3671 de-

1383 3693 1420 3713 un
1452 3692 1547 3713 orum.

1405 3721 1516 3751 Praelati
1535 3729 1629 3751 autem
1646 3723 1679 3753 &
1703 3721 1810 3754 Clerici
1832 3721 1940 3759 exules,
1973 3720 2176 3762 cujuscumque
2195 3714 2365 3759 conditionis
2385 3725 2434 3762 aut

1368 3760 1508 3828 gimitatis
1522 3758 1655 3798 existant,
1673 3760 1708 3791 de
1721 3760 1772 3791 suis
1789 3760 1972 3798 proventibus
1986 3756 2185 3789 Ecclesiasticis
2198 3754 2339 3785 deeimam
2355 3755 2434 3786 exhi-

1391 3808 1405 3828 e
1428 3808 1486 3828 unt.

1406 3835 1465 3866 Illae
1482 3846 1598 3874 quoque
1612 3837 1752 3875 expensae,
1771 3847 1836 3875 quae
1848 3835 1919 3867 fiunt
1932 3845 1985 3873 pro
1999 3832 2117 3864 foffatis:
2137 3830 2171 3861 &
2191 3829 2255 3860 alias
2276 3831 2360 3875 etiam
2378 3840 2433 3869 pro

1369 3876 1445 3905 terris
1465 3874 1667 3913 beneficandis,
1686 3884 1717 3906 ut
1736 3876 1878 3906 uberiores
1901 3873 2007 3903 fructus
2050 3869 2203 3913 roducant,
2224 3870 2257 3913 ξε
2278 3869 2350 3908 illae,
2368 3879 2434 3908 quae

1370 3912 1440 3942 fiunt
1461 3914 1490 3942 in
1511 3913 1721 3952 conservandis,
1740 3914 1774 3944 &
1796 3911 1952 3950 reparandis
1969 3908 2024 3939 aedi
2044 3917 2093 3937 cus
2107 3906 2364 3950 molendinorum,
2381 3907 2436 3938 do*

1372 3961 1488 3982 moi-um
1497 3973 1506 3988 ,
1522 3951 1566 3981 seu
1580 3952 1799 3989 apothecarum,
1813 3951 1847 3980 δε
1859 3949 1989 3980 similium
2005 3947 2052 3984 (ex
2066 3945 2165 3982 quibus
2181 3945 2304 3989 fruitus,
2318 3947 2437 3990 &pen-

1374 3989 1462 4020 siones
1478 3990 1686 4029 percipiuntur,
1703 3991 1756 4028 &,
1774 3988 1825 4019 nifi
1840 3993 2015 4025 reparentur,
2033 3983 2141 4014 fruclus
2154 3992 2189 4015 ex
2203 3994 2242 4015 eis
2255 3993 2364 4024 percipi
2377 3992 2438 4053 nean

2436 1369 2453 1386 ¹*
2463 1366 2570 1406 1147&
