2570 4261
191 163 270 192 120

193 244 317 266 teneatur
329 234 405 264 idem
418 231 560 262 Dominus
572 228 639 258 Rex
654 225 781 256 Franciae
799 223 881 255 nobis
895 222 961 254 dare
977 220 1125 266 quicquid,
1143 226 1255 262 tempo-

194 284 225 304 re
240 276 314 313 pacis
326 272 446 310 ejuldem
456 295 465 307 ,
481 268 599 299 habebat
614 267 647 296 &
661 265 772 295 tenebat
791 265 821 293 in
841 263 929 305 tribus
941 259 1111 291 Civitatibus
1129 259 1162 289 ὅ(
1178 257 1255 299 Dip-

191 314 310 343 vcaeiibus
323 335 332 349 ,
355 309 483 338 videlicet
496 331 506 345 ,
525 304 723 336 Lemovicensi
738 324 747 341 ,
765 301 947 339 Caturcenii,
964 301 999 330 δε
1015 298 1255 340 petragoricensi,

190 352 218 381 in
236 351 323 381 feodis
342 350 375 378 ἃ
396 347 551 381 domaniis,
566 344 641 374 {alvis
660 343 797 381 homagiis
819 341 947 371 Fratrum
962 339 1077 382 suorum
1093 359 1102 375 ,
1120 338 1139 365 ii
1155 345 1196 379 res
1207 334 1256 364 ali-

189 400 257 427 quas
270 389 341 417 forte
356 386 494 415 habebant
506 385 563 420 ibi,
580 391 632 422 pro
647 381 747 418 quibus
761 379 848 409 effent
861 379 993 409 homines
1007 377 1062 413 sui,
1078 376 1111 406 &
1124 374 1198 405 saIVis
1211 382 1254 403 re-

190 429 258 465 bus,
274 436 338 464 quas
349 424 425 453 idem
441 423 587 452 Dominus
600 420 664 450 Rex
677 429 737 449 non
750 417 842 459 potest
857 426 933 448 extra
945 424 1063 446 manum
1078 414 1153 458 suam
1165 421 1256 455 pone-

189 477 219 496 re
235 475 283 504 per
296 464 395 493 litteras
411 462 490 502 ipsius
504 462 537 492 &
553 459 789 498 praedecessorum
803 457 932 493 suorum,
949 455 983 485 &
995 453 1033 497 de
1048 452 1147 490 quibus
1159 451 1256 482 debuit

191 504 265 534 bona
288 502 341 531 fide
359 510 507 539 procurare
520 508 583 538 erga
596 496 759 535 possessores
772 495 816 525 seu
831 494 1014 537 detentatores
1027 492 1135 521 illarum
1148 512 1158 527 ,
1176 488 1255 527 quod

190 551 242 571 nos
255 551 296 570 eas
309 540 473 569 haberemus
488 539 557 568 infra
571 545 681 567 certum
694 536 868 571 terminum,
890 534 923 564 &
933 537 989 576 'nili
1003 531 1061 561 hoc
1076 529 1183 568 posset,
1201 536 1255 557 no-

187 581 229 610 bis
250 580 340 608 facere
353 577 524 607 escambium
533 599 542 615 ,
560 576 647 614 magis
661 575 833 605 conveniens
846 573 880 603 &
900 571 966 615 utile
981 579 1032 607 pro
1045 567 1180 611 ambabus
1192 575 1256 605 par-

188 619 260 648 tibus
273 640 282 655 ,
301 616 334 646 ad
354 617 499 646 arbitrium
521 619 566 646 ieu
585 616 728 653 esgardum
744 612 901 650 proborum
919 617 1047 640 virorum
1065 604 1255 636 nominando-

187 666 250 687 rum
267 656 334 685 hinc
349 655 424 684 inde:
972 678 974 681 ,
1126 683 1131 688 .
1211 681 1216 686 ι
1231 681 1235 686 .

222 694 293 724 Item
315 696 349 724 &
370 693 397 723 id
410 717 419 736 ,
433 692 512 732 quod
527 691 673 731 quingenti
695 689 802 720 Milites
814 686 922 718 custare
935 685 1071 716 deberent
1083 681 1253 714 rationabili-

187 741 229 764 ter
242 732 275 762 ad
291 732 445 762 tenendum
460 741 510 770 per
522 732 592 761 duos
605 738 708 759 annos:
890 765 904 770 ..

222 771 294 802 Item
308 772 342 802 &
355 771 479 801 valorem
494 778 575 799 terrae
591 766 744 807 Agenensis
759 766 787 795 in
803 765 937 808 denariis,
953 761 1106 793 secundum
1120 759 1197 805 quod
1205 769 1254 790 an-

185 811 228 840 nis
246 810 357 848 singulis
371 832 381 848 ,
403 811 432 838 in
446 809 544 838 debito
558 807 653 839 valore
667 814 764 844 terrae‚
782 803 985 844 appreciabitur
1000 810 1049 841 per
1063 798 1254 830 nominandos

185 849 201 879 ii
216 848 337 888 partibus
351 848 455 887 probos
467 848 553 877 viros:
1034 879 1039 884 .
1075 878 1080 883 ¹

220 887 316 927 Sitque
330 886 545 925 inquirendum,
562 884 598 914 de
612 884 714 922 plano,
728 883 805 912 bona
818 879 872 911 fide
888 904 897 920 ‚
916 879 950 910 ad
964 878 1173 919 requisitionem
1188 885 1256 906 nos-

185 933 274 965 tram,
291 926 327 956 ab
340 925 473 965 eligendis
487 925 679 955 communiter
692 922 786 960 probis
802 921 884 958 viris,
903 920 924 950 si
943 927 1030 955 terra,
1045 926 1133 961 quarn
1145 916 1256 946 Comes

183 964 353 995 Pictavensis
372 972 448 995 tenet
469 965 497 993 in
519 962 670 993 Caturcen.
693 970 747 1001 pro
768 968 857 990 uxore
879 957 924 988 sua
940 959 970 988 in
985 965 1049 988 toto
1068 956 1112 1001 vel
1127 965 1155 985 in
1177 962 1254 992 parte

183 1003 199 1033 s
197 1004 237 1033 uit
252 1003 339 1043 Regis
355 1003 464 1042 Angli-te
478 1002 580 1040 sorori,
595 1001 640 1032 vel
655 1010 708 1040 pro
723 998 816 1029 sorore
831 997 877 1028 sua
891 995 987 1027 Matre
999 995 1123 1025 Comitis
1135 990 1255 1024 Tholos.

185 1041 351 1080 Reymundi
367 1065 376 1080 ,
400 1043 448 1081 qui
468 1042 601 1080 proximo
619 1037 734 1069 deceffit
747 1061 757 1077 ,
782 1037 886 1067 donata
904 1037 937 1067 &
955 1034 1054 1065 tradita
1068 1057 1078 1072 ,
1098 1042 1167 1076 cum
1184 1041 1255 1061 terra

185 1081 340 1119 Agenenli,
357 1082 387 1110 in
403 1080 579 1119 maritagium
593 1078 638 1109 vel
652 1077 809 1117 gageriam,
821 1076 854 1106 &
868 1075 951 1105 nobis
963 1073 1009 1103 vel
1020 1071 1176 1103 haeredibus
1189 1079 1255 1100 nos-

185 1121 232 1149 tris
245 1118 375 1149 tradenda
390 1128 470 1149 certo
484 1118 590 1156 modo,
609 1117 655 1148 vel
670 1114 837 1146 restituenda
850 1113 1005 1145 secundum
1019 1111 1098 1151 quod
1111 1110 1175 1140 haec
1187 1117 1253 1139 orn-

184 1159 229 1188 1113
238 1181 246 1196 ,
265 1167 299 1188 ex
312 1158 486 1188 continentia
499 1158 573 1195 pacis
585 1155 761 1193 hujusmodi,
777 1152 978 1197 ostenduntur:
1050 1190 1054 1194 Ι
1080 1190 1085 1194 ¹

220 1196 288 1226 Nos
312 1197 438 1227 Brunum
457 1196 493 1226 de
513 1195 582 1235 Saya
605 1193 735 1224 Militem
752 1216 761 1231 ,
787 1193 820 1223 &
838 1190 990 1234 Magistros
1003 1188 1197 1231 &Villielmum
1216 1185 1252 1216 de

184 1234 363 1274 niastatone,
382 1236 416 1266 δε
428 1234 592 1265 Gilbertum
603 1232 639 1262 de
652 1233 676 1262 la
698 1232 792 1262 Raine
807 1253 816 1268 ,
833 1231 866 1262 &
881 1229 1036 1270 quemlibet
1047 1236 1147 1258 eorum
1162 1235 1193 1255 in
1208 1224 1252 1254 so-

183 1273 291 1313 lidum,
308 1275 345 1305 ita
361 1274 438 1312 quod
458 1284 516 1304 non
538 1273 569 1303 sit
588 1271 689 1302 melior
705 1270 836 1302 conditio
856 1268 1044 1310 occupantis,
1059 1272 1252 1304 procuratores

182 1312 294 1343 nostros
304 1313 438 1351 facimus,
454 1313 618 1343 ordinamus
632 1334 641 1349 ,
660 1311 693 1341 ὅτ
713 1307 908 1352 constituimus
919 1307 953 1337 ad
968 1304 1196 1350 requirendum,5
1203 1311 1252 1341 pe-

182 1351 300 1382 tendum
313 1375 322 1390 ,
337 1350 524 1391 optinendum
539 1352 571 1382 &
584 1349 777 1387 recipiendum
791 1348 806 1377 {i
817 1345 960 1377 karissimo
974 1344 1107 1375 Domino
1121 1343 1154 1373 ὃς
1168 1343 1251 1386 §ton-

181 1390 330 1429 fitnguineo
344 1390 458 1428 nostro,
471 1389 603 1428 Philippo
616 1388 699 1427 Rege
715 1386 842 1417 Franciae
855 1384 970 1422 illustri,
987 1382 1085 1426 nostro
1098 1389 1229 1418 nomine,

217 1429 319 1459 Terras
332 1429 366 1459 &
378 1439 419 1458 res
454 1427 596 1465 medietas,
615 1428 647 1458 ὃς
660 1427 711 1456 alia
723 1434 787 1464 quae
796 1448 805 1463 ,
821 1433 870 1465 per
883 1431 984 1464 pacem
995 1421 1158 1465 praedidtarn
1167 1428 1251 1462 ,110-

180 1468 223 1498 bis
237 1468 357 1505 tradere,
377 1468 411 1498 &
425 1437 516 1497 dicere
532 1466 597 1496 Rex
611 1465 669 1505 ipse
683 1473 792 1495 tenetur
802 1486 811 1501 ,
829 1464 862 1494 &
875 1463 910 1493 ad
924 1471 975 1505 nos
989 1467 1128 1505 pertinent
1142 1466 1251 1502 ratione

180 1506 264 1537 distae
278 1506 364 1546 pacis:
385 1504 643 1545 transgressionum,
662 1503 850 1541 dampnorum
884 1502 916 1532 &
936 1501 1114 1538 injuriarum,
1132 1505 1250 1542 nomine

180 1545 260 1584 ipsius
278 1545 322 1575 vel
338 1544 521 1582 autstoritate‚
546 1544 579 1574 &
599 1554 614 1574 a
634 1541 809 1578 Senei'cano,
826 1524 871 1570 M·
1008 1538 1042 1569 ὃς
1062 1536 1174 1567 subditis
1193 1544 1250 1573 ejus

43 231 118 262 Arm.
133 231 173 262 D.

68 279 151 307 1272.

40 313 101 338 nen.
121 319 145 346 3.

866 1539 964 1570 inistris

180 1584 264 1614 nobis
278 1607 288 1623 ,
312 1584 346 1615 &
365 1582 465 1614 nostris
479 1606 490 1622 ,
513 1584 547 1615 ὃ(
568 1591 649 1614 terrae
669 1580 773 1612 nostrae
788 1579 948 1617 factorum,
965 1561 1096 1609 datorum
1112 1578 1146 1607 ὃ(
1160 1574 1249 1605 illato-

181 1632 261 1653 rum·

216 1647 348 1693 Necnon
363 1664 579 1703 arreragiorum,
597 1661 759 1698 firmarum,
779 1659 942 1696 fructuum,
959 1657 993 1688 &
1016 1655 1246 1690 obventionum,

176 1709 211 1732 ex
225 1701 364 1739 praedietis
377 1702 458 1732 nobis
472 1701 634 1732 debitorum
643 1723 651 1739 ,
669 1709 738 1729 cum
753 1706 816 1729 toto
827 1697 924 1729 nostro
936 1694 1080 1740 interesse,

214 1739 321 1772 Dantes
342 1741 376 1771 δε
394 1740 581 1772 concedentes
601 1740 655 1778 eis,
675 1739 708 1770 &
723 1746 824 1768 eorum
837 1736 953 1767 cuilibet
967 1744 997 1764 in
1010 1734 1147 1770 solidum,
1165 1740 1247 1761 man-

177 1778 274 1809 datum
293 1780 327 1810 &
347 1780 497 1820 plenariam
519 1777 686 1817 potestatem
708 1776 841 1814 praedicta
851 1775 949 1805 omnia
963 1774 996 1804 &
1009 1772 1130 1817 singula,
1149 1778 1247 1813 coram

181 1817 283 1849 eodem
299 1818 433 1848 Domino
448 1818 530 1857 Rege
544 1818 576 1848 &
589 1816 677 1847 Curia
692 1815 753 1854 sua,
770 1815 803 1846 &
824 1824 921 1845 coram
932 1812 1028 1856 probis
1040 1821 1121 1848 viris,
1140 1808 1249 1852 Domi-

181 1866 222 1886 no
237 1856 379 1887 Gaufrido
393 1857 428 1887 de
444 1856 470 1887 V
472 1858 556 1887 illetta
571 1856 682 1893 Milite,
697 1856 730 1885 8<
748 1853 888 1892 Magistro
904 1851 1065 1895 Guillelmo
1078 1849 1114 1880 de
1129 1846 1248 1892 Nevrll,

179 1895 194 1924 a
209 1895 404 1932 pioedefuiic'to
426 1895 556 1926 Domino
577 1895 659 1933 Rege
683 1893 847 1923 Lodowico
861 1886 1248 1933 nominatis&uconst1tutis,

177 1934 224 1964 vel
238 1933 416 1964 nominandis
429 1958 439 1972 ,
460 1934 505 1965 seu
527 1932 729 1964 constituendis
743 1933 828 1962 etiam
842 1929 960 1967 eisdem,
979 1928 1024 1959 vel
1037 1927 1094 1959 aliis
1109 1935 1162 1967 pro
1172 1933 1249 1965 parte

178 1975 327 2003 memorati
340 1972 463 2003 Domini
478 1973 580 2011 Regis,

215 2010 252 2041 Et
272 2013 335 2042 viro
355 2011 498 2052 Religioso
519 2012 559 2042 R.
582 2010 694 2042 Abbate
714 2008 840 2040 Westm.
860 2006 1035 2046 &Johanne
1048 2006 1085 2036 de
1105 2004 1130 2035 la
1146 2001 1248 2048 Lynde

179 2048 274 2080 Milite
289 2073 298 2088 ,
317 2060 370 2088 pro
390 2059 467 2088 parte
482 2050 578 2081 nostra
593 2073 602 2088 ,
620 2050 653 2081 ὃς
672 2050 687 2079 a
701 2049 782 2078 nobis
801 2047 895 2077 electis
913 2045 947 2076 ad
961 2045 1020 2075 hoc
1033 2045 1065 2075 &
1080 2050 1248 2087 nommatis‚

178 2088 224 2118 vel
251 2089 430 2119 nominandis
451 2090 536 2119 etiam
551 2112 560 2127 ,
587 2088 634 2118 seu
653 2086 857 2118 constituendis
876 2086 954 2123 super
975 2083 1032 2114 hoc
1045 2106 1055 2121 ,
1080 2082 1184 2113 eisdem
1199 2081 1247 2112 vei

176 2126 252 2164 aliis,
270 2127 423 2158 secundum
435 2127 557 2157 formam
573 2128 647 2167 pacis
658 2125 798 2164 ejusdem,
1044 2161 1049 2167 ι

213 2164 427 2204 Promovendi,
445 2165 597 2204 transtasidi,
616 2164 728 2205 petendi
743 2166 776 2196 δε
792 2160 955 2206 optinendi,
973 2160 1131 2205 requirendi
1152 2160 1187 2191 &
1202 2170 1245 2190 re-

177 2203 300 2242 cipiendi
322 2204 418 2244 scripta
433 2228 443 2242 ,
457 2205 557 2235 litteras
580 2206 613 2235 &
629 2204 823 2240 munimenta,
840 2201 923 2232 nobis
942 2199 1093 2231 necessarla
1107 2209 1158 2237 pro
1166 2208 1246 2245 ¹prae,-

174 2242 250 2273 die'ta
270 2252 339 2280 pace
360 2243 487 2273 servanda
503 2267 512 2280 ,
534 2244 568 2273 ὃς
587 2253 638 2281 pro
659 2242 803 2272 securitate
825 2249 936 2276 rerum,
952 2248 986 2269 ex
1005 2248 1036 2270 ea
1060 2248 1129 2277 pace
1141 2247 1176 2270 aa
1191 2249 1245 2270 nos

174 2282 392 2319 pertinentium,
411 2281 567 2321 excipiendi
576 2304 585 2318 ,
599 2279 749 2318 replicandi
763 2281 796 2311 δε
807 2277 991 2308 defendendi:

211 2319 330 2350 Litteras
351 2320 384 2350 &
398 2322 540 2359 privilegia
553 2320 623 2350 dicti
637 2319 762 2349 Domini
784 2318 872 2355 Regis
886 2319 919 2348 &
932 2315 1170 2356 praedecefforum
1183 2317 1245 2348 suo—

174 2368 257 2396 rum,
274 2359 373 2398 quibus
393 2359 493 2396 aliqui,
512 2369 548 2388 ne
562 2359 595 2389 ad
611 2358 802 2388 obedientiam
820 2357 853 2388 &
868 2356 1031 2386 dominium
1050 2354 1178 2386 nostrum
1195 2366 1244 2385 ve-

173 2398 250 2427 niant
263 2396 416 2427 secundum
430 2397 599 2428 condictum
614 2397 642 2426 in
657 2406 743 2436 pace,
763 2395 790 2426 se
801 2395 871 2425 tueri
883 2395 1030 2433 dicuntur,
1048 2394 1243 2434 impugnandi,

173 2436 207 2466 ὃς
223 2445 322 2466 eorum
337 2436 495 2474 transcripta
508 2435 671 2475 optinendi:
1058 2472 1063 2476 .

208 2473 256 2504 De
274 2474 434 2513 calumpnia
449 2498 459 2512 ,
484 2477 598 2505 veritate
614 2498 623 2512 ,
641 2476 675 2505 δε
695 2473 803 2505 alterius
825 2472 972 2512 cujussibet
985 2471 1065 2501 modi
1078 2470 1123 2501 vel
1136 2473 1245 2512 generis

169 2514 358 2552 juramentum
382 2515 410 2544 in
431 2515 556 2545 animani
575 2512 701 2544 nostram
721 2512 855 2543 subeundi
871 2535 881 2552 ,
903 2510 1069 2549 deferendi,
1088 2509 1243 2550 referendi,

175 2552 209 2582 &
221 2552 395 2590 suscipiendi:

213 2591 308 2621 Alium
324 2592 368 2622 vel
389 2592 455 2622 alios
471 2600 683 2629 procuratorem
703 2590 747 2621 vel
765 2597 975 2631 procuratores,
992 2587 1120 2618 astorem
1136 2587 1181 2619 vel
1195 2597 1243 2618 ac-

173 2636 262 2668 tores,
280 2632 347 2667 suo,
365 2631 410 2661 vel
431 2630 529 2661 nostro
553 2632 688 2668 nomine,
707 2630 752 2660 vel
766 2629 909 2667 periculo,
926 2629 957 2658 in
971 2636 1151 2667 quacumque
1166 2634 1243 2666 parte

174 2670 280 2707 negotii
294 2691 304 2706 ,
321 2669 404 2699 dandi
421 2692 430 2706 ,
447 2668 627 2699 substituendi
643 2693 654 2708 ,
672 2669 717 2699 vel
733 2667 923 2698 constituendi
938 2689 948 2705 ,
965 2674 1050 2706 prout
1064 2666 1098 2696 sc
1112 2666 1243 2704 quotiens

175 2716 291 2745 omnes,
310 2708 343 2738 &
359 2709 473 2745 quilibet
488 2708 625 2745 viderint,
641 2708 686 2738 seu
699 2707 798 2737 viderit
812 2705 957 2744 expedire3

210 2745 248 2775 Et
265 2755 365 2776 caetera
379 2747 474 2776 omnia
490 2747 523 2777 &
537 2747 640 2786 singula
652 2745 790 2783 faciendi,
804 2740 1157 2783 requirendi,recipiendi,
1170 2749 1243 2784 trac-

174 2783 270 2822 tandi,
290 2785 323 2814 &
346 2784 535 2824 procurandi,
553 2786 572 2805 ⁴²
590 2794 655 2823 quae
673 2794 722 2825 per
741 2783 905 2822 praedietam
920 2791 1020 2820 pacem
1041 2780 1077 2811 ad
1095 2790 1147 2824 nos
1160 2786 1244 2819 perti-

175 2831 242 2852 nent
260 2846 268 2860 ,
287 2824 319 2853 &
339 2833 403 2863 quae
424 2824 481 2854 veri
501 2825 534 2855 &
557 2824 674 2863 legitimi
689 2831 896 2861 procuratores,
914 2821 971 2851 dati
983 2819 1017 2851 ad
1031 2827 1144 2859 negotia
1158 2819 1191 2849 δε
1207 2816 1242 2847 ad

174 2861 249 2898 lites,
267 2863 357 2896 facere
372 2861 486 2901 potsunt
499 2862 532 2892 &
547 2863 669 2900 debent,
688 2862 722 2892 &
737 2871 790 2892 nos
804 2869 933 2892 tenemur
951 2859 1059 2898 facere,
1078 2858 1123 2890 vel
1136 2857 1242 2888 facere-

176 2909 238 2929 mus
251 2900 269 2930 si
285 2900 428 2939 praesentes
443 2900 576 2931 essemus:

211 2937 319 2968 Rarum
335 2938 452 2969 habituri
465 2940 498 2970 ὃς
512 2948 622 2975 gratum
636 2947 773 2979 perpetuo
789 2939 922 2979 quicquid
943 2948 992 2975 per
1005 2936 1098 2968 dictos
1110 2944 1244 2976 procura-

173 2984 246 3006 tores
261 2998 271 3014 ,
295 2977 338 3006 vel
358 2970 579 3008 substituendum
599 2979 634 3008 ab
658 2980 695 3008 eis
717 2987 824 3016 unum,
840 2978 885 3008 vel
906 2976 1013 3017 plures,
1031 2983 1078 3006 aut
1094 2983 1162 3005 cum
1181 2974 1242 3018 ipsis

174 3016 309 3044 omnibus
322 3038 331 3052 ,
349 3016 381 3044 &
402 3016 511 3053 singulis
525 3039 535 3054 ,
555 3018 583 3046 in
603 3016 749 3056 praemiffis
763 3016 877 3054 36111111,
896 3025 993 3046 coram
1011 3014 1090 3045 dieto
1105 3012 1241 3043 Domino

175 3052 276 3092 Rege,
293 3053 326 3084 δε
339 3052 426 3084 Curia
439 3055 501 3092 sua,
520 3056 553 3085 ὃς
569 3055 706 3092 praedictis
720 3055 814 3093 probis
829 3056 909 3093 viris,
924 3055 1006 3085 fuerit
1021 3053 1066 3084 vel
1078 3053 1162 3083 etiam
1176 3061 1242 3089 pro-

175 3102 320 3122 curatum:

209 3130 339 3168 Ipsosque
359 3130 509 3161 relevantes
528 3131 561 3161 &
576 3132 696 3162 relevare
707 3132 832 3162 volentes
846 3133 882 3163 ab
897 3134 978 3163 omni
992 3141 1078 3162 onere
1089 3129 1242 3161 satisdando

174 3170 208 3200 ὃς
230 3169 382 3205 judicatum
405 3169 474 3199 solvi
491 3192 501 3207 ,
519 3179 571 3206 pro
590 3171 650 3207 ipiis
666 3171 698 3200 δε
711 3181 811 3200 eorum
826 3172 951 3209 quolibet
965 3171 1173 3209 promittimus,
1192 3167 1241 3198 sub

176 3216 295 3247 ypoteca
312 3208 457 3238 bonorum
479 3208 640 3238 nostrorum
652 3231 661 3245 ,
679 3210 712 3239 ὃς
731 3210 823 3240 eidem
840 3210 974 3240 Domino
987 3209 1080 3249 Regi,
1096 3209 1129 3239 &
1143 3206 1242 3238 Curiae

179 3246 234 3275 suae
248 3256 280 3276 ex
295 3246 467 3276 habundanti
482 3245 688 3285 stipulationem
701 3248 874 3285 solempnem
888 3249 1026 3286 fecimus,
1044 3248 1077 3279 ὃ(
1090 3247 1126 3277 ab
1139 3245 1243 3276 eisdem

178 3285 402 3323 procuratoribus
430 3285 463 3315 &
486 3285 612 3324 quolibet
633 3295 732 3315 coium
755 3288 894 3325 interponi
916 3287 1102 3324 mandamus,
1129 3285 1162 3315 ὃ(
1185 3285 1243 3314 hoc

178 3322 360 3361 significamus
374 3347 383 3363 ,
409 3323 442 3353 &
463 3324 482 3354 si
503 3323 606 3354 nificari
628 3324 760 3354 volumus
782 3336 831 3365 per
851 3327 1021 3364 praesentem
1049 3332 1244 3362 procuratores

177 3368 271 3391 tamen
284 3362 368 3401 alios,
386 3371 456 3403 quos
467 3371 487 3394 o
497 3363 538 3393 im
553 3362 766 3403 constituimus,
783 3374 832 3402 per
853 3364 910 3395 hoc
924 3375 985 3396 non
1005 3363 1186 3403 intelligimus
1200 3371 1245 3392 re-

179 3408 289 3430 vocare.

216 3436 249 3467 In
264 3440 355 3478 cujus,
373 3440 433 3472 &c.

26 2786 155 2823 *1.877.

215 3517 302 3549 Teste
314 3519 395 3560 Rege
408 3521 481 3560 apud
497 3521 616 3553 Turrim
632 3521 768 3554 London.
783 3523 821 3554 28
838 3522 883 3554 die
893 3524 1024 3562 Januarii.

34 3612 112 3643 Ann.
125 3610 167 3641 D.

54 3659 139 3688 1272.

227 3659 345 3690 Littera
362 3659 490 3707 Philippo
501 3690 510 3705 ,
539 3667 612 3711 Regi
626 3668 775 3708 Franciae,
803 3665 839 3698 de
859 3669 936 3699 Pace
952 3667 1024 3699 olim
1040 3671 1118 3699 inita
1137 3669 1215 3698 inter

34 3693 86 3716 An.
103 3690 149 3724 5⁶⁸
380 3709 570 3744 Ludovicum
590 3715 653 3759 ejus
670 3717 794 3747 Patrem
811 3718 848 3753 ὅθ’
865 3718 1044 3749 Henricum.

34 3731 70 3753 H.
92 3735 117 3762 3.

35 3769 76 3792 ,Ex
85 3769 152 3792 Rim-
339 3793 344 3798 ,
456 3797 461 3801 ,

34 3803 82 3830 del.
108 3804 135 3830 6.
186 3791 261 3852 M
271 3791 404 3859 Affimfico
416 3794 538 3835 Principi
560 3800 592 3829 δε
611 3801 754 3833 kariffimo
768 3803 902 3833 Domino
917 3804 951 3834 &
967 3803 1186 3843 Consanguineo
1198 3802 1247 3833 suo

36 3850 62 3867 n.
82 3839 109 3866 S.
281 3830 313 3859 P·
326 3830 429 3869 11¹PP02
448 3834 506 3864 δίε.
522 3836 678 3876 Henricus,
697 3842 757 3871 &c.
775 3841 905 3879 salutem,
921 3843 981 3872 ἃς.

34 3881 109 3906 Penes
120 3881 172 3905 Ca·
223 3866 302 3911 Cuin
320 3878 368 3905 per
388 3879 485 3915 pacem
504 3874 536 3915 ὃς
555 3877 791 3913 compositionem
807 3904 816 3916 ,
841 3880 964 3910 habitam
983 3882 1053 3911 inter
1074 3879 1246 3910 kariffimum

37 3921 175 3943 merscac-
191 3904 355 3936 Dominum
369 3905 615 3956 Consanguineum
629 3916 754 3947 nostrum
774 3918 861 3947 felicis
875 3918 1074 3949 recordationis
1088 3919 1245 3957 genitorem

37 3964 89 3980 car.
114 3957 157 3989 56—
191 3943 320 3990 vestrum*
333 3944 366 3973 L.
383 3944 496 3988 Regem
511 3947 633 3979 Franciae
653 3954 804 3993 illustrem,
818 3956 852 3986 &
868 3966 919 3985 nos
932 3956 1039 3993 pridem
1054 3956 1136 3987 Paris.
1150 3956 1184 3986 δε
1199 3954 1245 3985 fir-

37 3994 67 4018 Η
93 4002 102 4010 ,
189 3989 293 4010 matam
311 3993 325 4011 a
345 3984 426 4013 vobis
438 4006 448 4022 ,
474 3993 610 4016 teneretur
628 3989 703 4019 idem
728 3991 872 4023 Dominus
894 3993 958 4023 Rex
972 4004 1046 4031 pater
1060 3994 1151 4025 vester
1162 3993 1243 4033 quic-

36 4011 122 4064 7„‘4³5]
185 4018 251 4058 quid
262 4043 271 4057 ,
289 4027 417 4059 tempore
432 4023 507 4062 pacis
528 4024 666 4064 ejusdem,
682 4028 800 4062 habebat
820 4031 853 4062 &
867 4032 979 4064 tenebat
992 4033 1022 4063 in
1036 4033 1124 4064 tribus
1136 4031 1244 4064 Civita-

641 103 1896 183 CONVENTioNE,S‚'⁸L1TERAE‚

1295 214 1367 283 gibus
1379 214 1515 259 ‹st-Dice.
1531 215 1720 248 Lemovicen.
1741 216 1894 249 Caturcen.
1907 215 1941 247 &
1953 212 2161 254 petragoricen.
2174 215 2205 246 in
2222 215 2311 248 feodis
2324 217 2358 250 &
2374 217 2451 250 Ann.
2465 215 2514 251 D‘:

1315 263 1449 291 omanus3
2391 267 2477 289 12-2.

1335 292 1422 322 Salvis
1436 292 1571 332 homagiis
1585 292 1713 325 Fratrum
1726 294 1837 325 suorum
1847 317 1858 332 ,
1875 293 1895 323 fi
1908 303 1950 323 res
1963 292 2064 333 aliquas
2076 292 2151 324 forte
2166 291 2308 326 habebant
2320 295 2361 326 ibi
2375 276 2441 327 tiens
2460 309 2486 336 3„

1298 341 1352 371 pro
1364 331 1463 370 quibus
1477 331 1563 362 essent
1577 331 1706 363 homines
1719 334 1773 371 sui,
1790 342 1876 372 quam
1891 332 1940 362 diu
1953 332 2003 369 ipsi
2017 331 2040 362 F
2041 341 2123 362 ratres
2137 333 2286 372 viverent,

1338 369 1375 399 Et
1393 369 1470 399 salvis
1491 370 1572 400 rebus
1585 380 1651 408 quas
1664 381 1833 402 memoratus
1846 370 1991 401 Dominus
2009 370 2074 400 Rex
2087 381 2148 401 non
2161 379 2270 409 poterat
2283 375 2359 404 excra

1298 417 1416 438 manum
1430 409 1505 438 suam
1518 418 1625 448 ponere
1639 419 1688 451 per
1700 411 1788 441 literas
1801 410 1857 440 suas
1871 410 1904 440 &
1925 408 2167 440 Praedecefforum
2179 410 2308 449 suorum,
2327 411 2362 442 δε

1297 446 1334 476 de
1351 447 1452 484 quibus
1463 446 1560 477 debuit
1571 448 1647 479 bona
1661 448 1716 479 fide
1730 458 1880 488 procurare
1894 457 1957 487 erga
1971 448 2152 488 possessores,
2171 448 2215 480 seu
2236 449 2362 480 detenta-

1299 493 1372 515 tores
1384 485 1491 515 illarum
1504 485 1580 524 quod
1594 496 1646 517 nos
1660 497 1703 518 eas
1717 487 1898 525 haberemus,
1915 488 1948 518 &
1962 487 2012 516 nisi
2026 486 2083 516 hoc
2097 487 2205 526 poffet,
2222 489 2305 519 nobis
2319 489 2361 519 fa-

1298 532 1363 553 cere
1378 523 1550 554 escambium
1559 547 1568 562 ,
1584 526 1672 564 magis
1691 527 1864 557 conveniens
1883 527 1916 556 ὅ(
1929 525 1996 555 utile
2009 535 2060 562 pro
2074 525 2209 556 ambabus
2222 528 2364 567 partibus,

1298 561 1490 630 addarbitrium
1505 562 1550 593 seu
1561 563 1716 603 esgardium
1727 566 1885 606 proborum
1898 565 2026 596 virorum
2038 564 2280 595 nominandorum
2293 567 2362 598 hinc

1298 609 1327 629 in
1347 610 1371 629 e.
2043 606 2049 614 ¹

1335 638 1407 669 Item
1424 639 1462 679 §c
1485 639 1513 670 id
1529 641 1606 680 quod
1619 641 1764 681 quingenti
1777 641 1886 673 Milites
1904 640 2013 673 custare
2023 640 2157 673 deberent
2169 642 2366 675 rationabiliter

1299 677 1333 708 ad
1347 679 1504 709 tenendum
1518 689 1566 717 per
1579 682 1650 710 duos
1661 690 1762 711 annos:
2238 687 2241 689 ’

1335 715 1410 747 Item
1426 718 1460 748 &
1478 719 1604 749 valorem
1620 727 1700 749 terrae
1714 719 1804 759 Agen.
1821 718 1914 750 statim
1928 720 1957 750 in
1971 719 2087 750 denariis
2099 718 2254 751 secundum
2268 721 2366 761 quod,

1272 753 1276 756 ”
1297 756 1376 785 3111113
1389 756 1515 795 singulis,
1533 758 1562 786 in
1574 757 1672 787 debito
1688 758 1783 788 valore
1802 766 1882 788 terrae
1896 760 2098 798 appreciaretur
2111 768 2159 796 per
2172 760 2365 791 nominandos

1298 794 1313 823 a
1332 795 1455 838 partibus
1472 796 1580 834 probos
1599 796 1692 837 viros,
1709 797 1742 827 ὃς
1757 796 1821 834 post
1835 797 1977 827 decessum
1997 798 2051 837 piae
2064 798 2213 828 memoriae
2223 798 2366 837 Johannae

1299 831 1461 863 Comitiffae
1484 833 1621 864 Ρίέὶανίεε
1634 857 1644 873 ,
1662 835 1682 864 si
1699 834 1734 864 ad
1755 835 1843 873 ipsum
1865 838 2021 874 genitorem
2042 835 2168 866 vestrum
2182 838 2226 866 vel
2242 836 2366 869 haeredes

1299 871 1362 902 suos
1373 872 1586 911 devolveretur,
1600 873 1683 902 nobis
1694 873 1740 904 vel
1752 873 1906 904 haeredibus
1919 873 2020 904 nostris
2032 874 2181 904 reddendae
2195 875 2241 906 seu
2255 877 2365 907 traden-

1298 909 1345 939 dae
1366 918 1446 941 certo
1468 911 1574 950 modo,
1592 911 1654 950 vel,
1673 911 1692 942 fi
1715 911 1749 943 ad
1770 912 1856 942 alium
1873 911 2087 951 devolveretur,
2106 913 2212 944 tradere
2230 915 2366 954 feodum,

1298 949 1343 979 seu
1356 949 1400 987 jus
1411 949 1547 988 feodagii,
1565 959 1633 980 cum
1649 950 1761 988 valore,
1782 951 1828 981 seu
1844 950 1923 982 firma
1935 961 2015 982 terrae
2029 951 2151 990 ejusdem
2160 964 2171 995 ᾗ

1336 987 1384 1018 Sic
1397 989 1475 1028 quod
1497 988 1697 1028 inquirendum
1717 988 1753 1020 de
1765 989 1850 1031 plano
1863 991 1940 1020 bona
1953 989 2007 1020 fide
2022 991 2057 1020 ad
2071 991 2278 1030 requisitionem
2297 1002 2365 1022 nos-

1297 1033 1370 1056 tram
1383 1037 1469 1067 quam
1481 1027 1580 1058 harum
1601 1027 1742 1058 literarum
1756 1035 1855 1058 tenore
1875 1027 1994 1059 fecimus
2006 1030 2036 1059 in
2051 1029 2191 1067 praesenti,
2210 1030 2245 1059 ab
2260 1030 2366 1071 eligen-

1297 1064 1339 1094 dis
1357 1067 1549 1097 communiter
1571 1066 1668 1104 probis
1686 1067 1764 1105 viris,
1782 1066 1802 1097 fi
1818 1075 1905 1106 terra,
1921 1076 2007 1105 quam
2021 1065 2130 1097 Comes
2143 1067 2279 1098 Pietaviae
2294 1078 2365 1100 tunc

1296 1105 1409 1135 tenebat
1427 1106 1457 1135 in
1472 1105 1656 1143 Caturcinio‚
1674 1115 1729 1143 pro
1748 1114 1836 1135 uvore
1850 1105 1895 1136 sua
1907 1105 1937 1135 in
1949 1114 2030 1144 toto,
2047 1106 2092 1135 vel
2106 1107 2136 1135 in
2148 1114 2224 1143 parte
2238 1108 2290 1138 fuit
2303 1107 2366 1138 Re-

1296 1144 1338 1182 gis
1351 1143 1464 1184 Angliae
1484 1145 1588 1183 sorori,
1607 1145 1654 1175 vel
1668 1150 1721 1182 pro
1741 1143 1834 1174 sorore
1847 1144 1892 1174 sua
1903 1166 1913 1182 ,
1933 1152 2021 1174 matre
2035 1142 2159 1174 Comitis
2170 1144 2288 1175 Tholos.
2304 1145 2368 1177 Rea

1296 1182 1397 1212 mundi
1411 1206 1420 1221 ,
1435 1184 1483 1222 qui
1497 1184 1630 1222 proximo
1651 1182 1780 1220 deceffit,
1799 1182 1901 1213 donata
1914 1183 1957 1214 vel
1972 1182 2070 1213 tradita
2084 1205 2094 1221 ,
2108 1192 2178 1213 cum
2191 1191 2262 1214 terra
2274 1184 2368 1224 Agen.

1295 1220 1325 1249 in
1340 1222 1516 1260 maritagium
1527 1222 1573 1253 vel
1586 1223 1741 1261 gageriam,
1758 1222 1792 1253 &
1804 1222 1888 1252 nobis
1899 1223 1944 1252 vel
1953 1221 2110 1252 haeredibus
2124 1221 2223 1252 nostris
2237 1223 2288 1253 sub
2304 1231 2368 1253 cer-⁴

1295 1260 1330 1288 tis
1349 1260 1562 1291 conditionibus
1582 1260 1714 1291 tradenda
1739 1260 1785 1290 vel
1808 1260 1974 1291 restituenda
1989 1284 1999 1299 ,
2022 1260 2178 1291 secundum
2200 1261 2278 1300 quod
2301 1261 2366 1293 haec

1297 1299 1393 1328 omnia
1406 1308 1441 1329 ex
1455 1299 1628 1330 continentia
1641 1300 1716 1337 pacis
1727 1298 1883 1329 istiusmodi
1895 1298 2090 1330 ostenduntur.

1334 1336 1402 1368 Nos
1415 1337 1449 1368 ad
1483 1338 1595 1368 raedicta
1609 1337 1750 1376 universa,
1770 1338 1803 1369 &
1814 1337 1916 1377 singula
1925 1361 1935 1377 ,
1954 1348 1987 1369 ac
2000 1339 2069 1377 alia,
2088 1348 2153 1376 quae
2166 1339 2369 1370 rationabiliter

1296 1385 1331 1405 ex
1346 1376 1479 1415 praedieta
1535 1386 1568 1407 ce
1584 1377 1619 1408 ad
1635 1387 1686 1407 nos
1702 1377 1860 1416 pertinent,
1878 1377 1912 1407 &
1927 1387 1976 1415 ea,
1991 1377 2025 1407 ad
2041 1387 2105 1416 quae
2119 1387 2264 1417 tenemur,
2281 1378 2370 1409 debe-

1296 1424 1359 1444 mus
1372 1415 1417 1445 vel
1432 1425 1472 1455 po
1497 1425 1578 1445 umus
1592 1415 1700 1453 facere,
1717 1415 1876 1453 tractanda,
1892 1415 2058 1454 ordinanda,
2077 1417 2122 1446 vel
2132 1417 2301 1457 perficienda
2316 1427 2372 1447 no-

1294 1454 1432 1484 minamus
1444 1477 1454 1492 ,
1471 1454 1600 1493 eligimus
1614 1477 1623 1492 ,
1640 1453 1855 1491 constituimus,
1875 1454 1920 1483 vel
1939 1454 2003 1485 alias
2015 1454 2173 1486 constitutis
2185 1456 2368 1496 subrogamus

1294 1492 1327 1522 &
1348 1491 1554 1531 substituimus,
1576 1493 1609 1523 &
1632 1492 1714 1523 vobis
1736 1492 1890 1529 mittimus,
1906 1501 1959 1529 pro
1979 1493 2062 1523 nobis
2076 1516 2086 1531 ,
2105 1494 2138 1524 &
2151 1494 2233 1533 loco,
2251 1505 2284 1525 ac
2302 1495 2368 1525 vice

1293 1530 1398 1569 nostri,
1416 1531 1509 1562 fideles
1521 1531 1632 1562 nostros
1648 1530 1805 1561 Ricardum
1817 1529 1961 1560 Abbatem
1974 1531 2101 1561 Westm.
2117 1533 2150 1562 &
2162 1533 2190 1571 J.
2204 1533 2274 1564 dela
2283 1534 2309 1564 L
2329 1544 2365 1564 n-

1291 1569 1328 1599 de
1341 1579 1410 1600 cum
1425 1570 1484 1600 aliis
1497 1570 1626 1608 duobus,
1644 1569 1774 1600 videlicet
1789 1592 1799 1607 ,
1817 1568 1952 1599 Domino
1967 1568 2108 1600 Gaufrido
2121 1571 2158 1601 de
2173 1571 2268 1602 Valeta
2283 1543 2368 1602 lviiii-

1291 1616 1337 1646 te,
1353 1609 1387 1639 &
1407 1608 1548 1648 Magistro
1563 1608 1604 1638 W
1608 1609 1724 1639 illielmo
1738 1607 1774 1638 de
1795 1607 1914 1638 Novilla
1929 1609 1943 1638 a
1957 1608 2154 1648 praedefundto
2167 1609 2303 1642 Domino
2337 1621 2368 1641 e-

1291 1648 1384 1678 nitore
1404 1647 1500 1679 vestro
1519 1648 1670 1678 nominatis
1689 1647 1722 1678 δε
1742 1646 1899 1677 constitutis
1912 1670 1922 1686 ,
1937 1646 1983 1678 vel
2001 1648 2181 1679 nominandis
2199 1649 2245 1679 seu
2257 1619 2369 1680 confil-

1291 1686 1417 1724 tuendis‚
1435 1688 1519 1718 etiam
1540 1696 1590 1726 per
1607 1696 1659 1717 vos
1676 1686 1797 1725 eisdem,
1814 1685 1858 1715 vel
1879 1685 1953 1725 aliis,
1971 1687 2018 1725 qui
2035 1686 2146 1723 poss'ent
2157 1688 2303 1719 arbitrium
2319 1688 2365 1719 seu

1291 1724 1439 1764 esgardum
1453 1725 1489 1756 de
1503 1725 1660 1766 praediuitis,
1678 1726 1712 1756 &
1726 1724 1888 1764 enquestam
1902 1725 1935 1756 &
1946 1724 2107 1764 enquestaS,
2125 1726 2159 1756 &
2173 1725 2223 1757 alia
2238 1727 2365 1758 universa

1291 1763 1325 1794 &
1337 1763 1455 1803 lingula,
1474 1774 1538 1804 quae
1552 1764 1586 1794 ad
1602 1773 1703 1803 pacem
1716 1764 1751 1795 &
1764 1764 1821 1801 ejus
1835 1763 2084 1801 complementum
2096 1765 2253 1805 pertinent,
2273 1765 2365 1797 facere

1291 1801 1446 1833 secundum
1459 1803 1583 1833 formam
1597 1803 1672 1841 pacis
1683 1802 1763 1839 ipsius
1776 1803 1810 1833 &
1822 1803 1983 1840 complere:

1335 1842 1351 1858 ²*
1377 1842 1514 1881 Quorum
1536 1841 1739 1878 praedidtorum
1761 1841 1888 1872 virorum
1902 1863 1912 1879 ,
1932 1840 2061 1872 Militum
2075 1865 2086 1878 ,
2113 1842 2147 1873 &
2167 1841 2366 1882 Clericorum,

1287 1881 1347 1919 jam
1366 1881 1522 1911 elec‘torum
1543 1880 1588 1910 seu
1605 1879 1800 1919 eligendorum
1814 1902 1824 1917 ,
1842 1879 1922 1918 super
1943 1879 2011 1918 hiis,
2029 1888 2059 1910 ut
2076 1880 2117 1910 est
2131 1880 2258 1920 didium,
2278 1882 2366 1922 (ἰξυ-

1291 1919 1360 1949 dum
1373 1919 1418 1949 seu
1431 1920 1575 1949 arbitrium
1584 1942 1593 1957 ,
1613 1917 1795 1958 enquestam,
1812 1918 1845 1949 &
1859 1927 1960 1948 caetera
1973 1918 2099 1949 facienda
2111 1920 2145 1950 δε
2157 1920 2310 1952 ordinanda
2317 1931 2368 1962 per

1290 1967 1337 1987 eos
1354 1958 1387 1988 &
1409 1968 1478 1988 cum
1498 1959 1536 1987 eis
1555 1981 1564 1995 ,
1583 1958 1617 1988 &
1628 1958 1688 1996 jam
1705 1957 1802 2004 faeta,
1813 1957 1925 1987 tractata
1939 1957 1986 1988 vel
1998 1957 2124 1988 ordinata
2136 1968 2186 1995 per
2199 1958 2311 1990 eosdem
2330 1961 2366 1992 &

1291 1996 1464 2035 Magistrum
1487 1995 1650 2026 Gilbertum
1670 1996 1706 2027 de
1728 1996 1754 2026 la
1774 1997 1904 2025 Lorvere
1918 2019 1928 2034 ,
1945 2004 2015 2026 tunc
2037 1998 2052 2027 a
2072 1997 2155 2026 nobis
2169 1997 2203 2028 ad
2217 1999 2274 2028 hoc
2291 2009 2363 2030 cum

1290 2035 1430 2076 praedidto
1447 2034 1579 2073 Johanrie
1600 2035 1635 2064 de
1655 2035 1679 2065 la
1701 2033 1802 2074 Lynde
1819 2033 2007 2065 constitutum
2024 2058 2034 2073 ‚
2059 2035 2105 2065 vel
2127 2036 2232 2074 aliquos
2246 2047 2364 2068 eorum-

1289 2075 1357 2105 dem
1371 2097 1382 2114 ,
1405 2083 1461 2105 rata
1481 2074 1601 2105 habituri
1623 2074 1656 2105 &
1677 2082 1753 2114 grata
1773 2083 1860 2114 eaque
1878 2082 2013 2115 perpetuo
2030 2073 2063 2106 ὃς
2081 2073 2196 2105 firmiter
2217 2077 2362 2115 promitti⁴

1293 2121 1371 2144 mus:

1328 2152 1498 2185 Revocandi
1511 2162 1605 2184 tamen
1619 2153 1689 2192 ipsos
1706 2151 1848 2184 Abbatem
1862 2154 1897 2184 de
1911 2152 2038 2184 Westm.
2053 2153 2087 2184 δε
2105 2152 2270 2191 johannem
2285 2154 2321 2185 de
2336 2155 2363 2186 la

1291 2190 1393 2231 Lynde
1406 2215 1416 2230 ,
1435 2193 1468 2223 &
1490 2192 1633 2231 mutandi,
1653 2193 1686 2223 ὃς
1709 2193 1775 2223 31103
1797 2191 1938 2231 eligendi,
1956 2192 1990 2222 &
2010 2191 2193 2222 substituendi
2209 2193 2276 2224 loco
2289 2194 2364 2234 ipso-

1290 2240 1370 2268 rum,
1389 2231 1422 2262 &
1444 2231 1589 2269 cujussibet
1604 2254 1613 2269 ,
1631 2231 1761 2261 nondum
1777 2230 1857 2260 finito
1881 2230 2039 2267 hujusmodi
2059 2232 2191 2269 negotio,
2210 2233 2294 2262 nobis
2307 2243 2360 2270 po-

1289 2269 1418 2300 testatem
1440 2270 1473 2300 &
1494 2269 1635 2300 licentiam
1655 2270 1818 2307 retinentes,
1837 2268 1985 2308 processu,
2002 2268 2036 2300 &
2057 2270 2189 2308 tractatu,
2205 2270 2362 2302 &ordina-

1290 2309 1368 2338 tione
1386 2318 1436 2349 per
1455 2318 1504 2338 eos
1519 2332 1528 2346 ,
1547 2308 1592 2339 vel
1606 2317 1675 2338 cum
1690 2309 1740 2345 eis,
1760 2317 1824 2339 ante
1838 2309 2051 2338 revocationem
2063 2308 2186 2346 ipsorum
2198 2309 2312 2348 habitis,
2330 2311 2361 2341 in

1289 2347 1394 2377 robore
1415 2347 1552 2377 duraturis
1564 2358 1574 2384 ς
1594 2348 1640 2384 qui
1662 2346 1872 2388 nichilominus¹
1885 2347 1918 2377 &
1932 2345 2048 2376 fideliter
2061 2346 2087 2376 se
2102 2346 2221 2377 habeant
2234 2358 2286 2386 pro
2298 2358 2362 2379 am-

1289 2385 1378 2415 babus
1389 2386 1529 2424 partibus,
1545 2385 1580 2415 ad
1594 2386 1802 2424 requilitionem
1818 2386 1851 2416 &
1861 2393 1940 2421 Juxta
1954 2384 2128 2414 voluntatem
2141 2385 2280 2425 vestram,
2292 2397 2363 2417 cum

1291 2424 1448 2463 praeeleffis
1461 2447 1471 2462 ,
1491 2433 1507 2453 3
1529 2432 1689 2453 memorato
1712 2423 1846 2453 Domino
1863 2422 1946 2462 Rege
1966 2424 2094 2453 venitote
2115 2423 2208 2454 vestro
2221 2448 2231 2464 ,
2253 2425 2298 2456 vel
2313 2426 2364 2456 eli-

1289 2463 1387 2503 gendis
1399 2465 1414 2493 a
1421 2463 1503 2492 vobis
1509 2484 1519 2500 ‚
1533 2463 1579 2492 seu
1586 2462 1788 2493 constituendis
1796 2486 1805 2501 ,
1823 2461 1926 2492 eisdem
1933 2447 2011 2492 veTal

1289 2502 1421 2533 volumus
1434 2502 1550 2540 proprio
1559 2500 1745 2539 juramento,
1763 2500 1910 2531 senescallis
1921 2501 2022 2531 nostris
2034 2500 2067 2531 &
2082 2500 2208 2531 fidelibus
2220 2511 2253 2532 ac
2268 2501 2365 2532 subdi-

1289 2542 1322 2571 tis
1342 2540 1472 2570 universis
1497 2539 1614 2570 firmiter
1632 2540 1808 2580 injungentes
1823 2549 1853 2571 ut
1875 2540 1931 2577 eis,
1950 2539 1979 2570 in
1995 2539 2143 2570 trastandis
2156 2562 2167 2578 ,
2185 2549 2364 2580 promoven-

1287 2580 1329 2610 dis
1326 2579 1374 2648 Ιέε
1389 2578 1565 2648 perficigitidis
1579 2578 1741 2618 praemiffis,
1756 2578 1890 2610 obediant
1904 2578 1938 2610 &
1950 2577 2115 2615 intendant,-

1374 2627 1469 2657 quus,
1520 2627 1546 2647 c.

2385 1837 2406 1859 ²*
2419 1838 2516 1875 LSJS,

1325 2697 1413 2728 Teste
1425 2696 1508 2736 Rege
1522 2698 1595 2736 apud
1609 2697 1727 2729 Turrim
1743 2698 1880 2729 London.
1895 2698 1934 2729 28
1944 2698 2058 2736 Januar.

1324 2778 1405 2857 1]th
1419 2780 1639 2809 Procuratorium
1661 2776 1811 2816 duplicetur
1822 2800 1833 2816 ,
1850 2780 1915 2818 quia
1928 2780 1990 2808 Rex
2009 2780 2132 2808 Franciae
2153 2777 2256 2809 tenebit
2277 2789 2362 2809 unum

1281 2826 1362 2857 penes
1386 2829 1409 2847 e.

1325 2901 1396 2929 Item
1403 2896 1574 2938 scribendum
1589 2897 1626 2938 est
1640 2895 1788 2937 Senefiallo
1801 2894 1840 2933 ὠ·
1855 2897 1979 2928 Ballivis
1994 2897 2146 2937 Vafioniae,
2165 2909 2200 2928 ex
2208 2905 2292 2937 parte
2299 2901 2359 2928 Do·-

1288 2940 1355 2967 mini
1373 2939 1469 2975 Regis,
1488 2938 1574 2977 quod,
1593 2948 1651 2966 cum
1667 2935 1786 2976 personae
1798 2940 2005 2975 praenominatae
2027 2936 2190 2976 afflgnentur
2205 2938 2246 2967 ad
2247 2937 2359 2977 facien-

1288 2976 1352 3005 dum
1370 2974 1509 3015 esgardum
1523 2999 1532 3014 ,
1558 2975 1706 3005 arbitrium
1718 2999 1728 3014 ‚
1741 2974 1792 3013 fi’u
1813 2975 1966 3015 enque-stam
1982 2999 1992 3013 ,
2009 2973 2048 3010 (ἐν
2063 2983 2163 3005 caetera
2194 2977 2358 3015 upradio‘la,

1280 3014 1340 3055 fint
1355 3017 1392 3045 eis
1403 3018 1433 3045 in
1445 3013 1496 3044 hiis
1508 3015 1678 3045 intendentes
1689 3012 1728 3050 ὠ·
1741 3013 1890 3044 obedientes
1903 3018 1932 3045 in
1938 3013 2035 3054 forma
2042 3015 2189 3053 praediela.

1328 3095 1537 3126 Memorandum
1557 3096 1589 3125 de
1610 3106 1681 3126 novo
1703 3097 1892 3125 Procuratorio
1902 3095 2034 3135 faciendo
2047 3097 2174 3126 Dominis
2188 3097 2222 3126 R.
2245 3095 2361 3126 Abbati

1293 3134 1402 3175 Wstm.
1430 3132 1469 3169 ῤ’
1488 3134 1525 3172 J.
1545 3135 1578 3164 de
1594 3133 1624 3163 la
1643 3135 1739 3175 Lynde
1750 3156 1761 3173 ,
1786 3135 1827 3164 ad
1846 3135 1989 3172 petendum
2015 3133 2053 3170 ῤ’
2073 3134 2249 3173 recipiendum
2269 3141 2360 3164 terras

1289 3178 1381 3212 Agen.
1395 3173 1520 3203 Samon.
1535 3171 1573 3207 (ἓν
1587 3177 1730 3203 Caturcen.
1747 3175 1812 3211 quia
1832 3176 1892 3202 Rex
1916 3176 2039 3204 Franciae
2053 3175 2168 3203 retinuit
2174 3180 2256 3211 penes
2261 3173 2295 3213 fi'
2306 3184 2360 3203 an-

1289 3217 1393 3254 tiquum
1404 3214 1642 3250 Procuratorium,
1658 3209 1696 3246 (Ἀφ’
1710 3209 1784 3250 istud
1792 3213 2013 3242 Procuratorium
2028 3211 2185 3250 duplicetur.

1327 3293 1382 3323 Sub
1394 3298 1484 3322 tenore
1497 3291 1572 3332 istiur
1587 3294 1772 3322 Procurator&
1786 3297 1917 3324 mittatur
1932 3291 2016 3332 claust
2027 3295 2143 3324 Domino
2155 3294 2223 3331 Regi
2234 3295 2360 3324 Franciae

1290 3333 1474 3371 deprecatoria
1489 3331 1562 3370 quod
1572 3329 1642 3360 tales
1656 3332 1799 3361 admittat.

1328 3416 1400 3444 Item
1411 3411 1575 3443 memorand.
1590 3412 1663 3451 quod
1675 3414 1881 3450 regratiandum
1896 3412 1934 3454 est
1966 3423 1995 3443 er
2010 3412 2122 3443 litteras
2135 3415 2213 3450 Regii·
2226 3411 2361 3453 Magistro

1291 3453 1427 3491 Stephano
1439 3451 1471 3480 de
1484 3449 1636 3493 Gorortnule
1650 3453 1815 3481 Praecentori
1827 3455 1905 3482 Sarr.
1920 3421 1965 3487 &g
1977 3455 2058 3490 Magi
2081 3463 2111 3482 ro
2123 3451 2254 3490 Johanni
2266 3451 2292 3480 le
2303 3453 2360 3480 Ro*

1291 3503 1367 3532 meyn
1380 3492 1412 3521 de
1427 3500 1455 3519 eo
1467 3489 1540 3529 quod
1544 3487 1659 3527 sollicite
1672 3491 1820 3521 intendant
1834 3494 1946 3530 negotiis
1959 3493 2038 3529 Regis
2051 3489 2146 3530 Paris:
2163 3489 2203 3526 ὠ
2214 3489 2359 3528 petendum

1289 3530 1327 3571 est
1339 3530 1413 3572 quod
1421 3527 1533 3558 ulterius
1544 3528 1699 3558 intendant.

1515 3670 1565 3702 De
1578 3658 1742 3714 Jocalibus
1758 3673 1845 3718 Regis
1861 3671 1932 3703 olim
1948 3667 2128 3728 investiatis.v

1289 3757 1420 3814 REX
1437 3758 1587 3803 pmnibus,
1606 3758 1666 3789 &c.
1680 3759 1804 3803 salutem.
1907 3785 1922 3805 .·
2053 3797 2058 3804 ⁹
2221 3792 2226 3797 Ι
2322 3792 2327 3797 .
2371 3762 2449 3795 Am,
2462 3760 2505 3796 D·

1400 3796 1499 3827 Sclatls
1519 3795 1597 3840 quod
1616 3796 1652 3827 de
1663 3797 1807 3835 Jocahbus
1825 3796 1927 3828 nostris
1968 3807 2018 3835 per
2031 3795 2145 3827 dilectos
2159 3792 2257 3829 nobis,
2274 3791 2352 3837 Wil-
2392 3811 2478 3841 1272.

1289 3836 1418 3867 lielmurn
1439 3835 1476 3865 de
1498 3835 1621 3878 Latimer
1633 3859 1642 3873 ,
1665 3836 1698 3866 ὅ(
1718 3835 1891 3879 Magistrum
1912 3822 2075 3866 l-fenricum
2095 3832 2132 3862 de
2146 3829 2304 3874 GaudanO,
2322 3842 2352 3862 in
2371 3845 2423 3870 Aa.
2439 3843 2486 3879 5⁶,

1289 3874 1437 3906 Franciam
1458 3873 1606 3913 deportatis
1618 3896 1627 3911 ,
1645 3884 1722 3905 anno
1743 3873 1839 3913 Regni
1854 3873 1943 3904 nostri
1964 3869 2170 3913 quadragesujno
2184 3877 2300 3908 quinto,
2318 3870 2352 3900 ὃς
2372 3884 2406 3908 H,
2426 3889 2453 3917 3,

1287 3912 1363 3981 ‘iimd-
1383 3911 1550 3981 {⁸235ssssss
1562 3910 1710 3982 {iffis'sfissb
1725 3906 2352 3984 {sstffiofffilnffi‘ffssmi'gssfffflffssaffl
2371 3922 2429 3946 Μ·
2446 3919 2491 3953 5⁶·

1287 3960 1394 4028 Reegiii)
1415 3987 1513 4020 nostro
1534 3960 1659 4027 habjgg}
1679 3975 1733 4027 pio
1753 3960 1921 4019 rdigvatione
1941 3971 2026 4017 statiis
2040 3983 2145 4027 nostri,
2165 3984 2198 4013 δε
2210 3986 2352 4030 primoge-
2370 3960 2458 4032 ἴξζ

1285 4029 1336 4060 niti
1355 4026 1466 4067 nostri,
1488 4038 1538 4067 per
1557 4028 1626 4061 karii'
1626 4027 1727 4061 {imam
1747 4025 1919 4061 Consortem
1939 4022 2066 4056 nostram
2079 4022 2242 4055 Alianoram
2259 4023 2352 4093 Rlpgiu}
