2570 4261
63 565 142 597 4ΑΓ11.
159 565 199 596 D.

93 604 177 634 1266.
221 593 278 656 A

62 647 115 671 An.
132 652 175 678 5¹·

64 686 98 708 H.
122 691 146 717 3.

63 719 168 747 Ibidem.

66 1353 142 1385 Ann.
157 1352 199 1385 D.

86 1392 169 1423 1266.

65 1436 118 1460 An.
138 1441 183 1467 51.

67 1476 103 1498 H.
123 1481 147 1506 3.

66 1509 167 1538 Ibidem.

72 2049 149 2081 Arin.
165 2047 206 2079 D.

92 2089 175 2124 1267.

71 2131 125 2154 Aa.
142 2135 189 2162 5¹-

72 2207 131 2230 ΡΜ.
147 2185 194 2237 ⁸51.

72 2245 108 2270 H.
128 2250 152 2276 3.
173 2250 210 2268 m.

75 2289 120 2315 31.

74 2316 207 2353 01.840.

89 3486 165 3518 Ann.
182 3485 222 3517 D.

112 3524 197 3561 1267.

89 3567 142 3592 An.
159 3572 205 3597 5¹·

89 3606 118 3629 H
151 3610 163 3636 3

220 152 301 190 106

61 230 141 262 ‘Arm
158 230 199 262 D.
219 234 262 265 sur
275 244 313 266 co
329 239 425 264 avums
438 227 514 259 done
526 236 596 267 poet
610 236 625 257 a
639 235 765 266 meymes
776 236 822 258 ces
835 225 871 256 de
880 226 955 264 jurer
969 235 1005 256 eri
1019 225 1114 256 nostre
1125 225 1198 256 alme
1212 247 1222 264 ,
1248 224 1285 256 ke

86 269 169 300 1266.
220 284 271 303 nus
285 272 425 303 tendrurns
439 274 524 305 quant
539 266 574 296 ke
587 266 606 295 il
621 265 714 295 feront
727 275 764 294 611
778 265 815 295 165
829 265 926 295 choses
939 264 1098 295 avantdites.

65 312 128 337 Hm.
145 317 170 345 3.

255 311 281 342 E
297 321 332 341 en
347 306 498 344 tesmoigne
511 303 548 334 de
561 314 599 335 co
611 313 710 335 avoms
723 304 775 334 mis
788 303 884 334 nostre
897 303 950 335 seel
962 313 999 334 eri
1015 302 1074 334 cest
1089 302 1179 334 escrit.

257 385 345 416 Done
358 393 373 412 a
388 379 586 418 Kenilwurth,
603 379 627 410 16
639 378 726 411 disme
738 380 784 418 jor
797 380 832 411 de
850 379 1032 412 Novembre.

585 508 636 540 De
652 507 773 554 Trcuga
792 503 908 539 eadem.

218 670 437 709 d'Acquitayne.‚
457 667 542 698 Saluz
554 677 589 697 en
604 667 682 697 Deu-

258 708 366 739 Sachez
381 707 416 737 ke
427 716 479 737 nus
493 706 593 736 fesoms
606 707 639 736 δε
654 704 810 736 ordenoms
821 715 873 736 nos
886 705 959 741 feaus
972 704 1006 735 &
1025 713 1077 734 nos
1098 702 1188 743 leaus,
1203 700 1289 731 Guil-

218 748 293 778 lame
308 746 456 785 Bonquer,
470 745 503 775 ὃς
514 744 608 783 Jolian
623 744 657 774 de
671 744 696 773 la
711 744 804 774 Linde
816 767 826 782 ,
851 743 1020 779 Chevalers,
1037 752 1089 772 nos
1105 740 1243 779 Messages
1255 741 1289 771 &

219 786 389 823 Procurors,
407 795 423 814 a
437 783 572 823 prendre,
590 783 623 813 &
637 793 652 813 3
664 782 768 813 fermer
783 783 807 813 la
822 782 928 814 Trewe
946 789 1023 812 entre
1043 791 1095 811 nus
1110 802 1120 819 ‚
1141 780 1174 811 &
1191 779 1216 809 16
1230 778 1291 809 Roi

218 824 254 855 de
269 823 408 854 Navarre.

255 862 280 892 E
293 862 335 892 1οι-
350 861 463 891 doriom
478 869 546 898 poet
560 869 574 889 a
585 860 676 898 jurer,
692 870 727 891 en
748 858 846 890 nostre
860 859 950 898 alme,
969 858 1011 889 sur
1031 857 1069 888 les
1083 865 1180 898 poynz
1190 879 1200 894 ,
1225 865 1290 895 quae

217 900 356 942 apendent
369 910 385 929 a
398 900 500 929 fermei·
516 899 539 929 la
553 899 693 929 avantdite
706 898 822 928 Trewe.

254 940 278 970 E
294 949 329 969 en
342 939 385 969 sor
401 948 438 968 co
450 947 580 967 averoms
593 937 681 967 ferme
696 938 729 968 δε
744 936 848 967 estable
870 946 908 967 co
923 946 978 976 que
999 935 1037 965 les
1052 933 1183 964 avantdiz
1203 930 1288 962 Guil-

216 977 454 1015 lame.&Johan,
474 987 509 1006 en
525 976 549 1006 la
562 975 702 1006 avantdite
713 975 865 1014 bosoigne,
884 976 980 1006 frount
993 985 1029 1005 en
1041 973 1136 1004 nostre
1151 981 1219 1002 nun.

256 1017 301 1047 En
317 1016 470 1056 tesmoigne
481 1015 517 1046 de
530 1014 605 1046 ceste
618 1015 703 1046 chose
715 1025 767 1046 nus
782 1014 824 1045 lur
838 1023 937 1046 avonis
949 1014 990 1045 fet
1004 1012 1080 1045 ceste
1093 1009 1189 1042 nostre
1210 1009 1289 1040 lettre

219 1063 338 1094 patente.

254 1131 343 1162 Done
355 1141 370 1162 3
384 1130 564 1162 Kenilwurth
573 1154 582 1170 ,
601 1130 628 1162 16
642 1130 728 1162 disme
736 1131 784 1170 jor
797 1130 832 1162 de
846 1129 1027 1162 Novembre.

502 1263 618 1299 Adhuc
635 1264 672 1298 de
689 1267 810 1313 Treuga
821 1267 892 1310 jam
905 1262 1000 1297 ditia.

291 1351 355 1384 EX
374 1351 522 1389 omnibus,
540 1352 600 1382 &c.
613 1351 735 1382 salutem.

329 1391 427 1422 Sciatis
448 1390 526 1428 quod
547 1390 645 1434 damus
662 1389 830 1433 potestatem
849 1388 1011 1434 Willielmo
1030 1387 1161 1430 Bonquer
1180 1386 1214 1416 &
1232 1384 1286 1423 Jo-

221 1431 306 1460 11311111
322 1430 357 1460 (16
372 1430 397 1460 13
411 1428 504 1459 Linde
517 1428 659 1459 Militibus
671 1451 680 1466 ,
704 1428 830 1468 capiendi
846 1451 855 1466 ,
883 1427 997 1471 ineundi
1020 1427 1054 1457 δί
1068 1424 1213 1463 firmandi,
1233 1433 1286 1464 pro

221 1470 317 1504 nobis,
337 1469 370 1499 &
384 1467 504 1506 nostris,
521 1477 589 1498 cum
605 1466 840 1511 Rege'Navarrae
854 1465 968 1504 illustri,
984 1466 1130 1504 Treugam
1147 1464 1233 1502 usque
1248 1463 1283 1494 ad

220 1517 274 1540 tres
287 1517 375 1551 annos
388 1505 453 1550 post
469 1505 604 1551 Pascham
618 1515 751 1574 proximi?
763 1506 886 1536 futuram
895 1515 921 1573 :d
934 1542 993 1573 d&
1054 1542 1084 1572 T
1210 1540 1229 1570 b

221 1545 468 1628 fidJeuissiigbieiiiiaisti,
475 1554 830 1627 ’blenoalilsletilvztgirliiiisjissri'ii
843 1554 945 1626 dgstris
954 1550 1286 1626 ifgcaizgimqsreggsseilnvagna

260 1624 366 1654 Ratum
379 1622 498 1653 habituri
510 1622 543 1653 δε
563 1621 678 1652 firmum
699 1621 831 1661 quicquid
853 1620 978 1661 praedi&
992 1619 1166 1650 Willielmus
1188 1618 1287 1657 &Jo-

220 1663 341 1701 hannes,
360 1661 437 1699 super
449 1659 611 1701 praemissis,
629 1662 748 1691 nomine
762 1660 877 1699 nostro,
895 1659 1023 1690 duxerint
1038 1657 1209 1690 faciendum.

256 1701 271 1732 Ι
345 1702 349 1706 ’
416 1700 448 1731 &

271 1712 291 1732 n
305 1711 398 1740 cujus,
450 1709 478 1730 6.

256 1777 347 1810 Teste
360 1777 442 1818 Rege
455 1776 528 1817 apud
544 1775 746 1816 Kenilworth,
769 1785 804 1806 10
817 1776 863 1807 die
876 1774 1065 1807 Novembris.

260 1905 320 1937 Pro
347 1900 539 1949 Burgenfibus
560 1904 596 1941 ὠ
625 1898 855 1991 MercatboZbus
877 1903 974 1934 Ducis
995 1898 1190 1945 Bruneswich
1216 1898 1252 1932 de

694 1952 743 1983 Lu
764 1962 778 1982 e
800 1974 809 1981 .

227 2036 355 2094 REX
374 2038 524 2075 omnibus,
542 2037 603 2068 816.
617 2034 740 2068 salutem.
1247 2073 1252 2078 ι

328 2076 425 2107 Sciatis
445 2087 496 2107 nos
508 2099 518 2114 ,
543 2076 576 2106 ad
601 2075 757 2106 instantiam
772 2072 890 2112 Nobilis
909 2073 963 2103 viri
983 2072 1019 2104 A.
1036 2072 1130 2104 Ducis
1151 2071 1291 2110 Brunzik‚

227 2112 322 2145 (1116611
337 2115 440 2153 nostri,
458 2113 624 2146 conceffisse
636 2113 818 2154 Burgensibus
832 2113 866 2144 &
880 2111 1088 2143 Mercatoribus
1102 2111 1168 2150 suis,
1184 2111 1221 2141 de
1229 2111 1290 2141 Lu-

227 2152 284 2182 bek
293 2175 303 2191 ,
317 2153 453 2184 libertates
467 2153 644 2191 subscriptas,
661 2154 715 2182 viz.

269 2200 293 2220 1.
311 2191 401 2230 Qod
414 2192 461 2229 ipsi
470 2215 480 2230 ‚
495 2192 540 2222 vel
551 2201 652 2221 eorum
668 2192 744 2222 bona
757 2199 941 2228 quocumque
958 2189 1108 2229 locorum,
1126 2189 1156 2219 in
1171 2187 1292 2228 potesta-

231 2236 258 2259 te
276 2229 386 2268 nostra,
406 2232 421 2247 ¹*
436 2240 495 2260 non
507 2229 658 2260 arestentur
676 2239 729 2269 pro
746 2229 841 2268 aliquo
856 2227 953 2259 debito
968 2228 1015 2266 (de
1036 2238 1095 2269 quo
1110 2227 1293 2265 fidejussores,

229 2268 285 2298 sive
299 2269 461 2308 principales
478 2268 630 2299 Debitores
650 2278 710 2298 non
731 2267 882 2304 extiterint)
904 2267 954 2297 nisi
974 2267 1047 2297 forte
1068 2266 1117 2306 ipsi
1136 2266 1290 2297 Debitores

229 2306 266 2336 de
280 2316 379 2337 eorum
399 2307 451 2338 sint
471 2308 638 2337 communia
657 2307 691 2337 δε
710 2305 844 2344 potestate
858 2328 868 2344 ,
893 2305 1026 2336 habentes
1046 2306 1122 2336 unde
1144 2305 1179 2335 de
1190 2304 1294 2335 debitis

228 2344 280 2375 suis
294 2347 322 2375 in
338 2353 399 2376 toto
412 2368 423 2384 ,
446 2345 490 2375 vel
510 2346 538 2375 in
559 2354 635 2385 parte
651 2345 804 2376 satisfacere
823 2343 949 2382 possint,
972 2345 1005 2375 &
1021 2345 1070 2384 ipsi
1093 2343 1242 2383 Burgenses
1257 2344 1293 2374 de

229 2383 331 2414 Lubek
345 2386 405 2422 (per
418 2394 489 2422 quos
503 2383 557 2421 ipsa
571 2383 641 2414 Villa
663 2384 778 2422 regitur)
802 2383 852 2413 illis
866 2405 876 2421 ,
902 2384 950 2420 qui
972 2382 1008 2413 de
1022 2391 1092 2413 terra
1106 2383 1140 2413 &
1155 2381 1292 2420 potestate

228 2421 323 2491 Rostra
337 2423 492 2491 ei{titerint,
512 2424 541 2452 in
556 2422 658 2460 justitia
669 2422 826 2460 defuerint,
845 2422 878 2453 &
891 2420 928 2451 de
940 2421 997 2452 hoc
1010 2421 1208 2452 rationabiliter
1220 2430 1292 2452 con-

269 2471 298 2492 re
332 2466 361 2491 01
375 2469 404 2492 it.

267 2510 296 2530 2.
312 2471 351 2530 Ι1ξί1
364 2500 441 2540 quod
464 2501 549 2531 iidem
568 2499 742 2531 Mercatores
761 2501 795 2531 &
815 2499 963 2540 Burgensee
976 2523 987 2539 ‚
1011 2510 1064 2538 pro
1083 2499 1292 2540 transgressione

226 2536 270 2569 seu
285 2539 454 2569 forisfatftura
466 2540 633 2570 servientum
645 2540 778 2577 suorum,
796 2539 892 2569 catalla
912 2540 944 2570 δε
964 2539 1039 2569 bona
1054 2538 1099 2569 sua
1118 2540 1147 2569 iri
1163 2539 1292 2569 manibus

228 2577 350 2617 ipsorum
364 2579 496 2616 inventa,
511 2587 556 2608 aut
569 2579 673 2609 alicubi
687 2578 818 2609 locorum
833 2588 881 2618 per
900 2578 971 2618 ipsos
991 2578 1137 2609 servientes
1151 2577 1291 2617 deposita,

227 2625 362 2655 quatenus
374 2626 404 2646 ea
418 2617 461 2647 sua
474 2615 531 2647 effe
545 2617 713 2648 sufficienter
725 2617 844 2657 probare
858 2624 1006 2656 poterunt,
1023 2627 1083 2646 non
1098 2617 1236 2647 amittant.

266 2663 292 2693 3.
311 2654 509 2685 Conceffimus
531 2655 616 2685 etiam
638 2655 820 2694 Burgeusibus
841 2656 874 2686 ὃς
898 2653 1106 2685 Mercatoribus
1128 2654 1292 2693 praedietis,

228 2694 307 2731 quod
318 2694 354 2723 de
367 2693 548 2724 Mercandisis
563 2694 628 2732 suis,
645 2696 674 2724 in
694 2703 795 2724 terram
809 2694 843 2723 &
857 2692 1024 2730 potestatem
1037 2693 1163 2723 nostram
1176 2693 1293 2723 venien-

229 2733 321 2769 tibus,
339 2733 443 2762 nullam
459 2732 557 2769 prisam
573 2732 632 2762 fieri
647 2732 780 2762 faciemus
793 2732 827 2762 ad
841 2741 912 2771 opus
926 2730 1073 2769 nostrum,
1092 2732 1143 2762 nisi
1153 2731 1230 2771 ipsis,
1246 2730 1293 2761 vel

229 2780 329 2801 eorum
351 2771 529 2801 servientibus
549 2771 641 2800 statim
662 2771 726 2801 inde
748 2769 943 2801 rationabiliter
958 2770 1192 2808 satisfecerimus3
1215 2769 1292 2800 salvis

230 2817 322 2843 tamen
339 2809 404 2839 inde
419 2810 500 2840 nobis
513 2809 632 2848 debitis,
651 2810 684 2840 &
697 2811 816 2848 antiquis
832 2808 906 2846 prisis
919 2808 1028 2839 nostris.

265 2857 293 2886 4.
314 2847 513 2878 Conceffimus
531 2848 656 2886 insuper,
672 2857 808 2887 quantum
829 2847 862 2877 ad
881 2857 933 2877 nos
975 2847 1091 2886 ertinet,
1110 2847 1292 2887 Burgensibus

233 2888 266 2917 &
282 2886 485 2917 Mercatoribus
502 2887 656 2925 praediCtis,
672 2887 748 2925 quod
762 2887 809 2926 ipsi
824 2885 943 2916 habeant
996 2886 1088 2917 ansam
1109 2886 1184 2916 suani
1197 2909 1207 2925 ,
1229 2886 1292 2916 red—

231 2924 326 2955 dendo
342 2925 405 2954 iride
417 2926 540 2964 quinque
554 2925 653 2956 solidos
666 2947 676 2963 ‚
699 2925 801 2955 eodem
818 2924 909 2955 modo
929 2936 988 2963 quo
1002 2925 1150 2965 Burgenses
1164 2926 1197 2956 ὃ(
1210 2923 1294 2954 Μ61-

233 2971 339 2993 6310165
352 2962 459 2993 Colon.
471 2962 595 2994 Hansam
608 2964 683 2994 suam
698 2965 818 3001 habent,
836 2963 869 2993 &
889 2973 952 2994 eam
967 2964 1139 3003 temporibus
1152 2965 1295 2994 1611036115

233 3001 335 3032 habere
350 3003 382 3032 ὃς
398 3001 509 3043 reddere
525 3003 746 3041 consueverunt,
764 3004 800 3032 ita
819 3010 912 3032 tamen
932 3002 1011 3040 quod
1030 3003 1079 3040 ipsi
1094 3002 1244 3041 Burgenses
1259 3003 1293 3033 &

233 3039 408 3069 Mercatotcs
428 3041 528 3070 iaciant
546 3041 629 3070 nobis
651 3042 684 3072 &
704 3040 860 3071 haeredibus
879 3040 980 3071 nostris
999 3041 1211 3072 consuetudines
1226 3041 1293 3072 inde

230 3078 335 3109 debitas
347 3078 380 3107 ὃ(
395 3077 545 3108 consuetas.

270 3115 302 3146 In
317 3117 410 3154 60105,
427 3117 486 3146 &e
505 3116 656 3148 Duraturas
670 3118 801 3156 quamdiu
816 3117 944 3155 praediffl
962 3117 1111 3158 Burgenses
1132 3119 1165 3149 &
1181 3118 1296 3150 Merca-

232 3163 306 3186 tores
320 3155 421 3185 fuerint
432 3154 482 3185 sub
495 3155 638 3186 Dominio
651 3158 684 3188 &
700 3157 876 3195 protestione
893 3157 986 3189 Ducis
998 3156 1155 3196 supradieti.

270 3229 359 3261 Teste
372 3231 454 3272 Rege
469 3232 542 3272 apud
556 3231 681 3264 VVestrn.
697 3243 713 3270 5
727 3232 773 3263 die
781 3233 912 3272 Januarii.

212 3360 282 3403 ,De
302 3355 445 3402 potestate
469 3357 545 3391 data
575 3357 700 3392 Roberto
728 3361 912 3393 Wleraund
927 3361 1061 3409 capiendi
1080 3363 1214 3409 Treugas
1227 3374 1297 3396 cum

582 3408 730 3440 Lewelino
740 3408 808 3452 filio
829 3409 957 3455 Grtffini.

241 3489 365 3544 REX
380 3491 528 3529 omnibus,
546 3491 607 3523 &c.
620 3491 743 3522 salutem.

335 3529 431 3560 Sciatis
444 3540 495 3560 nos
509 3530 616 3561 (1116610
632 3531 665 3561 ὃ(
679 3531 752 3561 fideli
765 3530 862 3562 nostro
880 3531 1014 3565 Roberto
1027 3533 1183 3566 Walerand
1196 3535 1300 3567 dedisse

265 3564 405 3597 Otestatern
420 3569 553 3612 ineundi,
571 3569 699 3606 capiendi
716 3593 725 3607 ,
749 3570 781 3600 &
797 3569 926 3602 firmandi
941 3573 1070 3613 Treugas
1087 3574 1158 3603 inter
1179 3585 1246 3612 nos,
1266 3575 1300 3605 &

273 3601 414 3635 dwardum
428 3607 515 3637 filium
529 3607 658 3638 nostrum
673 3632 683 3645 ,
707 3610 740 3639 ἃ
755 3609 884 3639 homines
904 3611 1015 3642 nostros
1028 3621 1062 3642 ex
1076 3620 1152 3649 parte
1165 3623 1218 3642 una
1233 3624 1243 3650 .·,
1268 3613 1302 3643 &

92 3643 151 3666 Pat.
168 3647 213 3673 5¹-
250 3637 424 3673 Lewelinum
438 3645 525 3674 filiurn
540 3645 676 3684 Griffini,
695 3648 728 3677 ὃς
743 3647 911 3687 complices,
929 3650 963 3680 «Sc
976 3650 1096 3680 fautores
1115 3650 1175 3680 suos
1188 3660 1222 3680 ex
1237 3649 1304 3680 alte-

93 3681 131 3740 {2¹
147 3685 171 3712 3.
183 3686 208 3703 n.
247 3686 292 3713 ra,
312 3688 392 3714 prout
406 3682 480 3712 idem
490 3683 633 3714 Robertus
646 3686 733 3724 magis
750 3685 847 3715 viderit
861 3687 1008 3725 expedire,
1023 3688 1169 3726 videlicet,
1190 3690 1205 3719 3
1219 3687 1303 3719 Festo

247 3713 374 3755 Paschae,
391 3729 465 3761 anno
479 3720 573 3760 Regni
594 3722 683 3753 nostri
705 3724 934 3764 quinquagesimo
954 3727 1048 3765 primo
1062 3750 1072 3766 ,
1097 3727 1182 3766 usque
1199 3728 1229 3757 in
1251 3734 1305 3757 tres

247 3761 334 3782 annos
347 3765 474 3791 proximo
489 3758 628 3797 sequentes
644 3762 818 3799 complet053

288 3789 395 3834 Rarum
409 3793 525 3825 habituri
539 3798 576 3841 ὃς.
587 3798 702 3841 firmum
724 3800 857 3839 quicquid
872 3801 947 3832 idem
962 3802 1107 3835 Robertus
1121 3804 1151 3833 in
1164 3803 1216 3834 hac
1229 3809 1306 3841 parte

249 3838 366 3859 nornine
378 3831 472 3861 nostro
485 3833 590 3865 duxerit
605 3838 773 3868 iaciendum.

287 3866 455 3897 Potest-atem
469 3872 550 3900 etiam
563 3873 659 3904 damus
673 3875 764 3906 eidem
780 3876 912 3907 Roberto
933 3879 1040 3915 jurandi
1062 3880 1092 3909 in
1113 3880 1236 3910 animam
1252 3889 1305 3908 no-

250 3904 332 3934 stram
347 3905 425 3943 super
445 3907 495 3937 hiis
513 3910 686 3943 observandis
702 3937 711 3951 ,
738 3924 801 3952 quae
816 3924 864 3954 per
878 3917 967 3954 ipsum
989 3917 1050 3949 3613
1070 3918 1174 3949 fuerint
1190 3918 1219 3948 in
1235 3924 1308 3956 121ae-

250 3942 343 3972 missis.

286 3979 318 4009 In
333 3982 425 4019 cujus,
444 3981 503 4012 &c.

284 592 353 623 Tuz
367 601 449 629 ceus,
467 591 515 631 qui
529 589 605 621 ceste
619 590 698 621 lettre
717 598 832 622 verront
846 600 884 620 ou
905 597 1004 620 orront
1019 612 1029 626 ,
1056 585 1151 617 Henri
1163 609 1173 623 ,
1197 595 1244 624 par
1262 585 1288 616 13

287 641 369 671 grace
384 630 469 666 Deu,
488 628 549 659 Roi
563 629 755 669 d'Engleterre
771 653 781 667 ,
803 629 938 668 Seigneur
957 628 994 658 de
1010 626 1152 657 Irelaunde
1167 625 1200 656 &
1217 624 1288 655 Duc

686 137 1502 188 CONVENTIONE83
1558 138 1953 186 LITERAE‚

1361 225 1451 257 Teste
1463 224 1546 265 Rege
1560 225 1634 263 apud
1649 225 1788 256 Sanctum
1802 223 2007 263 Edmundum,
2025 232 2062 255 21
2076 224 2122 256 die
2133 224 2285 258 Februarii.
2415 226 2493 262 Anu.
2509 218 2552 264 DZ

1363 301 1514 344 Confimiles
1528 301 1637 332 litteras
1646 326 1656 342 ,
1674 300 1712 337 ᾤ’
1728 303 1761 332 de
1774 301 1858 332 verbo
1879 302 1920 331 ad
1937 300 2070 340 verbum,
2084 301 2170 332 habet
2185 303 2254 333 idem
2267 302 2401 335 Robertuf
2417 270 2525 347 Ηιείξζ,

1327 342 1361 371 de
1376 344 1482 378 Treuga
1497 341 1645 380 capienda,
1658 339 1696 375 ὠ·
1702 340 1848 383 firmanda
1861 351 1879 368 a
1889 341 2021 378 praedic‘lo
2033 339 2106 382 festo
2119 340 2232 381 Pafthae
2245 365 2255 381 ,
2279 340 2360 383 ustae
2371 347 2402 374 in

1327 381 1391 409 duos
1406 389 1491 409 annos
1501 382 1626 417 proximo
1632 378 1776 419 sequentes
1790 377 1934 417 completos.

1328 505 1378 536 De
1393 500 1534 549 potestate
1553 501 1628 536 data
1648 502 1811 537 Edmundo
1826 531 1836 546 ‚
1861 503 1929 549 filio
1946 507 2033 551 Regis
2051 530 2060 546 ‚
2093 507 2130 543 ὠ·
2153 502 2279 538 Roberto
2303 506 2402 540 Wale-

1374 550 1472 594 rand,
1497 549 1541 583 ad
1555 551 1751 585 manandum
1767 551 1804 585 de
1813 563 1888 599 pace
1903 564 1972 585 cum
1983 552 2133 586 Lewelino
2139 552 2207 598 filio
2222 553 2358 600 Grtffi'ni.

1330 634 1460 692 REX
1476 636 1612 667 omnibus
1643 637 1703 667 &c.
1718 637 1840 669 salutern.
2417 647 2485 679 Am,
2509 649 2542 681 D

1397 713 1402 718 .
1429 674 1527 705 Sciatis
1539 685 1593 705 nos
1612 661 1767 707 ssdmundo
1779 699 1789 714 ,
1813 676 1873 707 filio
1885 675 1985 707 nostro
1998 676 2141 708 karissimo
2154 701 2164 716 ,
2193 679 2227 709 &
2241 677 2350 709 (1116610
2364 679 2399 711 &
2438 672 2522 726 126'7.
2543 673 2550 682 ’

1330 709 1404 742 fideli
1421 712 1538 752 nostro,
1558 713 1691 744 Roberto
1703 714 1859 746 Walerand
1873 737 1884 753 ‚
1907 715 2019 754 plenam
2040 716 2145 747 dediffe
2164 716 2331 758 potestatem
2345 726 2400 749 tra-
2415 729 2468 754 An,
2484 736 2502 762 5
2508 737 2531 756 ι,

1331 748 1440 795 blandi,
1459 753 1580 783 nomine
1592 752 1710 792 nostro,
1727 753 1763 783 de
1778 763 1846 793 pace
1865 755 1936 783 inter
1951 764 2024 793 nos,
2049 756 2082 786 &
2098 754 2270 787 Edwardum
2290 757 2399 794 primo-
2415 769 2451 792 H.
2470 773 2497 800 3,

1329 795 1458 856 {fuitum
1472 790 1618 833 nostrum,
1636 792 1669 823 &
1685 792 1814 822 homines
1827 792 1938 823 nostros
1950 802 1984 823 ex
2000 803 2055 823 una
2066 802 2159 833 parte,
2175 794 2399 826 &Lewelinum
2415 802 2520 831 Ibidem.

1360 838 1421 858 ium
1437 828 1572 868 Griffini,
1591 829 1625 859 &
1642 829 1809 874 Complices
1824 830 1885 861 suos
1898 840 1932 860 ex
1945 832 2026 862 altera
2041 857 2051 871 ,
2075 842 2192 863 necnon
2205 833 2239 865 ὃς
2253 843 2353 872 pacem
2366 834 2400 865 il-

1330 863 1386 896 lam
1399 866 1544 906 firmandi,
1564 876 1647 906 prout
1663 877 1749 907 magis
1760 869 1880 900 viderint
1895 878 1929 899 ex
1949 869 2038 900 edire:

1369 904 1478 936 Ratum
1492 907 1611 936 habituri
1626 907 1659 937 ὃς
1674 906 1789 938 firmum
1801 908 1918 948 quicqui
1949 909 2017 948 ipsi,
2034 909 2153 940 nomine
2165 907 2284 949 nostro,
2303 910 2332 940 in
2346 908 2400 940 hac

1328 950 1407 983 parte
1422 944 1551 976 duxerint
1567 944 1737 975 faciendum.

1363 981 1538 1014 Potestatem
1556 985 1642 1014 etiam
1662 983 1760 1014 damus
1784 983 1902 1028 praefato
1928 983 2063 1016 Roberto
2089 987 2195 1024 jurandi
2217 988 2249 1017 in
2274 988 2402 1018 animam

1329 1020 1457 1052 nostram
1472 1022 1551 1063 super
1565 1022 1617 1053 hiis
1629 1021 1806 1054 observandis
1817 1046 1828 1061 ,
1874 1032 1918 1054 uae
1932 1033 1981 1062 per
2001 1024 2152 1064 praedic‘tos
2165 1025 2353 1057 Edmundum
2365 1027 2400 1058 &

1329 1058 1494 1091 Robertum
1510 1061 1570 1092 3613
1581 1060 1685 1092 fuerint
1697 1062 1727 1092 in
1741 1071 1799 1103 prae
1834 1061 1839 1067 ’
1865 1071 1895 1092 is.

1363 1097 1397 1129 In
1411 1101 1506 1139 cujus,
1524 1101 1586 1132 &c.

1329 1231 1357 1259 ²*
1381 1238 1440 1269 Pro
1457 1234 1602 1280 Abbate‚
1627 1239 1749 1280 Priore,
1773 1239 1811 1276 ὠ·
1828 1238 1982 1269 Conventa
2003 1233 2200 1279 Wstmonast.
2218 1234 2256 1269 dc
2272 1234 2398 1283 Jocali·
2417 1241 2434 1259 ¹*
2448 1239 2471 1272 Ι,
2483 1243 2552 1279 841,

1524 1282 1579 1318 bus
1594 1288 1800 1333 impignoratis
1809 1295 1865 1332 pro
1880 1288 1969 1333 Regis
1985 1282 2206 1328 neccffitatibus.

1326 1368 1455 1427 REX
1472 1369 1593 1410 Abbati,
1611 1369 1718 1410 Priori,
1737 1371 1771 1402 &
1786 1370 1953 1402 Conventui
1973 1369 2100 1401 Westm.
2114 1368 2252 1401 London.
2269 1367 2393 1412 salutem.
2414 1373 2491 1404 Arm,
2506 1373 2550 1405 D,

1430 1407 1510 1440 Cum
1522 1419 1574 1440 nos
1586 1419 1700 1448 aurum,
1719 1409 1820 1449 lapides
1833 1409 1967 1448 pretiosos
1979 1432 1989 1448 ,
2009 1409 2112 1449 jocalia
2125 1431 2135 1447 ,
2159 1409 2193 1440 &
2206 1410 2258 1440 alia
2271 1407 2397 1447 deposita
2436 1412 2520 1450 1267,

1325 1445 1399 1477 casia
1413 1446 1469 1478 sive
1490 1448 1593 1479 feretro
1607 1473 1617 1487 ,
1643 1449 1673 1478 in
1694 1457 1754 1488 quo
1769 1458 1874 1485 corpus
1892 1447 2039 1479 beatiffimi
2058 1447 2193 1479 Edwardi
2212 1447 2395 1485 disposuimus
2412 1456 2466 1479 An.
2478 1461 2525 1488 5¹-

1325 1484 1459 1516 collocari
1468 1509 1477 1524 ,
1495 1487 1528 1518 &
1542 1487 1593 1517 alia
1606 1486 1738 1527 quaedam
1752 1486 1869 1524 pretiosa
1883 1485 2054 1516 Monasterii
2068 1485 2153 1517 vestri
2164 1509 2174 1525 ,
2199 1496 2253 1526 pro
2267 1485 2394 1516 instanti·
2411 1495 2446 1518 H.
2462 1500 2488 1527 3.

1327 1522 1378 1553 bus
1400 1524 1500 1555 nostris
1519 1525 1553 1556 &
1576 1525 1673 1564 Regni
1694 1524 1783 1555 nostri
1805 1524 2010 1556 necessitatibus
2024 1547 2035 1563 ,
2053 1525 2069 1555 a
2089 1525 2172 1556 vobis
2190 1525 2390 1562 receperimus,
2411 1533 2468 1556 Pat.
2484 1537 2533 1564 5¹·

1325 1571 1449 1600 quorum
1461 1565 1517 1602 jam
1548 1573 1638 1594 artem
1652 1563 1848 1602 vendidimus,
1867 1571 1975 1602 partein
1986 1562 2229 1603 obligavimus,&
2241 1564 2293 1593 alia
2305 1564 2390 1593 etiam
2410 1572 2445 1596 H.
2468 1576 2494 1603 3.

1324 1601 1494 1646 intendimus
1508 1574 1631 1642 ossligare
1645 1612 1699 1641 pro
1712 1602 1814 1634 eisdem
1829 1602 2049 1642 necessitatibus,
2068 1611 2122 1642 pro
2133 1601 2253 1642 quadam
2263 1602 2392 1640 pecuniae
2412 1616 2438 1635 n.
2454 1614 2502 1642 57.

1345 1648 1488 1671 uantitate·

1323 1649 1343 1677 q
1363 1678 1433 1709 Nos
1447 1702 1458 1719 ,
1481 1665 1511 1709 111
1530 1680 1584 1711 1136
1606 1689 1704 1719 parte,
1729 1677 1925 1719 indempnitati
1944 1679 2046 1712 vestrae
2064 1680 2098 1711 &
2124 1677 2294 1710 Monasterii
2307 1677 2395 1710 vestri

1325 1718 1448 1748 omnino
1467 1728 1626 1759 praecavere
1646 1719 1773 1751 volentes
1786 1742 1796 1758 ,
1820 1720 1901 1751 vobis
1918 1719 2110 1760 promittimus
2134 1716 2211 1748 bonfi
2234 1717 2290 1760 side
2314 1717 2394 1755 quod

1325 1755 1461 1796 praediaesta
1474 1757 1571 1794 jocalia
1583 1780 1594 1796 ,
1620 1758 1655 1790 &
1675 1759 1773 1788 omnia
1791 1758 1842 1789 alia
1860 1758 2036 1797 supradicta,
2060 1757 2106 1788 vel
2119 1757 2332 1787 extimationem
2345 1765 2396 1786 eo-

1328 1803 1391 1824 rum
1400 1817 1411 1833 ,
1429 1795 1501 1826 infra
1514 1806 1620 1826 annum
1634 1820 1645 1836 ,
1669 1797 1685 1827 a
1699 1796 1787 1826 Festo
1806 1796 1902 1828 8311611
1916 1795 2065 1828 Michaelis
2079 1795 2213 1836 proximo
2226 1801 2398 1833 computan—

1328 1833 1416 1871 dum,
1431 1835 1512 1864 vobis
1525 1834 1559 1865 &
1575 1834 1755 1866 Monasterio
1767 1834 1862 1866 vestro
1876 1834 2069 1873 restituemus,
2085 1835 2119 1865 &
2134 1832 2241 1863 restitui
2253 1833 2398 1863 faciemus.

1367 1871 1415 1902 Ad
1429 1872 1507 1912 quod
1520 1872 1637 1904 firmiter
1650 1874 1856 1905 observandum
1871 1883 1937 1912 nos,
1954 1874 1988 1904 &
2002 1872 2125 1903 haeredes
2144 1870 2272 1910 nostros,
2286 1871 2321 1902 &
2335 1880 2402 1901 om-

1329 1911 1375 1941 nia
1389 1911 1466 1941 bona
1481 1911 1575 1942 nostra
1589 1913 1707 1943 mobilia
1720 1912 1754 1943 &
1769 1913 1932 1951 inmobilia,
1947 1913 2120 1952 ubicumque
2140 1910 2245 1941 fuerint
2259 1909 2400 1941 constitu-

1328 1957 1372 1988 ta,
1389 1948 1541 1987 specialiter
1555 1951 1727 1991 obligamus:

1368 1987 1570 2020 Submittentes
1583 2000 1636 2020 nos
1649 1989 1833 2028 jurisdiffioni
1855 1989 1956 2020 summi
1970 1987 2135 2027 pontificis,
2152 1989 2202 2028 qui
2222 1997 2274 2028 pro
2287 1995 2401 2031 tempo-

1330 2035 1361 2055 re
1375 2026 1459 2057 fuerit
1472 2050 1481 2065 ,
1507 2028 1541 2059 &
1561 2029 1705 2060 reverendi
1727 2028 1812 2058 Patris
1834 2027 1957 2058 Domini
1971 2028 2010 2058 O.
2032 2028 2129 2058 8311611
2144 2027 2260 2058 Α(1113111
2275 2026 2403 2057 Diaconi

1330 2063 1502 2104 Cardinalis,
1519 2065 1698 2104 Apostolicae
1712 2067 1791 2097 Sedis
1805 2065 1925 2106 Legati,
1953 2067 2031 2105 quod
2044 2066 2111 2106 ipsi,
2136 2066 2182 2096 vel
2200 2074 2303 2096 eorum
2317 2065 2403 2103 alter,

1334 2103 1368 2133 ad
1383 2103 1589 2136 restitutionem
1611 2105 1644 2137 &
1660 2106 1885 2136 observationem
1926 2106 2109 2136 raedidtorurn
2122 2127 2133 2142 ,
2156 2104 2342 2144 supponendo
2355 2113 2403 2134 ca-

1331 2142 1432 2181 pellam
1445 2143 1571 2174 nostram
1586 2143 1783 2175 Ecclesiastico
1793 2144 1892 2174 interdi
1923 2154 1960 2182 o,
1978 2145 2012 2175 &
2026 2144 2082 2174 aliis
2096 2142 2188 2172 modis
2200 2165 2211 2180 ,
2236 2151 2285 2182 per
2301 2141 2403 2172 censu-

1332 2190 1393 2210 ram
1407 2181 1621 2213 ecclefiasticam
1633 2205 1643 2221 ,
1670 2184 1772 2224 quibus
1792 2182 1913 2213 viderint
1925 2183 2056 2222 expedire
2071 2204 2082 2220 ,
2105 2191 2158 2211 nos
2177 2181 2288 2213 valeant
2299 2180 2404 2211 coher-

1333 2229 1405 2249 cere.

1370 2257 1404 2288 In
1426 2259 1503 2295 cujus
1524 2258 1563 2288 rei
1584 2258 1779 2291 testimonium
1800 2259 1946 2299 praesentes
1966 2259 2067 2290 litteras
2096 2259 2178 2289 vobis
2198 2257 2402 2296 concedimus,

1332 2297 1438 2334 nostri,
1457 2298 1490 2328 &
1505 2298 1612 2336 praefati
1628 2298 1744 2339 Legati,
1760 2310 1792 2331 36
1807 2297 1937 2330 Edwardi
1948 2297 2128 2339 primogeniti
2143 2297 2232 2328 nostri
2247 2297 2402 2336 sigillorum

1332 2337 1491 2366 munimine
1503 2337 1654 2368 roboratas.

1366 2411 1456 2444 Teste
1470 2412 1552 2453 Rege
1566 2413 1640 2454 apud
1655 2413 1812 2454 Stratford,
1832 2415 1870 2446 28
1886 2414 1932 2446 die
1946 2413 2027 2446 Maii.

1391 2550 1442 2581 De
1460 2547 1665 2595 Compromiffo
1679 2560 1734 2596 per·
1751 2551 1861 2596 Regem
1876 2551 1913 2588 ὠ·
1934 2551 2082 2582 Comitem
2100 2545 2282 2592 Glouoestriae
2302 2551 2340 2587 &-

1673 2596 1867 2643 Northfolciae
1882 2602 1914 2631 in
1929 2600 2058 2644 Papam.

1331 2678 1539 2743 NOverint
1557 2683 1676 2715 universi
1694 2684 1772 2723 quod
1786 2706 1796 2722 ,
1822 2693 1890 2714 cum
1910 2683 2057 2714 Dominus
2073 2682 2217 2715 Henricus
2251 2681 2318 2713 Rex
2337 2681 2400 2714 An-
2418 2689 2494 2721 Arm,
2511 2690 2559 2721 D„

1414 2720 1479 2759 gliae
1493 2720 1619 2760 illustris,
1634 2723 1649 2752 a
1664 2723 1756 2753 nobili
1775 2723 1837 2752 viro
1851 2722 1892 2752 G.
1906 2722 1943 2752 de
1957 2721 2059 2758 Clare,
2076 2720 2194 2752 Comite
2208 2706 2398 2752 (frioucestriae
2441 2730 2527 2767 1267,

1331 2758 1365 2788 &
1380 2757 1535 2798 Hertford,
1552 2760 1579 2790 se
1593 2769 1730 2797 reputaret
1744 2760 1886 2790 offensum
1900 2782 1910 2798 ,
1934 2759 2083 2789 occasione
2102 2760 2281 2797 quorundam
2292 2782 2302 2797 ,
2316 2770 2398 2799 quae,
2417 2771 2469 2795 An.
2488 2776 2536 2803 5¹-

1334 2796 1400 2835 post
1413 2798 1550 2827 recessum
1566 2798 1646 2837 ipsius
1660 2798 1785 2828 Comitis
1800 2798 1835 2828 de
1847 2797 1950 2827 Wallia
1963 2820 1975 2844 3
1999 2798 2058 2828 tarn
2071 2797 2102 2827 in
2124 2796 2248 2828 Civitate
2261 2797 2397 2828 London.
2417 2811 2450 2835 H.
2469 2815 2495 2843 3,

1331 2836 1417 2905 {luam
1429 2843 1503 2866 extra
1517 2837 1546 2865 in
1560 2837 1672 2867 diversis
1686 2837 1807 2875 partibus
1818 2836 2009 2875 Angliae,tam
2022 2837 2052 2866 iri
2063 2843 2150 2873 terra,
2169 2836 2256 2875 quam
2268 2837 2298 2865 in
2310 2836 2398 2876 aqua,
2415 2848 2473 2872 pas,
2488 2854 2535 2880 51·

1344 2874 1405 2904 3613
1425 2874 1505 2904 fuisse
1523 2875 1655 2905 dicuntur
1669 2887 1679 2914 ς
1705 2876 1738 2907 &
1750 2898 1760 2914 ,
1785 2883 1900 2916 propter
1914 2874 1972 2905 hoc
1984 2897 1994 2912 ‚
2021 2881 2082 2904 otta
2095 2874 2163 2904 effet
2177 2874 2346 2905 distensionis
2361 2875 2396 2906 &
2416 2888 2450 2910 H.
2466 2892 2491 2918 3,

1331 2912 1479 2944 discordia:
1493 2914 1605 2944 materia
1619 2914 1691 2944 inter
1704 2924 1768 2952 eos,
1785 2914 1899 2944 tandem
1912 2936 1922 2951 ,
1946 2922 2016 2943 cum
2034 2914 2107 2943 inter
2124 2912 2196 2950 ipsos
2216 2912 2252 2944 de
2272 2922 2342 2950 pace
2361 2914 2396 2945 &
2416 2931 2444 2949 n,
2461 2930 2487 2956 7.
2500 2919 2527 2948 A.

1333 2952 1487 2983 concordia
1497 2953 1674 2992 traetaretur,
1692 2952 1726 2983 &
1740 2952 1804 2982 Rex
1817 2975 1826 2989 ,
1851 2953 1924 2982 inter
1938 2952 1988 2982 alia
2001 2974 2011 2990 ,
2035 2951 2210 2983 securitatem
2223 2952 2239 2983 3
2260 2951 2398 2989 0136111610

1334 2989 1453 3022 Comite
1468 2999 1587 3029 peteret,
1605 2991 1707 3030 quodi
1737 3001 1754 3021 e
1767 2990 1877 3022 Comes
1889 2991 1914 3020 ei
1929 2999 2058 3030 guerram
2076 2989 2113 3021 de
2132 2998 2239 3021 caetero
2256 2999 2318 3020 non
2333 3000 2400 3021 mo-
2430 3001 2561 3037 ἦρ,

1333 3037 1431 3101 geret,
1457 3030 1532 3098 idern
1547 3028 1656 3061 Comes
1675 3029 1705 3061 di
1723 3033 1755 3061 to
1772 3029 1850 3069 Regi
1868 3029 2043 3061 securitatem
2063 3029 2166 3068 optulit
2187 3030 2218 3060 in
2239 3028 2318 3060 hunc
2333 3038 2400 3059 mo-

1355 3078 1404 3100 um
1441 3078 1469 3098 vi
1489 3079 1504 3098 e
1515 3077 1570 3100 1661

1373 3091 1463 3145 Quod
1471 3130 1480 3144 ,
1500 3107 1536 3137 de
1549 3092 1648 3146 grierra
1660 3106 1712 3145 ipsi
1725 3105 1801 3147 Regi
1813 3116 1861 3147 per
1875 3107 1998 3138 eundem
2006 3105 2156 3137 Comitem
2171 3106 2208 3138 de
2221 3113 2327 3137 caetero
2339 3115 2401 3137 non

1335 3145 1494 3182 movenda,
1510 3145 1585 3176 idem
1599 3145 1709 3177 Comes
1722 3155 1772 3183 per
1792 3147 1939 3186 proprium
1952 3147 2156 3183 juramentum,
2174 3146 2208 3177 &
2221 3153 2346 3185 patentes
2357 3145 2403 3175 lit-

1335 3192 1421 3224 teras,
1436 3183 1488 3214 sub
1501 3184 1598 3223 Sigillo
1613 3184 1664 3214 suo
1679 3185 1814 3222 munitas,
1830 3195 1862 3215 ac
1875 3194 1924 3222 per
1942 3183 2108 3221 fidejussores
2120 3183 2254 3222 idoneos,
2271 3183 2322 3214 sub
2335 3193 2402 3223 poe-

1336 3234 1372 3254 na
1385 3223 1486 3253 decern
1501 3223 1621 3253 millium
1628 3221 1794 3253 Marcarum
1809 3224 1931 3263 argenti,
1945 3222 1972 3254 se
1985 3222 2065 3254 dieto
2077 3221 2153 3262 Regi
2166 3221 2316 3263 specialiter
2326 3221 2401 3253 obli-

1356 3269 1427 3292 aret:

1337 3270 1356 3302 g
1373 3299 1430 3338 Et,
1449 3300 1469 3330 si
1482 3299 1558 3330 (11613
1570 3298 1696 3330 securitas
1709 3299 1757 3338 ips1
1772 3300 1848 3340 Regi
1862 3301 1956 3331 minus
1970 3298 2110 3331 sufficiens
2125 3298 2264 3330 videretur
2278 3321 2288 3336 ,
2311 3298 2403 3337 place-

1338 3339 1385 3369 bat
1398 3339 1490 3369 eidetn
1505 3337 1616 3368 Comiti
1630 3337 1784 3377 supponere
1796 3339 1821 3369 se
1834 3339 1970 3370 voluntati
1983 3339 2016 3369 &
2032 3337 2202 3369 ordinationi
2213 3337 2317 3368 summi
2325 3337 2402 3367 Pon-

1338 3377 1435 3416 tificis3
1453 3385 1484 3406 ut
1497 3375 1574 3406 idem
1586 3377 1711 3407 summus
1732 3376 1866 3408 Pontifex
1888 3377 2072 3408 consideraret
2087 3377 2107 3407 fi
2121 3376 2195 3407 (11613
2207 3376 2335 3406 securitas
2343 3374 2402 3419 *suf-

1340 3415 1436 3446 ficeret
1449 3416 1480 3445 in
1492 3415 1544 3445 hac
1559 3423 1634 3453 parte
1648 3428 1658 3454 3
1683 3416 1716 3446 &
1732 3416 1753 3446 fi
1767 3426 1828 3446 eam
1844 3417 1936 3447 minus
1956 3415 2144 3447 sufficientem
2163 3415 2241 3445 idem
2256 3414 2403 3444 Dominus

1339 3462 1493 3524 ffiputareg,
1512 3453 1585 3493 ipse,
1602 3463 1655 3491 pro
1669 3454 1724 3485 suae
1745 3454 1894 3487 voluntatis
1907 3455 2040 3494 arbitrio,
2057 3455 2093 3485 de
2105 3453 2251 3485 securitate
2261 3451 2404 3491 hujusmo-

1402 3502 1464 3523 rovi
1483 3500 1556 3522 eret:

1405 3540 1433 3570 t,
1451 3531 1586 3571 quoniam
1607 3531 1726 3568 praefato
1742 3531 1816 3571 Regi
1838 3532 1914 3563 (11613
1933 3531 2060 3562 securitas
2078 3531 2172 3561 minus
2193 3527 2331 3572 sufficiens
2347 3527 2403 3559 visa

1341 3569 1411 3608 fuit,
1425 3569 1502 3600 idem
1517 3568 1628 3599 Comes
1641 3570 1775 3600 voluntati
1790 3573 1823 3603 δε
1838 3570 2007 3601 ordinationi
2020 3569 2123 3599 summi
2137 3567 2285 3599 Pontificis
2297 3565 2325 3595 se
2338 3565 2402 3611 sub7

1344 3609 1440 3646 misit,
1466 3615 1496 3637 ut
1517 3607 1592 3637 idem
1610 3607 1734 3639 summus
1752 3609 1884 3640 Pontifex
1901 3608 1980 3648 super
2001 3608 2143 3638 securitate
2159 3630 2169 3645 ,
2192 3605 2308 3644 praefato
2325 3603 2401 3644 Regi

1342 3645 1498 3687 praestanda
1511 3668 1521 3683 ,
1543 3645 1578 3676 de
1600 3647 1697 3685 guerra
1718 3648 1767 3678 fibi
1788 3658 1837 3686 per
1857 3646 1979 3678 eundem
2001 3645 2151 3676 Comitem
2167 3644 2324 3688 decaetero
2339 3653 2401 3674 non

1342 3682 1485 3714 movenda
1499 3706 1509 3721 ,
1552 3686 1677 3717 rovideat
1698 3687 1732 3717 &
1749 3687 1861 3716 ordinet
1879 3687 1894 3716 a
1914 3685 1999 3715 Festo
2019 3685 2116 3716 8311611
2129 3682 2248 3725 Martini
2269 3680 2351 3720 usque
2366 3682 2402 3713 ad

1343 3722 1446 3753 festum
1459 3721 1526 3752 Puri
1546 3725 1679 3763 cationis,
1697 3725 1877 3762 praesentibus
1891 3724 2029 3763 partibus,
2045 3723 2092 3755 vel
2102 3719 2404 3764 absentibuS,·vel·un·2i

1344 3761 1496 3799 praesente,
1510 3761 1555 3791 vel
1567 3762 1650 3794 altera
1663 3763 1774 3794 absente
1786 3787 1796 3801 ,
1819 3771 1904 3802 prout
1924 3763 2066 3793 videbitur
2084 3757 2211 3804 esspedffe
2222 3779 2232 3794 2
2255 3757 2406 3803 ¹¹¹stdffiae

1343 3807 1432 3836 partes
1447 3802 1596 3831 communi
1612 3802 1757 3832 voluntate
1774 3803 1888 3832 interim
1904 3802 1920 3830 a
1933 3801 2007 3831 (11613
2020 3795 2198 3830 submissione
2217 3795 2347 3826 duxerint
2361 3806 2406 3826 re-

1344 3836 1528 3876 cedendum,
1554 3842 1720 3876 promittens
1738 3839 1815 3879 quod
1827 3863 1837 3877 ,
1857 3839 1992 3880 quicquid
2031 3835 2138 3866 raefatus
2158 3832 2303 3865 Dominus
2325 3835 2404 3875 super

1346 3874 1403 3905 hoc
1418 3875 1604 3908 ordinandum
1617 3878 1743 3917 duxerit,
1757 3878 1803 3908 seu
1817 3878 1901 3908 etiam
1920 3877 2000 3917 provi
2021 3873 2127 3905 endum
2140 3895 2150 3910 ,
2174 3873 2275 3905 faceret
2293 3874 2328 3906 &
2341 3883 2406 3914 per-

1346 3922 1433 3954 petuo
1447 3913 1562 3945 fideliter
1576 3917 1740 3947 observabit.
2347 3950 2355 3957 .

1384 3951 1438 3990 Et,
1456 3962 1493 3982 ne
1513 3963 1610 3985 contra
1627 3955 1836 3986 ordinationem
1859 3953 1903 3984 seu
1924 3950 2133 3991 provifionem,
2155 3959 2240 3988 quarn
2262 3950 2409 3981 Dominus

1346 3989 1470 4020 summus
1490 3991 1622 4023 Pontifex
1642 4003 1696 4031 pto
1716 3991 1875 4031 hujusmodi
1898 3989 2038 4019 securitate
2062 3986 2170 4018 duxerit
2191 3988 2209 4007 ἓ*
2231 3988 2407 4027 faciendam,
2428 3990 2444 4008 ⁸*
2461 3987 2570 4024 1242„

1349 4029 1476 4068 praefiitus
1490 4029 1598 4062 Comes
1610 4029 1713 4071 aliquid
1726 4031 1806 4062 faciat
1821 4029 1868 4062 vel
1881 4034 2042 4066 attemptet,
2060 4025 2086 4058 se
2100 4025 2133 4058 ad
2146 4027 2351 4060 observandum
2367 4025 2410 4057 su-

2363 4074 2412 4103 pet
