<?xml version="1.0" encoding="UTF-8"?>
<!DOCTYPE html PUBLIC "-//W3C//DTD XHTML 1.0 Transitional//EN"
    "http://www.w3.org/TR/xhtml1/DTD/xhtml1-transitional.dtd">
<html xmlns="http://www.w3.org/1999/xhtml" xml:lang="en" lang="en">
 <head>
  <title>
</title>
<meta http-equiv="Content-Type" content="text/html;charset=utf-8" />
  <meta name='ocr-system' content='tesseract 3.04.00' />
  <meta name='ocr-capabilities' content='ocr_page ocr_carea ocr_par ocr_line ocrx_word'/>
</head>
<body>
  <div class='ocr_page' id='page_1' title='image "./fderaconventione01ryme_0233.png"; bbox 0 0 2570 4261; ppageno 0'>
   <div class='ocr_carea' id='block_1_1' title="bbox 696 210 2278 271">
    <p class='ocr_par' dir='ltr' id='par_1_1' title="bbox 696 210 2278 271">
     <span class='ocr_line' id='line_1_1' title="bbox 696 210 2278 271; baseline 0.005 -17"><span class='ocrx_word' id='word_1_1' title='bbox 696 213 805 254; x_wconf 91' lang='lat' dir='ltr'>ET</span> <span class='ocrx_word' id='word_1_2' title='bbox 890 214 1155 256; x_wconf 88' lang='lat' dir='ltr'>ACTA</span> <span class='ocrx_word' id='word_1_3' title='bbox 1241 210 1709 260; x_wconf 85' lang='lat' dir='ltr'>PUBLICA.</span> <span class='ocrx_word' id='word_1_4' title='bbox 2200 228 2278 271; x_wconf 85' lang='lat'>169</span> 
     </span>
    </p>
   </div>
   <div class='ocr_carea' id='block_1_2' title="bbox 1234 295 2423 344">
    <p class='ocr_par' dir='ltr' id='par_1_2' title="bbox 1234 295 2423 344">
     <span class='ocr_line' id='line_1_2' title="bbox 1234 295 2423 344; baseline 0.011 -19"><span class='ocrx_word' id='word_1_5' title='bbox 1234 295 1363 328; x_wconf 84' lang='lat' dir='ltr'>Castellae</span> <span class='ocrx_word' id='word_1_6' title='bbox 1386 299 1570 337; x_wconf 84' lang='lat' dir='ltr'><strong>respondente</strong></span> <span class='ocrx_word' id='word_1_7' title='bbox 1592 303 1669 339; x_wconf 80' lang='lat' dir='ltr'>quod</span> <span class='ocrx_word' id='word_1_8' title='bbox 1684 310 1711 333; x_wconf 89' lang='lat' dir='ltr'>te</span> <span class='ocrx_word' id='word_1_9' title='bbox 1727 303 1858 341; x_wconf 72' lang='lat' dir='ltr'>praedieta</span> <span class='ocrx_word' id='word_1_10' title='bbox 1872 303 2111 344; x_wconf 75' lang='lat' dir='ltr'>consanguinitatis</span> <span class='ocrx_word' id='word_1_11' title='bbox 2124 305 2194 336; x_wconf 83' lang='lat' dir='ltr'>linea</span> <span class='ocrx_word' id='word_1_12' title='bbox 2209 315 2281 338; x_wconf 79' lang='lat' dir='ltr'>c0n=</span> <span class='ocrx_word' id='word_1_13' title='bbox 2292 301 2364 333; x_wconf 77' lang='lat' dir='ltr'>Arm-</span> <span class='ocrx_word' id='word_1_14' title='bbox 2380 300 2423 333; x_wconf 65' lang='lat' dir='ltr'>D«</span> 
     </span>
    </p>
   </div>
   <div class='ocr_carea' id='block_1_3' title="bbox 0 297 2396 382">
    <p class='ocr_par' dir='ltr' id='par_1_3' title="bbox 0 297 2396 382">
     <span class='ocr_line' id='line_1_3' title="bbox 0 297 1188 338; baseline -0.002 -9"><span class='ocrx_word' id='word_1_15' title='bbox 0 302 69 334; x_wconf 53' lang='lat' dir='ltr'>Qun</span> <span class='ocrx_word' id='word_1_16' title='bbox 77 297 118 329; x_wconf 92' lang='lat' dir='ltr'>D.</span> <span class='ocrx_word' id='word_1_17' title='bbox 136 299 296 332; x_wconf 71' lang='lat' dir='ltr'>missionem</span> <span class='ocrx_word' id='word_1_18' title='bbox 317 301 370 331; x_wconf 80' lang='lat' dir='ltr'>tibi</span> <span class='ocrx_word' id='word_1_19' title='bbox 397 299 594 338; x_wconf 81' lang='lat' dir='ltr'>peccaminum</span> <span class='ocrx_word' id='word_1_20' title='bbox 613 299 788 337; x_wconf 84' lang='lat' dir='ltr'>imponentes</span> <span class='ocrx_word' id='word_1_21' title='bbox 801 299 942 338; x_wconf 81' lang='lat' dir='ltr'>quatinus,</span> <span class='ocrx_word' id='word_1_22' title='bbox 954 299 1125 330; x_wconf 89' lang='lat' dir='ltr'>considerato</span> <span class='ocrx_word' id='word_1_23' title='bbox 1132 297 1188 327; x_wconf 77' lang='lat' dir='ltr'>cle-</span> 
     </span>
     <span class='ocr_line' id='line_1_4' title="bbox 1232 336 2396 382; baseline 0.009 -17"><span class='ocrx_word' id='word_1_24' title='bbox 1232 336 1378 375; x_wconf 75' lang='lat' dir='ltr'>tingebat,</span> <span class='ocrx_word' id='word_1_25' title='bbox 1397 338 1429 367; x_wconf 73' lang='grc' dir='ltr'>ὃ(</span> <span class='ocrx_word' id='word_1_26' title='bbox 1449 339 1529 375; x_wconf 82' lang='lat' dir='ltr'>quod</span> <span class='ocrx_word' id='word_1_27' title='bbox 1551 339 1583 368; x_wconf 93' lang='lat' dir='ltr'>ad</span> <span class='ocrx_word' id='word_1_28' title='bbox 1603 340 1808 372; x_wconf 84' lang='lat' dir='ltr'>defendendum</span> <span class='ocrx_word' id='word_1_29' title='bbox 1822 344 1928 373; x_wconf 86' lang='lat' dir='ltr'>causam</span> <span class='ocrx_word' id='word_1_30' title='bbox 1944 344 2100 382; x_wconf 84' lang='lat' dir='ltr'>hujusmodi</span> <span class='ocrx_word' id='word_1_31' title='bbox 2115 354 2173 374; x_wconf 89' lang='lat' dir='ltr'>non</span> <span class='ocrx_word' id='word_1_32' title='bbox 2190 348 2281 377; x_wconf 86' lang='lat' dir='ltr'>mitte-</span> <span class='ocrx_word' id='word_1_33' title='bbox 2313 349 2396 380; x_wconf 82' lang='lat'>1252-</span> 
     </span>
    </p>
   </div>
   <div class='ocr_carea' id='block_1_4' title="bbox 9 336 1187 377">
    <p class='ocr_par' dir='ltr' id='par_1_4' title="bbox 9 336 1187 377">
     <span class='ocr_line' id='line_1_5' title="bbox 9 336 1187 377; baseline -0.004 -6"><span class='ocrx_word' id='word_1_34' title='bbox 9 346 91 377; x_wconf 76' lang='lat'>1252.</span> <span class='ocrx_word' id='word_1_35' title='bbox 135 347 244 369; x_wconf 86' lang='lat' dir='ltr'>menter</span> <span class='ocrx_word' id='word_1_36' title='bbox 287 340 351 369; x_wconf 67' lang='lat' dir='ltr'>uam</span> <span class='ocrx_word' id='word_1_37' title='bbox 371 337 519 376; x_wconf 84' lang='lat' dir='ltr'>magnifice</span> <span class='ocrx_word' id='word_1_38' title='bbox 531 360 540 374; x_wconf 89' lang='lat'>,</span> <span class='ocrx_word' id='word_1_39' title='bbox 559 347 642 375; x_wconf 89' lang='lat' dir='ltr'>quam</span> <span class='ocrx_word' id='word_1_40' title='bbox 662 338 781 375; x_wconf 84' lang='lat' dir='ltr'>utiliter,</span> <span class='ocrx_word' id='word_1_41' title='bbox 800 344 940 375; x_wconf 86' lang='lat' dir='ltr'>quamque</span> <span class='ocrx_word' id='word_1_42' title='bbox 963 337 1080 367; x_wconf 76' lang='lat' dir='ltr'>virtuose</span> <span class='ocrx_word' id='word_1_43' title='bbox 1097 336 1187 366; x_wconf 66' lang='lat' dir='ltr'>dietus</span> 
     </span>
    </p>
   </div>
   <div class='ocr_carea' id='block_1_5' title="bbox 0 383 95 413">
    <p class='ocr_par' dir='ltr' id='par_1_5' title="bbox 0 383 95 413">
     <span class='ocr_line' id='line_1_6' title="bbox 0 383 95 413; baseline 0 -6"><span class='ocrx_word' id='word_1_44' title='bbox 0 383 49 407; x_wconf 59' lang='lat' dir='ltr'>,²1m.</span> <span class='ocrx_word' id='word_1_45' title='bbox 69 386 95 413; x_wconf 85' lang='lat'>3·</span> 
     </span>
    </p>
   </div>
   <div class='ocr_carea' id='block_1_6' title="bbox 0 1329 112 1361">
    <p class='ocr_par' dir='ltr' id='par_1_6' title="bbox 0 1329 112 1361">
     <span class='ocr_line' id='line_1_7' title="bbox 0 1329 112 1361; baseline -0.009 0"><span class='ocrx_word' id='word_1_46' title='bbox 0 1340 55 1361; x_wconf 51' lang='lat' dir='ltr'>irin.</span> <span class='ocrx_word' id='word_1_47' title='bbox 73 1329 112 1360; x_wconf 90' lang='lat' dir='ltr'>D.</span> 
     </span>
    </p>
   </div>
   <div class='ocr_carea' id='block_1_7' title="bbox 0 1379 95 1445">
    <p class='ocr_par' dir='ltr' id='par_1_7' title="bbox 0 1379 95 1445">
     <span class='ocr_line' id='line_1_8' title="bbox 0 1379 82 1408; baseline -0.037 -8"><span class='ocrx_word' id='word_1_48' title='bbox 0 1379 82 1408; x_wconf 83' lang='lat'>1252.</span> 
     </span>
     <span class='ocr_line' id='line_1_9' title="bbox 0 1409 95 1445; baseline -0.021 -10"><span class='ocrx_word' id='word_1_49' title='bbox 0 1411 29 1435; x_wconf 67' lang='lat' dir='ltr'>fn.</span> <span class='ocrx_word' id='word_1_50' title='bbox 52 1409 95 1445; x_wconf 76' lang='lat'>36.</span> 
     </span>
    </p>
   </div>
   <div class='ocr_carea' id='block_1_8' title="bbox 0 1489 91 1512">
    <p class='ocr_par' dir='ltr' id='par_1_8' title="bbox 0 1489 91 1512">
     <span class='ocr_line' id='line_1_10' title="bbox 0 1489 91 1512; baseline 0.011 -1"><span class='ocrx_word' id='word_1_51' title='bbox 0 1494 21 1511; x_wconf 63' lang='lat' dir='ltr'><em>x</em></span> <span class='ocrx_word' id='word_1_52' title='bbox 33 1489 91 1512; x_wconf 80' lang='lat' dir='ltr'>Au-</span> 
     </span>
    </p>
   </div>
   <div class='ocr_carea' id='block_1_9' title="bbox 0 1532 2430 2977">
    <p class='ocr_par' dir='ltr' id='par_1_9' title="bbox 0 1532 2430 2977">
     <span class='ocr_line' id='line_1_11' title="bbox 0 1532 1180 1592; baseline -0.003 -8"><span class='ocrx_word' id='word_1_53' title='bbox 0 1532 40 1559; x_wconf 54' lang='lat' dir='ltr'>W’</span> <span class='ocrx_word' id='word_1_54' title='bbox 123 1554 307 1584; x_wconf 87' lang='lat' dir='ltr'>reverentiam</span> <span class='ocrx_word' id='word_1_55' title='bbox 330 1553 452 1584; x_wconf 81' lang='lat' dir='ltr'>debitam</span> <span class='ocrx_word' id='word_1_56' title='bbox 466 1576 476 1592; x_wconf 90' lang='lat'>,</span> <span class='ocrx_word' id='word_1_57' title='bbox 502 1553 535 1583; x_wconf 93' lang='lat' dir='ltr'>ad</span> <span class='ocrx_word' id='word_1_58' title='bbox 556 1549 669 1583; x_wconf 82' lang='lat' dir='ltr'>eosdem</span> <span class='ocrx_word' id='word_1_59' title='bbox 691 1552 814 1583; x_wconf 90' lang='lat' dir='ltr'>subditos</span> <span class='ocrx_word' id='word_1_60' title='bbox 831 1553 871 1590; x_wconf 89' lang='lat' dir='ltr'>pii</span> <span class='ocrx_word' id='word_1_61' title='bbox 890 1554 972 1592; x_wconf 87' lang='lat' dir='ltr'>patris</span> <span class='ocrx_word' id='word_1_62' title='bbox 984 1553 1130 1590; x_wconf 88' lang='lat' dir='ltr'>animum,</span> <span class='ocrx_word' id='word_1_63' title='bbox 1146 1552 1180 1582; x_wconf 93' lang='lat' dir='ltr'>ad</span> 
     </span>
     <span class='ocr_line' id='line_1_12' title="bbox 123 1590 2276 1637; baseline 0.005 -16"><span class='ocrx_word' id='word_1_64' title='bbox 123 1593 254 1630; x_wconf 80' lang='lat' dir='ltr'>justitiam</span> <span class='ocrx_word' id='word_1_65' title='bbox 276 1602 390 1630; x_wconf 90' lang='lat' dir='ltr'>quoque</span> <span class='ocrx_word' id='word_1_66' title='bbox 412 1593 507 1622; x_wconf 88' lang='lat' dir='ltr'>zelum</span> <span class='ocrx_word' id='word_1_67' title='bbox 527 1591 686 1635; x_wconf 64' lang='lat' dir='ltr'>perferitum</span> <span class='ocrx_word' id='word_1_68' title='bbox 700 1613 710 1629; x_wconf 91' lang='lat'>,</span> <span class='ocrx_word' id='word_1_69' title='bbox 729 1591 931 1634; x_wconf 33' lang='lat' dir='ltr'>ut&#39;unicuique</span> <span class='ocrx_word' id='word_1_70' title='bbox 951 1590 1029 1629; x_wconf 89' lang='lat' dir='ltr'>quod</span> <span class='ocrx_word' id='word_1_71' title='bbox 1044 1591 1122 1621; x_wconf 92' lang='lat' dir='ltr'>suum</span> <span class='ocrx_word' id='word_1_72' title='bbox 1140 1590 1181 1621; x_wconf 87' lang='lat' dir='ltr'>est</span> <span class='ocrx_word' id='word_1_73' title='bbox 1263 1593 1331 1624; x_wconf 87' lang='lat' dir='ltr'>Dat.</span> <span class='ocrx_word' id='word_1_74' title='bbox 1346 1593 1463 1633; x_wconf 89' lang='lat' dir='ltr'>Perusii,</span> <span class='ocrx_word' id='word_1_75' title='bbox 1481 1604 1501 1635; x_wconf 81' lang='lat'><em>4</em></span> <span class='ocrx_word' id='word_1_76' title='bbox 1520 1594 1581 1627; x_wconf 90' lang='lat' dir='ltr'>Kal.</span> <span class='ocrx_word' id='word_1_77' title='bbox 1595 1596 1739 1637; x_wconf 79' lang='lat' dir='ltr'>Septemb.</span> <span class='ocrx_word' id='word_1_78' title='bbox 1757 1597 1942 1630; x_wconf 75' lang='lat' dir='ltr'>Pontificatfis</span> <span class='ocrx_word' id='word_1_79' title='bbox 1965 1600 2053 1630; x_wconf 88' lang='lat' dir='ltr'>nostri</span> <span class='ocrx_word' id='word_1_80' title='bbox 2065 1611 2140 1632; x_wconf 87' lang='lat' dir='ltr'>anno</span> <span class='ocrx_word' id='word_1_81' title='bbox 2154 1600 2276 1633; x_wconf 69' lang='lat' dir='ltr'>decimo⁴</span> 
     </span>
     <span class='ocr_line' id='line_1_13' title="bbox 123 1629 794 1670; baseline -0.001 -10"><span class='ocrx_word' id='word_1_82' title='bbox 123 1630 243 1670; x_wconf 79' lang='lat' dir='ltr'>tribuas,</span> <span class='ocrx_word' id='word_1_83' title='bbox 260 1630 363 1660; x_wconf 88' lang='lat' dir='ltr'>habere</span> <span class='ocrx_word' id='word_1_84' title='bbox 377 1632 456 1662; x_wconf 88' lang='lat' dir='ltr'>certis</span> <span class='ocrx_word' id='word_1_85' title='bbox 471 1629 579 1661; x_wconf 88' lang='lat' dir='ltr'>indiciis</span> <span class='ocrx_word' id='word_1_86' title='bbox 591 1630 794 1669; x_wconf 88' lang='lat' dir='ltr'>comproberis.</span> 
     </span>
     <span class='ocr_line' id='line_1_14' title="bbox 161 1667 2176 1718; baseline 0.003 -19"><span class='ocrx_word' id='word_1_87' title='bbox 161 1668 234 1699; x_wconf 90' lang='lat' dir='ltr'>Sane</span> <span class='ocrx_word' id='word_1_88' title='bbox 247 1668 339 1699; x_wconf 65' lang='lat' dir='ltr'>dilecti</span> <span class='ocrx_word' id='word_1_89' title='bbox 356 1669 404 1698; x_wconf 85' lang='lat' dir='ltr'>filii</span> <span class='ocrx_word' id='word_1_90' title='bbox 509 1667 605 1706; x_wconf 89' lang='lat' dir='ltr'>Prior,</span> <span class='ocrx_word' id='word_1_91' title='bbox 615 1668 656 1710; x_wconf 30' lang='lat'>⁸&amp;</span> <span class='ocrx_word' id='word_1_92' title='bbox 671 1667 838 1698; x_wconf 82' lang='lat' dir='ltr'>Conventus</span> <span class='ocrx_word' id='word_1_93' title='bbox 856 1668 979 1698; x_wconf 70' lang='lat' dir='ltr'>ecclesiae</span> <span class='ocrx_word' id='word_1_94' title='bbox 993 1667 1094 1701; x_wconf 62' lang='lat' dir='ltr'>nnetae</span> <span class='ocrx_word' id='word_1_95' title='bbox 1113 1667 1180 1697; x_wconf 86' lang='lat' dir='ltr'>Tri·</span> <span class='ocrx_word' id='word_1_96' title='bbox 1725 1674 1850 1706; x_wconf 81' lang='lat' dir='ltr'>Plumbeo</span> <span class='ocrx_word' id='word_1_97' title='bbox 1865 1675 1953 1714; x_wconf 83' lang='lat' dir='ltr'>Sigillo</span> <span class='ocrx_word' id='word_1_98' title='bbox 1964 1687 1982 1705; x_wconf 88' lang='lat' dir='ltr'>a</span> <span class='ocrx_word' id='word_1_99' title='bbox 1988 1675 2041 1718; x_wconf 87' lang='lat' dir='ltr'>filo</span> <span class='ocrx_word' id='word_1_100' title='bbox 2055 1677 2176 1709; x_wconf 60' lang='lat' dir='ltr'>canabat,</span> 
     </span>
     <span class='ocr_line' id='line_1_15' title="bbox 123 1706 1179 1745; baseline -0.002 -8"><span class='ocrx_word' id='word_1_101' title='bbox 123 1707 214 1737; x_wconf 89' lang='lat' dir='ltr'>nitatis</span> <span class='ocrx_word' id='word_1_102' title='bbox 235 1706 415 1738; x_wconf 89' lang='lat' dir='ltr'>Londonien.</span> <span class='ocrx_word' id='word_1_103' title='bbox 435 1708 518 1737; x_wconf 89' lang='lat' dir='ltr'>nobis</span> <span class='ocrx_word' id='word_1_104' title='bbox 537 1706 691 1743; x_wconf 83' lang='lat' dir='ltr'>signincare</span> <span class='ocrx_word' id='word_1_105' title='bbox 713 1714 845 1736; x_wconf 86' lang='lat' dir='ltr'>curarunt</span> <span class='ocrx_word' id='word_1_106' title='bbox 859 1706 937 1744; x_wconf 72' lang='lat' dir='ltr'>qubd</span> <span class='ocrx_word' id='word_1_107' title='bbox 954 1715 1001 1745; x_wconf 85' lang='lat' dir='ltr'>tu,</span> <span class='ocrx_word' id='word_1_108' title='bbox 1020 1715 1179 1745; x_wconf 87' lang='lat' dir='ltr'>proponens</span> 
     </span>
     <span class='ocr_line' id='line_1_16' title="bbox 123 1743 1180 1814; baseline -0.001 -39"><span class='ocrx_word' id='word_1_109' title='bbox 123 1746 308 1813; x_wconf 56' lang='lat' dir='ltr'>vifigitionem</span> <span class='ocrx_word' id='word_1_110' title='bbox 321 1746 595 1814; x_wconf 59' lang='lat' dir='ltr'>&amp;Cprocurationgm</span> <span class='ocrx_word' id='word_1_111' title='bbox 609 1744 750 1813; x_wconf 64' lang='lat' dir='ltr'>ipsteadebm</span> <span class='ocrx_word' id='word_1_112' title='bbox 763 1745 916 1813; x_wconf 55' lang='lat' dir='ltr'>ecsclesialte</span> <span class='ocrx_word' id='word_1_113' title='bbox 923 1745 1042 1814; x_wconf 48' lang='lat' dir='ltr'>haigecrg,</span> <span class='ocrx_word' id='word_1_114' title='bbox 1060 1743 1180 1782; x_wconf 61' lang='lat' dir='ltr'>praedic-</span> 
     </span>
     <span class='ocr_line' id='line_1_17' title="bbox 136 1784 2015 1814; baseline 0.001 -2"><span class='ocrx_word' id='word_1_115' title='bbox 136 1794 144 1812; x_wconf 95' lang='lat' dir='ltr'>i</span> <span class='ocrx_word' id='word_1_116' title='bbox 213 1785 217 1790; x_wconf 92' lang='lat'>&#39;</span> <span class='ocrx_word' id='word_1_117' title='bbox 533 1784 541 1812; x_wconf 94' lang='lat' dir='ltr'>i</span> <span class='ocrx_word' id='word_1_118' title='bbox 565 1784 598 1812; x_wconf 90' lang='lat' dir='ltr'>ir</span> <span class='ocrx_word' id='word_1_119' title='bbox 627 1795 635 1812; x_wconf 92' lang='lat' dir='ltr'>i</span> <span class='ocrx_word' id='word_1_120' title='bbox 678 1784 717 1812; x_wconf 91' lang='lat' dir='ltr'>ni</span> <span class='ocrx_word' id='word_1_121' title='bbox 758 1793 769 1812; x_wconf 92' lang='lat' dir='ltr'>s</span> <span class='ocrx_word' id='word_1_122' title='bbox 854 1793 866 1812; x_wconf 90' lang='lat' dir='ltr'>r</span> <span class='ocrx_word' id='word_1_123' title='bbox 890 1784 932 1812; x_wconf 88' lang='lat' dir='ltr'>iiis</span> <span class='ocrx_word' id='word_1_124' title='bbox 1033 1793 1084 1812; x_wconf 88' lang='lat' dir='ltr'>ene</span> <span class='ocrx_word' id='word_1_125' title='bbox 1107 1784 1179 1812; x_wconf 86' lang='lat' dir='ltr'>anti-</span> <span class='ocrx_word' id='word_1_126' title='bbox 1425 1801 1452 1814; x_wconf 89' lang='lat'>.-</span> <span class='ocrx_word' id='word_1_127' title='bbox 1528 1802 1532 1806; x_wconf 91' lang='lat'>·</span> <span class='ocrx_word' id='word_1_128' title='bbox 1636 1802 1640 1807; x_wconf 73' lang='lat'><em>‹</em></span> <span class='ocrx_word' id='word_1_129' title='bbox 2012 1805 2015 1809; x_wconf 93' lang='lat'>-</span> 
     </span>
     <span class='ocr_line' id='line_1_18' title="bbox 122 1791 2430 1860; baseline -0.001 -8"><span class='ocrx_word' id='word_1_130' title='bbox 122 1791 175 1852; x_wconf 61' lang='lat' dir='ltr'>iaiis</span> <span class='ocrx_word' id='word_1_131' title='bbox 189 1791 983 1859; x_wconf 48' lang='grc' dir='ltr'>ἔειοὲἓηῗίςῑῑετέᾟεὲῗέεὲἰᾶαξεοξἰιὲἷοιῐιυῐηυξὲεἰεῇἂᾝε</span> <span class='ocrx_word' id='word_1_132' title='bbox 999 1793 1180 1860; x_wconf 75' lang='lat' dir='ltr'>Bixle‚gRof-</span> <span class='ocrx_word' id='word_1_133' title='bbox 1226 1795 1253 1821; x_wconf 39' lang='grc' dir='ltr'>ἒξ</span> <span class='ocrx_word' id='word_1_134' title='bbox 1281 1797 1328 1828; x_wconf 66' lang='lat' dir='ltr'>De</span> <span class='ocrx_word' id='word_1_135' title='bbox 1345 1799 1547 1831; x_wconf 53' lang='lat' dir='ltr'><em>Masmmomo</em></span> <span class='ocrx_word' id='word_1_136' title='bbox 1567 1801 1654 1845; x_wconf 54' lang='lat' dir='ltr'>Regu</span> <span class='ocrx_word' id='word_1_137' title='bbox 1677 1811 1745 1831; x_wconf 62' lang='lat' dir='ltr'>cum</span> <span class='ocrx_word' id='word_1_138' title='bbox 1768 1798 1917 1844; x_wconf 61' lang='lat' dir='ltr'><em>JOhamm</em></span> <span class='ocrx_word' id='word_1_139' title='bbox 1943 1804 2056 1849; x_wconf 59' lang='lat' dir='ltr'><em>Regma</em></span> <span class='ocrx_word' id='word_1_140' title='bbox 2077 1800 2198 1846; x_wconf 59' lang='lat' dir='ltr'><em>castellae</em></span> <span class='ocrx_word' id='word_1_141' title='bbox 2222 1801 2280 1836; x_wconf 69' lang='lat' dir='ltr'>ad·</span> <span class='ocrx_word' id='word_1_142' title='bbox 2299 1802 2430 1842; x_wconf 44' lang='lat'>‘1&#39;479&#39;</span> 
     </span>
     <span class='ocr_line' id='line_1_19' title="bbox 122 1848 1824 1898; baseline -0.001 -8"><span class='ocrx_word' id='word_1_143' title='bbox 122 1860 188 1890; x_wconf 85' lang='lat' dir='ltr'>sensi</span> <span class='ocrx_word' id='word_1_144' title='bbox 204 1860 342 1898; x_wconf 90' lang='lat' dir='ltr'>Diocese,</span> <span class='ocrx_word' id='word_1_145' title='bbox 357 1860 506 1891; x_wconf 86' lang='lat' dir='ltr'>occasione</span> <span class='ocrx_word' id='word_1_146' title='bbox 521 1859 678 1897; x_wconf 85' lang='lat' dir='ltr'>hujusmodi</span> <span class='ocrx_word' id='word_1_147' title='bbox 692 1858 866 1898; x_wconf 83' lang='lat' dir='ltr'>resistentiae,</span> <span class='ocrx_word' id='word_1_148' title='bbox 882 1859 1009 1897; x_wconf 85' lang='lat' dir='ltr'>spoliasti.</span> <span class='ocrx_word' id='word_1_149' title='bbox 1674 1848 1824 1881; x_wconf 56' lang='lat' dir='ltr'>”ul-samso·</span> 
     </span>
     <span class='ocr_line' id='line_1_20' title="bbox 159 1896 1518 1939; baseline -0.001 -10"><span class='ocrx_word' id='word_1_150' title='bbox 159 1898 237 1929; x_wconf 91' lang='lat' dir='ltr'>Cum</span> <span class='ocrx_word' id='word_1_151' title='bbox 260 1899 341 1937; x_wconf 88' lang='lat' dir='ltr'>igitur</span> <span class='ocrx_word' id='word_1_152' title='bbox 361 1899 469 1928; x_wconf 87' lang='lat' dir='ltr'>causam</span> <span class='ocrx_word' id='word_1_153' title='bbox 484 1921 494 1937; x_wconf 87' lang='lat'>,</span> <span class='ocrx_word' id='word_1_154' title='bbox 510 1897 588 1937; x_wconf 89' lang='lat' dir='ltr'>super</span> <span class='ocrx_word' id='word_1_155' title='bbox 608 1898 762 1928; x_wconf 88' lang='lat' dir='ltr'>visitatione</span> <span class='ocrx_word' id='word_1_156' title='bbox 780 1908 812 1928; x_wconf 90' lang='lat' dir='ltr'>ac</span> <span class='ocrx_word' id='word_1_157' title='bbox 832 1899 1028 1936; x_wconf 78' lang='lat' dir='ltr'>procuratione</span> <span class='ocrx_word' id='word_1_158' title='bbox 1041 1896 1180 1937; x_wconf 56' lang='lat' dir='ltr'>praedietis</span> <span class='ocrx_word' id='word_1_159' title='bbox 1408 1932 1412 1938; x_wconf 41' lang='grc' dir='ltr'>Ι</span> <span class='ocrx_word' id='word_1_160' title='bbox 1514 1934 1518 1939; x_wconf 40' lang='lat'>¹</span> 
     </span>
     <span class='ocr_line' id='line_1_21' title="bbox 123 1928 2429 1977; baseline 0.003 -10"><span class='ocrx_word' id='word_1_161' title='bbox 123 1945 264 1975; x_wconf 77' lang='lat' dir='ltr'>exortam,</span> <span class='ocrx_word' id='word_1_162' title='bbox 283 1947 331 1974; x_wconf 89' lang='lat' dir='ltr'>per</span> <span class='ocrx_word' id='word_1_163' title='bbox 349 1947 400 1967; x_wconf 91' lang='lat' dir='ltr'>nos</span> <span class='ocrx_word' id='word_1_164' title='bbox 413 1938 588 1968; x_wconf 81' lang='lat' dir='ltr'>terminatam</span> <span class='ocrx_word' id='word_1_165' title='bbox 608 1935 663 1965; x_wconf 87' lang='lat' dir='ltr'>esse</span> <span class='ocrx_word' id='word_1_166' title='bbox 676 1936 845 1976; x_wconf 78' lang='lat' dir='ltr'>cognoscas,</span> <span class='ocrx_word' id='word_1_167' title='bbox 863 1937 896 1967; x_wconf 89' lang='lat'>&amp;</span> <span class='ocrx_word' id='word_1_168' title='bbox 917 1945 968 1967; x_wconf 92' lang='lat' dir='ltr'>tuo</span> <span class='ocrx_word' id='word_1_169' title='bbox 982 1946 1041 1966; x_wconf 90' lang='lat' dir='ltr'>non</span> <span class='ocrx_word' id='word_1_170' title='bbox 1054 1937 1179 1974; x_wconf 83' lang='lat' dir='ltr'>expediat</span> <span class='ocrx_word' id='word_1_171' title='bbox 1263 1929 1445 1975; x_wconf 50' lang='lat' dir='ltr'>NQOCfflUh&#39;S</span> <span class='ocrx_word' id='word_1_172' title='bbox 1466 1931 1634 1977; x_wconf 79' lang='lat' dir='ltr'>Episcopus,</span> <span class='ocrx_word' id='word_1_173' title='bbox 1654 1932 1743 1964; x_wconf 74' lang='lat' dir='ltr'>sel‘VUS</span> <span class='ocrx_word' id='word_1_174' title='bbox 1762 1932 1904 1966; x_wconf 68' lang='lat' dir='ltr'>servorum</span> <span class='ocrx_word' id='word_1_175' title='bbox 1920 1935 1979 1966; x_wconf 69' lang='lat' dir='ltr'>Dei</span> <span class='ocrx_word' id='word_1_176' title='bbox 1989 1959 1999 1974; x_wconf 53' lang='grc' dir='ltr'><em>υ</em></span> <span class='ocrx_word' id='word_1_177' title='bbox 2013 1936 2216 1968; x_wconf 58' lang='lat' dir='ltr'>venerabilibus</span> <span class='ocrx_word' id='word_1_178' title='bbox 2228 1936 2282 1968; x_wconf 66' lang='lat' dir='ltr'>frfl-</span> <span class='ocrx_word' id='word_1_179' title='bbox 2297 1929 2372 1960; x_wconf 65' lang='lat' dir='ltr'>Am·</span> <span class='ocrx_word' id='word_1_180' title='bbox 2388 1928 2429 1961; x_wconf 53' lang='grc' dir='ltr'>θ’</span> 
     </span>
     <span class='ocr_line' id='line_1_22' title="bbox 125 1971 2397 2016; baseline 0.001 -12"><span class='ocrx_word' id='word_1_181' title='bbox 125 1975 228 2005; x_wconf 86' lang='lat' dir='ltr'>honori</span> <span class='ocrx_word' id='word_1_182' title='bbox 253 1984 284 2005; x_wconf 91' lang='lat' dir='ltr'>ut</span> <span class='ocrx_word' id='word_1_183' title='bbox 310 1975 361 2005; x_wconf 90' lang='lat' dir='ltr'>illis</span> <span class='ocrx_word' id='word_1_184' title='bbox 373 1998 383 2011; x_wconf 87' lang='lat'>,</span> <span class='ocrx_word' id='word_1_185' title='bbox 400 1975 544 2005; x_wconf 86' lang='lat' dir='ltr'>ecclesiam</span> <span class='ocrx_word' id='word_1_186' title='bbox 568 1974 719 2005; x_wconf 84' lang='lat' dir='ltr'>detinendo</span> <span class='ocrx_word' id='word_1_187' title='bbox 737 1975 900 2012; x_wconf 70' lang='lat' dir='ltr'>praedieiam</span> <span class='ocrx_word' id='word_1_188' title='bbox 925 1974 1039 2005; x_wconf 75' lang='lat' dir='ltr'>obsistas</span> <span class='ocrx_word' id='word_1_189' title='bbox 1054 1997 1063 2010; x_wconf 83' lang='lat'>,</span> <span class='ocrx_word' id='word_1_190' title='bbox 1080 1975 1179 2013; x_wconf 85' lang='lat' dir='ltr'>quibus</span> <span class='ocrx_word' id='word_1_191' title='bbox 1273 1971 1358 2000; x_wconf 80' lang='lat' dir='ltr'>tribus</span> <span class='ocrx_word' id='word_1_192' title='bbox 1462 1972 1683 2016; x_wconf 74' lang='lat' dir='ltr'>Archiepiscopo</span> <span class='ocrx_word' id='word_1_193' title='bbox 1702 1972 1890 2004; x_wconf 82' lang='lat' dir='ltr'>Cautuariensi</span> <span class='ocrx_word' id='word_1_194' title='bbox 1903 1998 1912 2012; x_wconf 86' lang='lat'>‚</span> <span class='ocrx_word' id='word_1_195' title='bbox 1931 1976 1964 2005; x_wconf 90' lang='lat'>&amp;</span> <span class='ocrx_word' id='word_1_196' title='bbox 2067 1975 2208 2014; x_wconf 78' lang='lat' dir='ltr'>Episcopo</span> <span class='ocrx_word' id='word_1_197' title='bbox 2229 1975 2281 2006; x_wconf 91' lang='lat' dir='ltr'>Ci-</span> <span class='ocrx_word' id='word_1_198' title='bbox 2315 1977 2397 2007; x_wconf 83' lang='lat'>1252·</span> 
     </span>
     <span class='ocr_line' id='line_1_23' title="bbox 123 2008 2413 2054; baseline 0.001 -11"><span class='ocrx_word' id='word_1_199' title='bbox 123 2023 221 2044; x_wconf 82' lang='lat' dir='ltr'>contra</span> <span class='ocrx_word' id='word_1_200' title='bbox 240 2014 352 2044; x_wconf 87' lang='lat' dir='ltr'>suorum</span> <span class='ocrx_word' id='word_1_201' title='bbox 372 2015 516 2044; x_wconf 81' lang='lat' dir='ltr'>bonorum</span> <span class='ocrx_word' id='word_1_202' title='bbox 529 2012 663 2044; x_wconf 80' lang='lat' dir='ltr'>invasores</span> <span class='ocrx_word' id='word_1_203' title='bbox 678 2012 805 2051; x_wconf 81' lang='lat' dir='ltr'>praesidio</span> <span class='ocrx_word' id='word_1_204' title='bbox 819 2013 983 2044; x_wconf 84' lang='lat' dir='ltr'>defensionis</span> <span class='ocrx_word' id='word_1_205' title='bbox 994 2011 1113 2043; x_wconf 78' lang='lat' dir='ltr'>astistere</span> <span class='ocrx_word' id='word_1_206' title='bbox 1130 2014 1178 2044; x_wconf 92' lang='lat' dir='ltr'>de-</span> <span class='ocrx_word' id='word_1_207' title='bbox 1223 2008 1338 2052; x_wconf 58' lang='lat' dir='ltr'>cestretj-</span> <span class='ocrx_word' id='word_1_208' title='bbox 1355 2008 1466 2039; x_wconf 86' lang='lat' dir='ltr'>salutem</span> <span class='ocrx_word' id='word_1_209' title='bbox 1479 2010 1723 2054; x_wconf 53' lang='lat' dir='ltr'>&amp;npostolicam</span> <span class='ocrx_word' id='word_1_210' title='bbox 1738 2012 1973 2043; x_wconf 61' lang='lat' dir='ltr'>benedictionem.</span> <span class='ocrx_word' id='word_1_211' title='bbox 2293 2013 2345 2036; x_wconf 73' lang='lat' dir='ltr'>Au.</span> <span class='ocrx_word' id='word_1_212' title='bbox 2368 2010 2413 2045; x_wconf 78' lang='lat'>36.</span> 
     </span>
     <span class='ocr_line' id='line_1_24' title="bbox 124 2047 2371 2091; baseline 0.003 -15"><span class='ocrx_word' id='word_1_213' title='bbox 124 2052 207 2082; x_wconf 70' lang='lat' dir='ltr'>bujsti</span> <span class='ocrx_word' id='word_1_214' title='bbox 216 2064 225 2089; x_wconf 69' lang='lat'>3</span> <span class='ocrx_word' id='word_1_215' title='bbox 424 2087 426 2089; x_wconf 26' lang='grc' dir='ltr'>Ι</span> <span class='ocrx_word' id='word_1_216' title='bbox 992 2081 996 2084; x_wconf 34' lang='grc'><strong>,</strong></span> <span class='ocrx_word' id='word_1_217' title='bbox 1226 2085 1231 2090; x_wconf 41' lang='grc'><em>.</em></span> <span class='ocrx_word' id='word_1_218' title='bbox 1263 2047 1355 2089; x_wconf 73' lang='lat' dir='ltr'>Qua,</span> <span class='ocrx_word' id='word_1_219' title='bbox 1372 2057 1502 2091; x_wconf 80' lang='lat' dir='ltr'>vergente</span> <span class='ocrx_word' id='word_1_220' title='bbox 1517 2059 1544 2078; x_wconf 89' lang='lat' dir='ltr'>in</span> <span class='ocrx_word' id='word_1_221' title='bbox 1565 2049 1669 2078; x_wconf 84' lang='lat' dir='ltr'>senium</span> <span class='ocrx_word' id='word_1_222' title='bbox 1687 2049 1768 2079; x_wconf 86' lang='lat' dir='ltr'>seculi</span> <span class='ocrx_word' id='word_1_223' title='bbox 1783 2052 1954 2090; x_wconf 80' lang='lat' dir='ltr'>corruptela,</span> <span class='ocrx_word' id='word_1_224' title='bbox 1973 2052 2099 2082; x_wconf 89' lang='lat' dir='ltr'>nonnulli</span> <span class='ocrx_word' id='word_1_225' title='bbox 2113 2061 2171 2082; x_wconf 91' lang='lat' dir='ltr'>non</span> <span class='ocrx_word' id='word_1_226' title='bbox 2185 2051 2275 2082; x_wconf 78' lang='lat' dir='ltr'>solum</span> <span class='ocrx_word' id='word_1_227' title='bbox 2293 2052 2327 2073; x_wconf 80' lang='lat' dir='ltr'>H.</span> <span class='ocrx_word' id='word_1_228' title='bbox 2347 2057 2371 2084; x_wconf 89' lang='lat'>3—</span> 
     </span>
     <span class='ocr_line' id='line_1_25' title="bbox 159 2086 2406 2132; baseline 0 -12"><span class='ocrx_word' id='word_1_229' title='bbox 159 2091 183 2120; x_wconf 87' lang='lat' dir='ltr'>F</span> <span class='ocrx_word' id='word_1_230' title='bbox 184 2091 366 2121; x_wconf 86' lang='lat' dir='ltr'>raternitatem</span> <span class='ocrx_word' id='word_1_231' title='bbox 380 2099 456 2122; x_wconf 90' lang='lat' dir='ltr'>tuam</span> <span class='ocrx_word' id='word_1_232' title='bbox 471 2099 614 2130; x_wconf 84' lang='lat' dir='ltr'>rogamus,</span> <span class='ocrx_word' id='word_1_233' title='bbox 634 2100 784 2121; x_wconf 89' lang='lat' dir='ltr'>monemus</span> <span class='ocrx_word' id='word_1_234' title='bbox 797 2090 830 2121; x_wconf 67' lang='grc' dir='ltr'>ὅ(</span> <span class='ocrx_word' id='word_1_235' title='bbox 842 2090 988 2121; x_wconf 80' lang='lat' dir='ltr'>hortamur</span> <span class='ocrx_word' id='word_1_236' title='bbox 1002 2098 1179 2128; x_wconf 89' lang='lat' dir='ltr'>attente,per</span> <span class='ocrx_word' id='word_1_237' title='bbox 1224 2095 1253 2114; x_wconf 83' lang='lat' dir='ltr'>m</span> <span class='ocrx_word' id='word_1_238' title='bbox 1269 2086 1336 2128; x_wconf 56' lang='lat' dir='ltr'>hus,</span> <span class='ocrx_word' id='word_1_239' title='bbox 1355 2096 1418 2123; x_wconf 78' lang='lat' dir='ltr'>quae</span> <span class='ocrx_word' id='word_1_240' title='bbox 1432 2095 1578 2129; x_wconf 76' lang='lat' dir='ltr'>ignorant,</span> <span class='ocrx_word' id='word_1_241' title='bbox 1594 2087 1728 2117; x_wconf 83' lang='lat' dir='ltr'>deteriora</span> <span class='ocrx_word' id='word_1_242' title='bbox 1740 2088 1918 2132; x_wconf 58' lang='lat' dir='ltr'>praesumere,</span> <span class='ocrx_word' id='word_1_243' title='bbox 1937 2090 2035 2119; x_wconf 80' lang='lat' dir='ltr'>verum</span> <span class='ocrx_word' id='word_1_244' title='bbox 2059 2092 2142 2120; x_wconf 84' lang='lat' dir='ltr'>etiam</span> <span class='ocrx_word' id='word_1_245' title='bbox 2157 2101 2220 2130; x_wconf 78' lang='lat' dir='ltr'>quae</span> <span class='ocrx_word' id='word_1_246' title='bbox 2235 2093 2277 2120; x_wconf 84' lang='lat' dir='ltr'>in-</span> <span class='ocrx_word' id='word_1_247' title='bbox 2294 2090 2332 2112; x_wconf 71' lang='lat' dir='ltr'>Ex</span> <span class='ocrx_word' id='word_1_248' title='bbox 2346 2090 2406 2112; x_wconf 44' lang='grc' dir='ltr'>ΑΨ</span> 
     </span>
     <span class='ocr_line' id='line_1_26' title="bbox 121 2123 2362 2170; baseline 0 -12"><span class='ocrx_word' id='word_1_249' title='bbox 121 2128 273 2168; x_wconf 76' lang='lat' dir='ltr'>apostolica</span> <span class='ocrx_word' id='word_1_250' title='bbox 288 2130 338 2159; x_wconf 91' lang='lat' dir='ltr'>tibi</span> <span class='ocrx_word' id='word_1_251' title='bbox 345 2130 441 2168; x_wconf 83' lang='lat' dir='ltr'>scripta</span> <span class='ocrx_word' id='word_1_252' title='bbox 453 2129 626 2166; x_wconf 85' lang='lat' dir='ltr'>mandantes,</span> <span class='ocrx_word' id='word_1_253' title='bbox 638 2129 764 2168; x_wconf 85' lang='lat' dir='ltr'>quatinus</span> <span class='ocrx_word' id='word_1_254' title='bbox 775 2129 878 2159; x_wconf 87' lang='lat' dir='ltr'>eisdem</span> <span class='ocrx_word' id='word_1_255' title='bbox 892 2128 983 2159; x_wconf 88' lang='lat' dir='ltr'>Priori</span> <span class='ocrx_word' id='word_1_256' title='bbox 998 2130 1030 2160; x_wconf 89' lang='lat'>&amp;</span> <span class='ocrx_word' id='word_1_257' title='bbox 1040 2128 1180 2159; x_wconf 89' lang='lat' dir='ltr'>Conven—</span> <span class='ocrx_word' id='word_1_258' title='bbox 1224 2123 1384 2167; x_wconf 80' lang='lat' dir='ltr'>dubitanter</span> <span class='ocrx_word' id='word_1_259' title='bbox 1400 2125 1475 2168; x_wconf 69' lang='lat' dir='ltr'>bQssa</span> <span class='ocrx_word' id='word_1_260' title='bbox 1488 2125 1543 2154; x_wconf 81' lang='lat' dir='ltr'>esse</span> <span class='ocrx_word' id='word_1_261' title='bbox 1557 2135 1712 2169; x_wconf 70' lang='lat' dir='ltr'>noverunt,</span> <span class='ocrx_word' id='word_1_262' title='bbox 1723 2136 1781 2156; x_wconf 89' lang='lat' dir='ltr'>non</span> <span class='ocrx_word' id='word_1_263' title='bbox 1792 2127 1922 2170; x_wconf 80' lang='lat' dir='ltr'>dubitant</span> <span class='ocrx_word' id='word_1_264' title='bbox 1937 2130 2100 2168; x_wconf 81' lang='lat' dir='ltr'>depravare:</span> <span class='ocrx_word' id='word_1_265' title='bbox 2118 2128 2281 2159; x_wconf 79' lang='lat' dir='ltr'>Cariffimus</span> <span class='ocrx_word' id='word_1_266' title='bbox 2298 2131 2362 2161; x_wconf 61' lang='lat'><em>‘⁰2¹&#39;-</em></span> 
     </span>
     <span class='ocr_line' id='line_1_27' title="bbox 123 2160 2283 2208; baseline -0 -11"><span class='ocrx_word' id='word_1_267' title='bbox 123 2168 163 2197; x_wconf 89' lang='lat' dir='ltr'>tui</span> <span class='ocrx_word' id='word_1_268' title='bbox 178 2166 319 2197; x_wconf 86' lang='lat' dir='ltr'>ecclesiam</span> <span class='ocrx_word' id='word_1_269' title='bbox 342 2168 440 2206; x_wconf 86' lang='lat' dir='ltr'>ipsam,</span> <span class='ocrx_word' id='word_1_270' title='bbox 459 2178 526 2198; x_wconf 90' lang='lat' dir='ltr'>cum</span> <span class='ocrx_word' id='word_1_271' title='bbox 541 2168 677 2197; x_wconf 70' lang='lat' dir='ltr'>frufflbus</span> <span class='ocrx_word' id='word_1_272' title='bbox 700 2168 767 2197; x_wconf 90' lang='lat' dir='ltr'>inde</span> <span class='ocrx_word' id='word_1_273' title='bbox 801 2168 931 2207; x_wconf 88' lang='lat' dir='ltr'>erceptis,</span> <span class='ocrx_word' id='word_1_274' title='bbox 947 2177 1000 2204; x_wconf 88' lang='lat' dir='ltr'>pro</span> <span class='ocrx_word' id='word_1_275' title='bbox 1016 2167 1179 2206; x_wconf 61' lang='lat' dir='ltr'>apostolicae</span> <span class='ocrx_word' id='word_1_276' title='bbox 1225 2172 1254 2191; x_wconf 76' lang='lat'>¹1¹</span> <span class='ocrx_word' id='word_1_277' title='bbox 1268 2160 1385 2192; x_wconf 72' lang='lat' dir='ltr'>Chrlsto</span> <span class='ocrx_word' id='word_1_278' title='bbox 1399 2162 1468 2192; x_wconf 77' lang='lat' dir='ltr'>films</span> <span class='ocrx_word' id='word_1_279' title='bbox 1482 2163 1577 2193; x_wconf 70' lang='lat' dir='ltr'>noster</span> <span class='ocrx_word' id='word_1_280' title='bbox 1705 2164 1815 2208; x_wconf 77' lang='lat' dir='ltr'>illustris</span> <span class='ocrx_word' id='word_1_281' title='bbox 1830 2166 1894 2195; x_wconf 76' lang='lat' dir='ltr'>Rex</span> <span class='ocrx_word' id='word_1_282' title='bbox 1916 2166 2042 2206; x_wconf 77' lang='lat' dir='ltr'>Angliae,</span> <span class='ocrx_word' id='word_1_283' title='bbox 2060 2167 2130 2197; x_wconf 89' lang='lat' dir='ltr'>olim</span> <span class='ocrx_word' id='word_1_284' title='bbox 2146 2166 2206 2197; x_wconf 79' lang='lat' dir='ltr'>haec</span> <span class='ocrx_word' id='word_1_285' title='bbox 2218 2178 2283 2207; x_wconf 85' lang='lat' dir='ltr'>pru-</span> 
     </span>
     <span class='ocr_line' id='line_1_28' title="bbox 122 2200 2282 2247; baseline 0 -13"><span class='ocrx_word' id='word_1_286' title='bbox 122 2205 190 2235; x_wconf 87' lang='lat' dir='ltr'>sedis</span> <span class='ocrx_word' id='word_1_287' title='bbox 209 2206 242 2236; x_wconf 90' lang='lat'>&amp;</span> <span class='ocrx_word' id='word_1_288' title='bbox 261 2205 354 2235; x_wconf 77' lang='lat' dir='ltr'>nostra</span> <span class='ocrx_word' id='word_1_289' title='bbox 375 2206 544 2244; x_wconf 65' lang='lat' dir='ltr'>reverentis,</span> <span class='ocrx_word' id='word_1_290' title='bbox 560 2206 617 2236; x_wconf 90' lang='lat' dir='ltr'>sine</span> <span class='ocrx_word' id='word_1_291' title='bbox 638 2206 719 2236; x_wconf 90' lang='lat' dir='ltr'>omni</span> <span class='ocrx_word' id='word_1_292' title='bbox 743 2205 770 2236; x_wconf 88' lang='lat' dir='ltr'>di</span> <span class='ocrx_word' id='word_1_293' title='bbox 805 2206 904 2237; x_wconf 86' lang='lat' dir='ltr'>cultate</span> <span class='ocrx_word' id='word_1_294' title='bbox 919 2215 951 2236; x_wconf 87' lang='lat' dir='ltr'>ac</span> <span class='ocrx_word' id='word_1_295' title='bbox 964 2215 1056 2236; x_wconf 79' lang='lat' dir='ltr'>morae</span> <span class='ocrx_word' id='word_1_296' title='bbox 1071 2205 1180 2246; x_wconf 89' lang='lat' dir='ltr'>dispen-</span> <span class='ocrx_word' id='word_1_297' title='bbox 1225 2200 1321 2230; x_wconf 89' lang='lat' dir='ltr'>denter</span> <span class='ocrx_word' id='word_1_298' title='bbox 1336 2200 1494 2245; x_wconf 77' lang='lat' dir='ltr'>attendens,</span> <span class='ocrx_word' id='word_1_299' title='bbox 1510 2202 1543 2232; x_wconf 82' lang='lat'>&amp;</span> <span class='ocrx_word' id='word_1_300' title='bbox 1557 2210 1656 2246; x_wconf 46' lang='lat' dir='ltr'>cavere</span> <span class='ocrx_word' id='word_1_301' title='bbox 1667 2212 1781 2239; x_wconf 75' lang='lat' dir='ltr'>cuplesss</span> <span class='ocrx_word' id='word_1_302' title='bbox 1794 2203 1848 2233; x_wconf 83' lang='lat' dir='ltr'>suae</span> <span class='ocrx_word' id='word_1_303' title='bbox 1861 2205 1950 2247; x_wconf 77' lang='lat' dir='ltr'>proli,</span> <span class='ocrx_word' id='word_1_304' title='bbox 1969 2206 2006 2235; x_wconf 80' lang='lat' dir='ltr'>ne</span> <span class='ocrx_word' id='word_1_305' title='bbox 2022 2206 2177 2242; x_wconf 82' lang='lat' dir='ltr'>aliquorum</span> <span class='ocrx_word' id='word_1_306' title='bbox 2192 2215 2282 2236; x_wconf 82' lang='lat' dir='ltr'>aemu-</span> 
     </span>
     <span class='ocr_line' id='line_1_29' title="bbox 121 2238 2285 2309; baseline 0.003 -42"><span class='ocrx_word' id='word_1_307' title='bbox 121 2243 187 2281; x_wconf 62' lang='lat' dir='ltr'>dio,</span> <span class='ocrx_word' id='word_1_308' title='bbox 207 2242 347 2274; x_wconf 64' lang='lat' dir='ltr'>restituere</span> <span class='ocrx_word' id='word_1_309' title='bbox 360 2255 420 2274; x_wconf 73' lang='lat' dir='ltr'>non</span> <span class='ocrx_word' id='word_1_310' title='bbox 434 2245 547 2274; x_wconf 88' lang='lat' dir='ltr'>omittas</span> <span class='ocrx_word' id='word_1_311' title='bbox 555 2255 565 2282; x_wconf 76' lang='lat'>3</span> <span class='ocrx_word' id='word_1_312' title='bbox 1226 2238 1500 2283; x_wconf 34' lang='lat' dir='ltr'>lorum&#39;calumpniae</span> <span class='ocrx_word' id='word_1_313' title='bbox 1514 2241 1596 2280; x_wconf 81' lang='lat' dir='ltr'>possit</span> <span class='ocrx_word' id='word_1_314' title='bbox 1610 2250 1637 2270; x_wconf 84' lang='lat' dir='ltr'>in</span> <span class='ocrx_word' id='word_1_315' title='bbox 1646 2242 1797 2309; x_wconf 59' lang='lat' dir='ltr'>XQstcmm</span> <span class='ocrx_word' id='word_1_316' title='bbox 1810 2242 1958 2281; x_wconf 75' lang='lat' dir='ltr'>subjacere,</span> <span class='ocrx_word' id='word_1_317' title='bbox 1976 2244 2055 2273; x_wconf 84' lang='lat' dir='ltr'>nobis</span> <span class='ocrx_word' id='word_1_318' title='bbox 2068 2243 2209 2274; x_wconf 88' lang='lat' dir='ltr'>humiliter</span> <span class='ocrx_word' id='word_1_319' title='bbox 2222 2244 2285 2284; x_wconf 86' lang='lat' dir='ltr'>sup-</span> 
     </span>
     <span class='ocr_line' id='line_1_30' title="bbox 162 2276 2284 2323; baseline 0 -11"><span class='ocrx_word' id='word_1_320' title='bbox 162 2281 209 2312; x_wconf 93' lang='lat' dir='ltr'>Ut</span> <span class='ocrx_word' id='word_1_321' title='bbox 226 2292 294 2319; x_wconf 79' lang='lat' dir='ltr'>nOS,</span> <span class='ocrx_word' id='word_1_322' title='bbox 312 2283 360 2320; x_wconf 86' lang='lat' dir='ltr'>qui</span> <span class='ocrx_word' id='word_1_323' title='bbox 372 2283 400 2312; x_wconf 90' lang='lat' dir='ltr'>in</span> <span class='ocrx_word' id='word_1_324' title='bbox 416 2282 473 2313; x_wconf 87' lang='lat' dir='ltr'>hoc</span> <span class='ocrx_word' id='word_1_325' title='bbox 487 2283 570 2312; x_wconf 89' lang='lat' dir='ltr'>nobis</span> <span class='ocrx_word' id='word_1_326' title='bbox 588 2282 734 2320; x_wconf 86' lang='lat' dir='ltr'>specialem</span> <span class='ocrx_word' id='word_1_327' title='bbox 748 2283 861 2321; x_wconf 80' lang='lat' dir='ltr'>gratiam</span> <span class='ocrx_word' id='word_1_328' title='bbox 878 2281 935 2312; x_wconf 86' lang='lat' dir='ltr'>fieri</span> <span class='ocrx_word' id='word_1_329' title='bbox 952 2290 1124 2322; x_wconf 80' lang='lat' dir='ltr'>reputamus,</span> <span class='ocrx_word' id='word_1_330' title='bbox 1143 2290 1181 2321; x_wconf 78' lang='lat' dir='ltr'>te,</span> <span class='ocrx_word' id='word_1_331' title='bbox 1224 2276 1337 2315; x_wconf 72' lang='lat' dir='ltr'>plicavu</span> <span class='ocrx_word' id='word_1_332' title='bbox 1355 2287 1404 2316; x_wconf 88' lang='lat' dir='ltr'>ut,</span> <span class='ocrx_word' id='word_1_333' title='bbox 1421 2280 1498 2317; x_wconf 88' lang='lat' dir='ltr'>super</span> <span class='ocrx_word' id='word_1_334' title='bbox 1518 2289 1570 2322; x_wconf 82' lang='lat' dir='ltr'>eo,</span> <span class='ocrx_word' id='word_1_335' title='bbox 1588 2289 1645 2317; x_wconf 89' lang='lat' dir='ltr'>quo</span> <span class='ocrx_word' id='word_1_336' title='bbox 1686 2288 1818 2323; x_wconf 67' lang='lat' dir='ltr'>juraverat</span> <span class='ocrx_word' id='word_1_337' title='bbox 1838 2281 2003 2312; x_wconf 88' lang='lat' dir='ltr'>carissimam</span> <span class='ocrx_word' id='word_1_338' title='bbox 2022 2283 2050 2312; x_wconf 93' lang='lat' dir='ltr'>in</span> <span class='ocrx_word' id='word_1_339' title='bbox 2067 2281 2184 2312; x_wconf 89' lang='lat' dir='ltr'>Christo</span> <span class='ocrx_word' id='word_1_340' title='bbox 2199 2282 2284 2313; x_wconf 83' lang='lat' dir='ltr'>filiam</span> 
     </span>
     <span class='ocr_line' id='line_1_31' title="bbox 121 2315 2283 2361; baseline 0.004 -11"><span class='ocrx_word' id='word_1_341' title='bbox 121 2321 175 2350; x_wconf 83' lang='lat' dir='ltr'>tuis</span> <span class='ocrx_word' id='word_1_342' title='bbox 189 2329 245 2350; x_wconf 88' lang='lat' dir='ltr'>tem</span> <span class='ocrx_word' id='word_1_343' title='bbox 268 2322 375 2358; x_wconf 87' lang='lat' dir='ltr'>oribus,</span> <span class='ocrx_word' id='word_1_344' title='bbox 394 2322 474 2360; x_wconf 86' lang='lat' dir='ltr'>gratis</span> <span class='ocrx_word' id='word_1_345' title='bbox 487 2321 645 2351; x_wconf 68' lang='lat' dir='ltr'>aetionibus</span> <span class='ocrx_word' id='word_1_346' title='bbox 657 2322 805 2360; x_wconf 87' lang='lat' dir='ltr'>gratiarum</span> <span class='ocrx_word' id='word_1_347' title='bbox 821 2344 830 2359; x_wconf 87' lang='lat'>,</span> <span class='ocrx_word' id='word_1_348' title='bbox 849 2321 882 2351; x_wconf 89' lang='lat'>&amp;</span> <span class='ocrx_word' id='word_1_349' title='bbox 900 2321 1003 2351; x_wconf 80' lang='lat' dir='ltr'>debitae</span> <span class='ocrx_word' id='word_1_350' title='bbox 1018 2321 1181 2352; x_wconf 82' lang='lat' dir='ltr'>retributio·</span> <span class='ocrx_word' id='word_1_351' title='bbox 1226 2315 1689 2361; x_wconf 60' lang='lat' dir='ltr'>nostramJ9h2n¹¹⁸11b‚¹flustfem</span> <span class='ocrx_word' id='word_1_352' title='bbox 1705 2316 1846 2357; x_wconf 65' lang='lat' dir='ltr'>Regmam</span> <span class='ocrx_word' id='word_1_353' title='bbox 1861 2318 2008 2358; x_wconf 86' lang='lat' dir='ltr'>Castellae,</span> <span class='ocrx_word' id='word_1_354' title='bbox 2027 2328 2119 2351; x_wconf 90' lang='lat' dir='ltr'>natam</span> <span class='ocrx_word' id='word_1_355' title='bbox 2139 2322 2283 2358; x_wconf 89' lang='lat' dir='ltr'>quondam</span> 
     </span>
     <span class='ocr_line' id='line_1_32' title="bbox 120 2353 2284 2401; baseline 0 -13"><span class='ocrx_word' id='word_1_356' title='bbox 120 2359 163 2388; x_wconf 89' lang='lat' dir='ltr'>nis</span> <span class='ocrx_word' id='word_1_357' title='bbox 174 2359 230 2389; x_wconf 91' lang='lat' dir='ltr'>vici</span> <span class='ocrx_word' id='word_1_358' title='bbox 254 2359 358 2389; x_wconf 87' lang='lat' dir='ltr'>itudine</span> <span class='ocrx_word' id='word_1_359' title='bbox 371 2360 399 2389; x_wconf 90' lang='lat' dir='ltr'>in</span> <span class='ocrx_word' id='word_1_360' title='bbox 415 2361 466 2390; x_wconf 88' lang='lat' dir='ltr'>tuis</span> <span class='ocrx_word' id='word_1_361' title='bbox 480 2359 713 2400; x_wconf 88' lang='lat' dir='ltr'>postulationibus</span> <span class='ocrx_word' id='word_1_362' title='bbox 727 2359 933 2400; x_wconf 86' lang='lat' dir='ltr'>prosequamur.</span> <span class='ocrx_word' id='word_1_363' title='bbox 1301 2353 1426 2397; x_wconf 69' lang='lat' dir='ltr'>Comitis</span> <span class='ocrx_word' id='word_1_364' title='bbox 1440 2355 1554 2385; x_wconf 76' lang='grc' dir='ltr'><strong>Ροηῑινι</strong></span> <span class='ocrx_word' id='word_1_365' title='bbox 1564 2379 1572 2393; x_wconf 84' lang='grc'>,</span> <span class='ocrx_word' id='word_1_366' title='bbox 1591 2364 1658 2400; x_wconf 77' lang='lat' dir='ltr'>tunc</span> <span class='ocrx_word' id='word_1_367' title='bbox 1672 2355 1807 2394; x_wconf 84' lang='lat' dir='ltr'>solutam,</span> <span class='ocrx_word' id='word_1_368' title='bbox 1826 2357 1929 2401; x_wconf 84' lang='lat' dir='ltr'>ducere</span> <span class='ocrx_word' id='word_1_369' title='bbox 1941 2361 1970 2388; x_wconf 94' lang='lat' dir='ltr'>in</span> <span class='ocrx_word' id='word_1_370' title='bbox 1985 2367 2118 2397; x_wconf 84' lang='lat' dir='ltr'>uxorem,</span> <span class='ocrx_word' id='word_1_371' title='bbox 2136 2360 2169 2390; x_wconf 69' lang='grc' dir='ltr'>ὃ(</span> <span class='ocrx_word' id='word_1_372' title='bbox 2184 2369 2233 2397; x_wconf 90' lang='lat' dir='ltr'>per</span> <span class='ocrx_word' id='word_1_373' title='bbox 2241 2361 2284 2389; x_wconf 64' lang='lat' dir='ltr'>in&lt;</span> 
     </span>
     <span class='ocr_line' id='line_1_33' title="bbox 1225 2393 2282 2435; baseline 0.005 -12"><span class='ocrx_word' id='word_1_374' title='bbox 1225 2396 1364 2433; x_wconf 84' lang='lat' dir='ltr'>terpositas</span> <span class='ocrx_word' id='word_1_375' title='bbox 1382 2393 1509 2432; x_wconf 79' lang='lat' dir='ltr'>pei-sonas</span> <span class='ocrx_word' id='word_1_376' title='bbox 1529 2404 1597 2424; x_wconf 88' lang='lat' dir='ltr'>cuin</span> <span class='ocrx_word' id='word_1_377' title='bbox 1616 2395 1688 2433; x_wconf 86' lang='lat' dir='ltr'>ipsa,</span> <span class='ocrx_word' id='word_1_378' title='bbox 1705 2404 1842 2434; x_wconf 88' lang='lat' dir='ltr'>quantum</span> <span class='ocrx_word' id='word_1_379' title='bbox 1865 2406 1893 2426; x_wconf 91' lang='lat' dir='ltr'>in</span> <span class='ocrx_word' id='word_1_380' title='bbox 1909 2397 1934 2427; x_wconf 72' lang='lat' dir='ltr'>se</span> <span class='ocrx_word' id='word_1_381' title='bbox 1953 2397 2053 2435; x_wconf 88' lang='lat' dir='ltr'>fuerat,</span> <span class='ocrx_word' id='word_1_382' title='bbox 2069 2398 2282 2429; x_wconf 83' lang='lat' dir='ltr'>matrimonium</span> 
     </span>
     <span class='ocr_line' id='line_1_34' title="bbox 159 2431 2283 2476; baseline 0 -10"><span class='ocrx_word' id='word_1_383' title='bbox 159 2434 226 2465; x_wconf 75' lang='lat' dir='ltr'>Dat.</span> <span class='ocrx_word' id='word_1_384' title='bbox 246 2435 366 2474; x_wconf 82' lang='lat' dir='ltr'>Perusii,</span> <span class='ocrx_word' id='word_1_385' title='bbox 387 2445 419 2475; x_wconf 82' lang='lat'>¹3</span> <span class='ocrx_word' id='word_1_386' title='bbox 436 2436 499 2467; x_wconf 86' lang='lat' dir='ltr'>Kal.</span> <span class='ocrx_word' id='word_1_387' title='bbox 513 2435 629 2475; x_wconf 86' lang='lat' dir='ltr'>August.</span> <span class='ocrx_word' id='word_1_388' title='bbox 643 2435 827 2467; x_wconf 73' lang='lat' dir='ltr'>Pontificattis</span> <span class='ocrx_word' id='word_1_389' title='bbox 842 2435 930 2466; x_wconf 83' lang='lat' dir='ltr'>nostri</span> <span class='ocrx_word' id='word_1_390' title='bbox 940 2445 1016 2466; x_wconf 90' lang='lat' dir='ltr'>anno</span> <span class='ocrx_word' id='word_1_391' title='bbox 1030 2436 1152 2467; x_wconf 78' lang='lat' dir='ltr'>decimo,</span> <span class='ocrx_word' id='word_1_392' title='bbox 1225 2431 1339 2461; x_wconf 74' lang='lat' dir='ltr'>duxerat</span> <span class='ocrx_word' id='word_1_393' title='bbox 1366 2431 1589 2476; x_wconf 75' lang='lat' dir='ltr'>contrahendum</span> <span class='ocrx_word' id='word_1_394' title='bbox 1606 2455 1615 2470; x_wconf 96' lang='lat'>,</span> <span class='ocrx_word' id='word_1_395' title='bbox 1638 2443 1671 2476; x_wconf 76' lang='lat' dir='ltr'>ac</span> <span class='ocrx_word' id='word_1_396' title='bbox 1689 2433 1804 2463; x_wconf 87' lang='lat' dir='ltr'>tandem</span> <span class='ocrx_word' id='word_1_397' title='bbox 1824 2444 1974 2472; x_wconf 86' lang='lat' dir='ltr'>comperto</span> <span class='ocrx_word' id='word_1_398' title='bbox 1995 2435 2074 2473; x_wconf 79' lang='lat' dir='ltr'>quod</span> <span class='ocrx_word' id='word_1_399' title='bbox 2095 2435 2168 2465; x_wconf 88' lang='lat' dir='ltr'>illam</span> <span class='ocrx_word' id='word_1_400' title='bbox 2189 2444 2283 2475; x_wconf 88' lang='lat' dir='ltr'>quarta</span> 
     </span>
     <span class='ocr_line' id='line_1_35' title="bbox 1058 2471 2284 2512; baseline 0.004 -13"><span class='ocrx_word' id='word_1_401' title='bbox 1058 2503 1062 2507; x_wconf 66' lang='lat'><em>,</em></span> <span class='ocrx_word' id='word_1_402' title='bbox 1226 2471 1466 2509; x_wconf 70' lang='lat' dir='ltr'>consanguinitatis</span> <span class='ocrx_word' id='word_1_403' title='bbox 1484 2471 1554 2500; x_wconf 81' lang='lat' dir='ltr'>linea</span> <span class='ocrx_word' id='word_1_404' title='bbox 1575 2471 1754 2509; x_wconf 81' lang='lat' dir='ltr'>contingebat</span> <span class='ocrx_word' id='word_1_405' title='bbox 1770 2494 1779 2509; x_wconf 92' lang='lat'>,</span> <span class='ocrx_word' id='word_1_406' title='bbox 1799 2474 1981 2503; x_wconf 87' lang='lat' dir='ltr'>matrimonio</span> <span class='ocrx_word' id='word_1_407' title='bbox 1994 2474 2150 2512; x_wconf 88' lang='lat' dir='ltr'>hujusmodi</span> <span class='ocrx_word' id='word_1_408' title='bbox 2164 2475 2284 2504; x_wconf 67' lang='lat' dir='ltr'>minime</span> 
     </span>
     <span class='ocr_line' id='line_1_36' title="bbox 506 2507 2284 2552; baseline 0.003 -15"><span class='ocrx_word' id='word_1_409' title='bbox 506 2512 595 2550; x_wconf 67' lang='lat' dir='ltr'>sigillo</span> <span class='ocrx_word' id='word_1_410' title='bbox 604 2511 724 2551; x_wconf 69' lang='lat' dir='ltr'>plumbeo</span> <span class='ocrx_word' id='word_1_411' title='bbox 733 2512 844 2551; x_wconf 70' lang='lat' dir='ltr'>penden,</span> <span class='ocrx_word' id='word_1_412' title='bbox 862 2524 880 2542; x_wconf 78' lang='lat' dir='ltr'>a</span> <span class='ocrx_word' id='word_1_413' title='bbox 892 2511 939 2552; x_wconf 78' lang='lat' dir='ltr'>filo</span> <span class='ocrx_word' id='word_1_414' title='bbox 952 2513 1075 2543; x_wconf 57' lang='lat' dir='ltr'>cambes),</span> <span class='ocrx_word' id='word_1_415' title='bbox 1225 2507 1440 2552; x_wconf 81' lang='lat' dir='ltr'>consummato,</span> <span class='ocrx_word' id='word_1_416' title='bbox 1459 2508 1624 2552; x_wconf 78' lang='lat' dir='ltr'>carissimam</span> <span class='ocrx_word' id='word_1_417' title='bbox 1636 2510 1665 2539; x_wconf 89' lang='lat' dir='ltr'>in</span> <span class='ocrx_word' id='word_1_418' title='bbox 1678 2509 1793 2540; x_wconf 85' lang='lat' dir='ltr'>Christo</span> <span class='ocrx_word' id='word_1_419' title='bbox 1805 2510 1888 2541; x_wconf 80' lang='lat' dir='ltr'>filiam</span> <span class='ocrx_word' id='word_1_420' title='bbox 1906 2511 2046 2550; x_wconf 85' lang='lat' dir='ltr'>nostram,</span> <span class='ocrx_word' id='word_1_421' title='bbox 2061 2511 2232 2548; x_wconf 87' lang='lat' dir='ltr'>Alyenoram</span> <span class='ocrx_word' id='word_1_422' title='bbox 2249 2513 2284 2542; x_wconf 80' lang='lat' dir='ltr'>il-</span> 
     </span>
     <span class='ocr_line' id='line_1_37' title="bbox 1225 2545 2284 2597; baseline 0.006 -22"><span class='ocrx_word' id='word_1_423' title='bbox 1225 2545 1338 2589; x_wconf 84' lang='lat' dir='ltr'>lustrem</span> <span class='ocrx_word' id='word_1_424' title='bbox 1354 2546 1495 2585; x_wconf 79' lang='lat' dir='ltr'>Reginam</span> <span class='ocrx_word' id='word_1_425' title='bbox 1512 2547 1642 2597; x_wconf 77' lang='lat' dir='ltr'>Angliae,</span> <span class='ocrx_word' id='word_1_426' title='bbox 1660 2556 1752 2589; x_wconf 75' lang='lat' dir='ltr'>natam</span> <span class='ocrx_word' id='word_1_427' title='bbox 1761 2548 1841 2578; x_wconf 79' lang='lat' dir='ltr'>clarae</span> <span class='ocrx_word' id='word_1_428' title='bbox 1858 2551 2002 2579; x_wconf 74' lang='lat' dir='ltr'>memoriae</span> <span class='ocrx_word' id='word_1_429' title='bbox 2076 2549 2197 2581; x_wconf 88' lang='lat' dir='ltr'>Comitis</span> <span class='ocrx_word' id='word_1_430' title='bbox 2212 2550 2284 2580; x_wconf 85' lang='lat' dir='ltr'>Pro-</span> 
     </span>
     <span class='ocr_line' id='line_1_38' title="bbox 1225 2584 2285 2632; baseline 0.006 -19"><span class='ocrx_word' id='word_1_431' title='bbox 1225 2586 1345 2622; x_wconf 81' lang='lat' dir='ltr'>vinciae,</span> <span class='ocrx_word' id='word_1_432' title='bbox 1367 2586 1487 2628; x_wconf 75' lang='lat' dir='ltr'>infacie</span> <span class='ocrx_word' id='word_1_433' title='bbox 1502 2584 1633 2629; x_wconf 58' lang='lat' dir='ltr'>licereliae</span> <span class='ocrx_word' id='word_1_434' title='bbox 1655 2586 1704 2616; x_wconf 86' lang='lat' dir='ltr'>libi</span> <span class='ocrx_word' id='word_1_435' title='bbox 1721 2588 1958 2618; x_wconf 76' lang='lat' dir='ltr'>matrimonialiter</span> <span class='ocrx_word' id='word_1_436' title='bbox 1971 2588 2173 2632; x_wconf 67' lang='lat' dir='ltr'>copulaverat,</span> <span class='ocrx_word' id='word_1_437' title='bbox 2189 2591 2285 2629; x_wconf 90' lang='lat' dir='ltr'>provi-</span> 
     </span>
     <span class='ocr_line' id='line_1_39' title="bbox 6 2621 2284 2704; baseline -0 -24"><span class='ocrx_word' id='word_1_438' title='bbox 6 2660 102 2697; x_wconf 41' lang='lat'>1473.</span> <span class='ocrx_word' id='word_1_439' title='bbox 123 2647 143 2667; x_wconf 74' lang='lat'>&#39;‘</span> <span class='ocrx_word' id='word_1_440' title='bbox 168 2648 256 2681; x_wconf 70' lang='lat' dir='ltr'>Bulla</span> <span class='ocrx_word' id='word_1_441' title='bbox 287 2650 451 2680; x_wconf 75' lang='lat' dir='ltr'>Innocentii</span> <span class='ocrx_word' id='word_1_442' title='bbox 480 2645 515 2679; x_wconf 79' lang='lat' dir='ltr'>de</span> <span class='ocrx_word' id='word_1_443' title='bbox 537 2646 754 2690; x_wconf 76' lang='lat' dir='ltr'>confirmatione</span> <span class='ocrx_word' id='word_1_444' title='bbox 781 2647 1004 2688; x_wconf 78' lang='lat' dir='ltr'>Matrimonii,</span> <span class='ocrx_word' id='word_1_445' title='bbox 1036 2647 1179 2679; x_wconf 61' lang='lat' dir='ltr'>contrafli</span> <span class='ocrx_word' id='word_1_446' title='bbox 1224 2621 2284 2704; x_wconf 30' lang='lat' dir='ltr'>‹3523haczlffissffg&amp;celfflssssgfiffissofssgffl&amp;3313ssssth[Udffiffc‘ffiggffffigg</span> 
     </span>
     <span class='ocr_line' id='line_1_40' title="bbox 167 2695 2281 2741; baseline 0.002 -12"><span class='ocrx_word' id='word_1_447' title='bbox 167 2708 235 2729; x_wconf 77' lang='lat' dir='ltr'>cum</span> <span class='ocrx_word' id='word_1_448' title='bbox 249 2698 400 2731; x_wconf 67' lang='lat' dir='ltr'>Alianorcz</span> <span class='ocrx_word' id='word_1_449' title='bbox 411 2722 421 2738; x_wconf 81' lang='lat'>,</span> <span class='ocrx_word' id='word_1_450' title='bbox 447 2697 536 2727; x_wconf 80' lang='lat' dir='ltr'>Nata</span> <span class='ocrx_word' id='word_1_451' title='bbox 556 2698 678 2727; x_wconf 86' lang='lat' dir='ltr'>Comitis</span> <span class='ocrx_word' id='word_1_452' title='bbox 697 2696 877 2736; x_wconf 82' lang='lat' dir='ltr'>Provinciae‚</span> <span class='ocrx_word' id='word_1_453' title='bbox 903 2698 1016 2741; x_wconf 84' lang='lat' dir='ltr'>Regina</span> <span class='ocrx_word' id='word_1_454' title='bbox 1026 2695 1150 2741; x_wconf 78' lang='lat' dir='ltr'>Angliae.</span> <span class='ocrx_word' id='word_1_455' title='bbox 1224 2697 1379 2730; x_wconf 82' lang='lat' dir='ltr'>Eboracen.</span> <span class='ocrx_word' id='word_1_456' title='bbox 1395 2701 1428 2731; x_wconf 93' lang='lat'>&amp;</span> <span class='ocrx_word' id='word_1_457' title='bbox 1532 2700 1676 2739; x_wconf 86' lang='lat' dir='ltr'>Episcopo</span> <span class='ocrx_word' id='word_1_458' title='bbox 1694 2700 1883 2732; x_wconf 86' lang='lat' dir='ltr'>Hereforden.</span> <span class='ocrx_word' id='word_1_459' title='bbox 1905 2702 2007 2733; x_wconf 83' lang='lat' dir='ltr'>nostris</span> <span class='ocrx_word' id='word_1_460' title='bbox 2027 2702 2194 2734; x_wconf 78' lang='lat' dir='ltr'>dedissemus</span> <span class='ocrx_word' id='word_1_461' title='bbox 2208 2705 2281 2734; x_wconf 87' lang='lat' dir='ltr'>litte-</span> 
     </span>
     <span class='ocr_line' id='line_1_41' title="bbox 378 2738 2281 2781; baseline 0.004 -17"><span class='ocrx_word' id='word_1_462' title='bbox 378 2754 381 2756; x_wconf 98' lang='grc'>-</span> <span class='ocrx_word' id='word_1_463' title='bbox 1224 2738 1260 2768; x_wconf 89' lang='lat' dir='ltr'>ris</span> <span class='ocrx_word' id='word_1_464' title='bbox 1281 2739 1310 2768; x_wconf 92' lang='lat' dir='ltr'>in</span> <span class='ocrx_word' id='word_1_465' title='bbox 1332 2738 1483 2777; x_wconf 87' lang='lat' dir='ltr'>mandatis,</span> <span class='ocrx_word' id='word_1_466' title='bbox 1501 2747 1546 2777; x_wconf 85' lang='lat' dir='ltr'>ut,</span> <span class='ocrx_word' id='word_1_467' title='bbox 1566 2740 1691 2778; x_wconf 88' lang='lat' dir='ltr'>inquisita</span> <span class='ocrx_word' id='word_1_468' title='bbox 1712 2738 1791 2778; x_wconf 89' lang='lat' dir='ltr'>super</span> <span class='ocrx_word' id='word_1_469' title='bbox 1813 2741 1865 2770; x_wconf 86' lang='lat' dir='ltr'>hiis</span> <span class='ocrx_word' id='word_1_470' title='bbox 1885 2740 2040 2780; x_wconf 77' lang='lat' dir='ltr'>diligentius</span> <span class='ocrx_word' id='word_1_471' title='bbox 2060 2743 2189 2781; x_wconf 88' lang='lat' dir='ltr'>veritate,</span> <span class='ocrx_word' id='word_1_472' title='bbox 2208 2743 2227 2772; x_wconf 88' lang='lat' dir='ltr'>si</span> <span class='ocrx_word' id='word_1_473' title='bbox 2241 2743 2281 2773; x_wconf 84' lang='lat' dir='ltr'>eis</span> 
     </span>
     <span class='ocr_line' id='line_1_42' title="bbox 62 2776 2279 2827; baseline 0 -16"><span class='ocrx_word' id='word_1_474' title='bbox 62 2796 92 2827; x_wconf 83' lang='lat' dir='ltr'><strong>D</strong></span> <span class='ocrx_word' id='word_1_475' title='bbox 157 2780 338 2811; x_wconf 88' lang='lat' dir='ltr'>Nnocentius</span> <span class='ocrx_word' id='word_1_476' title='bbox 352 2779 519 2818; x_wconf 86' lang='lat' dir='ltr'>Episcopus,</span> <span class='ocrx_word' id='word_1_477' title='bbox 538 2778 626 2811; x_wconf 91' lang='lat' dir='ltr'>servus</span> <span class='ocrx_word' id='word_1_478' title='bbox 641 2779 786 2810; x_wconf 89' lang='lat' dir='ltr'>servorum</span> <span class='ocrx_word' id='word_1_479' title='bbox 800 2779 875 2817; x_wconf 85' lang='lat' dir='ltr'>Dei,</span> <span class='ocrx_word' id='word_1_480' title='bbox 896 2777 1035 2809; x_wconf 85' lang='lat' dir='ltr'>carissimo</span> <span class='ocrx_word' id='word_1_481' title='bbox 1050 2781 1078 2810; x_wconf 92' lang='lat' dir='ltr'>in</span> <span class='ocrx_word' id='word_1_482' title='bbox 1091 2779 1178 2810; x_wconf 72' lang='lat' dir='ltr'>Chri-</span> <span class='ocrx_word' id='word_1_483' title='bbox 1222 2778 1260 2820; x_wconf 76' lang='lat' dir='ltr'>ita</span> <span class='ocrx_word' id='word_1_484' title='bbox 1276 2776 1330 2807; x_wconf 80' lang='lat' dir='ltr'>esse</span> <span class='ocrx_word' id='word_1_485' title='bbox 1340 2777 1500 2816; x_wconf 84' lang='lat' dir='ltr'>constaret,</span> <span class='ocrx_word' id='word_1_486' title='bbox 1518 2778 1641 2815; x_wconf 85' lang='lat' dir='ltr'>primum</span> <span class='ocrx_word' id='word_1_487' title='bbox 1656 2780 1868 2809; x_wconf 86' lang='lat' dir='ltr'>matrimonium</span> <span class='ocrx_word' id='word_1_488' title='bbox 1883 2780 1915 2810; x_wconf 71' lang='grc' dir='ltr'>ὃς</span> <span class='ocrx_word' id='word_1_489' title='bbox 1927 2780 2117 2818; x_wconf 85' lang='lat' dir='ltr'>juramentum</span> <span class='ocrx_word' id='word_1_490' title='bbox 2126 2801 2135 2818; x_wconf 91' lang='lat'>,</span> <span class='ocrx_word' id='word_1_491' title='bbox 2149 2781 2227 2819; x_wconf 87' lang='lat' dir='ltr'>quod</span> <span class='ocrx_word' id='word_1_492' title='bbox 2243 2779 2279 2811; x_wconf 85' lang='lat' dir='ltr'>de</span> 
     </span>
     <span class='ocr_line' id='line_1_43' title="bbox 0 2807 2283 2864; baseline 0 -16"><span class='ocrx_word' id='word_1_493' title='bbox 0 2807 61 2864; x_wconf 49' lang='grc' dir='ltr'>[ΜΖ</span> <span class='ocrx_word' id='word_1_494' title='bbox 98 2820 103 2827; x_wconf 83' lang='lat'><strong>‘</strong></span> <span class='ocrx_word' id='word_1_495' title='bbox 166 2819 210 2849; x_wconf 88' lang='lat' dir='ltr'>sto</span> <span class='ocrx_word' id='word_1_496' title='bbox 224 2819 282 2851; x_wconf 83' lang='lat' dir='ltr'>filio</span> <span class='ocrx_word' id='word_1_497' title='bbox 297 2818 338 2849; x_wconf 93' lang='lat' dir='ltr'>H.</span> <span class='ocrx_word' id='word_1_498' title='bbox 351 2819 449 2849; x_wconf 91' lang='lat' dir='ltr'>illustri</span> <span class='ocrx_word' id='word_1_499' title='bbox 468 2818 543 2858; x_wconf 85' lang='lat' dir='ltr'>Regi</span> <span class='ocrx_word' id='word_1_500' title='bbox 557 2818 668 2858; x_wconf 82' lang='lat' dir='ltr'>Angliae</span> <span class='ocrx_word' id='word_1_501' title='bbox 682 2819 796 2849; x_wconf 72' lang='lat' dir='ltr'>salutem</span> <span class='ocrx_word' id='word_1_502' title='bbox 811 2818 843 2849; x_wconf 69' lang='grc' dir='ltr'>ὃς</span> <span class='ocrx_word' id='word_1_503' title='bbox 863 2817 1045 2858; x_wconf 84' lang='lat' dir='ltr'>apostolicam</span> <span class='ocrx_word' id='word_1_504' title='bbox 1064 2818 1178 2849; x_wconf 85' lang='lat' dir='ltr'>benedi-</span> <span class='ocrx_word' id='word_1_505' title='bbox 1223 2814 1282 2852; x_wconf 88' lang='lat' dir='ltr'>ipso</span> <span class='ocrx_word' id='word_1_506' title='bbox 1298 2816 1492 2846; x_wconf 89' lang='lat' dir='ltr'>contrahendo</span> <span class='ocrx_word' id='word_1_507' title='bbox 1512 2817 1606 2854; x_wconf 86' lang='lat' dir='ltr'>primo</span> <span class='ocrx_word' id='word_1_508' title='bbox 1622 2815 1801 2860; x_wconf 80' lang='lat' dir='ltr'>praestiterat,</span> <span class='ocrx_word' id='word_1_509' title='bbox 1820 2828 1879 2848; x_wconf 91' lang='lat' dir='ltr'>non</span> <span class='ocrx_word' id='word_1_510' title='bbox 1895 2826 1988 2848; x_wconf 88' lang='lat' dir='ltr'>tenere</span> <span class='ocrx_word' id='word_1_511' title='bbox 2006 2840 2016 2856; x_wconf 94' lang='lat'>,</span> <span class='ocrx_word' id='word_1_512' title='bbox 2031 2828 2063 2848; x_wconf 90' lang='lat' dir='ltr'>ac</span> <span class='ocrx_word' id='word_1_513' title='bbox 2083 2819 2171 2849; x_wconf 89' lang='lat' dir='ltr'>valere</span> <span class='ocrx_word' id='word_1_514' title='bbox 2184 2819 2283 2849; x_wconf 85' lang='lat' dir='ltr'>secun-</span> 
     </span>
     <span class='ocr_line' id='line_1_44' title="bbox 4 2844 2282 2901; baseline 0 -14"><span class='ocrx_word' id='word_1_515' title='bbox 4 2844 39 2874; x_wconf 80' lang='lat'>25</span> <span class='ocrx_word' id='word_1_516' title='bbox 57 2860 73 2901; x_wconf 78' lang='lat'>6&#39;</span> <span class='ocrx_word' id='word_1_517' title='bbox 121 2857 258 2888; x_wconf 64' lang='lat' dir='ltr'>estimem.</span> <span class='ocrx_word' id='word_1_518' title='bbox 1224 2854 1310 2891; x_wconf 78' lang='lat' dir='ltr'>dum,</span> <span class='ocrx_word' id='word_1_519' title='bbox 1329 2854 1491 2885; x_wconf 61' lang='lat' dir='ltr'>audioritate</span> <span class='ocrx_word' id='word_1_520' title='bbox 1504 2854 1668 2892; x_wconf 87' lang='lat' dir='ltr'>Apostolica</span> <span class='ocrx_word' id='word_1_521' title='bbox 1682 2855 1832 2886; x_wconf 84' lang='lat' dir='ltr'>decernere</span> <span class='ocrx_word' id='word_1_522' title='bbox 1845 2865 2041 2896; x_wconf 81' lang='lat' dir='ltr'>procurarent,</span> <span class='ocrx_word' id='word_1_523' title='bbox 2059 2857 2282 2888; x_wconf 71' lang='lat' dir='ltr'>contradietores</span> 
     </span>
     <span class='ocr_line' id='line_1_45' title="bbox 0 2885 2283 2937; baseline 0 -12"><span class='ocrx_word' id='word_1_524' title='bbox 0 2885 18 2901; x_wconf 71' lang='lat'>²&#39;</span> <span class='ocrx_word' id='word_1_525' title='bbox 40 2885 51 2911; x_wconf 82' lang='lat'><em>3</em></span> <span class='ocrx_word' id='word_1_526' title='bbox 75 2896 82 2903; x_wconf 73' lang='lat'><strong>⁹</strong></span> <span class='ocrx_word' id='word_1_527' title='bbox 152 2895 238 2934; x_wconf 85' lang='lat' dir='ltr'>Justis</span> <span class='ocrx_word' id='word_1_528' title='bbox 260 2897 413 2935; x_wconf 86' lang='lat' dir='ltr'>petentium</span> <span class='ocrx_word' id='word_1_529' title='bbox 431 2894 568 2926; x_wconf 79' lang='lat' dir='ltr'>desideriis</span> <span class='ocrx_word' id='word_1_530' title='bbox 584 2894 701 2934; x_wconf 87' lang='lat' dir='ltr'>dignum</span> <span class='ocrx_word' id='word_1_531' title='bbox 715 2895 756 2926; x_wconf 84' lang='lat' dir='ltr'>est</span> <span class='ocrx_word' id='word_1_532' title='bbox 775 2905 828 2925; x_wconf 88' lang='lat' dir='ltr'>nos</span> <span class='ocrx_word' id='word_1_533' title='bbox 840 2894 950 2926; x_wconf 85' lang='lat' dir='ltr'>facilem</span> <span class='ocrx_word' id='word_1_534' title='bbox 964 2895 1088 2935; x_wconf 87' lang='lat' dir='ltr'>praebere</span> <span class='ocrx_word' id='word_1_535' title='bbox 1101 2905 1172 2926; x_wconf 84' lang='lat' dir='ltr'>con·</span> <span class='ocrx_word' id='word_1_536' title='bbox 1222 2902 1272 2930; x_wconf 81' lang='lat' dir='ltr'>per</span> <span class='ocrx_word' id='word_1_537' title='bbox 1285 2892 1429 2937; x_wconf 80' lang='lat' dir='ltr'>censuram</span> <span class='ocrx_word' id='word_1_538' title='bbox 1445 2892 1683 2937; x_wconf 79' lang='lat' dir='ltr'>Ecclesiasticam,</span> <span class='ocrx_word' id='word_1_539' title='bbox 1701 2893 1863 2932; x_wconf 88' lang='lat' dir='ltr'>apellatione</span> <span class='ocrx_word' id='word_1_540' title='bbox 1877 2894 2043 2934; x_wconf 85' lang='lat' dir='ltr'>postposita,</span> <span class='ocrx_word' id='word_1_541' title='bbox 2061 2895 2283 2937; x_wconf 68' lang='lat' dir='ltr'>compescendQ</span> 
     </span>
     <span class='ocr_line' id='line_1_46' title="bbox 0 2921 2281 2977; baseline 0.002 -17"><span class='ocrx_word' id='word_1_542' title='bbox 0 2921 77 2977; x_wconf 53' lang='lat' dir='ltr'>:iiu-</span> <span class='ocrx_word' id='word_1_543' title='bbox 119 2934 247 2972; x_wconf 76' lang='lat' dir='ltr'>sensum3</span> <span class='ocrx_word' id='word_1_544' title='bbox 266 2935 300 2964; x_wconf 86' lang='lat'>&amp;</span> <span class='ocrx_word' id='word_1_545' title='bbox 318 2942 385 2964; x_wconf 82' lang='lat' dir='ltr'>vota</span> <span class='ocrx_word' id='word_1_546' title='bbox 399 2956 409 2971; x_wconf 77' lang='lat'>,</span> <span class='ocrx_word' id='word_1_547' title='bbox 425 2943 489 2971; x_wconf 80' lang='lat' dir='ltr'>quae</span> <span class='ocrx_word' id='word_1_548' title='bbox 510 2935 524 2963; x_wconf 73' lang='grc' dir='ltr'>ξι</span> <span class='ocrx_word' id='word_1_549' title='bbox 545 2935 658 2964; x_wconf 78' lang='lat' dir='ltr'>rationis</span> <span class='ocrx_word' id='word_1_550' title='bbox 677 2935 788 2965; x_wconf 81' lang='lat' dir='ltr'>tramite</span> <span class='ocrx_word' id='word_1_551' title='bbox 803 2943 863 2964; x_wconf 87' lang='lat' dir='ltr'>non</span> <span class='ocrx_word' id='word_1_552' title='bbox 877 2933 1049 2971; x_wconf 78' lang='lat' dir='ltr'>discordant,</span> <span class='ocrx_word' id='word_1_553' title='bbox 1069 2933 1175 2964; x_wconf 60' lang='lat' dir='ltr'>effeem</span> <span class='ocrx_word' id='word_1_554' title='bbox 1224 2930 1338 2960; x_wconf 84' lang='lat' dir='ltr'>tandem</span> <span class='ocrx_word' id='word_1_555' title='bbox 1359 2931 1418 2970; x_wconf 88' lang='lat' dir='ltr'>ipso</span> <span class='ocrx_word' id='word_1_556' title='bbox 1438 2931 1658 2975; x_wconf 75' lang='lat' dir='ltr'>Archiepiscopo</span> <span class='ocrx_word' id='word_1_557' title='bbox 1672 2955 1682 2970; x_wconf 90' lang='lat'>,</span> <span class='ocrx_word' id='word_1_558' title='bbox 1699 2932 1776 2971; x_wconf 87' lang='lat' dir='ltr'>quod</span> <span class='ocrx_word' id='word_1_559' title='bbox 1791 2941 1970 2976; x_wconf 43' lang='lat' dir='ltr'>non-poterat</span> <span class='ocrx_word' id='word_1_560' title='bbox 1984 2933 2108 2963; x_wconf 86' lang='lat' dir='ltr'>interesse</span> <span class='ocrx_word' id='word_1_561' title='bbox 2123 2935 2281 2972; x_wconf 80' lang='lat' dir='ltr'>cognitioni</span> 
     </span>
    </p>
   </div>
   <div class='ocr_carea' id='block_1_10' title="bbox 0 2997 29 3023">
    <p class='ocr_par' dir='ltr' id='par_1_10' title="bbox 0 2997 29 3023">
     <span class='ocr_line' id='line_1_47' title="bbox 0 2997 29 3023; baseline 0.034 -9"><span class='ocrx_word' id='word_1_562' title='bbox 0 2997 29 3023; x_wconf 67' lang='grc' dir='ltr'>ψ’.</span> 
     </span>
    </p>
   </div>
   <div class='ocr_carea' id='block_1_11' title="bbox 129 374 1186 978">
    <p class='ocr_par' dir='ltr' id='par_1_11' title="bbox 129 374 1186 978">
     <span class='ocr_line' id='line_1_48' title="bbox 135 374 1183 414; baseline -0.002 -7"><span class='ocrx_word' id='word_1_563' title='bbox 135 377 244 407; x_wconf 90' lang='lat' dir='ltr'>Comes</span> <span class='ocrx_word' id='word_1_564' title='bbox 292 387 326 406; x_wconf 92' lang='lat' dir='ltr'>eo</span> <span class='ocrx_word' id='word_1_565' title='bbox 339 377 372 407; x_wconf 88' lang='lat'>&amp;</span> <span class='ocrx_word' id='word_1_566' title='bbox 385 375 533 413; x_wconf 77' lang='lat' dir='ltr'>Ecclesiae,</span> <span class='ocrx_word' id='word_1_567' title='bbox 550 385 582 405; x_wconf 91' lang='lat' dir='ltr'>ac</span> <span class='ocrx_word' id='word_1_568' title='bbox 594 377 647 405; x_wconf 92' lang='lat' dir='ltr'>toti</span> <span class='ocrx_word' id='word_1_569' title='bbox 660 375 860 406; x_wconf 84' lang='lat' dir='ltr'>Christianitati</span> <span class='ocrx_word' id='word_1_570' title='bbox 869 398 878 413; x_wconf 91' lang='lat'>,</span> <span class='ocrx_word' id='word_1_571' title='bbox 896 376 1054 414; x_wconf 86' lang='lat' dir='ltr'>hujusmodi</span> <span class='ocrx_word' id='word_1_572' title='bbox 1068 384 1138 405; x_wconf 87' lang='lat' dir='ltr'>onus</span> <span class='ocrx_word' id='word_1_573' title='bbox 1150 374 1183 404; x_wconf 88' lang='lat'>&amp;</span> 
     </span>
     <span class='ocr_line' id='line_1_49' title="bbox 133 413 1186 454; baseline -0.003 -9"><span class='ocrx_word' id='word_1_574' title='bbox 133 414 273 445; x_wconf 86' lang='lat' dir='ltr'>honorem</span> <span class='ocrx_word' id='word_1_575' title='bbox 286 414 473 454; x_wconf 86' lang='lat' dir='ltr'>suscipiendo,</span> <span class='ocrx_word' id='word_1_576' title='bbox 488 413 620 451; x_wconf 70' lang='lat' dir='ltr'>deiervit3</span> <span class='ocrx_word' id='word_1_577' title='bbox 635 423 702 443; x_wconf 88' lang='lat' dir='ltr'>curn</span> <span class='ocrx_word' id='word_1_578' title='bbox 716 423 764 451; x_wconf 88' lang='lat' dir='ltr'>per</span> <span class='ocrx_word' id='word_1_579' title='bbox 777 413 832 442; x_wconf 89' lang='lat' dir='ltr'>hoc</span> <span class='ocrx_word' id='word_1_580' title='bbox 848 413 986 443; x_wconf 58' lang='lat' dir='ltr'>summor&amp;</span> <span class='ocrx_word' id='word_1_581' title='bbox 1002 413 1186 452; x_wconf 80' lang='lat' dir='ltr'>perturbatio-</span> 
     </span>
     <span class='ocr_line' id='line_1_50' title="bbox 132 451 1184 492; baseline -0.003 -9"><span class='ocrx_word' id='word_1_582' title='bbox 132 463 170 483; x_wconf 90' lang='lat' dir='ltr'>ne</span> <span class='ocrx_word' id='word_1_583' title='bbox 181 453 262 483; x_wconf 91' lang='lat' dir='ltr'>seculi</span> <span class='ocrx_word' id='word_1_584' title='bbox 272 461 355 492; x_wconf 83' lang='lat' dir='ltr'>quam</span> <span class='ocrx_word' id='word_1_585' title='bbox 369 451 449 489; x_wconf 81' lang='lat' dir='ltr'>ipfius</span> <span class='ocrx_word' id='word_1_586' title='bbox 469 452 546 490; x_wconf 79' lang='lat' dir='ltr'>regni</span> <span class='ocrx_word' id='word_1_587' title='bbox 562 452 702 488; x_wconf 76' lang='lat' dir='ltr'>opulentia</span> <span class='ocrx_word' id='word_1_588' title='bbox 728 452 831 488; x_wconf 86' lang='lat' dir='ltr'>nutrit,</span> <span class='ocrx_word' id='word_1_589' title='bbox 849 451 1023 489; x_wconf 64' lang='lat' dir='ltr'>tranquillitas</span> <span class='ocrx_word' id='word_1_590' title='bbox 1038 451 1184 481; x_wconf 83' lang='lat' dir='ltr'>desiderata</span> 
     </span>
     <span class='ocr_line' id='line_1_51' title="bbox 130 489 1185 529; baseline -0.003 -8"><span class='ocrx_word' id='word_1_591' title='bbox 130 491 292 529; x_wconf 79' lang='lat' dir='ltr'>proveniat,</span> <span class='ocrx_word' id='word_1_592' title='bbox 310 489 466 519; x_wconf 84' lang='lat' dir='ltr'>intendatur</span> <span class='ocrx_word' id='word_1_593' title='bbox 483 489 517 519; x_wconf 91' lang='lat' dir='ltr'>ad</span> <span class='ocrx_word' id='word_1_594' title='bbox 533 489 642 519; x_wconf 84' lang='lat' dir='ltr'>laudem</span> <span class='ocrx_word' id='word_1_595' title='bbox 662 489 782 520; x_wconf 88' lang='lat' dir='ltr'>Domini</span> <span class='ocrx_word' id='word_1_596' title='bbox 801 489 892 527; x_wconf 90' lang='lat' dir='ltr'>latius,</span> <span class='ocrx_word' id='word_1_597' title='bbox 913 491 945 520; x_wconf 89' lang='lat'>&amp;</span> <span class='ocrx_word' id='word_1_598' title='bbox 960 489 1098 520; x_wconf 90' lang='lat' dir='ltr'>salubriter</span> <span class='ocrx_word' id='word_1_599' title='bbox 1111 489 1185 518; x_wconf 87' lang='lat' dir='ltr'>futu-</span> 
     </span>
     <span class='ocr_line' id='line_1_52' title="bbox 129 527 1183 567; baseline -0.002 -9"><span class='ocrx_word' id='word_1_600' title='bbox 129 530 166 559; x_wconf 85' lang='lat' dir='ltr'>ris</span> <span class='ocrx_word' id='word_1_601' title='bbox 180 528 307 566; x_wconf 88' lang='lat' dir='ltr'>periculis</span> <span class='ocrx_word' id='word_1_602' title='bbox 327 535 506 566; x_wconf 86' lang='lat' dir='ltr'>occurratur,</span> <span class='ocrx_word' id='word_1_603' title='bbox 524 536 576 556; x_wconf 91' lang='lat' dir='ltr'>nec</span> <span class='ocrx_word' id='word_1_604' title='bbox 591 527 768 566; x_wconf 71' lang='lat' dir='ltr'>praesumatur</span> <span class='ocrx_word' id='word_1_605' title='bbox 787 527 863 566; x_wconf 88' lang='lat' dir='ltr'>quod</span> <span class='ocrx_word' id='word_1_606' title='bbox 878 537 943 557; x_wconf 88' lang='lat' dir='ltr'>eum</span> <span class='ocrx_word' id='word_1_607' title='bbox 958 528 991 557; x_wconf 90' lang='lat' dir='ltr'>ad</span> <span class='ocrx_word' id='word_1_608' title='bbox 1004 528 1030 557; x_wconf 91' lang='lat' dir='ltr'>id</span> <span class='ocrx_word' id='word_1_609' title='bbox 1043 535 1183 567; x_wconf 83' lang='lat' dir='ltr'>tempora-</span> 
     </span>
     <span class='ocr_line' id='line_1_53' title="bbox 130 565 1184 604; baseline -0.001 -8"><span class='ocrx_word' id='word_1_610' title='bbox 130 567 200 597; x_wconf 91' lang='lat' dir='ltr'>lium</span> <span class='ocrx_word' id='word_1_611' title='bbox 219 575 312 596; x_wconf 87' lang='lat' dir='ltr'>rerum</span> <span class='ocrx_word' id='word_1_612' title='bbox 325 565 472 604; x_wconf 87' lang='lat' dir='ltr'>cupiditas,</span> <span class='ocrx_word' id='word_1_613' title='bbox 489 566 537 603; x_wconf 90' lang='lat' dir='ltr'>qui</span> <span class='ocrx_word' id='word_1_614' title='bbox 549 573 712 595; x_wconf 87' lang='lat' dir='ltr'>convertere</span> <span class='ocrx_word' id='word_1_615' title='bbox 727 567 755 595; x_wconf 92' lang='lat' dir='ltr'>in</span> <span class='ocrx_word' id='word_1_616' title='bbox 770 565 897 595; x_wconf 89' lang='lat' dir='ltr'>divinum</span> <span class='ocrx_word' id='word_1_617' title='bbox 912 566 1077 603; x_wconf 85' lang='lat' dir='ltr'>obsequium</span> <span class='ocrx_word' id='word_1_618' title='bbox 1090 574 1184 604; x_wconf 81' lang='lat' dir='ltr'>aggre-</span> 
     </span>
     <span class='ocr_line' id='line_1_54' title="bbox 131 602 1184 644; baseline -0.002 -10"><span class='ocrx_word' id='word_1_619' title='bbox 131 613 193 644; x_wconf 86' lang='lat' dir='ltr'>gata</span> <span class='ocrx_word' id='word_1_620' title='bbox 203 604 350 642; x_wconf 85' lang='lat' dir='ltr'>desiderat,</span> <span class='ocrx_word' id='word_1_621' title='bbox 367 604 411 634; x_wconf 89' lang='lat' dir='ltr'>sed</span> <span class='ocrx_word' id='word_1_622' title='bbox 425 603 496 634; x_wconf 86' lang='lat' dir='ltr'>solus</span> <span class='ocrx_word' id='word_1_623' title='bbox 509 603 585 632; x_wconf 83' lang='lat' dir='ltr'>zelus</span> <span class='ocrx_word' id='word_1_624' title='bbox 597 603 630 633; x_wconf 87' lang='lat'>&amp;</span> <span class='ocrx_word' id='word_1_625' title='bbox 644 603 739 632; x_wconf 89' lang='lat' dir='ltr'>fervor</span> <span class='ocrx_word' id='word_1_626' title='bbox 753 602 817 633; x_wconf 90' lang='lat' dir='ltr'>fidei</span> <span class='ocrx_word' id='word_1_627' title='bbox 830 613 862 633; x_wconf 89' lang='lat' dir='ltr'>ac</span> <span class='ocrx_word' id='word_1_628' title='bbox 875 603 1031 634; x_wconf 80' lang='lat' dir='ltr'>devotionis</span> <span class='ocrx_word' id='word_1_629' title='bbox 1051 603 1184 633; x_wconf 80' lang='lat' dir='ltr'>inducant</span> 
     </span>
     <span class='ocr_line' id='line_1_55' title="bbox 132 641 1184 680; baseline -0.002 -8"><span class='ocrx_word' id='word_1_630' title='bbox 132 642 280 680; x_wconf 79' lang='lat' dir='ltr'>praefatum</span> <span class='ocrx_word' id='word_1_631' title='bbox 305 642 470 680; x_wconf 76' lang='lat' dir='ltr'>Comitem,</span> <span class='ocrx_word' id='word_1_632' title='bbox 488 641 581 679; x_wconf 81' lang='lat' dir='ltr'>regalis</span> <span class='ocrx_word' id='word_1_633' title='bbox 606 641 810 680; x_wconf 80' lang='lat' dir='ltr'>magnificentia</span> <span class='ocrx_word' id='word_1_634' title='bbox 834 650 947 672; x_wconf 75' lang='lat' dir='ltr'>moneat</span> <span class='ocrx_word' id='word_1_635' title='bbox 972 643 1004 672; x_wconf 89' lang='lat'>&amp;</span> <span class='ocrx_word' id='word_1_636' title='bbox 1023 643 1135 672; x_wconf 81' lang='lat' dir='ltr'>inducat</span> <span class='ocrx_word' id='word_1_637' title='bbox 1154 649 1184 671; x_wconf 93' lang='lat' dir='ltr'>ut</span> 
     </span>
     <span class='ocr_line' id='line_1_56' title="bbox 132 679 1184 718; baseline -0.002 -8"><span class='ocrx_word' id='word_1_638' title='bbox 132 680 211 710; x_wconf 85' lang='lat' dir='ltr'>idem</span> <span class='ocrx_word' id='word_1_639' title='bbox 226 690 346 717; x_wconf 81' lang='lat' dir='ltr'>regnum</span> <span class='ocrx_word' id='word_1_640' title='bbox 366 681 408 717; x_wconf 91' lang='lat' dir='ltr'>ei,</span> <span class='ocrx_word' id='word_1_641' title='bbox 426 680 459 710; x_wconf 88' lang='lat'>&amp;</span> <span class='ocrx_word' id='word_1_642' title='bbox 472 680 501 710; x_wconf 91' lang='lat' dir='ltr'>in</span> <span class='ocrx_word' id='word_1_643' title='bbox 516 679 574 718; x_wconf 86' lang='lat' dir='ltr'>ipso</span> <span class='ocrx_word' id='word_1_644' title='bbox 595 679 645 709; x_wconf 87' lang='lat' dir='ltr'>tibi</span> <span class='ocrx_word' id='word_1_645' title='bbox 663 679 843 710; x_wconf 79' lang='lat' dir='ltr'>desideranter</span> <span class='ocrx_word' id='word_1_646' title='bbox 857 681 1001 717; x_wconf 89' lang='lat' dir='ltr'>oblatum,</span> <span class='ocrx_word' id='word_1_647' title='bbox 1019 690 1070 716; x_wconf 84' lang='lat' dir='ltr'>pro</span> <span class='ocrx_word' id='word_1_648' title='bbox 1090 680 1184 709; x_wconf 82' lang='lat' dir='ltr'>divina</span> 
     </span>
     <span class='ocr_line' id='line_1_57' title="bbox 132 716 1184 757; baseline -0.003 -8"><span class='ocrx_word' id='word_1_649' title='bbox 132 720 166 749; x_wconf 90' lang='lat'>&amp;</span> <span class='ocrx_word' id='word_1_650' title='bbox 182 718 346 756; x_wconf 87' lang='lat' dir='ltr'>apostolicae</span> <span class='ocrx_word' id='word_1_651' title='bbox 367 718 450 755; x_wconf 86' lang='lat' dir='ltr'>sedis,</span> <span class='ocrx_word' id='word_1_652' title='bbox 465 727 496 748; x_wconf 92' lang='lat' dir='ltr'>ac</span> <span class='ocrx_word' id='word_1_653' title='bbox 513 716 606 747; x_wconf 91' lang='lat' dir='ltr'>nostra</span> <span class='ocrx_word' id='word_1_654' title='bbox 619 719 787 756; x_wconf 91' lang='lat' dir='ltr'>reverentia,</span> <span class='ocrx_word' id='word_1_655' title='bbox 806 728 872 747; x_wconf 92' lang='lat' dir='ltr'>cum</span> <span class='ocrx_word' id='word_1_656' title='bbox 892 718 1047 748; x_wconf 81' lang='lat' dir='ltr'>humilitate</span> <span class='ocrx_word' id='word_1_657' title='bbox 1059 719 1091 749; x_wconf 86' lang='lat'>&amp;</span> <span class='ocrx_word' id='word_1_658' title='bbox 1106 718 1184 757; x_wconf 83' lang='lat' dir='ltr'>ylari-</span> 
     </span>
     <span class='ocr_line' id='line_1_58' title="bbox 131 754 1183 795; baseline -0.003 -8"><span class='ocrx_word' id='word_1_659' title='bbox 131 765 203 795; x_wconf 85' lang='lat' dir='ltr'>tate,</span> <span class='ocrx_word' id='word_1_660' title='bbox 222 757 352 794; x_wconf 64' lang='lat' dir='ltr'>recipiat,</span> <span class='ocrx_word' id='word_1_661' title='bbox 366 764 398 786; x_wconf 93' lang='lat' dir='ltr'>ut</span> <span class='ocrx_word' id='word_1_662' title='bbox 415 755 451 785; x_wconf 93' lang='lat' dir='ltr'>de</span> <span class='ocrx_word' id='word_1_663' title='bbox 463 764 574 785; x_wconf 89' lang='lat' dir='ltr'>terreno</span> <span class='ocrx_word' id='word_1_664' title='bbox 587 754 622 784; x_wconf 91' lang='lat' dir='ltr'>ad</span> <span class='ocrx_word' id='word_1_665' title='bbox 637 755 752 786; x_wconf 85' lang='lat' dir='ltr'>coeleste</span> <span class='ocrx_word' id='word_1_666' title='bbox 766 779 775 794; x_wconf 93' lang='lat'>,</span> <span class='ocrx_word' id='word_1_667' title='bbox 793 766 825 786; x_wconf 89' lang='lat' dir='ltr'>ac</span> <span class='ocrx_word' id='word_1_668' title='bbox 838 757 983 793; x_wconf 88' lang='lat' dir='ltr'>temporali</span> <span class='ocrx_word' id='word_1_669' title='bbox 1000 766 1107 787; x_wconf 89' lang='lat' dir='ltr'>corona</span> <span class='ocrx_word' id='word_1_670' title='bbox 1122 765 1183 794; x_wconf 85' lang='lat' dir='ltr'>per-</span> 
     </span>
     <span class='ocr_line' id='line_1_59' title="bbox 133 793 1183 834; baseline -0.002 -10"><span class='ocrx_word' id='word_1_671' title='bbox 133 796 246 833; x_wconf 88' lang='lat' dir='ltr'>venire,</span> <span class='ocrx_word' id='word_1_672' title='bbox 264 795 430 834; x_wconf 79' lang='lat' dir='ltr'>propitiante</span> <span class='ocrx_word' id='word_1_673' title='bbox 449 794 498 824; x_wconf 93' lang='lat' dir='ltr'>illo</span> <span class='ocrx_word' id='word_1_674' title='bbox 513 794 588 832; x_wconf 88' lang='lat' dir='ltr'>cujus</span> <span class='ocrx_word' id='word_1_675' title='bbox 610 794 639 823; x_wconf 87' lang='lat' dir='ltr'>in</span> <span class='ocrx_word' id='word_1_676' title='bbox 653 793 704 823; x_wconf 85' lang='lat' dir='ltr'>bac</span> <span class='ocrx_word' id='word_1_677' title='bbox 725 803 800 832; x_wconf 88' lang='lat' dir='ltr'>parte</span> <span class='ocrx_word' id='word_1_678' title='bbox 814 796 962 831; x_wconf 78' lang='lat' dir='ltr'>negotium</span> <span class='ocrx_word' id='word_1_679' title='bbox 975 795 1080 834; x_wconf 86' lang='lat' dir='ltr'>agitur,</span> <span class='ocrx_word' id='word_1_680' title='bbox 1096 794 1183 823; x_wconf 87' lang='lat' dir='ltr'>valeat</span> 
     </span>
     <span class='ocr_line' id='line_1_60' title="bbox 133 831 1182 872; baseline -0.003 -9"><span class='ocrx_word' id='word_1_681' title='bbox 133 833 166 863; x_wconf 86' lang='lat' dir='ltr'>ad</span> <span class='ocrx_word' id='word_1_682' title='bbox 180 841 324 863; x_wconf 59' lang='lat' dir='ltr'>veternam:</span> <span class='ocrx_word' id='word_1_683' title='bbox 345 833 467 862; x_wconf 85' lang='lat' dir='ltr'>Sciturus</span> <span class='ocrx_word' id='word_1_684' title='bbox 479 841 531 870; x_wconf 93' lang='lat' dir='ltr'>pro</span> <span class='ocrx_word' id='word_1_685' title='bbox 545 839 623 861; x_wconf 86' lang='lat' dir='ltr'>certo</span> <span class='ocrx_word' id='word_1_686' title='bbox 638 832 717 870; x_wconf 84' lang='lat' dir='ltr'>quod</span> <span class='ocrx_word' id='word_1_687' title='bbox 732 832 867 870; x_wconf 81' lang='lat' dir='ltr'>universa,</span> <span class='ocrx_word' id='word_1_688' title='bbox 884 834 917 863; x_wconf 72' lang='grc' dir='ltr'>ὃς</span> <span class='ocrx_word' id='word_1_689' title='bbox 931 833 1048 870; x_wconf 76' lang='lat' dir='ltr'>fingula,</span> <span class='ocrx_word' id='word_1_690' title='bbox 1064 842 1127 872; x_wconf 89' lang='lat' dir='ltr'>quae</span> <span class='ocrx_word' id='word_1_691' title='bbox 1141 831 1182 860; x_wconf 79' lang='lat' dir='ltr'>su-</span> 
     </span>
     <span class='ocr_line' id='line_1_61' title="bbox 131 869 1184 909; baseline 0 -9"><span class='ocrx_word' id='word_1_692' title='bbox 131 881 180 908; x_wconf 86' lang='lat' dir='ltr'>per</span> <span class='ocrx_word' id='word_1_693' title='bbox 194 872 245 901; x_wconf 88' lang='lat' dir='ltr'>hiis</span> <span class='ocrx_word' id='word_1_694' title='bbox 259 880 326 901; x_wconf 90' lang='lat' dir='ltr'>cum</span> <span class='ocrx_word' id='word_1_695' title='bbox 341 881 376 900; x_wconf 87' lang='lat' dir='ltr'>eo</span> <span class='ocrx_word' id='word_1_696' title='bbox 390 870 516 909; x_wconf 58' lang='lat' dir='ltr'>praefatus</span> <span class='ocrx_word' id='word_1_697' title='bbox 531 870 665 900; x_wconf 76' lang='lat' dir='ltr'>Notarius</span> <span class='ocrx_word' id='word_1_698' title='bbox 678 871 835 909; x_wconf 86' lang='lat' dir='ltr'>ordinabit,</span> <span class='ocrx_word' id='word_1_699' title='bbox 850 871 1065 909; x_wconf 80' lang='lat' dir='ltr'>adimplebimus</span> <span class='ocrx_word' id='word_1_700' title='bbox 1085 871 1117 900; x_wconf 74' lang='grc' dir='ltr'>δε</span> <span class='ocrx_word' id='word_1_701' title='bbox 1130 869 1184 898; x_wconf 75' lang='lat' dir='ltr'>ser-</span> 
     </span>
     <span class='ocr_line' id='line_1_62' title="bbox 132 907 1183 978; baseline -0.002 -39"><span class='ocrx_word' id='word_1_702' title='bbox 132 910 258 978; x_wconf 56' lang='grc' dir='ltr'>ιζτὼίτηιέξ</span> <span class='ocrx_word' id='word_1_703' title='bbox 271 908 538 939; x_wconf 66' lang='lat' dir='ltr'>inviolabiliter&#39;sine</span> <span class='ocrx_word' id='word_1_704' title='bbox 551 908 639 947; x_wconf 84' lang='lat' dir='ltr'>aliqua</span> <span class='ocrx_word' id='word_1_705' title='bbox 654 907 840 940; x_wconf 84' lang='lat' dir='ltr'>diminutione</span> <span class='ocrx_word' id='word_1_706' title='bbox 850 932 859 947; x_wconf 95' lang='lat'>,</span> <span class='ocrx_word' id='word_1_707' title='bbox 877 917 960 948; x_wconf 88' lang='lat' dir='ltr'>prout</span> <span class='ocrx_word' id='word_1_708' title='bbox 975 919 1023 946; x_wconf 87' lang='lat' dir='ltr'>per</span> <span class='ocrx_word' id='word_1_709' title='bbox 1043 917 1109 938; x_wconf 86' lang='lat' dir='ltr'>eum</span> <span class='ocrx_word' id='word_1_710' title='bbox 1122 907 1183 937; x_wconf 84' lang='lat' dir='ltr'>fue-</span> 
     </span>
     <span class='ocr_line' id='line_1_63' title="bbox 130 956 328 978; baseline -0.005 -1"><span class='ocrx_word' id='word_1_711' title='bbox 130 956 185 978; x_wconf 84' lang='lat' dir='ltr'>rint</span> <span class='ocrx_word' id='word_1_712' title='bbox 197 958 229 977; x_wconf 94' lang='lat' dir='ltr'>or</span> <span class='ocrx_word' id='word_1_713' title='bbox 250 956 328 977; x_wconf 85' lang='lat' dir='ltr'>inata.</span> 
     </span>
    </p>
   </div>
   <div class='ocr_carea' id='block_1_12' title="bbox 165 1018 1098 1064">
    <p class='ocr_par' dir='ltr' id='par_1_12' title="bbox 165 1018 1098 1064">
     <span class='ocr_line' id='line_1_64' title="bbox 165 1018 1098 1064; baseline -0.001 -11"><span class='ocrx_word' id='word_1_714' title='bbox 165 1021 233 1054; x_wconf 88' lang='lat' dir='ltr'>Dat.</span> <span class='ocrx_word' id='word_1_715' title='bbox 247 1022 367 1062; x_wconf 86' lang='lat' dir='ltr'>Perusii,</span> <span class='ocrx_word' id='word_1_716' title='bbox 386 1022 499 1064; x_wconf 43' lang='lat' dir='ltr'>3-Non.</span> <span class='ocrx_word' id='word_1_717' title='bbox 514 1022 588 1063; x_wconf 86' lang='lat' dir='ltr'>Aug.</span> <span class='ocrx_word' id='word_1_718' title='bbox 603 1018 788 1054; x_wconf 74' lang='lat' dir='ltr'>Pontificattis</span> <span class='ocrx_word' id='word_1_719' title='bbox 805 1023 890 1054; x_wconf 84' lang='lat' dir='ltr'>nostri</span> <span class='ocrx_word' id='word_1_720' title='bbox 905 1032 981 1054; x_wconf 84' lang='lat' dir='ltr'>anno</span> <span class='ocrx_word' id='word_1_721' title='bbox 995 1023 1098 1054; x_wconf 86' lang='lat' dir='ltr'>decim.</span> 
     </span>
    </p>
   </div>
   <div class='ocr_carea' id='block_1_13' title="bbox 597 1099 1054 1140">
    <p class='ocr_par' dir='ltr' id='par_1_13' title="bbox 597 1099 1054 1140">
     <span class='ocr_line' id='line_1_65' title="bbox 597 1099 1054 1140; baseline -0.004 -11"><span class='ocrx_word' id='word_1_722' title='bbox 597 1100 721 1130; x_wconf 76' lang='lat' dir='ltr'>Plumbeo</span> <span class='ocrx_word' id='word_1_723' title='bbox 736 1099 824 1138; x_wconf 79' lang='lat' dir='ltr'>Sigillo</span> <span class='ocrx_word' id='word_1_724' title='bbox 839 1109 857 1127; x_wconf 90' lang='lat' dir='ltr'><em>a</em></span> <span class='ocrx_word' id='word_1_725' title='bbox 864 1099 917 1140; x_wconf 85' lang='lat' dir='ltr'>filo</span> <span class='ocrx_word' id='word_1_726' title='bbox 931 1099 1054 1129; x_wconf 82' lang='lat' dir='ltr'>canabeo.</span> 
     </span>
    </p>
   </div>
   <div class='ocr_carea' id='block_1_14' title="bbox 207 1236 1091 1286">
    <p class='ocr_par' dir='ltr' id='par_1_14' title="bbox 207 1236 1091 1286">
     <span class='ocr_line' id='line_1_66' title="bbox 207 1236 1091 1286; baseline -0.002 -14"><span class='ocrx_word' id='word_1_727' title='bbox 207 1239 294 1272; x_wconf 75' lang='lat' dir='ltr'>Bulla</span> <span class='ocrx_word' id='word_1_728' title='bbox 312 1250 372 1285; x_wconf 75' lang='lat' dir='ltr'>qua</span> <span class='ocrx_word' id='word_1_729' title='bbox 389 1239 543 1286; x_wconf 74' lang='lat' dir='ltr'>redarguit</span> <span class='ocrx_word' id='word_1_730' title='bbox 559 1236 819 1283; x_wconf 70' lang='lat' dir='ltr'>Archiepistopum</span> <span class='ocrx_word' id='word_1_731' title='bbox 837 1238 1091 1282; x_wconf 72' lang='lat' dir='ltr'>Cantuarimftm‚</span> 
     </span>
    </p>
   </div>
   <div class='ocr_carea' id='block_1_15' title="bbox 123 1321 1183 1554">
    <p class='ocr_par' dir='ltr' id='par_1_15' title="bbox 123 1321 1183 1554">
     <span class='ocr_line' id='line_1_67' title="bbox 132 1321 1183 1385; baseline -0.004 -30"><span class='ocrx_word' id='word_1_732' title='bbox 132 1324 351 1385; x_wconf 83' lang='lat' dir='ltr'>INnocentius</span> <span class='ocrx_word' id='word_1_733' title='bbox 371 1323 522 1362; x_wconf 86' lang='lat' dir='ltr'>Episcopus</span> <span class='ocrx_word' id='word_1_734' title='bbox 537 1346 546 1361; x_wconf 87' lang='lat'>,</span> <span class='ocrx_word' id='word_1_735' title='bbox 564 1323 654 1353; x_wconf 87' lang='lat' dir='ltr'>servus</span> <span class='ocrx_word' id='word_1_736' title='bbox 673 1322 814 1353; x_wconf 89' lang='lat' dir='ltr'>servorum</span> <span class='ocrx_word' id='word_1_737' title='bbox 838 1321 910 1359; x_wconf 88' lang='lat' dir='ltr'>Dei,</span> <span class='ocrx_word' id='word_1_738' title='bbox 934 1322 1088 1352; x_wconf 87' lang='lat' dir='ltr'>Venerabili</span> <span class='ocrx_word' id='word_1_739' title='bbox 1110 1322 1183 1351; x_wconf 83' lang='lat' dir='ltr'>fratri</span> 
     </span>
     <span class='ocr_line' id='line_1_68' title="bbox 180 1359 1183 1402; baseline -0.003 -9"><span class='ocrx_word' id='word_1_740' title='bbox 180 1363 400 1402; x_wconf 86' lang='lat' dir='ltr'>Archiepiscopo</span> <span class='ocrx_word' id='word_1_741' title='bbox 413 1361 601 1392; x_wconf 83' lang='lat' dir='ltr'>Cantuarienfi</span> <span class='ocrx_word' id='word_1_742' title='bbox 615 1361 744 1399; x_wconf 80' lang='lat' dir='ltr'>salutem,</span> <span class='ocrx_word' id='word_1_743' title='bbox 761 1361 794 1392; x_wconf 87' lang='lat'>&amp;</span> <span class='ocrx_word' id='word_1_744' title='bbox 808 1359 991 1399; x_wconf 88' lang='lat' dir='ltr'>apostolicam</span> <span class='ocrx_word' id='word_1_745' title='bbox 1005 1361 1183 1391; x_wconf 61' lang='lat' dir='ltr'>benedidtio-</span> 
     </span>
     <span class='ocr_line' id='line_1_69' title="bbox 131 1411 1182 1478; baseline -0.002 -9"><span class='ocrx_word' id='word_1_746' title='bbox 131 1411 281 1477; x_wconf 40' lang='lat' dir='ltr'>neigi-eces,</span> <span class='ocrx_word' id='word_1_747' title='bbox 297 1449 362 1478; x_wconf 81' lang='lat' dir='ltr'>quas</span> <span class='ocrx_word' id='word_1_748' title='bbox 376 1440 442 1476; x_wconf 84' lang='lat' dir='ltr'>tibi,</span> <span class='ocrx_word' id='word_1_749' title='bbox 461 1448 512 1476; x_wconf 89' lang='lat' dir='ltr'>pro</span> <span class='ocrx_word' id='word_1_750' title='bbox 524 1438 576 1469; x_wconf 87' lang='lat' dir='ltr'>tuis</span> <span class='ocrx_word' id='word_1_751' title='bbox 588 1437 877 1477; x_wconf 72' lang='lat' dir='ltr'>subditiS,&#39;aliquando</span> <span class='ocrx_word' id='word_1_752' title='bbox 892 1438 1073 1476; x_wconf 82' lang='lat' dir='ltr'>porrigimus,</span> <span class='ocrx_word' id='word_1_753' title='bbox 1092 1444 1122 1467; x_wconf 92' lang='lat' dir='ltr'>ut</span> <span class='ocrx_word' id='word_1_754' title='bbox 1134 1446 1182 1467; x_wconf 90' lang='lat' dir='ltr'>eos</span> 
     </span>
     <span class='ocr_line' id='line_1_70' title="bbox 126 1475 1181 1516; baseline -0.003 -9"><span class='ocrx_word' id='word_1_755' title='bbox 126 1477 154 1507; x_wconf 90' lang='lat' dir='ltr'>in</span> <span class='ocrx_word' id='word_1_756' title='bbox 167 1477 217 1507; x_wconf 90' lang='lat' dir='ltr'>suis</span> <span class='ocrx_word' id='word_1_757' title='bbox 229 1478 336 1515; x_wconf 86' lang='lat' dir='ltr'>juribus</span> <span class='ocrx_word' id='word_1_758' title='bbox 348 1477 443 1507; x_wconf 89' lang='lat' dir='ltr'>debite</span> <span class='ocrx_word' id='word_1_759' title='bbox 454 1477 637 1516; x_wconf 82' lang='lat' dir='ltr'>prosequaris,</span> <span class='ocrx_word' id='word_1_760' title='bbox 656 1485 683 1506; x_wconf 90' lang='lat' dir='ltr'>te</span> <span class='ocrx_word' id='word_1_761' title='bbox 696 1477 777 1506; x_wconf 87' lang='lat' dir='ltr'>decet</span> <span class='ocrx_word' id='word_1_762' title='bbox 799 1477 895 1506; x_wconf 88' lang='lat' dir='ltr'>animo</span> <span class='ocrx_word' id='word_1_763' title='bbox 910 1476 1017 1506; x_wconf 89' lang='lat' dir='ltr'>devoto</span> <span class='ocrx_word' id='word_1_764' title='bbox 1032 1475 1181 1514; x_wconf 79' lang='lat' dir='ltr'>suscipere,</span> 
     </span>
     <span class='ocr_line' id='line_1_71' title="bbox 123 1512 1179 1554; baseline -0.001 -9"><span class='ocrx_word' id='word_1_765' title='bbox 123 1525 156 1545; x_wconf 90' lang='lat' dir='ltr'>ac</span> <span class='ocrx_word' id='word_1_766' title='bbox 170 1516 273 1546; x_wconf 60' lang='lat' dir='ltr'>asi-”edlu</span> <span class='ocrx_word' id='word_1_767' title='bbox 287 1515 509 1554; x_wconf 85' lang='lat' dir='ltr'>promptitudinis</span> <span class='ocrx_word' id='word_1_768' title='bbox 521 1515 666 1552; x_wconf 82' lang='lat' dir='ltr'>exaudire;</span> <span class='ocrx_word' id='word_1_769' title='bbox 685 1522 716 1544; x_wconf 91' lang='lat' dir='ltr'>ut</span> <span class='ocrx_word' id='word_1_770' title='bbox 729 1515 763 1545; x_wconf 88' lang='lat' dir='ltr'>ad</span> <span class='ocrx_word' id='word_1_771' title='bbox 777 1524 827 1544; x_wconf 90' lang='lat' dir='ltr'>nos</span> <span class='ocrx_word' id='word_1_772' title='bbox 841 1515 874 1545; x_wconf 89' lang='lat'>&amp;</span> <span class='ocrx_word' id='word_1_773' title='bbox 887 1512 1071 1552; x_wconf 79' lang='lat' dir='ltr'>apostolicam</span> <span class='ocrx_word' id='word_1_774' title='bbox 1086 1514 1179 1544; x_wconf 87' lang='lat' dir='ltr'>sedem</span> 
     </span>
    </p>
   </div>
   <div class='ocr_carea' id='block_1_16' title="bbox 108 2972 1175 4149">
    <p class='ocr_par' dir='ltr' id='par_1_16' title="bbox 113 2972 1175 3124">
     <span class='ocr_line' id='line_1_72' title="bbox 115 2972 1175 3012; baseline -0.001 -9"><span class='ocrx_word' id='word_1_775' title='bbox 115 2974 298 3009; x_wconf 82' lang='lat' dir='ltr'>prosequente</span> <span class='ocrx_word' id='word_1_776' title='bbox 320 2972 466 3011; x_wconf 89' lang='lat' dir='ltr'>complere</span> <span class='ocrx_word' id='word_1_777' title='bbox 482 2983 492 3008; x_wconf 79' lang='lat'>3</span> <span class='ocrx_word' id='word_1_778' title='bbox 508 2973 570 3010; x_wconf 87' lang='lat' dir='ltr'>quia</span> <span class='ocrx_word' id='word_1_779' title='bbox 585 2975 654 3002; x_wconf 81' lang='lat' dir='ltr'>vero</span> <span class='ocrx_word' id='word_1_780' title='bbox 668 2996 678 3010; x_wconf 91' lang='lat'>,</span> <span class='ocrx_word' id='word_1_781' title='bbox 696 2981 830 3012; x_wconf 86' lang='lat' dir='ltr'>vergente</span> <span class='ocrx_word' id='word_1_782' title='bbox 851 2973 879 3001; x_wconf 93' lang='lat' dir='ltr'>in</span> <span class='ocrx_word' id='word_1_783' title='bbox 892 2973 999 3002; x_wconf 87' lang='lat' dir='ltr'>senium</span> <span class='ocrx_word' id='word_1_784' title='bbox 1012 2972 1094 3002; x_wconf 85' lang='lat' dir='ltr'>seculi</span> <span class='ocrx_word' id='word_1_785' title='bbox 1110 2982 1175 3002; x_wconf 80' lang='lat' dir='ltr'>cor—</span> 
     </span>
     <span class='ocr_line' id='line_1_73' title="bbox 113 3009 1174 3050; baseline 0.001 -10"><span class='ocrx_word' id='word_1_786' title='bbox 113 3011 239 3049; x_wconf 71' lang='lat' dir='ltr'>ruptela,</span> <span class='ocrx_word' id='word_1_787' title='bbox 258 3010 385 3039; x_wconf 88' lang='lat' dir='ltr'>nonnulli</span> <span class='ocrx_word' id='word_1_788' title='bbox 398 3019 457 3039; x_wconf 89' lang='lat' dir='ltr'>non</span> <span class='ocrx_word' id='word_1_789' title='bbox 469 3009 557 3040; x_wconf 89' lang='lat' dir='ltr'>solum</span> <span class='ocrx_word' id='word_1_790' title='bbox 571 3011 600 3040; x_wconf 90' lang='lat' dir='ltr'>in</span> <span class='ocrx_word' id='word_1_791' title='bbox 613 3011 680 3048; x_wconf 79' lang='lat' dir='ltr'>hiis,</span> <span class='ocrx_word' id='word_1_792' title='bbox 699 3021 763 3048; x_wconf 84' lang='lat' dir='ltr'>quae</span> <span class='ocrx_word' id='word_1_793' title='bbox 781 3011 912 3049; x_wconf 88' lang='lat' dir='ltr'>ignorant</span> <span class='ocrx_word' id='word_1_794' title='bbox 928 3033 937 3048; x_wconf 88' lang='lat'>,</span> <span class='ocrx_word' id='word_1_795' title='bbox 955 3010 1090 3040; x_wconf 87' lang='lat' dir='ltr'>deteriora</span> <span class='ocrx_word' id='word_1_796' title='bbox 1103 3020 1174 3050; x_wconf 80' lang='lat' dir='ltr'>prae—</span> 
     </span>
     <span class='ocr_line' id='line_1_74' title="bbox 113 3048 1174 3088; baseline 0.001 -10"><span class='ocrx_word' id='word_1_797' title='bbox 113 3048 220 3078; x_wconf 91' lang='lat' dir='ltr'>sumere</span> <span class='ocrx_word' id='word_1_798' title='bbox 234 3071 243 3085; x_wconf 84' lang='lat'>,</span> <span class='ocrx_word' id='word_1_799' title='bbox 261 3048 359 3078; x_wconf 80' lang='lat' dir='ltr'>verum</span> <span class='ocrx_word' id='word_1_800' title='bbox 382 3049 467 3077; x_wconf 90' lang='lat' dir='ltr'>etiam</span> <span class='ocrx_word' id='word_1_801' title='bbox 487 3057 519 3078; x_wconf 85' lang='lat' dir='ltr'>ea</span> <span class='ocrx_word' id='word_1_802' title='bbox 534 3070 544 3086; x_wconf 87' lang='lat'>,</span> <span class='ocrx_word' id='word_1_803' title='bbox 561 3058 625 3087; x_wconf 82' lang='lat' dir='ltr'>quae</span> <span class='ocrx_word' id='word_1_804' title='bbox 644 3049 832 3080; x_wconf 77' lang='lat' dir='ltr'>indubitanter</span> <span class='ocrx_word' id='word_1_805' title='bbox 848 3049 925 3079; x_wconf 85' lang='lat' dir='ltr'>bona</span> <span class='ocrx_word' id='word_1_806' title='bbox 938 3048 995 3079; x_wconf 89' lang='lat' dir='ltr'>esse</span> <span class='ocrx_word' id='word_1_807' title='bbox 1008 3058 1149 3080; x_wconf 87' lang='lat' dir='ltr'>noverunt</span> <span class='ocrx_word' id='word_1_808' title='bbox 1164 3071 1174 3088; x_wconf 91' lang='lat'>,</span> 
     </span>
     <span class='ocr_line' id='line_1_75' title="bbox 114 3086 497 3124; baseline -0.003 -8"><span class='ocrx_word' id='word_1_809' title='bbox 114 3096 174 3117; x_wconf 88' lang='lat' dir='ltr'>non</span> <span class='ocrx_word' id='word_1_810' title='bbox 191 3086 316 3116; x_wconf 84' lang='lat' dir='ltr'>dubitant</span> <span class='ocrx_word' id='word_1_811' title='bbox 330 3086 497 3124; x_wconf 76' lang='lat' dir='ltr'>depravare,</span> 
     </span>
    </p>

    <p class='ocr_par' dir='ltr' id='par_1_17' title="bbox 114 3124 1174 3393">
     <span class='ocr_line' id='line_1_76' title="bbox 149 3124 1173 3166; baseline 0 -11"><span class='ocrx_word' id='word_1_812' title='bbox 149 3125 199 3155; x_wconf 89' lang='lat' dir='ltr'>Tu</span> <span class='ocrx_word' id='word_1_813' title='bbox 213 3124 281 3154; x_wconf 94' lang='lat' dir='ltr'>olim</span> <span class='ocrx_word' id='word_1_814' title='bbox 298 3124 360 3154; x_wconf 88' lang='lat' dir='ltr'>haec</span> <span class='ocrx_word' id='word_1_815' title='bbox 374 3124 523 3162; x_wconf 89' lang='lat' dir='ltr'>prudenter</span> <span class='ocrx_word' id='word_1_816' title='bbox 538 3124 680 3155; x_wconf 88' lang='lat' dir='ltr'>attendens</span> <span class='ocrx_word' id='word_1_817' title='bbox 693 3150 703 3164; x_wconf 85' lang='lat'>,</span> <span class='ocrx_word' id='word_1_818' title='bbox 718 3126 751 3157; x_wconf 73' lang='grc' dir='ltr'>δε</span> <span class='ocrx_word' id='word_1_819' title='bbox 766 3135 864 3157; x_wconf 90' lang='lat' dir='ltr'>cavere</span> <span class='ocrx_word' id='word_1_820' title='bbox 878 3125 993 3166; x_wconf 88' lang='lat' dir='ltr'>cupiens</span> <span class='ocrx_word' id='word_1_821' title='bbox 1014 3132 1069 3156; x_wconf 80' lang='lat' dir='ltr'>tuae</span> <span class='ocrx_word' id='word_1_822' title='bbox 1084 3126 1173 3166; x_wconf 84' lang='lat' dir='ltr'>proli,</span> 
     </span>
     <span class='ocr_line' id='line_1_77' title="bbox 114 3163 1174 3204; baseline 0 -11"><span class='ocrx_word' id='word_1_823' title='bbox 114 3173 152 3193; x_wconf 88' lang='lat' dir='ltr'>ne</span> <span class='ocrx_word' id='word_1_824' title='bbox 164 3163 321 3202; x_wconf 88' lang='lat' dir='ltr'>aliquorum</span> <span class='ocrx_word' id='word_1_825' title='bbox 335 3163 505 3192; x_wconf 90' lang='lat' dir='ltr'>aemulorurn</span> <span class='ocrx_word' id='word_1_826' title='bbox 520 3163 686 3201; x_wconf 77' lang='lat' dir='ltr'>calumpniae</span> <span class='ocrx_word' id='word_1_827' title='bbox 699 3165 789 3204; x_wconf 88' lang='lat' dir='ltr'>posset</span> <span class='ocrx_word' id='word_1_828' title='bbox 808 3165 837 3194; x_wconf 86' lang='lat' dir='ltr'>in</span> <span class='ocrx_word' id='word_1_829' title='bbox 854 3164 997 3201; x_wconf 90' lang='lat' dir='ltr'>posterum</span> <span class='ocrx_word' id='word_1_830' title='bbox 1017 3164 1174 3202; x_wconf 87' lang='lat' dir='ltr'>subjacere,</span> 
     </span>
     <span class='ocr_line' id='line_1_78' title="bbox 116 3200 1173 3241; baseline 0.001 -10"><span class='ocrx_word' id='word_1_831' title='bbox 116 3202 198 3231; x_wconf 86' lang='lat' dir='ltr'>nobis</span> <span class='ocrx_word' id='word_1_832' title='bbox 218 3200 357 3230; x_wconf 88' lang='lat' dir='ltr'>humiliter</span> <span class='ocrx_word' id='word_1_833' title='bbox 376 3200 531 3240; x_wconf 88' lang='lat' dir='ltr'>supplicasti</span> <span class='ocrx_word' id='word_1_834' title='bbox 546 3209 576 3230; x_wconf 90' lang='lat' dir='ltr'>ut</span> <span class='ocrx_word' id='word_1_835' title='bbox 593 3223 602 3238; x_wconf 93' lang='lat'>,</span> <span class='ocrx_word' id='word_1_836' title='bbox 620 3202 697 3241; x_wconf 90' lang='lat' dir='ltr'>super</span> <span class='ocrx_word' id='word_1_837' title='bbox 712 3212 747 3233; x_wconf 90' lang='lat' dir='ltr'>eo</span> <span class='ocrx_word' id='word_1_838' title='bbox 763 3203 842 3240; x_wconf 81' lang='lat' dir='ltr'>quod</span> <span class='ocrx_word' id='word_1_839' title='bbox 853 3205 990 3241; x_wconf 90' lang='lat' dir='ltr'>juraveras</span> <span class='ocrx_word' id='word_1_840' title='bbox 1005 3202 1173 3232; x_wconf 81' lang='lat' dir='ltr'>carissimam</span> 
     </span>
     <span class='ocr_line' id='line_1_79' title="bbox 114 3238 1173 3280; baseline 0.002 -11"><span class='ocrx_word' id='word_1_841' title='bbox 114 3240 145 3269; x_wconf 88' lang='lat' dir='ltr'>in</span> <span class='ocrx_word' id='word_1_842' title='bbox 161 3238 278 3269; x_wconf 89' lang='lat' dir='ltr'>Christo</span> <span class='ocrx_word' id='word_1_843' title='bbox 294 3239 394 3268; x_wconf 87' lang='lat' dir='ltr'>Filiam</span> <span class='ocrx_word' id='word_1_844' title='bbox 408 3238 532 3269; x_wconf 87' lang='lat' dir='ltr'>nostram</span> <span class='ocrx_word' id='word_1_845' title='bbox 541 3238 701 3276; x_wconf 90' lang='lat' dir='ltr'>Johannam</span> <span class='ocrx_word' id='word_1_846' title='bbox 710 3263 719 3279; x_wconf 91' lang='lat'>,</span> <span class='ocrx_word' id='word_1_847' title='bbox 736 3241 870 3272; x_wconf 89' lang='lat' dir='ltr'>illustrem</span> <span class='ocrx_word' id='word_1_848' title='bbox 883 3241 1023 3280; x_wconf 90' lang='lat' dir='ltr'>Reginam</span> <span class='ocrx_word' id='word_1_849' title='bbox 1033 3240 1173 3279; x_wconf 77' lang='lat' dir='ltr'>Castessae,</span> 
     </span>
     <span class='ocr_line' id='line_1_80' title="bbox 115 3276 1171 3318; baseline 0.002 -11"><span class='ocrx_word' id='word_1_850' title='bbox 115 3286 209 3308; x_wconf 86' lang='lat' dir='ltr'>natam</span> <span class='ocrx_word' id='word_1_851' title='bbox 229 3277 373 3317; x_wconf 88' lang='lat' dir='ltr'>quondam</span> <span class='ocrx_word' id='word_1_852' title='bbox 510 3276 634 3306; x_wconf 89' lang='lat' dir='ltr'>Comitis</span> <span class='ocrx_word' id='word_1_853' title='bbox 656 3277 769 3309; x_wconf 91' lang='lat' dir='ltr'>Pontiv.</span> <span class='ocrx_word' id='word_1_854' title='bbox 788 3287 856 3310; x_wconf 86' lang='lat' dir='ltr'>tunc</span> <span class='ocrx_word' id='word_1_855' title='bbox 869 3280 1005 3318; x_wconf 82' lang='lat' dir='ltr'>solutam,</span> <span class='ocrx_word' id='word_1_856' title='bbox 1019 3279 1122 3310; x_wconf 91' lang='lat' dir='ltr'>ducere</span> <span class='ocrx_word' id='word_1_857' title='bbox 1142 3280 1171 3309; x_wconf 90' lang='lat' dir='ltr'>in</span> 
     </span>
     <span class='ocr_line' id='line_1_81' title="bbox 115 3314 1171 3357; baseline 0.003 -12"><span class='ocrx_word' id='word_1_858' title='bbox 115 3315 248 3346; x_wconf 80' lang='lat' dir='ltr'>Uxorem</span> <span class='ocrx_word' id='word_1_859' title='bbox 257 3338 266 3353; x_wconf 88' lang='lat'>,</span> <span class='ocrx_word' id='word_1_860' title='bbox 284 3316 317 3346; x_wconf 86' lang='lat'>&amp;</span> <span class='ocrx_word' id='word_1_861' title='bbox 332 3325 380 3352; x_wconf 87' lang='lat' dir='ltr'>per</span> <span class='ocrx_word' id='word_1_862' title='bbox 394 3315 564 3352; x_wconf 84' lang='lat' dir='ltr'>interpositas</span> <span class='ocrx_word' id='word_1_863' title='bbox 576 3314 702 3354; x_wconf 89' lang='lat' dir='ltr'>personas</span> <span class='ocrx_word' id='word_1_864' title='bbox 715 3325 784 3346; x_wconf 92' lang='lat' dir='ltr'>cum</span> <span class='ocrx_word' id='word_1_865' title='bbox 797 3318 865 3355; x_wconf 87' lang='lat' dir='ltr'>ipsa,</span> <span class='ocrx_word' id='word_1_866' title='bbox 882 3317 1056 3357; x_wconf 77' lang='lat' dir='ltr'>quantumin</span> <span class='ocrx_word' id='word_1_867' title='bbox 1071 3326 1097 3348; x_wconf 88' lang='lat' dir='ltr'>te</span> <span class='ocrx_word' id='word_1_868' title='bbox 1110 3317 1171 3348; x_wconf 85' lang='lat' dir='ltr'>fue-</span> 
     </span>
     <span class='ocr_line' id='line_1_82' title="bbox 114 3352 786 3393; baseline 0 -8"><span class='ocrx_word' id='word_1_869' title='bbox 114 3363 171 3392; x_wconf 80' lang='lat' dir='ltr'>rat,</span> <span class='ocrx_word' id='word_1_870' title='bbox 190 3355 400 3384; x_wconf 87' lang='lat' dir='ltr'>matrimonium</span> <span class='ocrx_word' id='word_1_871' title='bbox 417 3352 529 3382; x_wconf 80' lang='lat' dir='ltr'>duxeras</span> <span class='ocrx_word' id='word_1_872' title='bbox 541 3354 786 3393; x_wconf 71' lang='lat' dir='ltr'>contrahendum,</span> 
     </span>
    </p>

    <p class='ocr_par' dir='ltr' id='par_1_18' title="bbox 112 3390 1171 3583">
     <span class='ocr_line' id='line_1_83' title="bbox 149 3390 1170 3433; baseline 0 -9"><span class='ocrx_word' id='word_1_873' title='bbox 149 3393 195 3424; x_wconf 81' lang='lat' dir='ltr'>Ac</span> <span class='ocrx_word' id='word_1_874' title='bbox 217 3393 329 3423; x_wconf 87' lang='lat' dir='ltr'>tandem</span> <span class='ocrx_word' id='word_1_875' title='bbox 345 3415 354 3430; x_wconf 90' lang='lat'>,</span> <span class='ocrx_word' id='word_1_876' title='bbox 373 3398 522 3430; x_wconf 88' lang='lat' dir='ltr'>comperto</span> <span class='ocrx_word' id='word_1_877' title='bbox 543 3390 622 3428; x_wconf 83' lang='lat' dir='ltr'>quod</span> <span class='ocrx_word' id='word_1_878' title='bbox 645 3392 718 3421; x_wconf 83' lang='lat' dir='ltr'>illam</span> <span class='ocrx_word' id='word_1_879' title='bbox 733 3401 826 3430; x_wconf 86' lang='lat' dir='ltr'>quarta</span> <span class='ocrx_word' id='word_1_880' title='bbox 841 3394 1084 3433; x_wconf 77' lang='lat' dir='ltr'>consanguinitatis</span> <span class='ocrx_word' id='word_1_881' title='bbox 1101 3394 1170 3424; x_wconf 79' lang='lat' dir='ltr'>linea</span> 
     </span>
     <span class='ocr_line' id='line_1_84' title="bbox 112 3428 1166 3470; baseline 0.001 -9"><span class='ocrx_word' id='word_1_882' title='bbox 112 3432 311 3470; x_wconf 75' lang='lat' dir='ltr'>contingebas,</span> <span class='ocrx_word' id='word_1_883' title='bbox 330 3430 512 3460; x_wconf 85' lang='lat' dir='ltr'>matrimonio</span> <span class='ocrx_word' id='word_1_884' title='bbox 526 3428 682 3466; x_wconf 83' lang='lat' dir='ltr'>hujusmodi</span> <span class='ocrx_word' id='word_1_885' title='bbox 695 3430 813 3461; x_wconf 88' lang='lat' dir='ltr'>minime</span> <span class='ocrx_word' id='word_1_886' title='bbox 828 3433 1025 3462; x_wconf 86' lang='lat' dir='ltr'>consummato</span> <span class='ocrx_word' id='word_1_887' title='bbox 1035 3455 1044 3469; x_wconf 89' lang='lat'>,</span> <span class='ocrx_word' id='word_1_888' title='bbox 1061 3432 1166 3462; x_wconf 74' lang='lat' dir='ltr'>carissi-</span> 
     </span>
     <span class='ocr_line' id='line_1_85' title="bbox 113 3466 1170 3507; baseline 0.001 -8"><span class='ocrx_word' id='word_1_889' title='bbox 113 3479 191 3500; x_wconf 84' lang='lat' dir='ltr'>mam</span> <span class='ocrx_word' id='word_1_890' title='bbox 216 3472 246 3500; x_wconf 88' lang='lat' dir='ltr'>in</span> <span class='ocrx_word' id='word_1_891' title='bbox 271 3468 390 3499; x_wconf 83' lang='lat' dir='ltr'>Christo</span> <span class='ocrx_word' id='word_1_892' title='bbox 417 3467 513 3497; x_wconf 86' lang='lat' dir='ltr'>Filiam</span> <span class='ocrx_word' id='word_1_893' title='bbox 539 3466 663 3496; x_wconf 88' lang='lat' dir='ltr'>nostram</span> <span class='ocrx_word' id='word_1_894' title='bbox 683 3468 853 3507; x_wconf 84' lang='lat' dir='ltr'>Alyenoram</span> <span class='ocrx_word' id='word_1_895' title='bbox 878 3471 1011 3500; x_wconf 84' lang='lat' dir='ltr'>illustrem</span> <span class='ocrx_word' id='word_1_896' title='bbox 1028 3471 1170 3507; x_wconf 67' lang='lat' dir='ltr'>Reginam</span> 
     </span>
     <span class='ocr_line' id='line_1_86' title="bbox 112 3504 1171 3548; baseline 0.001 -10"><span class='ocrx_word' id='word_1_897' title='bbox 112 3508 223 3547; x_wconf 87' lang='lat' dir='ltr'>Angliae</span> <span class='ocrx_word' id='word_1_898' title='bbox 232 3532 240 3545; x_wconf 86' lang='lat'>,</span> <span class='ocrx_word' id='word_1_899' title='bbox 256 3516 348 3537; x_wconf 80' lang='lat' dir='ltr'>natam</span> <span class='ocrx_word' id='word_1_900' title='bbox 363 3505 605 3548; x_wconf 35' lang='lat' dir='ltr'>clarne&#39;memoriae</span> <span class='ocrx_word' id='word_1_901' title='bbox 621 3504 744 3536; x_wconf 89' lang='lat' dir='ltr'>Comitis</span> <span class='ocrx_word' id='word_1_902' title='bbox 758 3506 932 3547; x_wconf 87' lang='lat' dir='ltr'>Provinciae,</span> <span class='ocrx_word' id='word_1_903' title='bbox 945 3510 973 3538; x_wconf 87' lang='lat' dir='ltr'>in</span> <span class='ocrx_word' id='word_1_904' title='bbox 985 3510 1056 3539; x_wconf 85' lang='lat' dir='ltr'>facie</span> <span class='ocrx_word' id='word_1_905' title='bbox 1070 3509 1171 3539; x_wconf 89' lang='lat' dir='ltr'>Eccle-</span> 
     </span>
     <span class='ocr_line' id='line_1_87' title="bbox 113 3543 703 3583; baseline -0.005 -7"><span class='ocrx_word' id='word_1_906' title='bbox 113 3546 174 3583; x_wconf 84' lang='lat' dir='ltr'>siae,</span> <span class='ocrx_word' id='word_1_907' title='bbox 192 3547 244 3577; x_wconf 92' lang='lat' dir='ltr'>tibi</span> <span class='ocrx_word' id='word_1_908' title='bbox 257 3544 497 3576; x_wconf 84' lang='lat' dir='ltr'>matrimonialiter</span> <span class='ocrx_word' id='word_1_909' title='bbox 510 3543 703 3582; x_wconf 85' lang='lat' dir='ltr'>copulaveras,</span> 
     </span>
    </p>

    <p class='ocr_par' dir='ltr' id='par_1_19' title="bbox 114 3579 1171 3653">
     <span class='ocr_line' id='line_1_88' title="bbox 148 3579 1171 3623; baseline 0.002 -9"><span class='ocrx_word' id='word_1_910' title='bbox 148 3584 301 3616; x_wconf 87' lang='lat' dir='ltr'>Providere</span> <span class='ocrx_word' id='word_1_911' title='bbox 318 3583 420 3614; x_wconf 91' lang='lat' dir='ltr'>honori</span> <span class='ocrx_word' id='word_1_912' title='bbox 445 3591 494 3612; x_wconf 88' lang='lat' dir='ltr'>tuo</span> <span class='ocrx_word' id='word_1_913' title='bbox 507 3604 517 3619; x_wconf 84' lang='lat'>,</span> <span class='ocrx_word' id='word_1_914' title='bbox 535 3582 569 3612; x_wconf 68' lang='grc' dir='ltr'>ὃς</span> <span class='ocrx_word' id='word_1_915' title='bbox 588 3579 710 3612; x_wconf 85' lang='lat' dir='ltr'>filiorum</span> <span class='ocrx_word' id='word_1_916' title='bbox 730 3589 842 3614; x_wconf 90' lang='lat' dir='ltr'>tuorum</span> <span class='ocrx_word' id='word_1_917' title='bbox 861 3593 973 3623; x_wconf 84' lang='lat' dir='ltr'>paterna</span> <span class='ocrx_word' id='word_1_918' title='bbox 985 3585 1171 3616; x_wconf 87' lang='lat' dir='ltr'>sollicitudine</span> 
     </span>
     <span class='ocr_line' id='line_1_89' title="bbox 114 3631 282 3653; baseline -0.006 -1"><span class='ocrx_word' id='word_1_919' title='bbox 114 3631 282 3653; x_wconf 87' lang='lat' dir='ltr'>curaremus.</span> 
     </span>
    </p>

    <p class='ocr_par' dir='ltr' id='par_1_20' title="bbox 113 3657 1170 3890">
     <span class='ocr_line' id='line_1_90' title="bbox 152 3657 1170 3699; baseline 0.001 -8"><span class='ocrx_word' id='word_1_920' title='bbox 152 3660 231 3692; x_wconf 85' lang='lat' dir='ltr'>Cum</span> <span class='ocrx_word' id='word_1_921' title='bbox 246 3669 340 3692; x_wconf 88' lang='lat' dir='ltr'>autem</span> <span class='ocrx_word' id='word_1_922' title='bbox 355 3670 406 3691; x_wconf 85' lang='lat' dir='ltr'>nos</span> <span class='ocrx_word' id='word_1_923' title='bbox 419 3658 633 3689; x_wconf 85' lang='lat' dir='ltr'>Venerabilibus</span> <span class='ocrx_word' id='word_1_924' title='bbox 648 3657 786 3690; x_wconf 85' lang='lat' dir='ltr'>Fratribus</span> <span class='ocrx_word' id='word_1_925' title='bbox 800 3660 901 3691; x_wconf 91' lang='lat' dir='ltr'>nostris</span> <span class='ocrx_word' id='word_1_926' title='bbox 1021 3662 1170 3699; x_wconf 77' lang='lat' dir='ltr'>Archiepi-</span> 
     </span>
     <span class='ocr_line' id='line_1_91' title="bbox 116 3695 1169 3737; baseline 0.001 -9"><span class='ocrx_word' id='word_1_927' title='bbox 116 3698 203 3737; x_wconf 81' lang='lat' dir='ltr'>scopo</span> <span class='ocrx_word' id='word_1_928' title='bbox 220 3699 377 3730; x_wconf 88' lang='lat' dir='ltr'>Eboracen.</span> <span class='ocrx_word' id='word_1_929' title='bbox 397 3699 430 3729; x_wconf 92' lang='lat'>&amp;</span> <span class='ocrx_word' id='word_1_930' title='bbox 444 3697 583 3736; x_wconf 84' lang='lat' dir='ltr'>Episcopo</span> <span class='ocrx_word' id='word_1_931' title='bbox 594 3695 781 3727; x_wconf 85' lang='lat' dir='ltr'>Heteforden.</span> <span class='ocrx_word' id='word_1_932' title='bbox 798 3698 962 3729; x_wconf 88' lang='lat' dir='ltr'>dedissemus</span> <span class='ocrx_word' id='word_1_933' title='bbox 974 3700 1074 3730; x_wconf 82' lang='lat' dir='ltr'>nostris</span> <span class='ocrx_word' id='word_1_934' title='bbox 1088 3701 1169 3730; x_wconf 88' lang='lat' dir='ltr'>literis</span> 
     </span>
     <span class='ocr_line' id='line_1_92' title="bbox 114 3735 1168 3777; baseline 0.003 -11"><span class='ocrx_word' id='word_1_935' title='bbox 114 3737 143 3766; x_wconf 90' lang='lat' dir='ltr'>in</span> <span class='ocrx_word' id='word_1_936' title='bbox 159 3738 292 3768; x_wconf 87' lang='lat' dir='ltr'>mandatis</span> <span class='ocrx_word' id='word_1_937' title='bbox 304 3747 334 3768; x_wconf 92' lang='lat' dir='ltr'>ut</span> <span class='ocrx_word' id='word_1_938' title='bbox 343 3761 352 3774; x_wconf 91' lang='lat'>,</span> <span class='ocrx_word' id='word_1_939' title='bbox 368 3737 494 3775; x_wconf 85' lang='lat' dir='ltr'>inquisita</span> <span class='ocrx_word' id='word_1_940' title='bbox 508 3735 657 3777; x_wconf 23' lang='lat' dir='ltr'>superthoc</span> <span class='ocrx_word' id='word_1_941' title='bbox 670 3735 966 3777; x_wconf 73' lang='lat' dir='ltr'>diligentiusveritate,</span> <span class='ocrx_word' id='word_1_942' title='bbox 985 3739 1004 3768; x_wconf 90' lang='lat' dir='ltr'>si</span> <span class='ocrx_word' id='word_1_943' title='bbox 1018 3739 1056 3768; x_wconf 83' lang='lat' dir='ltr'>eis</span> <span class='ocrx_word' id='word_1_944' title='bbox 1070 3740 1105 3769; x_wconf 89' lang='lat' dir='ltr'>ita</span> <span class='ocrx_word' id='word_1_945' title='bbox 1114 3739 1168 3768; x_wconf 85' lang='lat' dir='ltr'>esse</span> 
     </span>
     <span class='ocr_line' id='line_1_93' title="bbox 113 3773 1168 3815; baseline 0.002 -11"><span class='ocrx_word' id='word_1_946' title='bbox 113 3776 252 3806; x_wconf 88' lang='lat' dir='ltr'>constaret</span> <span class='ocrx_word' id='word_1_947' title='bbox 263 3799 273 3814; x_wconf 96' lang='lat'>,</span> <span class='ocrx_word' id='word_1_948' title='bbox 289 3777 413 3815; x_wconf 90' lang='lat' dir='ltr'>primum</span> <span class='ocrx_word' id='word_1_949' title='bbox 435 3775 647 3805; x_wconf 86' lang='lat' dir='ltr'>matrimonium</span> <span class='ocrx_word' id='word_1_950' title='bbox 661 3773 694 3803; x_wconf 73' lang='grc' dir='ltr'>δε</span> <span class='ocrx_word' id='word_1_951' title='bbox 713 3782 896 3810; x_wconf 68' lang='lat' dir='ltr'>juramentum</span> <span class='ocrx_word' id='word_1_952' title='bbox 912 3775 991 3813; x_wconf 81' lang='lat' dir='ltr'>quod</span> <span class='ocrx_word' id='word_1_953' title='bbox 1006 3776 1041 3806; x_wconf 92' lang='lat' dir='ltr'>de</span> <span class='ocrx_word' id='word_1_954' title='bbox 1055 3786 1168 3806; x_wconf 86' lang='lat' dir='ltr'>contra—</span> 
     </span>
     <span class='ocr_line' id='line_1_94' title="bbox 113 3812 1168 3853; baseline 0.003 -11"><span class='ocrx_word' id='word_1_955' title='bbox 113 3812 208 3843; x_wconf 83' lang='lat' dir='ltr'>hendo</span> <span class='ocrx_word' id='word_1_956' title='bbox 219 3814 274 3853; x_wconf 89' lang='lat' dir='ltr'>ipse</span> <span class='ocrx_word' id='word_1_957' title='bbox 288 3816 383 3851; x_wconf 84' lang='lat' dir='ltr'>primo</span> <span class='ocrx_word' id='word_1_958' title='bbox 397 3812 575 3852; x_wconf 68' lang='lat' dir='ltr'>praestiteras,</span> <span class='ocrx_word' id='word_1_959' title='bbox 593 3821 654 3841; x_wconf 90' lang='lat' dir='ltr'>non</span> <span class='ocrx_word' id='word_1_960' title='bbox 666 3819 775 3848; x_wconf 70' lang='lat' dir='ltr'>tenere,</span> <span class='ocrx_word' id='word_1_961' title='bbox 802 3821 835 3842; x_wconf 86' lang='lat' dir='ltr'>ac</span> <span class='ocrx_word' id='word_1_962' title='bbox 849 3813 938 3843; x_wconf 82' lang='lat' dir='ltr'>valere</span> <span class='ocrx_word' id='word_1_963' title='bbox 951 3813 1103 3845; x_wconf 90' lang='lat' dir='ltr'>secundum</span> <span class='ocrx_word' id='word_1_964' title='bbox 1119 3825 1168 3845; x_wconf 92' lang='lat' dir='ltr'>au-</span> 
     </span>
     <span class='ocr_line' id='line_1_95' title="bbox 117 3850 788 3890; baseline 0.001 -11"><span class='ocrx_word' id='word_1_965' title='bbox 117 3850 245 3882; x_wconf 66' lang='lat' dir='ltr'>&amp;oritate</span> <span class='ocrx_word' id='word_1_966' title='bbox 258 3852 410 3890; x_wconf 86' lang='lat' dir='ltr'>apostolica</span> <span class='ocrx_word' id='word_1_967' title='bbox 423 3851 574 3882; x_wconf 88' lang='lat' dir='ltr'>decernere</span> <span class='ocrx_word' id='word_1_968' title='bbox 590 3858 788 3888; x_wconf 85' lang='lat' dir='ltr'>procurarent:</span> 
     </span>
    </p>

    <p class='ocr_par' dir='ltr' id='par_1_21' title="bbox 112 3887 1168 3966">
     <span class='ocr_line' id='line_1_96' title="bbox 149 3887 1168 3930; baseline 0.002 -11"><span class='ocrx_word' id='word_1_969' title='bbox 149 3888 373 3920; x_wconf 65' lang='lat' dir='ltr'>contradictores</span> <span class='ocrx_word' id='word_1_970' title='bbox 386 3899 434 3928; x_wconf 87' lang='lat' dir='ltr'>per</span> <span class='ocrx_word' id='word_1_971' title='bbox 449 3888 593 3920; x_wconf 85' lang='lat' dir='ltr'>censuram</span> <span class='ocrx_word' id='word_1_972' title='bbox 608 3887 839 3926; x_wconf 79' lang='lat' dir='ltr'>ecclesiasticam,</span> <span class='ocrx_word' id='word_1_973' title='bbox 856 3889 1038 3928; x_wconf 85' lang='lat' dir='ltr'>appellatione</span> <span class='ocrx_word' id='word_1_974' title='bbox 1053 3891 1168 3930; x_wconf 88' lang='lat' dir='ltr'>postpo-</span> 
     </span>
     <span class='ocr_line' id='line_1_97' title="bbox 112 3926 414 3966; baseline 0.003 -9"><span class='ocrx_word' id='word_1_975' title='bbox 112 3926 176 3963; x_wconf 76' lang='lat' dir='ltr'>sita,</span> <span class='ocrx_word' id='word_1_976' title='bbox 194 3928 414 3966; x_wconf 89' lang='lat' dir='ltr'>compescendo:</span> 
     </span>
    </p>

    <p class='ocr_par' dir='ltr' id='par_1_22' title="bbox 108 3964 1169 4147">
     <span class='ocr_line' id='line_1_98' title="bbox 147 3964 1169 4006; baseline 0.003 -12"><span class='ocrx_word' id='word_1_977' title='bbox 147 3964 277 3994; x_wconf 87' lang='lat' dir='ltr'>Tandem</span> <span class='ocrx_word' id='word_1_978' title='bbox 294 3966 355 4005; x_wconf 89' lang='lat' dir='ltr'>ipso</span> <span class='ocrx_word' id='word_1_979' title='bbox 375 3965 612 4006; x_wconf 81' lang='lat' dir='ltr'>Archiepiscopo,</span> <span class='ocrx_word' id='word_1_980' title='bbox 631 3964 711 4002; x_wconf 81' lang='lat' dir='ltr'>quod</span> <span class='ocrx_word' id='word_1_981' title='bbox 727 3973 785 3994; x_wconf 90' lang='lat' dir='ltr'>non</span> <span class='ocrx_word' id='word_1_982' title='bbox 806 3971 915 4003; x_wconf 87' lang='lat' dir='ltr'>poterat</span> <span class='ocrx_word' id='word_1_983' title='bbox 928 3966 1055 3996; x_wconf 77' lang='lat' dir='ltr'>interesse</span> <span class='ocrx_word' id='word_1_984' title='bbox 1068 3977 1084 3997; x_wconf 93' lang='lat' dir='ltr'>c</span> <span class='ocrx_word' id='word_1_985' title='bbox 1126 3969 1169 3997; x_wconf 88' lang='lat' dir='ltr'>ni-</span> 
     </span>
     <span class='ocr_line' id='line_1_99' title="bbox 110 4001 1166 4043; baseline 0.003 -11"><span class='ocrx_word' id='word_1_986' title='bbox 110 4003 181 4032; x_wconf 86' lang='lat' dir='ltr'>tioni</span> <span class='ocrx_word' id='word_1_987' title='bbox 201 4001 356 4039; x_wconf 85' lang='lat' dir='ltr'>hujusmodi</span> <span class='ocrx_word' id='word_1_988' title='bbox 372 4005 498 4043; x_wconf 81' lang='lat' dir='ltr'>negotii,</span> <span class='ocrx_word' id='word_1_989' title='bbox 517 4013 564 4040; x_wconf 84' lang='lat' dir='ltr'>pei·</span> <span class='ocrx_word' id='word_1_990' title='bbox 589 4003 644 4032; x_wconf 86' lang='lat' dir='ltr'>suas</span> <span class='ocrx_word' id='word_1_991' title='bbox 662 4003 750 4032; x_wconf 85' lang='lat' dir='ltr'>literas</span> <span class='ocrx_word' id='word_1_992' title='bbox 771 4002 897 4038; x_wconf 85' lang='lat' dir='ltr'>legitime</span> <span class='ocrx_word' id='word_1_993' title='bbox 917 4003 1045 4034; x_wconf 75' lang='lat' dir='ltr'>excusato</span> <span class='ocrx_word' id='word_1_994' title='bbox 1060 4027 1070 4043; x_wconf 91' lang='lat'>,</span> <span class='ocrx_word' id='word_1_995' title='bbox 1087 4006 1097 4034; x_wconf 91' lang='lat' dir='ltr'>i</span> <span class='ocrx_word' id='word_1_996' title='bbox 1118 4015 1166 4035; x_wconf 91' lang='lat' dir='ltr'>em</span> 
     </span>
     <span class='ocr_line' id='line_1_100' title="bbox 108 4040 1168 4080; baseline 0.003 -10"><span class='ocrx_word' id='word_1_997' title='bbox 108 4040 263 4078; x_wconf 87' lang='lat' dir='ltr'>Episcopus</span> <span class='ocrx_word' id='word_1_998' title='bbox 277 4063 287 4078; x_wconf 93' lang='lat'>,</span> <span class='ocrx_word' id='word_1_999' title='bbox 305 4050 386 4080; x_wconf 90' lang='lat' dir='ltr'>prout</span> <span class='ocrx_word' id='word_1_1000' title='bbox 407 4051 440 4071; x_wconf 86' lang='lat' dir='ltr'>ex</span> <span class='ocrx_word' id='word_1_1001' title='bbox 463 4042 621 4072; x_wconf 87' lang='lat' dir='ltr'>nostrarum</span> <span class='ocrx_word' id='word_1_1002' title='bbox 634 4041 772 4071; x_wconf 85' lang='lat' dir='ltr'>literarum</span> <span class='ocrx_word' id='word_1_1003' title='bbox 786 4041 905 4071; x_wconf 88' lang='lat' dir='ltr'>habebat</span> <span class='ocrx_word' id='word_1_1004' title='bbox 919 4041 1058 4072; x_wconf 89' lang='lat' dir='ltr'>beneficio</span> <span class='ocrx_word' id='word_1_1005' title='bbox 1094 4043 1168 4074; x_wconf 89' lang='lat' dir='ltr'>solus</span> 
     </span>
     <span class='ocr_line' id='line_1_101' title="bbox 108 4065 1168 4147; baseline 0.005 -39"><span class='ocrx_word' id='word_1_1006' title='bbox 108 4080 139 4109; x_wconf 81' lang='lat' dir='ltr'>in</span> <span class='ocrx_word' id='word_1_1007' title='bbox 147 4078 352 4147; x_wconf 54' lang='grc' dir='ltr'>ἸηεςοῗοΡίΡΙΓο</span> <span class='ocrx_word' id='word_1_1008' title='bbox 368 4081 520 4118; x_wconf 87' lang='lat' dir='ltr'>procedens</span> <span class='ocrx_word' id='word_1_1009' title='bbox 533 4103 544 4119; x_wconf 91' lang='lat'>,</span> <span class='ocrx_word' id='word_1_1010' title='bbox 561 4081 650 4112; x_wconf 78' lang='lat' dir='ltr'>citaris</span> <span class='ocrx_word' id='word_1_1011' title='bbox 671 4079 792 4118; x_wconf 84' lang='lat' dir='ltr'>partibus</span> <span class='ocrx_word' id='word_1_1012' title='bbox 803 4101 814 4118; x_wconf 83' lang='grc'>,</span> <span class='ocrx_word' id='word_1_1013' title='bbox 832 4079 865 4112; x_wconf 89' lang='lat'>&amp;</span> <span class='ocrx_word' id='word_1_1014' title='bbox 887 4078 1041 4120; x_wconf 69' lang='lat' dir='ltr'>supradicta</span> <span class='ocrx_word' id='word_1_1015' title='bbox 1056 4065 1168 4121; x_wconf 75' lang='lat' dir='ltr'>Regina</span> 
     </span>
    </p>

    <p class='ocr_par' dir='ltr' id='par_1_23' title="bbox 170 4127 343 4149">
     <span class='ocr_line' id='line_1_102' title="bbox 170 4127 343 4149; baseline 0.006 -3"><span class='ocrx_word' id='word_1_1016' title='bbox 170 4127 218 4149; x_wconf 78' lang='lat' dir='ltr'>om.</span> <span class='ocrx_word' id='word_1_1017' title='bbox 250 4139 255 4146; x_wconf 87' lang='lat'>.</span> <span class='ocrx_word' id='word_1_1018' title='bbox 298 4140 303 4146; x_wconf 89' lang='lat'><em>.</em></span> <span class='ocrx_word' id='word_1_1019' title='bbox 336 4140 343 4147; x_wconf 71' lang='lat'><em>‚</em></span> 
     </span>
    </p>
   </div>
   <div class='ocr_carea' id='block_1_17' title="bbox 1231 376 2403 423">
    <p class='ocr_par' dir='ltr' id='par_1_24' title="bbox 1231 376 2403 423">
     <span class='ocr_line' id='line_1_103' title="bbox 1231 376 2403 423; baseline 0.013 -22"><span class='ocrx_word' id='word_1_1020' title='bbox 1231 382 1288 410; x_wconf 89' lang='lat' dir='ltr'>ret,</span> <span class='ocrx_word' id='word_1_1021' title='bbox 1308 384 1360 404; x_wconf 90' lang='lat' dir='ltr'>nec</span> <span class='ocrx_word' id='word_1_1022' title='bbox 1382 376 1511 414; x_wconf 71' lang='lat' dir='ltr'>veniret,</span> <span class='ocrx_word' id='word_1_1023' title='bbox 1526 386 1580 407; x_wconf 86' lang='lat' dir='ltr'>nec</span> <span class='ocrx_word' id='word_1_1024' title='bbox 1603 377 1629 406; x_wconf 93' lang='lat' dir='ltr'>se</span> <span class='ocrx_word' id='word_1_1025' title='bbox 1649 378 1684 408; x_wconf 94' lang='lat' dir='ltr'>de</span> <span class='ocrx_word' id='word_1_1026' title='bbox 1697 379 1750 416; x_wconf 87' lang='lat' dir='ltr'>ipsa</span> <span class='ocrx_word' id='word_1_1027' title='bbox 1764 381 1975 420; x_wconf 71' lang='lat' dir='ltr'>intromitteret,</span> <span class='ocrx_word' id='word_1_1028' title='bbox 1995 383 2045 420; x_wconf 86' lang='lat'>&amp;,</span> <span class='ocrx_word' id='word_1_1029' title='bbox 2059 383 2175 413; x_wconf 87' lang='lat' dir='ltr'>demum</span> <span class='ocrx_word' id='word_1_1030' title='bbox 2190 394 2281 423; x_wconf 86' lang='lat' dir='ltr'>neque</span> <span class='ocrx_word' id='word_1_1031' title='bbox 2293 385 2356 408; x_wconf 70' lang='lat' dir='ltr'>Heu.</span> <span class='ocrx_word' id='word_1_1032' title='bbox 2379 391 2403 417; x_wconf 86' lang='lat'>3-</span> 
     </span>
    </p>
   </div>
   <div class='ocr_carea' id='block_1_18' title="bbox 1222 412 2312 1548">
    <p class='ocr_par' dir='ltr' id='par_1_25' title="bbox 1230 412 2281 533">
     <span class='ocr_line' id='line_1_104' title="bbox 1230 412 2281 461; baseline 0.012 -21"><span class='ocrx_word' id='word_1_1033' title='bbox 1230 421 1280 448; x_wconf 85' lang='lat' dir='ltr'>per</span> <span class='ocrx_word' id='word_1_1034' title='bbox 1299 412 1345 457; x_wconf 67' lang='lat' dir='ltr'>se,</span> <span class='ocrx_word' id='word_1_1035' title='bbox 1364 422 1454 456; x_wconf 67' lang='lat' dir='ltr'>neque</span> <span class='ocrx_word' id='word_1_1036' title='bbox 1474 424 1523 451; x_wconf 87' lang='lat' dir='ltr'>per</span> <span class='ocrx_word' id='word_1_1037' title='bbox 1544 415 1628 459; x_wconf 84' lang='lat' dir='ltr'>alium</span> <span class='ocrx_word' id='word_1_1038' title='bbox 1639 425 1848 458; x_wconf 66' lang='lat' dir='ltr'>comparente,</span> <span class='ocrx_word' id='word_1_1039' title='bbox 1868 420 2000 456; x_wconf 72' lang='lat' dir='ltr'>praesente</span> <span class='ocrx_word' id='word_1_1040' title='bbox 2013 419 2199 452; x_wconf 89' lang='lat' dir='ltr'>Procuratore</span> <span class='ocrx_word' id='word_1_1041' title='bbox 2214 431 2281 461; x_wconf 74' lang='lat' dir='ltr'>tuo,</span> 
     </span>
     <span class='ocr_line' id='line_1_105' title="bbox 1231 452 2277 497; baseline 0.012 -18"><span class='ocrx_word' id='word_1_1042' title='bbox 1231 458 1351 487; x_wconf 71' lang='lat' dir='ltr'>cognitis</span> <span class='ocrx_word' id='word_1_1043' title='bbox 1361 454 1441 488; x_wconf 84' lang='lat' dir='ltr'>ipsius</span> <span class='ocrx_word' id='word_1_1044' title='bbox 1454 452 1542 482; x_wconf 81' lang='lat' dir='ltr'>causae</span> <span class='ocrx_word' id='word_1_1045' title='bbox 1555 462 1657 483; x_wconf 88' lang='lat' dir='ltr'>meritis</span> <span class='ocrx_word' id='word_1_1046' title='bbox 1667 477 1675 492; x_wconf 89' lang='lat'>,</span> <span class='ocrx_word' id='word_1_1047' title='bbox 1693 455 1726 483; x_wconf 67' lang='grc' dir='ltr'>ὃ(</span> <span class='ocrx_word' id='word_1_1048' title='bbox 1738 456 1802 492; x_wconf 67' lang='lat' dir='ltr'>juris</span> <span class='ocrx_word' id='word_1_1049' title='bbox 1814 457 1910 487; x_wconf 76' lang='lat' dir='ltr'>ordine</span> <span class='ocrx_word' id='word_1_1050' title='bbox 1923 458 2068 489; x_wconf 83' lang='lat' dir='ltr'>observato</span> <span class='ocrx_word' id='word_1_1051' title='bbox 2080 482 2090 497; x_wconf 93' lang='lat'>,</span> <span class='ocrx_word' id='word_1_1052' title='bbox 2108 459 2142 489; x_wconf 88' lang='lat' dir='ltr'>de</span> <span class='ocrx_word' id='word_1_1053' title='bbox 2157 461 2277 497; x_wconf 77' lang='lat' dir='ltr'>pruden-</span> 
     </span>
     <span class='ocr_line' id='line_1_106' title="bbox 1230 490 1992 533; baseline 0.012 -17"><span class='ocrx_word' id='word_1_1054' title='bbox 1230 495 1290 517; x_wconf 87' lang='lat' dir='ltr'>tum</span> <span class='ocrx_word' id='word_1_1055' title='bbox 1302 490 1428 520; x_wconf 85' lang='lat' dir='ltr'>virorum</span> <span class='ocrx_word' id='word_1_1056' title='bbox 1443 491 1560 520; x_wconf 77' lang='lat' dir='ltr'>consilio</span> <span class='ocrx_word' id='word_1_1057' title='bbox 1570 491 1763 522; x_wconf 64' lang='lat' dir='ltr'>sententialiter</span> <span class='ocrx_word' id='word_1_1058' title='bbox 1777 497 1992 533; x_wconf 83' lang='lat' dir='ltr'>pronunciavit,</span> 
     </span>
    </p>

    <p class='ocr_par' dir='ltr' id='par_1_26' title="bbox 1229 526 2279 641">
     <span class='ocr_line' id='line_1_107' title="bbox 1266 526 2276 580; baseline 0.013 -25"><span class='ocrx_word' id='word_1_1059' title='bbox 1266 526 1390 569; x_wconf 81' lang='lat' dir='ltr'>Nullum</span> <span class='ocrx_word' id='word_1_1060' title='bbox 1409 527 1489 557; x_wconf 81' lang='lat' dir='ltr'>fuisse</span> <span class='ocrx_word' id='word_1_1061' title='bbox 1502 530 1712 559; x_wconf 87' lang='lat' dir='ltr'>matrimonium</span> <span class='ocrx_word' id='word_1_1062' title='bbox 1728 532 1905 562; x_wconf 58' lang='lat' dir='ltr'>contraitum</span> <span class='ocrx_word' id='word_1_1063' title='bbox 1919 534 1987 563; x_wconf 89' lang='lat' dir='ltr'>inter</span> <span class='ocrx_word' id='word_1_1064' title='bbox 2001 543 2027 563; x_wconf 89' lang='lat' dir='ltr'>te</span> <span class='ocrx_word' id='word_1_1065' title='bbox 2043 557 2052 571; x_wconf 94' lang='lat'>,</span> <span class='ocrx_word' id='word_1_1066' title='bbox 2069 545 2101 565; x_wconf 87' lang='lat' dir='ltr'>ac</span> <span class='ocrx_word' id='word_1_1067' title='bbox 2114 536 2276 580; x_wconf 69' lang='lat' dir='ltr'>praedic&#39;iam</span> 
     </span>
     <span class='ocr_line' id='line_1_108' title="bbox 1229 562 2279 614; baseline 0.012 -21"><span class='ocrx_word' id='word_1_1068' title='bbox 1229 562 1369 608; x_wconf 80' lang='lat' dir='ltr'>Reginam</span> <span class='ocrx_word' id='word_1_1069' title='bbox 1384 565 1530 604; x_wconf 79' lang='lat' dir='ltr'>Castellae,</span> <span class='ocrx_word' id='word_1_1070' title='bbox 1549 568 1719 606; x_wconf 90' lang='lat' dir='ltr'>impediente</span> <span class='ocrx_word' id='word_1_1071' title='bbox 1732 577 1830 607; x_wconf 89' lang='lat' dir='ltr'>quarto</span> <span class='ocrx_word' id='word_1_1072' title='bbox 1842 571 1927 608; x_wconf 81' lang='lat' dir='ltr'>gradu</span> <span class='ocrx_word' id='word_1_1073' title='bbox 1946 573 2200 613; x_wconf 78' lang='lat' dir='ltr'>consanguinitatis,</span> <span class='ocrx_word' id='word_1_1074' title='bbox 2220 587 2279 614; x_wconf 90' lang='lat' dir='ltr'>quo</span> 
     </span>
     <span class='ocr_line' id='line_1_109' title="bbox 1229 604 1546 641; baseline 0.009 -10"><span class='ocrx_word' id='word_1_1075' title='bbox 1229 604 1409 641; x_wconf 83' lang='lat' dir='ltr'>contingebas</span> <span class='ocrx_word' id='word_1_1076' title='bbox 1423 605 1546 634; x_wconf 85' lang='lat' dir='ltr'>eandem.</span> 
     </span>
    </p>

    <p class='ocr_par' dir='ltr' id='par_1_27' title="bbox 1227 640 2280 791">
     <span class='ocr_line' id='line_1_110' title="bbox 1250 640 2280 685; baseline 0.013 -15"><span class='ocrx_word' id='word_1_1077' title='bbox 1250 640 1312 683; x_wconf 37' lang='lat' dir='ltr'>&#39;Ac</span> <span class='ocrx_word' id='word_1_1078' title='bbox 1326 642 1538 685; x_wconf 85' lang='lat' dir='ltr'>matrimonium</span> <span class='ocrx_word' id='word_1_1079' title='bbox 1553 644 1731 674; x_wconf 60' lang='lat' dir='ltr'>contraitum</span> <span class='ocrx_word' id='word_1_1080' title='bbox 1746 644 1816 675; x_wconf 90' lang='lat' dir='ltr'>inter</span> <span class='ocrx_word' id='word_1_1081' title='bbox 1831 654 1874 684; x_wconf 92' lang='lat' dir='ltr'>te,</span> <span class='ocrx_word' id='word_1_1082' title='bbox 1893 657 1924 677; x_wconf 88' lang='lat' dir='ltr'>ac</span> <span class='ocrx_word' id='word_1_1083' title='bbox 1937 649 2164 684; x_wconf 71' lang='lat' dir='ltr'>praenominatam</span> <span class='ocrx_word' id='word_1_1084' title='bbox 2175 650 2208 681; x_wconf 45' lang='lat' dir='ltr'>A.</span> <span class='ocrx_word' id='word_1_1085' title='bbox 2219 651 2280 682; x_wconf 81' lang='lat' dir='ltr'>Re-</span> 
     </span>
     <span class='ocr_line' id='line_1_111' title="bbox 1227 679 2280 723; baseline 0.011 -16"><span class='ocrx_word' id='word_1_1086' title='bbox 1227 687 1322 714; x_wconf 74' lang='lat' dir='ltr'>ginam</span> <span class='ocrx_word' id='word_1_1087' title='bbox 1346 679 1456 723; x_wconf 79' lang='lat' dir='ltr'>Angliae</span> <span class='ocrx_word' id='word_1_1088' title='bbox 1473 703 1481 718; x_wconf 89' lang='lat'>,</span> <span class='ocrx_word' id='word_1_1089' title='bbox 1506 692 1565 711; x_wconf 91' lang='lat' dir='ltr'>non</span> <span class='ocrx_word' id='word_1_1090' title='bbox 1585 680 1714 712; x_wconf 83' lang='lat' dir='ltr'>obstante</span> <span class='ocrx_word' id='word_1_1091' title='bbox 1731 682 1889 719; x_wconf 84' lang='lat' dir='ltr'>juramento</span> <span class='ocrx_word' id='word_1_1092' title='bbox 1910 687 1924 715; x_wconf 76' lang='grc' dir='ltr'>Ξι</span> <span class='ocrx_word' id='word_1_1093' title='bbox 1944 694 1970 715; x_wconf 91' lang='lat' dir='ltr'>te</span> <span class='ocrx_word' id='word_1_1094' title='bbox 1986 687 2109 722; x_wconf 65' lang='lat' dir='ltr'>praestito</span> <span class='ocrx_word' id='word_1_1095' title='bbox 2121 689 2155 718; x_wconf 90' lang='lat' dir='ltr'>de</span> <span class='ocrx_word' id='word_1_1096' title='bbox 2169 699 2280 720; x_wconf 80' lang='lat' dir='ltr'>contra-</span> 
     </span>
     <span class='ocr_line' id='line_1_112' title="bbox 1228 716 2280 762; baseline 0.013 -17"><span class='ocrx_word' id='word_1_1097' title='bbox 1228 716 1323 762; x_wconf 75' lang='lat' dir='ltr'>hendo</span> <span class='ocrx_word' id='word_1_1098' title='bbox 1341 727 1433 762; x_wconf 83' lang='lat' dir='ltr'>primo</span> <span class='ocrx_word' id='word_1_1099' title='bbox 1448 742 1456 755; x_wconf 90' lang='lat'>,</span> <span class='ocrx_word' id='word_1_1100' title='bbox 1481 719 1637 758; x_wconf 88' lang='lat' dir='ltr'>legitimum</span> <span class='ocrx_word' id='word_1_1101' title='bbox 1655 720 1773 751; x_wconf 83' lang='lat' dir='ltr'>extitisse</span> <span class='ocrx_word' id='word_1_1102' title='bbox 1786 745 1796 760; x_wconf 93' lang='lat'>,</span> <span class='ocrx_word' id='word_1_1103' title='bbox 1815 732 1896 761; x_wconf 89' lang='lat' dir='ltr'>prout</span> <span class='ocrx_word' id='word_1_1104' title='bbox 1914 725 1942 753; x_wconf 87' lang='lat' dir='ltr'>in</span> <span class='ocrx_word' id='word_1_1105' title='bbox 1964 723 2046 754; x_wconf 80' lang='lat' dir='ltr'>literis</span> <span class='ocrx_word' id='word_1_1106' title='bbox 2064 725 2130 756; x_wconf 91' lang='lat' dir='ltr'>inde</span> <span class='ocrx_word' id='word_1_1107' title='bbox 2142 728 2280 759; x_wconf 67' lang='lat' dir='ltr'>confeffis</span> 
     </span>
     <span class='ocr_line' id='line_1_113' title="bbox 1230 754 1513 791; baseline 0.014 -8"><span class='ocrx_word' id='word_1_1108' title='bbox 1230 754 1336 791; x_wconf 85' lang='lat' dir='ltr'>plenius</span> <span class='ocrx_word' id='word_1_1109' title='bbox 1347 764 1513 787; x_wconf 87' lang='lat' dir='ltr'>continetur.</span> 
     </span>
    </p>

    <p class='ocr_par' dir='ltr' id='par_1_28' title="bbox 1227 792 2312 1049">
     <span class='ocr_line' id='line_1_114' title="bbox 1229 792 2282 842; baseline 0.012 -21"><span class='ocrx_word' id='word_1_1110' title='bbox 1229 830 1234 835; x_wconf 24' lang='grc' dir='ltr'><em>ῃ</em></span> <span class='ocrx_word' id='word_1_1111' title='bbox 1266 792 1341 836; x_wconf 29' lang='lat' dir='ltr'>Nos*</span> <span class='ocrx_word' id='word_1_1112' title='bbox 1353 794 1460 832; x_wconf 90' lang='lat' dir='ltr'>itaque,</span> <span class='ocrx_word' id='word_1_1113' title='bbox 1480 796 1607 832; x_wconf 87' lang='lat' dir='ltr'>processu</span> <span class='ocrx_word' id='word_1_1114' title='bbox 1627 799 1773 828; x_wconf 89' lang='lat' dir='ltr'>memorati</span> <span class='ocrx_word' id='word_1_1115' title='bbox 1790 795 1918 838; x_wconf 88' lang='lat' dir='ltr'>Episcopi</span> <span class='ocrx_word' id='word_1_1116' title='bbox 1934 800 1967 831; x_wconf 69' lang='grc' dir='ltr'>ὃς</span> <span class='ocrx_word' id='word_1_1117' title='bbox 1987 800 2117 832; x_wconf 83' lang='lat' dir='ltr'>sententia</span> <span class='ocrx_word' id='word_1_1118' title='bbox 2139 801 2282 842; x_wconf 79' lang='lat' dir='ltr'>diligenter</span> 
     </span>
     <span class='ocr_line' id='line_1_115' title="bbox 1227 830 2280 878; baseline 0.014 -20"><span class='ocrx_word' id='word_1_1119' title='bbox 1227 830 1368 868; x_wconf 68' lang='lat' dir='ltr'>inspeetis,</span> <span class='ocrx_word' id='word_1_1120' title='bbox 1387 834 1543 869; x_wconf 72' lang='lat' dir='ltr'>processum</span> <span class='ocrx_word' id='word_1_1121' title='bbox 1557 835 1738 873; x_wconf 81' lang='lat' dir='ltr'>approbantes</span> <span class='ocrx_word' id='word_1_1122' title='bbox 1751 836 1889 874; x_wconf 88' lang='lat' dir='ltr'>eundem,</span> <span class='ocrx_word' id='word_1_1123' title='bbox 1906 838 2042 878; x_wconf 81' lang='lat' dir='ltr'>ipsamque</span> <span class='ocrx_word' id='word_1_1124' title='bbox 2063 841 2222 872; x_wconf 82' lang='lat' dir='ltr'>sententiam</span> <span class='ocrx_word' id='word_1_1125' title='bbox 2239 852 2280 873; x_wconf 84' lang='lat' dir='ltr'>ra-</span> 
     </span>
     <span class='ocr_line' id='line_1_116' title="bbox 1228 869 2280 918; baseline 0.012 -21"><span class='ocrx_word' id='word_1_1126' title='bbox 1228 876 1285 911; x_wconf 81' lang='lat' dir='ltr'>tam</span> <span class='ocrx_word' id='word_1_1127' title='bbox 1308 869 1438 914; x_wconf 72' lang='lat' dir='ltr'>habentes</span> <span class='ocrx_word' id='word_1_1128' title='bbox 1455 872 1487 901; x_wconf 84' lang='lat'>&amp;</span> <span class='ocrx_word' id='word_1_1129' title='bbox 1509 881 1631 911; x_wconf 79' lang='lat' dir='ltr'>gratam,</span> <span class='ocrx_word' id='word_1_1130' title='bbox 1648 882 1709 902; x_wconf 81' lang='lat' dir='ltr'>eam</span> <span class='ocrx_word' id='word_1_1131' title='bbox 1723 884 1789 903; x_wconf 89' lang='lat' dir='ltr'>cum</span> <span class='ocrx_word' id='word_1_1132' title='bbox 1804 876 1930 911; x_wconf 72' lang='lat' dir='ltr'>processu</span> <span class='ocrx_word' id='word_1_1133' title='bbox 1944 877 2096 916; x_wconf 59' lang='lat' dir='ltr'>praediCio,</span> <span class='ocrx_word' id='word_1_1134' title='bbox 2114 880 2165 908; x_wconf 84' lang='lat' dir='ltr'>tuis</span> <span class='ocrx_word' id='word_1_1135' title='bbox 2178 880 2280 918; x_wconf 85' lang='lat' dir='ltr'>suppli-</span> 
     </span>
     <span class='ocr_line' id='line_1_117' title="bbox 1228 907 2312 957; baseline 0.014 -23"><span class='ocrx_word' id='word_1_1136' title='bbox 1228 907 1382 951; x_wconf 76' lang='lat' dir='ltr'>canonibus</span> <span class='ocrx_word' id='word_1_1137' title='bbox 1403 909 1548 947; x_wconf 85' lang='lat' dir='ltr'>inclinati,</span> <span class='ocrx_word' id='word_1_1138' title='bbox 1566 911 1728 941; x_wconf 57' lang='lat' dir='ltr'>austeritate</span> <span class='ocrx_word' id='word_1_1139' title='bbox 1749 912 1901 948; x_wconf 82' lang='lat' dir='ltr'>apostolica</span> <span class='ocrx_word' id='word_1_1140' title='bbox 1921 914 2139 952; x_wconf 75' lang='lat' dir='ltr'>confirmamus,</span> <span class='ocrx_word' id='word_1_1141' title='bbox 2158 918 2190 947; x_wconf 86' lang='lat'>&amp;</span> <span class='ocrx_word' id='word_1_1142' title='bbox 2206 928 2277 957; x_wconf 80' lang='lat' dir='ltr'>prae-</span> <span class='ocrx_word' id='word_1_1143' title='bbox 2310 916 2312 919; x_wconf 62' lang='grc'>’</span> 
     </span>
     <span class='ocr_line' id='line_1_118' title="bbox 1227 942 2278 993; baseline 0.013 -21"><span class='ocrx_word' id='word_1_1144' title='bbox 1227 942 1307 987; x_wconf 71' lang='lat' dir='ltr'>sentis</span> <span class='ocrx_word' id='word_1_1145' title='bbox 1325 944 1416 987; x_wconf 74' lang='lat' dir='ltr'>scripti</span> <span class='ocrx_word' id='word_1_1146' title='bbox 1437 949 1592 985; x_wconf 88' lang='lat' dir='ltr'>patrocinio</span> <span class='ocrx_word' id='word_1_1147' title='bbox 1614 951 1834 980; x_wconf 85' lang='lat' dir='ltr'>communimus.</span> <span class='ocrx_word' id='word_1_1148' title='bbox 1872 952 2018 982; x_wconf 90' lang='lat' dir='ltr'>Tenorem</span> <span class='ocrx_word' id='word_1_1149' title='bbox 2031 954 2173 984; x_wconf 77' lang='lat' dir='ltr'>sententiae</span> <span class='ocrx_word' id='word_1_1150' title='bbox 2186 955 2278 993; x_wconf 80' lang='lat' dir='ltr'>hujus-</span> 
     </span>
     <span class='ocr_line' id='line_1_119' title="bbox 1229 981 2279 1049; baseline 0.013 -38"><span class='ocrx_word' id='word_1_1151' title='bbox 1229 981 1309 1049; x_wconf 55' lang='lat' dir='ltr'>r11i7pd1</span> <span class='ocrx_word' id='word_1_1152' title='bbox 1322 985 1500 1022; x_wconf 88' lang='lat' dir='ltr'>praesentibus</span> <span class='ocrx_word' id='word_1_1153' title='bbox 1511 1009 1521 1023; x_wconf 94' lang='lat'>,</span> <span class='ocrx_word' id='word_1_1154' title='bbox 1539 986 1574 1016; x_wconf 90' lang='lat' dir='ltr'>de</span> <span class='ocrx_word' id='word_1_1155' title='bbox 1586 987 1676 1016; x_wconf 87' lang='lat' dir='ltr'>verbo</span> <span class='ocrx_word' id='word_1_1156' title='bbox 1692 987 1726 1016; x_wconf 92' lang='lat' dir='ltr'>ad</span> <span class='ocrx_word' id='word_1_1157' title='bbox 1740 989 1879 1027; x_wconf 87' lang='lat' dir='ltr'>verbum,</span> <span class='ocrx_word' id='word_1_1158' title='bbox 1899 990 1974 1019; x_wconf 89' lang='lat' dir='ltr'>inseri</span> <span class='ocrx_word' id='word_1_1159' title='bbox 1989 991 2118 1022; x_wconf 81' lang='lat' dir='ltr'>facientes</span> <span class='ocrx_word' id='word_1_1160' title='bbox 2132 1014 2142 1029; x_wconf 84' lang='lat'>,</span> <span class='ocrx_word' id='word_1_1161' title='bbox 2160 994 2208 1030; x_wconf 88' lang='lat' dir='ltr'>qui</span> <span class='ocrx_word' id='word_1_1162' title='bbox 2220 995 2279 1025; x_wconf 77' lang='lat' dir='ltr'>talis</span> 
     </span>
    </p>

    <p class='ocr_par' dir='ltr' id='par_1_29' title="bbox 1230 1028 1279 1048">
     <span class='ocr_line' id='line_1_120' title="bbox 1230 1028 1279 1048; baseline 0 0"><span class='ocrx_word' id='word_1_1163' title='bbox 1230 1028 1245 1048; x_wconf 85' lang='lat' dir='ltr'>e</span> <span class='ocrx_word' id='word_1_1164' title='bbox 1274 1043 1279 1048; x_wconf 93' lang='lat'>.</span> 
     </span>
    </p>

    <p class='ocr_par' dir='ltr' id='par_1_30' title="bbox 1265 1057 2111 1103">
     <span class='ocr_line' id='line_1_121' title="bbox 1265 1057 2111 1103; baseline 0.013 -16"><span class='ocrx_word' id='word_1_1165' title='bbox 1265 1057 1300 1087; x_wconf 91' lang='lat' dir='ltr'>In</span> <span class='ocrx_word' id='word_1_1166' title='bbox 1313 1059 1432 1089; x_wconf 91' lang='lat' dir='ltr'>nomine</span> <span class='ocrx_word' id='word_1_1167' title='bbox 1445 1059 1545 1098; x_wconf 88' lang='lat' dir='ltr'>Patris,</span> <span class='ocrx_word' id='word_1_1168' title='bbox 1563 1061 1596 1090; x_wconf 89' lang='lat'>&amp;</span> <span class='ocrx_word' id='word_1_1169' title='bbox 1610 1060 1689 1100; x_wconf 88' lang='lat' dir='ltr'>Filii,</span> <span class='ocrx_word' id='word_1_1170' title='bbox 1707 1063 1739 1092; x_wconf 84' lang='lat'>&amp;</span> <span class='ocrx_word' id='word_1_1171' title='bbox 1752 1063 1869 1100; x_wconf 71' lang='lat' dir='ltr'>Spiritus</span> <span class='ocrx_word' id='word_1_1172' title='bbox 1880 1064 1990 1103; x_wconf 67' lang='lat' dir='ltr'>saneti,</span> <span class='ocrx_word' id='word_1_1173' title='bbox 2010 1066 2111 1098; x_wconf 87' lang='lat' dir='ltr'>Amen.</span> 
     </span>
    </p>

    <p class='ocr_par' dir='ltr' id='par_1_31' title="bbox 1222 1094 2280 1369">
     <span class='ocr_line' id='line_1_122' title="bbox 1262 1094 2280 1145; baseline 0.014 -20"><span class='ocrx_word' id='word_1_1174' title='bbox 1262 1094 1335 1140; x_wconf 78' lang='lat' dir='ltr'>Nos</span> <span class='ocrx_word' id='word_1_1175' title='bbox 1359 1095 1469 1136; x_wconf 85' lang='lat' dir='ltr'>Petrus,</span> <span class='ocrx_word' id='word_1_1176' title='bbox 1490 1098 1546 1128; x_wconf 89' lang='lat' dir='ltr'>Dei</span> <span class='ocrx_word' id='word_1_1177' title='bbox 1573 1099 1761 1138; x_wconf 81' lang='lat' dir='ltr'>miseratione,</span> <span class='ocrx_word' id='word_1_1178' title='bbox 1780 1100 1967 1132; x_wconf 84' lang='lat' dir='ltr'>Heresorden.</span> <span class='ocrx_word' id='word_1_1179' title='bbox 1985 1103 2136 1143; x_wconf 82' lang='lat' dir='ltr'>Episcopus</span> <span class='ocrx_word' id='word_1_1180' title='bbox 2150 1130 2159 1145; x_wconf 89' lang='lat'>,</span> <span class='ocrx_word' id='word_1_1181' title='bbox 2177 1118 2193 1138; x_wconf 87' lang='lat' dir='ltr'>a</span> <span class='ocrx_word' id='word_1_1182' title='bbox 2214 1107 2280 1139; x_wconf 69' lang='lat' dir='ltr'>Do„</span> 
     </span>
     <span class='ocr_line' id='line_1_123' title="bbox 1228 1133 2280 1177; baseline 0.008 -14"><span class='ocrx_word' id='word_1_1183' title='bbox 1228 1143 1309 1177; x_wconf 79' lang='lat' dir='ltr'>mino</span> <span class='ocrx_word' id='word_1_1184' title='bbox 1322 1133 1395 1172; x_wconf 86' lang='lat' dir='ltr'>Papa</span> <span class='ocrx_word' id='word_1_1185' title='bbox 1404 1136 1497 1174; x_wconf 84' lang='lat' dir='ltr'>Judex</span> <span class='ocrx_word' id='word_1_1186' title='bbox 1513 1136 1680 1176; x_wconf 80' lang='lat' dir='ltr'>Delegatus,</span> <span class='ocrx_word' id='word_1_1187' title='bbox 1697 1142 1752 1169; x_wconf 66' lang='lat' dir='ltr'>una</span> <span class='ocrx_word' id='word_1_1188' title='bbox 1767 1148 1833 1168; x_wconf 88' lang='lat' dir='ltr'>cum</span> <span class='ocrx_word' id='word_1_1189' title='bbox 1849 1140 2006 1170; x_wconf 88' lang='lat' dir='ltr'>Venerabili</span> <span class='ocrx_word' id='word_1_1190' title='bbox 2026 1142 2104 1173; x_wconf 77' lang='lat' dir='ltr'>Patre</span> <span class='ocrx_word' id='word_1_1191' title='bbox 2225 1148 2280 1177; x_wconf 78' lang='lat' dir='ltr'>Ar.</span> 
     </span>
     <span class='ocr_line' id='line_1_124' title="bbox 1229 1172 2279 1220; baseline 0.013 -19"><span class='ocrx_word' id='word_1_1192' title='bbox 1229 1173 1409 1217; x_wconf 82' lang='lat' dir='ltr'>chiepiscopo</span> <span class='ocrx_word' id='word_1_1193' title='bbox 1424 1172 1580 1205; x_wconf 86' lang='lat' dir='ltr'>Eboracen.</span> <span class='ocrx_word' id='word_1_1194' title='bbox 1602 1175 1679 1220; x_wconf 87' lang='lat' dir='ltr'>super</span> <span class='ocrx_word' id='word_1_1195' title='bbox 1700 1177 1814 1214; x_wconf 85' lang='lat' dir='ltr'>negotio</span> <span class='ocrx_word' id='word_1_1196' title='bbox 1836 1177 2036 1217; x_wconf 85' lang='lat' dir='ltr'>Matrimonii,</span> <span class='ocrx_word' id='word_1_1197' title='bbox 2057 1182 2132 1218; x_wconf 85' lang='lat' dir='ltr'>quod</span> <span class='ocrx_word' id='word_1_1198' title='bbox 2154 1181 2189 1213; x_wconf 91' lang='lat' dir='ltr'>de</span> <span class='ocrx_word' id='word_1_1199' title='bbox 2201 1184 2279 1215; x_wconf 52' lang='lat' dir='ltr'>fausto</span> 
     </span>
     <span class='ocr_line' id='line_1_125' title="bbox 1228 1212 2277 1253; baseline 0.011 -13"><span class='ocrx_word' id='word_1_1200' title='bbox 1228 1212 1404 1242; x_wconf 84' lang='lat' dir='ltr'>intervenisse</span> <span class='ocrx_word' id='word_1_1201' title='bbox 1439 1213 1562 1243; x_wconf 82' lang='lat' dir='ltr'>nondam</span> <span class='ocrx_word' id='word_1_1202' title='bbox 1580 1213 1680 1244; x_wconf 88' lang='lat' dir='ltr'>dicitur</span> <span class='ocrx_word' id='word_1_1203' title='bbox 1699 1216 1769 1244; x_wconf 91' lang='lat' dir='ltr'>inter</span> <span class='ocrx_word' id='word_1_1204' title='bbox 1790 1215 1952 1246; x_wconf 88' lang='lat' dir='ltr'>Dominum</span> <span class='ocrx_word' id='word_1_1205' title='bbox 1966 1216 2128 1249; x_wconf 88' lang='lat' dir='ltr'>Henricum</span> <span class='ocrx_word' id='word_1_1206' title='bbox 2141 1220 2277 1253; x_wconf 87' lang='lat' dir='ltr'>illustrem</span> 
     </span>
     <span class='ocr_line' id='line_1_126' title="bbox 1229 1248 2144 1294; baseline 0.01 -16"><span class='ocrx_word' id='word_1_1207' title='bbox 1229 1248 1342 1288; x_wconf 82' lang='lat' dir='ltr'>Regem</span> <span class='ocrx_word' id='word_1_1208' title='bbox 1360 1250 1424 1288; x_wconf 76' lang='lat' dir='ltr'>Ang</span> <span class='ocrx_word' id='word_1_1209' title='bbox 1434 1252 1486 1289; x_wconf 82' lang='lat' dir='ltr'>iae,</span> <span class='ocrx_word' id='word_1_1210' title='bbox 1501 1252 1533 1282; x_wconf 83' lang='lat'>&amp;</span> <span class='ocrx_word' id='word_1_1211' title='bbox 1549 1251 1706 1282; x_wconf 89' lang='lat' dir='ltr'>Dominam</span> <span class='ocrx_word' id='word_1_1212' title='bbox 1714 1253 1875 1290; x_wconf 79' lang='lat' dir='ltr'>Johannam</span> <span class='ocrx_word' id='word_1_1213' title='bbox 1890 1255 2032 1294; x_wconf 83' lang='lat' dir='ltr'>quondam</span> <span class='ocrx_word' id='word_1_1214' title='bbox 2046 1256 2144 1287; x_wconf 86' lang='lat' dir='ltr'>Filiam</span> 
     </span>
     <span class='ocr_line' id='line_1_127' title="bbox 1230 1286 2280 1332; baseline 0.01 -15"><span class='ocrx_word' id='word_1_1215' title='bbox 1230 1286 1352 1327; x_wconf 80' lang='lat' dir='ltr'>Comitis</span> <span class='ocrx_word' id='word_1_1216' title='bbox 1373 1288 1489 1319; x_wconf 91' lang='lat' dir='ltr'>Pontivi</span> <span class='ocrx_word' id='word_1_1217' title='bbox 1504 1313 1514 1328; x_wconf 88' lang='lat'>,</span> <span class='ocrx_word' id='word_1_1218' title='bbox 1532 1300 1607 1320; x_wconf 91' lang='lat' dir='ltr'>nunc</span> <span class='ocrx_word' id='word_1_1219' title='bbox 1628 1290 1757 1321; x_wconf 86' lang='lat' dir='ltr'>illustrem</span> <span class='ocrx_word' id='word_1_1220' title='bbox 1780 1291 1921 1330; x_wconf 84' lang='lat' dir='ltr'>Reginam</span> <span class='ocrx_word' id='word_1_1221' title='bbox 1936 1290 2081 1332; x_wconf 80' lang='lat' dir='ltr'>Castellae,</span> <span class='ocrx_word' id='word_1_1222' title='bbox 2098 1297 2159 1326; x_wconf 87' lang='lat' dir='ltr'>&amp;c.</span> <span class='ocrx_word' id='word_1_1223' title='bbox 2195 1298 2234 1325; x_wconf 88' lang='lat' dir='ltr'>Ut</span> <span class='ocrx_word' id='word_1_1224' title='bbox 2252 1299 2280 1327; x_wconf 80' lang='lat' dir='ltr'>in</span> 
     </span>
     <span class='ocr_line' id='line_1_128' title="bbox 1222 1325 1920 1369; baseline 0.007 -15"><span class='ocrx_word' id='word_1_1225' title='bbox 1222 1325 1364 1364; x_wconf 77' lang='lat' dir='ltr'>sententia</span> <span class='ocrx_word' id='word_1_1226' title='bbox 1376 1325 1431 1366; x_wconf 78' lang='lat' dir='ltr'>ipstz</span> <span class='ocrx_word' id='word_1_1227' title='bbox 1445 1338 1515 1356; x_wconf 86' lang='lat' dir='ltr'>anno</span> <span class='ocrx_word' id='word_1_1228' title='bbox 1522 1327 1651 1366; x_wconf 77' lang='lat' dir='ltr'>fhperiori</span> <span class='ocrx_word' id='word_1_1229' title='bbox 1664 1328 1742 1369; x_wconf 82' lang='lat' dir='ltr'>usque</span> <span class='ocrx_word' id='word_1_1230' title='bbox 1754 1329 1810 1358; x_wconf 75' lang='lat' dir='ltr'>haec</span> <span class='ocrx_word' id='word_1_1231' title='bbox 1824 1329 1920 1360; x_wconf 76' lang='lat' dir='ltr'>verba.</span> 
     </span>
    </p>

    <p class='ocr_par' dir='ltr' id='par_1_32' title="bbox 1230 1363 2282 1443">
     <span class='ocr_line' id='line_1_129' title="bbox 1267 1363 2282 1408; baseline 0.009 -15"><span class='ocrx_word' id='word_1_1232' title='bbox 1267 1363 1351 1394; x_wconf 88' lang='lat' dir='ltr'>Nulli</span> <span class='ocrx_word' id='word_1_1233' title='bbox 1362 1374 1429 1403; x_wconf 85' lang='lat' dir='ltr'>ergo</span> <span class='ocrx_word' id='word_1_1234' title='bbox 1441 1366 1561 1396; x_wconf 88' lang='lat' dir='ltr'>omnino</span> <span class='ocrx_word' id='word_1_1235' title='bbox 1575 1366 1725 1396; x_wconf 88' lang='lat' dir='ltr'>hominum</span> <span class='ocrx_word' id='word_1_1236' title='bbox 1740 1368 1819 1398; x_wconf 83' lang='lat' dir='ltr'>liceat</span> <span class='ocrx_word' id='word_1_1237' title='bbox 1835 1369 1906 1398; x_wconf 89' lang='lat' dir='ltr'>hanc</span> <span class='ocrx_word' id='word_1_1238' title='bbox 1922 1369 2048 1408; x_wconf 86' lang='lat' dir='ltr'>paginam</span> <span class='ocrx_word' id='word_1_1239' title='bbox 2064 1369 2167 1401; x_wconf 69' lang='lat' dir='ltr'>nostrae</span> <span class='ocrx_word' id='word_1_1240' title='bbox 2179 1371 2282 1402; x_wconf 82' lang='lat' dir='ltr'>confir-</span> 
     </span>
     <span class='ocr_line' id='line_1_130' title="bbox 1230 1403 2034 1443; baseline 0.009 -12"><span class='ocrx_word' id='word_1_1241' title='bbox 1230 1403 1360 1433; x_wconf 87' lang='lat' dir='ltr'>mationis</span> <span class='ocrx_word' id='word_1_1242' title='bbox 1372 1404 1537 1443; x_wconf 84' lang='lat' dir='ltr'>infringere,</span> <span class='ocrx_word' id='word_1_1243' title='bbox 1556 1405 1600 1434; x_wconf 89' lang='lat' dir='ltr'>vel</span> <span class='ocrx_word' id='word_1_1244' title='bbox 1617 1406 1641 1434; x_wconf 91' lang='lat' dir='ltr'>ei</span> <span class='ocrx_word' id='word_1_1245' title='bbox 1655 1406 1717 1435; x_wconf 91' lang='lat' dir='ltr'>ausu</span> <span class='ocrx_word' id='word_1_1246' title='bbox 1731 1408 1875 1436; x_wconf 86' lang='lat' dir='ltr'>temerario</span> <span class='ocrx_word' id='word_1_1247' title='bbox 1888 1409 2034 1438; x_wconf 87' lang='lat' dir='ltr'>contraire.</span> 
     </span>
    </p>

    <p class='ocr_par' dir='ltr' id='par_1_33' title="bbox 1228 1440 2284 1548">
     <span class='ocr_line' id='line_1_131' title="bbox 1264 1440 2283 1512; baseline 0.008 -42"><span class='ocrx_word' id='word_1_1248' title='bbox 1264 1440 1292 1470; x_wconf 89' lang='lat' dir='ltr'>Si</span> <span class='ocrx_word' id='word_1_1249' title='bbox 1307 1442 1366 1480; x_wconf 89' lang='lat' dir='ltr'>quis</span> <span class='ocrx_word' id='word_1_1250' title='bbox 1380 1449 1473 1472; x_wconf 88' lang='lat' dir='ltr'>autem</span> <span class='ocrx_word' id='word_1_1251' title='bbox 1485 1442 1541 1472; x_wconf 92' lang='lat' dir='ltr'>hoc</span> <span class='ocrx_word' id='word_1_1252' title='bbox 1557 1451 1716 1512; x_wconf 53' lang='lat' dir='ltr'>attemptare</span> <span class='ocrx_word' id='word_1_1253' title='bbox 1748 1445 1906 1476; x_wconf 71' lang='lat' dir='ltr'>r&#39;aesumserit</span> <span class='ocrx_word' id='word_1_1254' title='bbox 1921 1468 1930 1483; x_wconf 85' lang='lat'>,</span> <span class='ocrx_word' id='word_1_1255' title='bbox 1949 1446 2172 1483; x_wconf 82' lang='lat' dir='ltr'>indignationem</span> <span class='ocrx_word' id='word_1_1256' title='bbox 2186 1449 2283 1478; x_wconf 77' lang='lat' dir='ltr'>omni—</span> 
     </span>
     <span class='ocr_line' id='line_1_132' title="bbox 1228 1454 2284 1547; baseline 0.009 -40"><span class='ocrx_word' id='word_1_1257' title='bbox 1228 1480 1349 1547; x_wconf 70' lang='lat' dir='ltr'>potenstis</span> <span class='ocrx_word' id='word_1_1258' title='bbox 1362 1478 1418 1509; x_wconf 91' lang='lat' dir='ltr'>Dei</span> <span class='ocrx_word' id='word_1_1259' title='bbox 1432 1481 1464 1511; x_wconf 90' lang='lat'>&amp;</span> <span class='ocrx_word' id='word_1_1260' title='bbox 1479 1481 1623 1512; x_wconf 88' lang='lat' dir='ltr'>beatorum</span> <span class='ocrx_word' id='word_1_1261' title='bbox 1661 1483 1710 1513; x_wconf 88' lang='lat' dir='ltr'>etri</span> <span class='ocrx_word' id='word_1_1262' title='bbox 1724 1454 1757 1513; x_wconf 61' lang='grc' dir='ltr'>ἓξ</span> <span class='ocrx_word' id='word_1_1263' title='bbox 1772 1482 1850 1513; x_wconf 85' lang='lat' dir='ltr'>Pauli</span> <span class='ocrx_word' id='word_1_1264' title='bbox 1863 1484 2052 1521; x_wconf 87' lang='lat' dir='ltr'>apostolorum</span> <span class='ocrx_word' id='word_1_1265' title='bbox 2067 1486 2123 1523; x_wconf 79' lang='lat' dir='ltr'>ejus</span> <span class='ocrx_word' id='word_1_1266' title='bbox 2136 1486 2163 1516; x_wconf 86' lang='lat' dir='ltr'>se</span> <span class='ocrx_word' id='word_1_1267' title='bbox 2174 1489 2284 1517; x_wconf 64' lang='lat' dir='ltr'>noverit</span> 
     </span>
     <span class='ocr_line' id='line_1_133' title="bbox 1228 1527 1410 1548; baseline 0 -1"><span class='ocrx_word' id='word_1_1268' title='bbox 1228 1527 1308 1548; x_wconf 85' lang='lat' dir='ltr'>incur</span> <span class='ocrx_word' id='word_1_1269' title='bbox 1320 1528 1410 1548; x_wconf 87' lang='lat' dir='ltr'>urum.</span> 
     </span>
    </p>
   </div>
   <div class='ocr_carea' id='block_1_19' title="bbox 1238 1748 2278 1762">
    <p class='ocr_par' dir='ltr' id='par_1_34' title="bbox 1238 1748 2278 1762">
     <span class='ocr_line' id='line_1_134' title="bbox 1238 1748 2278 1762; baseline 0 2499"><span class='ocrx_word' id='word_1_1270' title='bbox 1238 1748 2278 1762; x_wconf 95' lang='lat' dir='ltr'> </span> 
     </span>
    </p>
   </div>
   <div class='ocr_carea' id='block_1_20' title="bbox 1211 2968 2282 4079">
    <p class='ocr_par' dir='ltr' id='par_1_35' title="bbox 1219 2968 2282 3190">
     <span class='ocr_line' id='line_1_135' title="bbox 1222 2968 2282 3012; baseline 0.004 -14"><span class='ocrx_word' id='word_1_1271' title='bbox 1222 2968 1379 3006; x_wconf 82' lang='lat' dir='ltr'>hujusmodi</span> <span class='ocrx_word' id='word_1_1272' title='bbox 1398 2971 1521 3009; x_wconf 85' lang='lat' dir='ltr'>negotii,</span> <span class='ocrx_word' id='word_1_1273' title='bbox 1538 2979 1586 3009; x_wconf 88' lang='lat' dir='ltr'>per</span> <span class='ocrx_word' id='word_1_1274' title='bbox 1609 2971 1664 3000; x_wconf 87' lang='lat' dir='ltr'>suas</span> <span class='ocrx_word' id='word_1_1275' title='bbox 1684 2970 1784 3000; x_wconf 87' lang='lat' dir='ltr'>litteras</span> <span class='ocrx_word' id='word_1_1276' title='bbox 1799 2971 1935 3008; x_wconf 73' lang='lat' dir='ltr'>:legitime</span> <span class='ocrx_word' id='word_1_1277' title='bbox 1960 2971 2103 3010; x_wconf 84' lang='lat' dir='ltr'>excusato,</span> <span class='ocrx_word' id='word_1_1278' title='bbox 2118 2971 2197 3002; x_wconf 89' lang='lat' dir='ltr'>idem</span> <span class='ocrx_word' id='word_1_1279' title='bbox 2212 2972 2282 3012; x_wconf 90' lang='lat' dir='ltr'>Epi-</span> 
     </span>
     <span class='ocr_line' id='line_1_136' title="bbox 1222 3007 2280 3048; baseline 0.005 -11"><span class='ocrx_word' id='word_1_1280' title='bbox 1222 3007 1321 3046; x_wconf 89' lang='lat' dir='ltr'>scopus</span> <span class='ocrx_word' id='word_1_1281' title='bbox 1336 3033 1345 3047; x_wconf 89' lang='lat'>,</span> <span class='ocrx_word' id='word_1_1282' title='bbox 1363 3017 1448 3048; x_wconf 88' lang='lat' dir='ltr'>prout</span> <span class='ocrx_word' id='word_1_1283' title='bbox 1466 3017 1499 3037; x_wconf 77' lang='lat' dir='ltr'>ex</span> <span class='ocrx_word' id='word_1_1284' title='bbox 1518 3007 1673 3038; x_wconf 87' lang='lat' dir='ltr'>nostrarum</span> <span class='ocrx_word' id='word_1_1285' title='bbox 1688 3008 1838 3039; x_wconf 89' lang='lat' dir='ltr'>litterarum</span> <span class='ocrx_word' id='word_1_1286' title='bbox 1853 3009 1971 3040; x_wconf 85' lang='lat' dir='ltr'>habebat</span> <span class='ocrx_word' id='word_1_1287' title='bbox 1986 3009 2144 3046; x_wconf 83' lang='lat' dir='ltr'>beneficio,</span> <span class='ocrx_word' id='word_1_1288' title='bbox 2161 3011 2232 3041; x_wconf 92' lang='lat' dir='ltr'>solus</span> <span class='ocrx_word' id='word_1_1289' title='bbox 2250 3012 2280 3042; x_wconf 86' lang='lat' dir='ltr'>in</span> 
     </span>
     <span class='ocr_line' id='line_1_137' title="bbox 1222 3046 2281 3088; baseline 0.005 -13"><span class='ocrx_word' id='word_1_1290' title='bbox 1222 3055 1259 3076; x_wconf 92' lang='lat' dir='ltr'>ne</span> <span class='ocrx_word' id='word_1_1291' title='bbox 1279 3048 1339 3077; x_wconf 85' lang='lat' dir='ltr'>otio</span> <span class='ocrx_word' id='word_1_1292' title='bbox 1351 3047 1410 3086; x_wconf 89' lang='lat' dir='ltr'>ipso</span> <span class='ocrx_word' id='word_1_1293' title='bbox 1422 3046 1593 3084; x_wconf 86' lang='lat' dir='ltr'>procedens,</span> <span class='ocrx_word' id='word_1_1294' title='bbox 1609 3047 1698 3077; x_wconf 86' lang='lat' dir='ltr'>citatis</span> <span class='ocrx_word' id='word_1_1295' title='bbox 1712 3047 1832 3084; x_wconf 86' lang='lat' dir='ltr'>partibus</span> <span class='ocrx_word' id='word_1_1296' title='bbox 1846 3071 1855 3084; x_wconf 92' lang='lat'>,</span> <span class='ocrx_word' id='word_1_1297' title='bbox 1871 3048 1903 3078; x_wconf 85' lang='lat'>&amp;</span> <span class='ocrx_word' id='word_1_1298' title='bbox 1924 3047 2076 3087; x_wconf 59' lang='lat' dir='ltr'>supradidta</span> <span class='ocrx_word' id='word_1_1299' title='bbox 2092 3047 2203 3088; x_wconf 87' lang='lat' dir='ltr'>Regina</span> <span class='ocrx_word' id='word_1_1300' title='bbox 2223 3049 2281 3080; x_wconf 92' lang='lat' dir='ltr'>Ca-</span> 
     </span>
     <span class='ocr_line' id='line_1_138' title="bbox 1222 3055 2280 3125; baseline 0.003 -10"><span class='ocrx_word' id='word_1_1301' title='bbox 1222 3055 1309 3115; x_wconf 56' lang='lat' dir='ltr'>steilae</span> <span class='ocrx_word' id='word_1_1302' title='bbox 1322 3085 1506 3124; x_wconf 83' lang='lat' dir='ltr'>respondente</span> <span class='ocrx_word' id='word_1_1303' title='bbox 1528 3084 1608 3124; x_wconf 81' lang='lat' dir='ltr'>quod</span> <span class='ocrx_word' id='word_1_1304' title='bbox 1629 3084 1717 3124; x_wconf 89' lang='lat' dir='ltr'>ipsum</span> <span class='ocrx_word' id='word_1_1305' title='bbox 1741 3083 1853 3124; x_wconf 88' lang='lat' dir='ltr'>Regem</span> <span class='ocrx_word' id='word_1_1306' title='bbox 1869 3086 1996 3125; x_wconf 81' lang='lat' dir='ltr'>Angliae,</span> <span class='ocrx_word' id='word_1_1307' title='bbox 2014 3085 2149 3124; x_wconf 66' lang='lat' dir='ltr'>praedicta</span> <span class='ocrx_word' id='word_1_1308' title='bbox 2164 3088 2280 3118; x_wconf 81' lang='lat' dir='ltr'>consan-</span> 
     </span>
     <span class='ocr_line' id='line_1_139' title="bbox 1219 3123 2276 3190; baseline 0.005 -38"><span class='ocrx_word' id='word_1_1309' title='bbox 1219 3124 1357 3190; x_wconf 60' lang='lat' dir='ltr'>guinitatis</span> <span class='ocrx_word' id='word_1_1310' title='bbox 1376 3123 1448 3154; x_wconf 90' lang='lat' dir='ltr'>linea</span> <span class='ocrx_word' id='word_1_1311' title='bbox 1462 3147 1471 3161; x_wconf 92' lang='lat'>,</span> <span class='ocrx_word' id='word_1_1312' title='bbox 1489 3123 1694 3161; x_wconf 87' lang='lat' dir='ltr'>contingebat,</span> <span class='ocrx_word' id='word_1_1313' title='bbox 1712 3124 1745 3154; x_wconf 91' lang='lat'>&amp;</span> <span class='ocrx_word' id='word_1_1314' title='bbox 1763 3124 1839 3162; x_wconf 89' lang='lat' dir='ltr'>quod</span> <span class='ocrx_word' id='word_1_1315' title='bbox 1854 3145 1863 3161; x_wconf 84' lang='lat'>‚</span> <span class='ocrx_word' id='word_1_1316' title='bbox 1882 3124 1916 3154; x_wconf 93' lang='lat' dir='ltr'>ad</span> <span class='ocrx_word' id='word_1_1317' title='bbox 1937 3124 2145 3155; x_wconf 86' lang='lat' dir='ltr'>defendendum</span> <span class='ocrx_word' id='word_1_1318' title='bbox 2166 3127 2276 3157; x_wconf 73' lang='lat' dir='ltr'>caufiiin</span> 
     </span>
    </p>

    <p class='ocr_par' dir='ltr' id='par_1_36' title="bbox 1218 3162 2279 3314">
     <span class='ocr_line' id='line_1_140' title="bbox 1240 3162 2279 3201; baseline 0.004 -11"><span class='ocrx_word' id='word_1_1319' title='bbox 1240 3162 1377 3200; x_wconf 89' lang='lat' dir='ltr'>ujusmodi</span> <span class='ocrx_word' id='word_1_1320' title='bbox 1392 3185 1401 3200; x_wconf 98' lang='lat'>,</span> <span class='ocrx_word' id='word_1_1321' title='bbox 1420 3171 1480 3192; x_wconf 91' lang='lat' dir='ltr'>non</span> <span class='ocrx_word' id='word_1_1322' title='bbox 1500 3162 1621 3191; x_wconf 87' lang='lat' dir='ltr'>mitteret</span> <span class='ocrx_word' id='word_1_1323' title='bbox 1635 3184 1644 3199; x_wconf 85' lang='lat'>‚</span> <span class='ocrx_word' id='word_1_1324' title='bbox 1661 3172 1716 3192; x_wconf 83' lang='lat' dir='ltr'>nec</span> <span class='ocrx_word' id='word_1_1325' title='bbox 1737 3163 1861 3200; x_wconf 87' lang='lat' dir='ltr'>veniret,</span> <span class='ocrx_word' id='word_1_1326' title='bbox 1878 3173 1931 3193; x_wconf 88' lang='lat' dir='ltr'>nec</span> <span class='ocrx_word' id='word_1_1327' title='bbox 1947 3164 1972 3193; x_wconf 90' lang='lat' dir='ltr'>se</span> <span class='ocrx_word' id='word_1_1328' title='bbox 1985 3163 2020 3193; x_wconf 91' lang='lat' dir='ltr'>de</span> <span class='ocrx_word' id='word_1_1329' title='bbox 2035 3163 2089 3201; x_wconf 86' lang='lat' dir='ltr'>ipsa</span> <span class='ocrx_word' id='word_1_1330' title='bbox 2109 3165 2279 3194; x_wconf 85' lang='lat' dir='ltr'>intromitte-</span> 
     </span>
     <span class='ocr_line' id='line_1_141' title="bbox 1220 3200 2278 3240; baseline 0.003 -11"><span class='ocrx_word' id='word_1_1331' title='bbox 1220 3208 1263 3230; x_wconf 91' lang='lat' dir='ltr'>ret</span> <span class='ocrx_word' id='word_1_1332' title='bbox 1279 3223 1288 3238; x_wconf 95' lang='lat'>,</span> <span class='ocrx_word' id='word_1_1333' title='bbox 1305 3201 1338 3230; x_wconf 85' lang='lat'>&amp;</span> <span class='ocrx_word' id='word_1_1334' title='bbox 1353 3201 1472 3230; x_wconf 87' lang='lat' dir='ltr'>demum</span> <span class='ocrx_word' id='word_1_1335' title='bbox 1492 3209 1582 3236; x_wconf 90' lang='lat' dir='ltr'>neque</span> <span class='ocrx_word' id='word_1_1336' title='bbox 1603 3209 1650 3235; x_wconf 89' lang='lat' dir='ltr'>per</span> <span class='ocrx_word' id='word_1_1337' title='bbox 1668 3200 1708 3237; x_wconf 82' lang='lat' dir='ltr'>se,</span> <span class='ocrx_word' id='word_1_1338' title='bbox 1723 3209 1815 3238; x_wconf 85' lang='lat' dir='ltr'>neque</span> <span class='ocrx_word' id='word_1_1339' title='bbox 1829 3210 1877 3240; x_wconf 90' lang='lat' dir='ltr'>per</span> <span class='ocrx_word' id='word_1_1340' title='bbox 1893 3201 1978 3231; x_wconf 87' lang='lat' dir='ltr'>alium</span> <span class='ocrx_word' id='word_1_1341' title='bbox 1991 3210 2187 3239; x_wconf 84' lang='lat' dir='ltr'>comparente,</span> <span class='ocrx_word' id='word_1_1342' title='bbox 2207 3212 2278 3239; x_wconf 81' lang='lat' dir='ltr'>prae-</span> 
     </span>
     <span class='ocr_line' id='line_1_142' title="bbox 1219 3235 2279 3277; baseline 0.003 -10"><span class='ocrx_word' id='word_1_1343' title='bbox 1219 3237 1293 3268; x_wconf 89' lang='lat' dir='ltr'>sente</span> <span class='ocrx_word' id='word_1_1344' title='bbox 1310 3237 1497 3269; x_wconf 80' lang='lat' dir='ltr'>Procuratore</span> <span class='ocrx_word' id='word_1_1345' title='bbox 1512 3237 1579 3267; x_wconf 68' lang='lat' dir='ltr'>dieti</span> <span class='ocrx_word' id='word_1_1346' title='bbox 1596 3235 1704 3275; x_wconf 83' lang='lat' dir='ltr'>Regis,</span> <span class='ocrx_word' id='word_1_1347' title='bbox 1721 3240 1841 3277; x_wconf 82' lang='lat' dir='ltr'>cognitis</span> <span class='ocrx_word' id='word_1_1348' title='bbox 1856 3239 1936 3277; x_wconf 84' lang='lat' dir='ltr'>ipsius</span> <span class='ocrx_word' id='word_1_1349' title='bbox 1952 3240 2040 3269; x_wconf 83' lang='lat' dir='ltr'>causae</span> <span class='ocrx_word' id='word_1_1350' title='bbox 2057 3241 2176 3277; x_wconf 85' lang='lat' dir='ltr'>meritis,</span> <span class='ocrx_word' id='word_1_1351' title='bbox 2195 3241 2279 3277; x_wconf 84' lang='lat' dir='ltr'>&amp;ju-</span> 
     </span>
     <span class='ocr_line' id='line_1_143' title="bbox 1218 3275 2276 3314; baseline 0.003 -9"><span class='ocrx_word' id='word_1_1352' title='bbox 1218 3278 1253 3306; x_wconf 85' lang='lat' dir='ltr'>ris</span> <span class='ocrx_word' id='word_1_1353' title='bbox 1267 3277 1366 3307; x_wconf 87' lang='lat' dir='ltr'>ordine</span> <span class='ocrx_word' id='word_1_1354' title='bbox 1385 3277 1547 3313; x_wconf 86' lang='lat' dir='ltr'>observato,</span> <span class='ocrx_word' id='word_1_1355' title='bbox 1564 3275 1600 3304; x_wconf 86' lang='lat' dir='ltr'>de</span> <span class='ocrx_word' id='word_1_1356' title='bbox 1613 3276 1781 3314; x_wconf 88' lang='lat' dir='ltr'>prudentum</span> <span class='ocrx_word' id='word_1_1357' title='bbox 1799 3278 1928 3307; x_wconf 89' lang='lat' dir='ltr'>virorum</span> <span class='ocrx_word' id='word_1_1358' title='bbox 1951 3278 2068 3308; x_wconf 85' lang='lat' dir='ltr'>consilio</span> <span class='ocrx_word' id='word_1_1359' title='bbox 2083 3278 2276 3308; x_wconf 81' lang='lat' dir='ltr'>sententialiter</span> 
     </span>
    </p>

    <p class='ocr_par' dir='ltr' id='par_1_37' title="bbox 1238 3313 2277 3354">
     <span class='ocr_line' id='line_1_144' title="bbox 1238 3313 2277 3354; baseline 0.001 -9"><span class='ocrx_word' id='word_1_1360' title='bbox 1238 3316 1413 3345; x_wconf 85' lang='lat' dir='ltr'>ronunciavit</span> <span class='ocrx_word' id='word_1_1361' title='bbox 1435 3314 1545 3344; x_wconf 87' lang='lat' dir='ltr'>nullum</span> <span class='ocrx_word' id='word_1_1362' title='bbox 1566 3313 1645 3344; x_wconf 83' lang='lat' dir='ltr'>fuisse</span> <span class='ocrx_word' id='word_1_1363' title='bbox 1666 3316 1878 3345; x_wconf 89' lang='lat' dir='ltr'>matrimonium</span> <span class='ocrx_word' id='word_1_1364' title='bbox 1903 3316 2080 3346; x_wconf 62' lang='lat' dir='ltr'>contraitum</span> <span class='ocrx_word' id='word_1_1365' title='bbox 2101 3317 2171 3345; x_wconf 85' lang='lat' dir='ltr'>inter</span> <span class='ocrx_word' id='word_1_1366' title='bbox 2188 3313 2277 3354; x_wconf 91' lang='lat' dir='ltr'>ipsum</span> 
     </span>
    </p>

    <p class='ocr_par' dir='ltr' id='par_1_38' title="bbox 1211 3351 2277 4079">
     <span class='ocr_line' id='line_1_145' title="bbox 1251 3351 2277 3393; baseline 0.003 -12"><span class='ocrx_word' id='word_1_1367' title='bbox 1251 3362 1347 3392; x_wconf 83' lang='lat' dir='ltr'>egem,</span> <span class='ocrx_word' id='word_1_1368' title='bbox 1363 3364 1396 3383; x_wconf 86' lang='lat' dir='ltr'>ac</span> <span class='ocrx_word' id='word_1_1369' title='bbox 1410 3353 1575 3392; x_wconf 72' lang='lat' dir='ltr'>praedictam</span> <span class='ocrx_word' id='word_1_1370' title='bbox 1590 3351 1732 3391; x_wconf 82' lang='lat' dir='ltr'>Reginam</span> <span class='ocrx_word' id='word_1_1371' title='bbox 1747 3353 1878 3383; x_wconf 80' lang='lat' dir='ltr'>Castellae</span> <span class='ocrx_word' id='word_1_1372' title='bbox 1893 3376 1903 3392; x_wconf 90' lang='lat'>,</span> <span class='ocrx_word' id='word_1_1373' title='bbox 1922 3353 2089 3392; x_wconf 88' lang='lat' dir='ltr'>impediente</span> <span class='ocrx_word' id='word_1_1374' title='bbox 2103 3362 2201 3390; x_wconf 81' lang='lat' dir='ltr'>quarto</span> <span class='ocrx_word' id='word_1_1375' title='bbox 2214 3363 2277 3393; x_wconf 87' lang='lat' dir='ltr'>gra-</span> 
     </span>
     <span class='ocr_line' id='line_1_146' title="bbox 1218 3391 2276 3431; baseline 0.002 -10"><span class='ocrx_word' id='word_1_1376' title='bbox 1218 3391 1255 3421; x_wconf 87' lang='lat' dir='ltr'>du</span> <span class='ocrx_word' id='word_1_1377' title='bbox 1281 3391 1544 3430; x_wconf 70' lang='lat' dir='ltr'>consanguinitatis,</span> <span class='ocrx_word' id='word_1_1378' title='bbox 1561 3400 1620 3430; x_wconf 90' lang='lat' dir='ltr'>quo</span> <span class='ocrx_word' id='word_1_1379' title='bbox 1642 3392 1824 3431; x_wconf 84' lang='lat' dir='ltr'>contingebat</span> <span class='ocrx_word' id='word_1_1380' title='bbox 1846 3392 1962 3422; x_wconf 86' lang='lat' dir='ltr'>eandem</span> <span class='ocrx_word' id='word_1_1381' title='bbox 1979 3404 1989 3430; x_wconf 73' lang='lat'>3</span> <span class='ocrx_word' id='word_1_1382' title='bbox 2007 3402 2039 3421; x_wconf 85' lang='lat' dir='ltr'>ac</span> <span class='ocrx_word' id='word_1_1383' title='bbox 2064 3393 2276 3423; x_wconf 83' lang='lat' dir='ltr'>matrimonium</span> 
     </span>
     <span class='ocr_line' id='line_1_147' title="bbox 1217 3427 2275 3470; baseline 0 -10"><span class='ocrx_word' id='word_1_1384' title='bbox 1217 3430 1395 3460; x_wconf 60' lang='lat' dir='ltr'>contraitum</span> <span class='ocrx_word' id='word_1_1385' title='bbox 1417 3431 1488 3459; x_wconf 88' lang='lat' dir='ltr'>inter</span> <span class='ocrx_word' id='word_1_1386' title='bbox 1508 3430 1613 3468; x_wconf 82' lang='lat' dir='ltr'>ipsum,</span> <span class='ocrx_word' id='word_1_1387' title='bbox 1631 3430 1665 3460; x_wconf 67' lang='grc' dir='ltr'>ὃς</span> <span class='ocrx_word' id='word_1_1388' title='bbox 1687 3432 1919 3467; x_wconf 69' lang='lat' dir='ltr'>praenominatam</span> <span class='ocrx_word' id='word_1_1389' title='bbox 1938 3429 1972 3459; x_wconf 84' lang='lat' dir='ltr'>A.</span> <span class='ocrx_word' id='word_1_1390' title='bbox 1992 3427 2133 3466; x_wconf 84' lang='lat' dir='ltr'>Reginam</span> <span class='ocrx_word' id='word_1_1391' title='bbox 2149 3430 2275 3470; x_wconf 83' lang='lat' dir='ltr'>Angliae,</span> 
     </span>
     <span class='ocr_line' id='line_1_148' title="bbox 1217 3466 2274 3507; baseline 0.001 -9"><span class='ocrx_word' id='word_1_1392' title='bbox 1217 3478 1276 3498; x_wconf 87' lang='lat' dir='ltr'>non</span> <span class='ocrx_word' id='word_1_1393' title='bbox 1291 3468 1420 3498; x_wconf 80' lang='lat' dir='ltr'>obstante</span> <span class='ocrx_word' id='word_1_1394' title='bbox 1431 3467 1590 3505; x_wconf 86' lang='lat' dir='ltr'>juramento</span> <span class='ocrx_word' id='word_1_1395' title='bbox 1600 3491 1608 3504; x_wconf 90' lang='lat'>,</span> <span class='ocrx_word' id='word_1_1396' title='bbox 1626 3467 1661 3496; x_wconf 89' lang='lat' dir='ltr'>ab</span> <span class='ocrx_word' id='word_1_1397' title='bbox 1674 3466 1732 3504; x_wconf 87' lang='lat' dir='ltr'>ipso</span> <span class='ocrx_word' id='word_1_1398' title='bbox 1748 3467 1888 3505; x_wconf 83' lang='lat' dir='ltr'>praestito,</span> <span class='ocrx_word' id='word_1_1399' title='bbox 1906 3467 1942 3497; x_wconf 90' lang='lat' dir='ltr'>de</span> <span class='ocrx_word' id='word_1_1400' title='bbox 1955 3466 2150 3497; x_wconf 81' lang='lat' dir='ltr'>contrahendo</span> <span class='ocrx_word' id='word_1_1401' title='bbox 2163 3471 2274 3507; x_wconf 90' lang='lat' dir='ltr'>primo,</span> 
     </span>
     <span class='ocr_line' id='line_1_149' title="bbox 1215 3505 2274 3545; baseline 0.002 -9"><span class='ocrx_word' id='word_1_1402' title='bbox 1215 3507 1370 3545; x_wconf 84' lang='lat' dir='ltr'>legitimum</span> <span class='ocrx_word' id='word_1_1403' title='bbox 1387 3506 1515 3543; x_wconf 79' lang='lat' dir='ltr'>extitisse,</span> <span class='ocrx_word' id='word_1_1404' title='bbox 1532 3514 1614 3542; x_wconf 87' lang='lat' dir='ltr'>prout</span> <span class='ocrx_word' id='word_1_1405' title='bbox 1630 3506 1658 3535; x_wconf 89' lang='lat' dir='ltr'>in</span> <span class='ocrx_word' id='word_1_1406' title='bbox 1673 3506 1767 3536; x_wconf 89' lang='lat' dir='ltr'>litteris</span> <span class='ocrx_word' id='word_1_1407' title='bbox 1781 3506 1845 3535; x_wconf 86' lang='lat' dir='ltr'>inde</span> <span class='ocrx_word' id='word_1_1408' title='bbox 1859 3505 1995 3535; x_wconf 67' lang='lat' dir='ltr'>confeetis</span> <span class='ocrx_word' id='word_1_1409' title='bbox 2036 3505 2121 3535; x_wconf 80' lang='lat' dir='ltr'>lenius</span> <span class='ocrx_word' id='word_1_1410' title='bbox 2145 3509 2274 3538; x_wconf 86' lang='lat' dir='ltr'>contine-</span> 
     </span>
     <span class='ocr_line' id='line_1_150' title="bbox 1216 3515 2276 3583; baseline 0.002 -9"><span class='ocrx_word' id='word_1_1411' title='bbox 1216 3553 1268 3574; x_wconf 89' lang='lat' dir='ltr'>tur.</span> <span class='ocrx_word' id='word_1_1412' title='bbox 1305 3545 1372 3575; x_wconf 71' lang='lat' dir='ltr'>Nos</span> <span class='ocrx_word' id='word_1_1413' title='bbox 1393 3546 1483 3582; x_wconf 80' lang='lat' dir='ltr'>itaque</span> <span class='ocrx_word' id='word_1_1414' title='bbox 1504 3543 1633 3581; x_wconf 80' lang='lat' dir='ltr'>processu</span> <span class='ocrx_word' id='word_1_1415' title='bbox 1654 3545 1801 3574; x_wconf 82' lang='lat' dir='ltr'>memorati</span> <span class='ocrx_word' id='word_1_1416' title='bbox 1815 3543 1947 3581; x_wconf 76' lang='lat' dir='ltr'>Episcopi</span> <span class='ocrx_word' id='word_1_1417' title='bbox 1962 3544 1995 3574; x_wconf 92' lang='lat'>&amp;</span> <span class='ocrx_word' id='word_1_1418' title='bbox 2010 3515 2142 3574; x_wconf 48' lang='lat' dir='ltr'>(gntentia</span> <span class='ocrx_word' id='word_1_1419' title='bbox 2155 3544 2276 3583; x_wconf 86' lang='lat' dir='ltr'>diligen-</span> 
     </span>
     <span class='ocr_line' id='line_1_151' title="bbox 1212 3580 2274 3621; baseline 0.002 -8"><span class='ocrx_word' id='word_1_1420' title='bbox 1212 3591 1256 3613; x_wconf 82' lang='lat' dir='ltr'>ter</span> <span class='ocrx_word' id='word_1_1421' title='bbox 1269 3583 1414 3620; x_wconf 66' lang='lat' dir='ltr'>inspee‘iis,</span> <span class='ocrx_word' id='word_1_1422' title='bbox 1432 3581 1591 3621; x_wconf 81' lang='lat' dir='ltr'>processum</span> <span class='ocrx_word' id='word_1_1423' title='bbox 1603 3583 1787 3621; x_wconf 78' lang='lat' dir='ltr'>approbantes</span> <span class='ocrx_word' id='word_1_1424' title='bbox 1802 3580 1938 3619; x_wconf 89' lang='lat' dir='ltr'>eundem,</span> <span class='ocrx_word' id='word_1_1425' title='bbox 1957 3581 2098 3619; x_wconf 90' lang='lat' dir='ltr'>ipsamque</span> <span class='ocrx_word' id='word_1_1426' title='bbox 2112 3580 2274 3615; x_wconf 87' lang='lat' dir='ltr'>sententiam</span> 
     </span>
     <span class='ocr_line' id='line_1_152' title="bbox 1214 3619 2273 3658; baseline 0.002 -7"><span class='ocrx_word' id='word_1_1427' title='bbox 1214 3631 1301 3652; x_wconf 74' lang='lat' dir='ltr'>ratam</span> <span class='ocrx_word' id='word_1_1428' title='bbox 1318 3622 1449 3651; x_wconf 83' lang='lat' dir='ltr'>habentes</span> <span class='ocrx_word' id='word_1_1429' title='bbox 1462 3620 1495 3649; x_wconf 72' lang='grc' dir='ltr'>ὃ(</span> <span class='ocrx_word' id='word_1_1430' title='bbox 1508 3628 1612 3658; x_wconf 81' lang='lat' dir='ltr'>gratam</span> <span class='ocrx_word' id='word_1_1431' title='bbox 1622 3643 1632 3658; x_wconf 93' lang='lat'>,</span> <span class='ocrx_word' id='word_1_1432' title='bbox 1646 3630 1707 3650; x_wconf 87' lang='lat' dir='ltr'>eam</span> <span class='ocrx_word' id='word_1_1433' title='bbox 1719 3630 1787 3650; x_wconf 89' lang='lat' dir='ltr'>cum</span> <span class='ocrx_word' id='word_1_1434' title='bbox 1804 3621 1930 3656; x_wconf 85' lang='lat' dir='ltr'>processu</span> <span class='ocrx_word' id='word_1_1435' title='bbox 1946 3619 2100 3658; x_wconf 63' lang='lat' dir='ltr'>praedicto,</span> <span class='ocrx_word' id='word_1_1436' title='bbox 2119 3620 2199 3658; x_wconf 80' lang='lat' dir='ltr'>ipsius</span> <span class='ocrx_word' id='word_1_1437' title='bbox 2210 3620 2273 3652; x_wconf 81' lang='lat' dir='ltr'>Re-</span> 
     </span>
     <span class='ocr_line' id='line_1_153' title="bbox 1215 3658 2272 3698; baseline 0.003 -9"><span class='ocrx_word' id='word_1_1438' title='bbox 1215 3662 1255 3698; x_wconf 78' lang='lat' dir='ltr'>gis</span> <span class='ocrx_word' id='word_1_1439' title='bbox 1275 3659 1521 3697; x_wconf 84' lang='lat' dir='ltr'>supplicationibus</span> <span class='ocrx_word' id='word_1_1440' title='bbox 1541 3658 1666 3688; x_wconf 82' lang='lat' dir='ltr'>inclinati</span> <span class='ocrx_word' id='word_1_1441' title='bbox 1679 3680 1689 3696; x_wconf 88' lang='lat'>,</span> <span class='ocrx_word' id='word_1_1442' title='bbox 1703 3658 1866 3688; x_wconf 60' lang='lat' dir='ltr'>austoritate</span> <span class='ocrx_word' id='word_1_1443' title='bbox 1882 3658 2046 3695; x_wconf 75' lang='lat' dir='ltr'>Apostolica</span> <span class='ocrx_word' id='word_1_1444' title='bbox 2059 3658 2188 3690; x_wconf 82' lang='lat' dir='ltr'>duximus</span> <span class='ocrx_word' id='word_1_1445' title='bbox 2200 3670 2272 3691; x_wconf 85' lang='lat' dir='ltr'>con-</span> 
     </span>
     <span class='ocr_line' id='line_1_154' title="bbox 1214 3695 2273 3735; baseline 0.001 -7"><span class='ocrx_word' id='word_1_1446' title='bbox 1214 3699 1387 3728; x_wconf 84' lang='lat' dir='ltr'>fimiandam.</span> <span class='ocrx_word' id='word_1_1447' title='bbox 1416 3696 1537 3733; x_wconf 79' lang='lat' dir='ltr'>Ideoque</span> <span class='ocrx_word' id='word_1_1448' title='bbox 1550 3696 1710 3726; x_wconf 85' lang='lat' dir='ltr'>fraternitati</span> <span class='ocrx_word' id='word_1_1449' title='bbox 1724 3695 1823 3726; x_wconf 77' lang='lat' dir='ltr'>vestrae</span> <span class='ocrx_word' id='word_1_1450' title='bbox 1840 3706 1888 3733; x_wconf 90' lang='lat' dir='ltr'>per</span> <span class='ocrx_word' id='word_1_1451' title='bbox 1902 3695 2065 3734; x_wconf 84' lang='lat' dir='ltr'>Apostolica</span> <span class='ocrx_word' id='word_1_1452' title='bbox 2080 3697 2177 3735; x_wconf 86' lang='lat' dir='ltr'>scripta</span> <span class='ocrx_word' id='word_1_1453' title='bbox 2192 3708 2273 3729; x_wconf 87' lang='lat' dir='ltr'>man-</span> 
     </span>
     <span class='ocr_line' id='line_1_155' title="bbox 1213 3733 2271 3773; baseline 0.002 -7"><span class='ocrx_word' id='word_1_1454' title='bbox 1213 3737 1326 3773; x_wconf 82' lang='lat' dir='ltr'>damus,</span> <span class='ocrx_word' id='word_1_1455' title='bbox 1346 3734 1474 3773; x_wconf 80' lang='lat' dir='ltr'>quatinus</span> <span class='ocrx_word' id='word_1_1456' title='bbox 1487 3734 1578 3764; x_wconf 65' lang='lat' dir='ltr'>diews</span> <span class='ocrx_word' id='word_1_1457' title='bbox 1590 3734 1719 3772; x_wconf 84' lang='lat' dir='ltr'>Regem,</span> <span class='ocrx_word' id='word_1_1458' title='bbox 1740 3734 1772 3764; x_wconf 74' lang='grc' dir='ltr'>δε</span> <span class='ocrx_word' id='word_1_1459' title='bbox 1788 3734 1958 3771; x_wconf 80' lang='lat' dir='ltr'>Alyenoram</span> <span class='ocrx_word' id='word_1_1460' title='bbox 1975 3733 2135 3773; x_wconf 74' lang='lat' dir='ltr'>Reginam,</span> <span class='ocrx_word' id='word_1_1461' title='bbox 2154 3745 2271 3768; x_wconf 84' lang='lat' dir='ltr'>necnon</span> 
     </span>
     <span class='ocr_line' id='line_1_156' title="bbox 1212 3773 2271 3814; baseline 0.002 -10"><span class='ocrx_word' id='word_1_1462' title='bbox 1212 3776 1245 3805; x_wconf 86' lang='lat'>&amp;</span> <span class='ocrx_word' id='word_1_1463' title='bbox 1259 3774 1359 3804; x_wconf 85' lang='lat' dir='ltr'>liberos</span> <span class='ocrx_word' id='word_1_1464' title='bbox 1372 3773 1526 3803; x_wconf 90' lang='lat' dir='ltr'>eorundem</span> <span class='ocrx_word' id='word_1_1465' title='bbox 1547 3782 1606 3801; x_wconf 90' lang='lat' dir='ltr'>non</span> <span class='ocrx_word' id='word_1_1466' title='bbox 1620 3773 1783 3809; x_wconf 89' lang='lat' dir='ltr'>permittatis</span> <span class='ocrx_word' id='word_1_1467' title='bbox 1798 3781 1895 3802; x_wconf 87' lang='lat' dir='ltr'>contra</span> <span class='ocrx_word' id='word_1_1468' title='bbox 1910 3773 2074 3809; x_wconf 67' lang='lat' dir='ltr'>praedidhm</span> <span class='ocrx_word' id='word_1_1469' title='bbox 2087 3773 2252 3805; x_wconf 89' lang='lat' dir='ltr'>sententiam</span> <span class='ocrx_word' id='word_1_1470' title='bbox 2261 3798 2271 3814; x_wconf 86' lang='lat'>,</span> 
     </span>
     <span class='ocr_line' id='line_1_157' title="bbox 1213 3809 2270 3847; baseline 0.001 -5"><span class='ocrx_word' id='word_1_1471' title='bbox 1213 3815 1246 3843; x_wconf 63' lang='grc' dir='ltr'>ὃς</span> <span class='ocrx_word' id='word_1_1472' title='bbox 1267 3821 1393 3842; x_wconf 86' lang='lat' dir='ltr'>tenorem</span> <span class='ocrx_word' id='word_1_1473' title='bbox 1414 3810 1632 3841; x_wconf 83' lang='lat' dir='ltr'>confirmationis</span> <span class='ocrx_word' id='word_1_1474' title='bbox 1650 3809 1755 3840; x_wconf 75' lang='lat' dir='ltr'>nostrae</span> <span class='ocrx_word' id='word_1_1475' title='bbox 1775 3810 1810 3839; x_wconf 86' lang='lat' dir='ltr'>ab</span> <span class='ocrx_word' id='word_1_1476' title='bbox 1831 3810 1966 3847; x_wconf 83' lang='lat' dir='ltr'>aliquibus</span> <span class='ocrx_word' id='word_1_1477' title='bbox 1980 3811 2107 3842; x_wconf 75' lang='lat' dir='ltr'>indebite</span> <span class='ocrx_word' id='word_1_1478' title='bbox 2121 3814 2270 3843; x_wconf 75' lang='lat' dir='ltr'>molestari.</span> 
     </span>
     <span class='ocr_line' id='line_1_158' title="bbox 1214 3848 2268 3891; baseline 0.002 -11"><span class='ocrx_word' id='word_1_1479' title='bbox 1214 3851 1411 3881; x_wconf 79' lang='lat' dir='ltr'>Molestatores</span> <span class='ocrx_word' id='word_1_1480' title='bbox 1426 3848 1585 3887; x_wconf 86' lang='lat' dir='ltr'>hujusmodi</span> <span class='ocrx_word' id='word_1_1481' title='bbox 1599 3857 1648 3886; x_wconf 89' lang='lat' dir='ltr'>per</span> <span class='ocrx_word' id='word_1_1482' title='bbox 1667 3848 1811 3878; x_wconf 88' lang='lat' dir='ltr'>censuram</span> <span class='ocrx_word' id='word_1_1483' title='bbox 1828 3848 2067 3888; x_wconf 81' lang='lat' dir='ltr'>Ecclesiasticam,</span> <span class='ocrx_word' id='word_1_1484' title='bbox 2087 3852 2268 3891; x_wconf 73' lang='lat' dir='ltr'>appellatione</span> 
     </span>
     <span class='ocr_line' id='line_1_159' title="bbox 1211 3885 2270 3928; baseline 0.001 -9"><span class='ocrx_word' id='word_1_1485' title='bbox 1211 3888 1375 3928; x_wconf 87' lang='lat' dir='ltr'>postposita,</span> <span class='ocrx_word' id='word_1_1486' title='bbox 1393 3886 1609 3924; x_wconf 86' lang='lat' dir='ltr'>compescendo.</span> <span class='ocrx_word' id='word_1_1487' title='bbox 1637 3885 1712 3916; x_wconf 90' lang='lat' dir='ltr'>Non</span> <span class='ocrx_word' id='word_1_1488' title='bbox 1727 3885 1872 3924; x_wconf 85' lang='lat' dir='ltr'>obstante,</span> <span class='ocrx_word' id='word_1_1489' title='bbox 1892 3886 1911 3916; x_wconf 90' lang='lat' dir='ltr'>fi</span> <span class='ocrx_word' id='word_1_1490' title='bbox 1925 3887 2057 3925; x_wconf 89' lang='lat' dir='ltr'>aliquibus</span> <span class='ocrx_word' id='word_1_1491' title='bbox 2077 3899 2092 3919; x_wconf 89' lang='lat' dir='ltr'>a</span> <span class='ocrx_word' id='word_1_1492' title='bbox 2110 3888 2172 3919; x_wconf 87' lang='lat' dir='ltr'>sede</span> <span class='ocrx_word' id='word_1_1493' title='bbox 2189 3890 2270 3928; x_wconf 85' lang='lat' dir='ltr'>Apo-</span> 
     </span>
     <span class='ocr_line' id='line_1_160' title="bbox 1214 3924 2269 3964; baseline -0.001 -7"><span class='ocrx_word' id='word_1_1494' title='bbox 1214 3927 1309 3957; x_wconf 86' lang='lat' dir='ltr'>stolica</span> <span class='ocrx_word' id='word_1_1495' title='bbox 1329 3926 1369 3956; x_wconf 83' lang='lat' dir='ltr'>est</span> <span class='ocrx_word' id='word_1_1496' title='bbox 1391 3926 1528 3955; x_wconf 88' lang='lat' dir='ltr'>indultum</span> <span class='ocrx_word' id='word_1_1497' title='bbox 1550 3924 1627 3963; x_wconf 87' lang='lat' dir='ltr'>quod</span> <span class='ocrx_word' id='word_1_1498' title='bbox 1648 3924 1791 3961; x_wconf 88' lang='lat' dir='ltr'>interdici,</span> <span class='ocrx_word' id='word_1_1499' title='bbox 1808 3924 1948 3964; x_wconf 86' lang='lat' dir='ltr'>suspendi,</span> <span class='ocrx_word' id='word_1_1500' title='bbox 1965 3926 1998 3955; x_wconf 89' lang='lat'>&amp;</span> <span class='ocrx_word' id='word_1_1501' title='bbox 2010 3928 2269 3964; x_wconf 82' lang='lat' dir='ltr'>excommunicari,</span> 
     </span>
     <span class='ocr_line' id='line_1_161' title="bbox 1212 3962 2270 4004; baseline -0.002 -9"><span class='ocrx_word' id='word_1_1502' title='bbox 1212 3967 1256 3996; x_wconf 90' lang='lat' dir='ltr'>seu</span> <span class='ocrx_word' id='word_1_1503' title='bbox 1267 3964 1344 4003; x_wconf 90' lang='lat' dir='ltr'>quod</span> <span class='ocrx_word' id='word_1_1504' title='bbox 1358 3964 1514 4001; x_wconf 83' lang='lat' dir='ltr'>aliquorum</span> <span class='ocrx_word' id='word_1_1505' title='bbox 1527 3971 1607 3993; x_wconf 86' lang='lat' dir='ltr'>terrae</span> <span class='ocrx_word' id='word_1_1506' title='bbox 1623 3963 1773 3994; x_wconf 62' lang='lat' dir='ltr'>interdiffito</span> <span class='ocrx_word' id='word_1_1507' title='bbox 1786 3962 1981 3994; x_wconf 77' lang='lat' dir='ltr'>Ecclesiastico</span> <span class='ocrx_word' id='word_1_1508' title='bbox 2002 3965 2118 4003; x_wconf 86' lang='lat' dir='ltr'>supponi</span> <span class='ocrx_word' id='word_1_1509' title='bbox 2133 3974 2191 3993; x_wconf 92' lang='lat' dir='ltr'>non</span> <span class='ocrx_word' id='word_1_1510' title='bbox 2206 3965 2270 4004; x_wconf 82' lang='lat' dir='ltr'>pos-</span> 
     </span>
     <span class='ocr_line' id='line_1_162' title="bbox 1214 4000 2268 4041; baseline -0.002 -7"><span class='ocrx_word' id='word_1_1511' title='bbox 1214 4004 1264 4034; x_wconf 87' lang='lat' dir='ltr'>sint</span> <span class='ocrx_word' id='word_1_1512' title='bbox 1278 4012 1327 4041; x_wconf 90' lang='lat' dir='ltr'>per</span> <span class='ocrx_word' id='word_1_1513' title='bbox 1341 4003 1439 4032; x_wconf 82' lang='lat' dir='ltr'>litteras</span> <span class='ocrx_word' id='word_1_1514' title='bbox 1453 4000 1628 4040; x_wconf 85' lang='lat' dir='ltr'>Apostolicas</span> <span class='ocrx_word' id='word_1_1515' title='bbox 1641 4024 1650 4038; x_wconf 93' lang='lat'>,</span> <span class='ocrx_word' id='word_1_1516' title='bbox 1665 4010 1723 4030; x_wconf 91' lang='lat' dir='ltr'>non</span> <span class='ocrx_word' id='word_1_1517' title='bbox 1744 4000 1875 4031; x_wconf 88' lang='lat' dir='ltr'>facientes</span> <span class='ocrx_word' id='word_1_1518' title='bbox 1888 4002 2001 4039; x_wconf 87' lang='lat' dir='ltr'>plenam</span> <span class='ocrx_word' id='word_1_1519' title='bbox 2015 4005 2048 4033; x_wconf 83' lang='lat'>&amp;</span> <span class='ocrx_word' id='word_1_1520' title='bbox 2064 4002 2213 4040; x_wconf 81' lang='lat' dir='ltr'>expressam</span> <span class='ocrx_word' id='word_1_1521' title='bbox 2232 4002 2268 4032; x_wconf 86' lang='lat' dir='ltr'>de</span> 
     </span>
     <span class='ocr_line' id='line_1_163' title="bbox 1213 4038 2273 4079; baseline -0.002 -8"><span class='ocrx_word' id='word_1_1522' title='bbox 1213 4042 1301 4072; x_wconf 90' lang='lat' dir='ltr'>verbo</span> <span class='ocrx_word' id='word_1_1523' title='bbox 1314 4041 1348 4071; x_wconf 84' lang='lat' dir='ltr'>ad</span> <span class='ocrx_word' id='word_1_1524' title='bbox 1367 4040 1486 4070; x_wconf 89' lang='lat' dir='ltr'>verbum</span> <span class='ocrx_word' id='word_1_1525' title='bbox 1502 4038 1536 4069; x_wconf 92' lang='lat' dir='ltr'>de</span> <span class='ocrx_word' id='word_1_1526' title='bbox 1548 4038 1658 4069; x_wconf 88' lang='lat' dir='ltr'>indulto</span> <span class='ocrx_word' id='word_1_1527' title='bbox 1672 4038 1828 4076; x_wconf 89' lang='lat' dir='ltr'>hujusmodi</span> <span class='ocrx_word' id='word_1_1528' title='bbox 1843 4041 2035 4079; x_wconf 80' lang='lat' dir='ltr'>mentionem,</span> <span class='ocrx_word' id='word_1_1529' title='bbox 2051 4041 2084 4070; x_wconf 87' lang='lat'><strong>&amp;</strong></span> <span class='ocrx_word' id='word_1_1530' title='bbox 2094 4039 2273 4070; x_wconf 84' lang='lat' dir='ltr'>constitutio-</span> 
     </span>
    </p>
   </div>
   <div class='ocr_carea' id='block_1_21' title="bbox 1214 4074 2271 4145">
    <p class='ocr_par' dir='ltr' id='par_1_39' title="bbox 1214 4074 2271 4145">
     <span class='ocr_line' id='line_1_164' title="bbox 1214 4074 2271 4145; baseline -0.003 -34"><span class='ocrx_word' id='word_1_1531' title='bbox 1214 4090 1251 4111; x_wconf 89' lang='lat' dir='ltr'>ne</span> <span class='ocrx_word' id='word_1_1532' title='bbox 1263 4079 1298 4110; x_wconf 89' lang='lat' dir='ltr'>de</span> <span class='ocrx_word' id='word_1_1533' title='bbox 1310 4074 1417 4110; x_wconf 65' lang='lat' dir='ltr'>duabus</span> <span class='ocrx_word' id='word_1_1534' title='bbox 1429 4078 1506 4109; x_wconf 84' lang='lat' dir='ltr'>dietis</span> <span class='ocrx_word' id='word_1_1535' title='bbox 1521 4077 1592 4109; x_wconf 86' lang='lat' dir='ltr'>edita</span> <span class='ocrx_word' id='word_1_1536' title='bbox 1614 4078 1643 4108; x_wconf 89' lang='lat' dir='ltr'>in</span> <span class='ocrx_word' id='word_1_1537' title='bbox 1658 4075 1796 4145; x_wconf 43' lang='grc' dir='ltr'>(Σοὲεἰὶίο</span> <span class='ocrx_word' id='word_1_1538' title='bbox 1809 4078 1937 4118; x_wconf 76' lang='lat' dir='ltr'>generali.</span> <span class='ocrx_word' id='word_1_1539' title='bbox 1973 4077 2064 4118; x_wconf 82' lang='lat' dir='ltr'>Qiod</span> <span class='ocrx_word' id='word_1_1540' title='bbox 2077 4078 2097 4109; x_wconf 86' lang='lat' dir='ltr'><strong>fi</strong></span> <span class='ocrx_word' id='word_1_1541' title='bbox 2111 4086 2170 4108; x_wconf 91' lang='lat' dir='ltr'>non</span> <span class='ocrx_word' id='word_1_1542' title='bbox 2184 4079 2271 4108; x_wconf 84' lang='lat' dir='ltr'>ambo</span> 
     </span>
    </p>
   </div>
   <div class='ocr_carea' id='block_1_22' title="bbox 2222 4116 2273 4146">
    <p class='ocr_par' dir='ltr' id='par_1_40' title="bbox 2222 4116 2273 4146">
     <span class='ocr_line' id='line_1_165' title="bbox 2222 4116 2273 4146; baseline 0 0"><span class='ocrx_word' id='word_1_1543' title='bbox 2222 4116 2273 4146; x_wconf 74' lang='lat' dir='ltr'>hiis</span> 
     </span>
    </p>
   </div>
  </div>
 </body>
</html>
