2570 4261
653 152 764 194 ET
845 155 1099 198 ACTA

11 231 52 263 D.
101 233 240 273 Hunfrido
256 236 288 266 de
303 235 400 266 Bohun
413 238 513 266 Comite
527 234 711 276 Hercfiirdiae,

2 281 25 301 1.
100 272 234 311 Johanne
248 276 279 303 de
294 277 446 304 Britannia
455 298 464 313 ,
482 277 585 314 Nepote
599 276 664 305 dieii·
679 279 788 307 Domini
802 280 880 316 Regis
889 300 901 317 ,

8 319 32 338 1.
104 310 226 341 Waltero
241 314 272 343 de
287 313 508 352 Huntercumbe,

100 350 241 388 Radulpho
255 350 349 389 Baffi’t
357 373 367 389 ,

105 389 230 427 Guya'one
243 393 338 418 Ferrer
347 409 358 426 ,

100 426 202 455 Tlsoma
218 425 243 455 le
256 425 382 464 Husffer,

104 463 236 503 Magistro
250 463 412 493 Eadmundo
426 463 458 492 de
474 464 596 496 London.

102 500 142 533 Et
154 502 247 532 multis
259 502 316 532 aliis
329 500 508 532 existentibus
524 512 592 534 tunc
605 503 723 535 ibidem.

107 575 196 607 Anno
216 577 250 608 &
272 576 430 608 indidtione
451 578 613 618 praedietis,
643 579 716 618 apud
738 579 902 621 Lynlython
915 605 926 620 ,
958 591 1055 622 quarta
1081 583 1127 616 die

72 623 190 646 exeunte
205 615 342 654 praedic'to
355 617 449 647 mense
457 616 552 655 julio,

106 690 231 731 crystina
245 691 373 731 Prioriffa
386 691 419 722 de
435 690 568 732 Mami,

107 765 186 800 Fecit
198 766 358 800 fidelitatem
373 767 512 806 praedieto
525 768 659 802 Domino
673 770 765 811 Regi,
783 778 813 802 ut
826 771 920 810 supra,

312 840 497 875 Praesentibus
510 844 634 877 discretis
647 847 713 878 viris
727 845 880 886 Dominis,

104 918 221 949 Henrico
233 920 264 949 de
278 919 453 959 Blandistone
466 920 657 962 Elemofinario
670 923 735 951 dieii
748 925 861 952 Domini
873 927 968 963 Regis,

105 957 247 996 Radulpho
261 958 293 987 de
306 958 440 998 stanford
451 960 563 998 ejusdem
578 963 689 990 Domini
702 964 780 998 Regis
802 961 964 1001 Capellam,
982 961 1021 998 ὦ·

103 995 236 1064 {ohanne
250 997 281 1025 de
293 998 403 1026 Exodia
418 996 517 1027 Clerico
525 1020 535 1035 ,

136 1043 146 1065 t
160 1035 255 1065 multis
269 1035 344 1074 aliis,
363 1036 413 1074 qui.
423 1035 536 1067 aderant
547 1044 617 1067 tunc
631 1035 746 1067 ibidem.

104 1108 194 1140 Anno
213 1110 246 1141 &
267 1109 427 1142 Indictione
447 1110 604 1150 praedic'tis,
623 1113 697 1150 apud
717 1113 852 1154 Berewyk
873 1113 953 1152 super
967 1114 1125 1153 Twedam,

67 1148 97 1178 in
113 1147 217 1178 Castro
232 1149 353 1186 ejusdem
368 1149 469 1188 Villae,
486 1151 514 1179 in
527 1149 643 1188 Capella
657 1152 898 1190 quadam,vicina
913 1151 1044 1183 Camerae
1058 1153 1125 1184 dieti

70 1185 197 1217 Domini
210 1187 315 1227 Regis,
333 1188 414 1218 tertia
428 1188 473 1218 die
487 1189 608 1220 intrante
620 1189 716 1220 mense
729 1190 861 1228 Augusto
866 1212 878 1228 ,

107 1265 239 1293 Henricus
258 1262 474 1306 Aberdonenfis,
488 1261 527 1298 &-

107 1302 239 1331 Robertus
251 1301 376 1342 Roffi’nsts
388 1301 526 1340 Epifiopi,

108 1339 272 1370 Willielmus
287 1343 376 1369 Comes
389 1341 420 1369 de
435 1343 502 1377 Ros,

108 1380 151 1408 W
151 1377 263 1408 illelmus
277 1378 308 1407 de
323 1380 475 1416 Moravia,
492 1380 582 1407 Dives
594 1376 633 1413 ὠ·

107 1418 214 1446 David
225 1417 257 1446 de
271 1415 414 1454 Graham,

109 1491 251 1561 Fescerunt
271 1491 434 1524 fidelitatem
452 1492 682 1532 supranominato
702 1491 837 1524 Domino
852 1492 929 1533 Regi
943 1492 1075 1534 Angue,
1099 1494 1133 1526 si-

70 1539 124 1562 ·cut
150 1540 235 1569 upra,

314 1606 501 1639 Praesentibus
514 1606 728 1638 Venerabilibus
740 1607 885 1647 Patribus,

116 1683 231 1714 Roberto
245 1683 422 1725 Bathonienfi
437 1681 475 1718 (ἔγ
494 1683 634 1724 Wllenfi,
651 1682 689 1718 &⁶

112 1722 210 1752 Alana
226 1722 405 1762 Cathanenfi,
423 1725 478 1751 Dei
489 1721 601 1760 gratid,
619 1720 765 1760 Epiftopis,
782 1719 820 1756 &-

114 1759 259 1790 Nobilibus
274 1762 302 1789 V
301 1763 364 1797 iris,
380 1758 518 1798 Hunfria'o
532 1760 563 1788 de
577 1759 675 1789 Bohun
688 1763 787 1790 Comite
800 1760 967 1800 Herefordiae
977 1785 989 1802 ,

117 1801 234 1828 Henrico
249 1799 281 1827 de
297 1799 383 1837 LaJc'y
397 1801 498 1827 Comite
515 1797 668 1838 Lyncolniae
677 1820 688 1836 ,

117 1836 251 1875 Johanne
265 1836 297 1865 de
313 1836 412 1866 Sane‘lo
425 1835 557 1873 Johanne
564 1859 575 1875 ,

119 1874 235 1904 Roberto
245 1873 314 1904 Filio
329 1873 464 1912 Walteri‚

120 1911 160 1943 Et
170 1912 313 1944 nonnullis
326 1912 382 1942 aliis
393 1911 573 1943 existentibus
586 1920 656 1944 tunc
675 1913 790 1944 ibidem.

123 1988 212 2020 Anno
225 1987 428 2020 &indictione
440 1987 595 2026 praedietis,
603 1997 699 2026 quarta
711 1987 758 2019 die
770 1989 892 2019 intrante
905 1989 1044 2027 praedic'to
1062 2000 1144 2021 men-

85 2028 113 2058 se
133 2027 278 2071 Augusto,
297 2025 371 2064 apud
389 2025 525 2066 Berewyk
543 2027 623 2065 super
643 2026 803 2065 Twedam,
821 2028 852 2058 in
875 2027 1000 2060 Ecclesia
1014 2029 1144 2060 Fratrum

87 2064 314 2097 Praedicatorum
327 2064 431 2095 deserta
439 2088 449 2104 ‚

121 2144 255 2172 Henricus
265 2140 366 2171 Abbas
379 2140 411 2170 de
424 2140 615 2171 Aberbrochok
622 2164 632 2180 ,
650 2140 688 2177 ὠ

121 2180 226 2211 David
235 2180 267 2210 de
279 2178 467 2218 Torthoraud,

82 2288 88 2293 ,
133 2255 276 2288 Fecerunt
287 2255 450 2287 fidelitatem
464 2256 603 2295 praedicsto
611 2255 747 2287 Domino
753 2254 829 2295 Regi
838 2256 949 2298 Angliae
957 2281 967 2297 ,
974 2267 1005 2291 ut
1013 2258 1150 2300 aliisupra.

259 2331 442 2364 Praesentibus
455 2331 671 2364 Venerabilibus
681 2330 810 2363 Patribus
822 2332 960 2365 Dominis
968 2358 978 2372 ,

121 2411 249 2442 'Antonio
263 2407 452 2449 Dunelmenfi,

128 2449 243 2480 Roberto
258 2446 432 2487 Bathoniensz
445 2443 484 2481 ό
502 2444 642 2484 Wllenfi,

128 2487 223 2518 Radul
238 2486 271 2516 ho
288 2484 463 2525 Carleolensz,

128 2528 173 2556 W
171 2525 217 2555 ille
227 2535 269 2554 mo
281 2525 375 2554 Sanlii
386 2523 510 2553 Andreae
518 2545 529 2562 ,

126 2564 241 2593 Roberto
255 2560 425 2602 Glasguenfi,
442 2558 480 2594 ὠ,

128 2602 227 2632 Alano
239 2599 418 2640 Cathanenfi,
437 2601 493 2628 Dei
501 2597 597 2636 gratia*
606 2621 616 2636 ,
635 2598 784 2638 Epifiopis:
802 2596 841 2634 ὦ·

127 2639 272 2670 Nobilibus
288 2641 378 2676 Viris,
396 2639 512 2666 Henrico
528 2637 559 2666 de
572 2636 659 2677 Lascy
674 2640 774 2667 Comite
791 2636 958 2679 Lincolniae,

124 2681 223 2716 Rogero
237 2681 337 2707 Comite
350 2674 515 2714 Norfhlchiae
526 2672 564 2709 ὠ
580 2675 744 2715 Marefiallo
757 2676 870 2714 Angliae
877 2700 886 2715 ,

133 2720 240 2746 Briano
253 2714 321 2744 Filio
334 2713 442 2752 Alani,

132 2753 267 2794 Magistro
280 2755 325 2783 W
324 2751 430 2782 illielmo
443 2752 474 2780 de
488 2750 643 2790 Grenefeud
653 2755 784 2782 Canonico
801 2752 981 2795 Eboracenfi,

133 2793 173 2825 Et
185 2792 328 2824 nonnullis
344 2791 401 2821 aliis
416 2789 596 2820 existentibus
613 2798 680 2822 tuuc
690 2790 807 2821 ibidem.

136 2869 244 2908 Anno,
260 2866 416 2898 indietione
429 2866 463 2898 &
477 2865 546 2898 loco
565 2865 726 2906 praedietis,
744 2865 815 2898 sexta
829 2867 876 2898 die
886 2868 1007 2900 intrante
1020 2868 1159 2908 praedisto

100 2908 197 2940 mense
213 2905 362 2946 Augusto,

260 2981 362 3013 Abbas
376 2982 407 3011 de
420 2978 546 3020 Kynloz,
560 2978 599 3015 ὦ·

140 3020 286 3062 Johannes
300 3022 331 3051 de
345 3018 473 3049 Cantelou
482 3041 492 3056 ,

141 3060 199 3090 Die
219 3058 344 3096 sequenti
356 3082 366 3096 ,
389 3058 419 3087 in
439 3056 508 3099 10⁶9
526 3055 667 3100 Ρῐέἲᾶᾗᾶᾳ
679 3080 689 3095 ,
713 3057 842 3091 fecerunt
863 3059 1025 3093 fidelitatem
1045 3063 1163 3101 praefato

107 3097 244 3129 Domino
264 3096 408 3127 Edwardo
429 3093 475 3124 Re
495 3103 505 3123 1
527 3094 640 3136 Angliae
660 3095 774 3135 illustri,
790 3106 821 3128 ut
841 3099 886 3130 alii
899 3100 995 3140 supra,
1011 3102 1162 3140 videlicet,

107 3144 139 3168 ut
151 3136 332 3174 superiori&
346 3133 458 3165 directo
469 3102 604 3163 Domino
619 3133 714 3172 Regni
727 3134 849 3175 Scotiae,

518 3221 538 3241 ³*
557 3218 758 3259 Praesentibus,

10 3266 56 3295 '³5⁷
63 3266 75 3295 3
81 3277 89 3285 ι

142 3302 295 3334 Venerabili
308 3306 395 3334 Patre
407 3303 504 3334 Alano
520 3302 641 3343 Epifiopo
656 3302 798 3334 Cathanen
809 3316 818 3333 e
825 3329 836 3345 ,
851 3306 890 3342 ὠ

143 3340 239 3372 Nobili
251 3344 320 3372 Viro
333 3345 447 3373 Domino
463 3343 595 3382 Johanne
609 3342 641 3372 de
656 3343 754 3372 Sancio
766 3305 916 3385 fflanne,

143 3425 182 3458 Et
196 3425 339 3457 nonnullis
354 3425 410 3456 aliis
422 3425 601 3456 existentibus
615 3434 684 3457 tunc
700 3425 815 3458 ibidem.

14 3610 15 3613 Ἴ
27 3592 59 3619 ¹6
115 3568 267 3617 Qaedam
299 3568 460 3605 Ordinatio
477 3596 488 3612 ‚
518 3569 609 3615 stipor
625 3569 825 3614 fidelitatibus
852 3571 981 3605 aliorum
1007 3573 1043 3607 de
1070 3577 1166 3621 Regno

61 3613 68 3620 '
158 3620 256 3650 Scotiae
275 3617 462 3664 recipiendis,
489 3621 520 3649 in
533 3618 678 3664 presentia
704 3623 784 3661 mei,
810 3622 953 3663 Notarii,
972 3622 1061 3666 fabia
1088 3621 1170 3669 apud

159 3666 314 3716 Stryvelyn
333 3693 342 3707 ‚
382 3676 435 3711 per
458 3666 616 3712 prefatum
641 3668 809 3699 Dominum
838 3667 1032 3702 Edu-ardum
1060 3673 1168 3718 Regem

163 3714 279 3759 Angliae
306 3712 446 3757 illustrem
460 3741 470 3757 ‚
494 3717 530 3753 ῤ’
548 3714 730 3760 fiiperiorem
757 3716 925 3748 Dominum
942 3719 1036 3763 Regni
1052 3723 1167 3761 Scotiae,

162 3759 198 3793 de
223 3763 377 3795 voluntate
403 3766 438 3800 (⁷9¹⁹
461 3761 569 3808 assensu
591 3761 712 3808 expresso
732 3787 742 3801 ‚
777 3764 1000 3808 quamplurium
1017 3768 1169 3813 Epifiopo-

160 3820 251 3850 rum,
278 3813 428 3843 Comitum
453 3816 489 3849 οῗ
518 3813 689 3852 Baranam,
715 3809 787 3842 dieii
814 3813 926 3857 Regni,
959 3822 1030 3847 tunc
1060 3814 1170 3849 ibidem

159 3857 363 3903 praesentium,
380 3860 521 3906 sequitur
530 3856 591 3903 sub
610 3857 666 3891 hac
679 3857 797 3903 forma.

188 3947 320 3980 Ustodes
331 3950 401 3981 dieti
420 3952 468 3984 Re
488 3954 517 3984 ni
535 3953 658 3990 Scotiae‚
676 3951 731 3982 scil.
747 3951 912 3983 Willelmus
932 3953 1029 3985 Sanffl
1051 3956 1175 3988 Andreae

200 3987 233 4017 &
249 3986 394 4019 Robertus
407 3990 448 4021 Gl
475 3992 583 4032 guensis
596 3990 747 4029 Episcopi,
762 3991 887 4029 Jacobus
913 3991 1080 4025 Senescallus
1102 3996 1175 4026 Sco-

120 4024 344 4096 ῐῑὶΐᾶὲὲἲὶῗῦὶξδ
353 4026 478 4096 ΙΕΙῖῗηγη
493 4030 639 4063 Dominus
653 4029 689 4061 de
704 4028 894 4069 Badenough,
912 4030 946 4063 &
959 4030 1072 4064 Brianus
1092 4033 1176 4075 Filius

1180 153 1653 201 PUBLICA.
2139 177 2220 217 105

1160 237 1259 277 Alani,
1274 249 1307 270 ac
1322 251 1422 272 omnes
1438 241 1498 281 alii,
1515 244 1563 282 qui
1576 254 1627 282 per
1642 244 1752 276 dietum
1771 244 1938 278 Dominum
1957 246 2072 287 Regem
2096 248 2206 289 affigna-
2228 241 2302 273 Asm-
2320 240 2361 274 D·

1158 278 1279 320 buntur,
1298 278 1402 309 debent
1425 290 1525 318 capere
1542 282 1704 318 Juramenta
1724 283 1887 315 fidelitatum
1905 287 1939 314 ab
1959 285 2119 327 Episcopis‚
2145 289 2209 319 Co-
2245 290 2330 319 1292.

1155 316 1286 358 mitibus,
1311 316 1480 356 Batonibus,
1506 319 1700 359 Magnatibus,
1724 323 1757 352 &
1778 324 1831 352 aliis
1855 323 2029 362 Nobilibus,
2050 325 2098 355 De
2121 326 2209 356 libere
2232 324 2296 347 Em.
2312 329 2337 347 ¹·

1160 354 1338 397 tenentibus,
1355 356 1387 385 ὃ(
1407 356 1463 385 aliis
1485 359 1634 395 univerlis,
1653 361 1702 396 qui
1723 358 1880 390 fidelitatem
1893 363 1984 391 facere
1994 364 2135 398 proedicto
2147 364 2214 394 Do-

1161 400 1243 421 mino
1263 390 1340 428 Regi
1359 392 1481 436 debent,
1498 395 1534 424 de
1557 395 1688 426 Insulanis
1707 397 1741 427 &
1760 397 1824 428 loca
1839 400 1888 429 alia
1901 400 2131 439 inhabitantibus,
2151 403 2214 432 ubi-

1161 438 1276 466 cunque
1289 432 1417 461 venerint
1432 441 1460 460 in
1474 432 1551 462 hunc
1565 434 1695 464 modum.

1198 466 1262 510 Illi,
1275 469 1323 505 qui
1336 470 1469 506 veniunt,
1487 470 1683 510 admittantur,
1701 472 1734 502 δι’.
1749 472 1866 512 faciant,
1886 483 1969 512 atque
1979 476 2072 514 jurent
2097 475 2216 508 fidelita-

1163 512 1222 534 tem
1234 505 1314 535 dieto
1328 505 1463 537 Domino
1480 507 1553 547 Regi
1567 509 1692 548 Angliae,
1710 519 1740 540 ut
1754 510 1887 548 superiori
1901 515 1934 543 ὃς
1949 514 2059 545 direeto
2079 515 2215 548 Domino

1165 542 1263 581 Regni
1275 544 1382 574 Scotiae
1398 545 1540 576 antedicti.

1197 581 1270 619 Alii,
1289 583 1470 625 quinveniurit
1491 585 1524 614 δε
1547 584 1638 615 facere
1657 585 1810 622 noluerint,
1829 587 2010 619 attachientur
2032 599 2081 627 per
2094 601 2217 629 corpora

1162 618 1222 656 sua,
1237 619 1331 649 donec
1344 621 1429 657 lpsam
1445 621 1608 652 fidelitatem
1623 623 1741 654 fecerint
1755 631 1785 653 ut
1800 634 1939 655 tenentur.

1197 657 1255 695 Illi,
1274 659 1321 695 qui
1341 668 1401 701 non
1422 661 1557 698 veniunt,
1572 661 1610 691 set
1632 661 1659 691 se
1678 662 1820 699 excusant,
1840 663 1859 692 {i
1881 663 2001 693 habeant
2012 664 2121 695 causam
2136 669 2218 698 ratio-

1163 695 1304 734 nabilem,
1321 696 1481 736 audiantur,
1494 700 1527 730 ὃς
1541 698 1638 736 postea
1652 699 1686 729 ad
1701 698 1927 731 Parleamentum
1942 703 2107 739 proximum
2123 705 2216 743 adjor-

1164 742 1273 763 nentur.

1187 771 1274 814 Alfi,
1297 772 1355 814 qui¹
1367 781 1466 810 neque*
1478 775 1575 804 venire
1592 775 1708 813 volunt,
1726 785 1780 806 nec
1800 776 1827 806 se
1850 778 1936 807 etiam
1957 777 2102 816 excusare,
2119 777 2216 811 donec

1163 808 1269 839 diCtam
1283 809 1444 840 fidelitatem
1458 812 1592 850 fecerint,
1610 815 1692 843 artius
1706 813 1909 857 distringantur.

1199 846 1232 876 ln
1252 847 1327 877 Villa
1340 848 1438 890 §ancti
1453 850 1606 888 johannis,
1624 850 1727 882 debent
1750 852 1910 890 hujusmodi
1932 851 2072 884 fidelitates
2095 856 2218 896 recipere

1162 920 1214 953 FT
1262 884 1446 954 AlEpilcopus
1466 888 1560 918 Sancti
1580 888 1721 927 Andreae,
1735 889 1878 928 johannes
1904 891 2040 931 Comyn,
2057 894 2089 924 &
2103 893 2218 924 Brianus

1187 934 1248 953 iius
1300 933 1351 952 ani.

1206 962 1292 1003 Apud
1311 961 1435 992 Novum
1458 962 1590 1005 Castrum
1604 964 1682 1002 super
1694 965 1810 1003 Tynam
1824 990 1834 1004 ,
1866 966 1937 996 Alan
1960 967 2116 1006 Episcopus
2135 968 2220 1000 Glas-

1163 1001 1271 1039 gueniis
1322 1000 1428 1030 acobus
1443 1000 1610 1031 Seneicallus
1623 1004 1744 1041 Scotiae,
1763 1006 1796 1034 &
1809 1004 1841 1033 N
1847 1005 1948 1034 icolaus
1963 1006 1998 1035 de
2012 1007 2141 1037 Seorave

1190 1022 1289 1081 'Apud
1316 1038 1452 1082 nthernet.
1510 1078 1515 1083 ι
1568 1039 1677 1070 Comes
1691 1041 1728 1070 de
1740 1041 1927 1071 Sutherlonde
1940 1044 1973 1072 &
1984 1031 2157 1075 Vice⁰comes
2171 1055 2221 1082 pa-

1161 1083 1240 1114 triae,
1259 1085 1328 1106 cum
1349 1075 1458 1107 Ballivis
1478 1077 1545 1114 suis,
1564 1079 1618 1107 una
1637 1088 1705 1108 cum
1732 1078 1892 1109 Castellano
1907 1080 1978 1110 illius
1992 1081 2066 1119 loci,
2082 1083 2114 1112 &
2137 1084 2222 1114 debet

1163 1115 1258 1151 primo
1274 1113 1445 1144 Castellanus
1459 1116 1585 1153 recipere
1597 1115 1759 1147 fidelitatem
1776 1117 1792 1146 a
1805 1117 1943 1154 praedieto
1960 1118 2093 1157 Comite,
2111 1122 2144 1150 &
2167 1122 2223 1158 ipse

1164 1161 1233 1181 cum
1253 1151 1372 1183 Comite
1393 1152 1429 1182 de
1447 1152 1570 1192 Ballivis,
1587 1153 1787 1193 Vicecomite,
1813 1156 1846 1186 &
1868 1155 1925 1185 aliis
1943 1156 1979 1186 de
1997 1156 2100 1187 eodem
2122 1158 2226 1188 Comi·-

1162 1198 1228 1220 tatu.

1199 1226 1237 1257 Et
1248 1227 1354 1259 debent
1364 1229 1450 1266 recipi
1465 1228 1795 1268 hujusmodiJuramenta
1810 1231 1826 1260 a
1839 1232 1921 1261 tertio
1934 1230 2051 1262 decimo
2067 1232 2113 1263 die
2138 1233 2227 1263 Men-

1166 1266 1198 1335 §RS
1219 1265 1348 1334 Jlulii,in
1369 1267 1532 1335 ςᾳᾶἶάεςὶιη
1552 1268 1627 1307 dies,
1647 1270 1712 1299 anni
1732 1269 1858 1300 Domini
1878 1271 1911 1300 &
1927 1269 2024 1308 Regni
2038 1271 2119 1307 ipsius
2137 1270 2226 1310 Regis

1197 1313 1213 1333 n
1244 1315 1278 1335 1ae
1303 1315 1320 1334 u
1342 1309 1397 1334 radi
1430 1315 1447 1335 i.

1205 1313 1377 1373 &villielmus
1392 1343 1428 1373 de
1443 1343 1548 1374 SanCto
1562 1343 1669 1382 Claro,
1684 1344 1717 1375 &
1732 1344 1906 1375 Willielmus
1920 1344 1956 1376 de
1972 1345 2110 1386 Royville
2122 1346 2228 1378 debent

1167 1391 1268 1418 capere
1282 1381 1443 1412 fidelitatem
1456 1383 1491 1411 ab
1621 1382 1765 1420 Episcopo
1783 1383 1960 1423 Galwydiae3
1978 1385 2010 1415 ὃ(
2032 1385 2129 1422 postea
2149 1387 2228 1415 idem

1168 1418 1338 1457 Episcopus,
1354 1429 1423 1450 cum
1437 1420 1493 1449 aliis
1506 1419 1635 1458 duobus,
1655 1422 1744 1458 capiet
1758 1421 1901 1451 fidelitates
1917 1424 2050 1452 omnium
2065 1424 2177 1453 illorum
2192 1423 2230 1453 de

1168 1457 1331 1497 Galwydia:
1351 1457 1405 1495 Et,
1425 1458 1442 1487 si
1458 1468 1558 1489 eorum
1575 1461 1668 1489 tertius
1683 1459 1868 1497 impediatur,
1888 1460 1925 1490 ita
1948 1460 2024 1498 quod
2047 1471 2146 1491 vacare
2167 1471 2229 1492 non

1169 1494 1268 1534 poffit,
1286 1496 1346 1526 duo
1361 1496 1476 1526 illorum
1490 1497 1575 1527 trium
1590 1497 1692 1527 faciant
1706 1499 1739 1528 &
1750 1497 1915 1537 procedant.

1171 1533 1245 1602 ClEt
1264 1536 1300 1564 ita
1320 1533 1357 1563 de
1375 1533 1431 1564 aliis
1449 1535 1498 1573 qui
1517 1534 1579 1565 sunt
1597 1536 1626 1564 in
1647 1535 1750 1566 Balliva
1768 1535 1897 1573 praedicti
1908 1535 2057 1567 Willielmi
2071 1536 2107 1567 de
2123 1537 2231 1568 saneto

1211 1582 1270 1602 aro.

1207 1609 1245 1640 Et
1264 1610 1310 1640 fiat
1334 1609 1412 1648 quod
1431 1610 1567 1648 unusquis
1580 1621 1615 1641 ue
1634 1611 1835 1649 praedic'torum
1848 1611 2012 1642 Custodum
2027 1613 2126 1644 habeat
2139 1621 2234 1651 potes-

1171 1656 1259 1679 tatem
1274 1649 1403 1686 capiendi
1417 1649 1526 1679 easdem
1540 1648 1557 1679 fi
1580 1650 1698 1687 elitates‚
1716 1650 1745 1678 in
1760 1651 1892 1681 omnibus
1906 1651 1990 1689 locis,
2003 1662 2052 1689 per
2066 1663 2132 1690 quae
2145 1660 2235 1683 trans-

1175 1687 1274 1725 ibunt,
1296 1689 1332 1717 ab
1346 1687 1398 1717 illis
1413 1689 1462 1725 qui
1475 1697 1519 1717 eas
1532 1688 1613 1718 ante'a
1626 1697 1686 1717 non
1699 1687 1836 1719 fecerunt.

1175 1813 1271 1845 Tenor
1287 1822 1389 1845 autem
1410 1812 1569 1858 cnjufidam
1590 1812 1828 1857 Protesiationis,
1848 1814 1937 1858 fac'lae
1950 1825 2006 1860 per
2033 1814 2147 1846 ditium
2170 1817 2238 1847 Do-

1221 1865 1341 1893 minum
1369 1863 1477 1907 Regem
1504 1862 1641 1908 Anghae,
1680 1865 1715 1900 (ῤ’
1737 1862 1921 1908 fitperiorem
1945 1866 2114 1895 nominum
2141 1865 2237 1909 Regni

1222 1911 1322 1941 Scotiae
1334 1935 1344 1951 ‚
1361 1909 1501 1955 sequitur
1515 1909 1575 1955 fhb
1595 1909 1652 1942 hac
1658 1910 1776 1955 forma.

1180 1993 1253 2055 IN
1272 1992 1407 2024 Nomine
1428 1993 1569 2032 Domini,
1595 1993 1700 2025 Arnen.
1738 1993 1772 2025 In
1792 1995 1935 2033 praesentio.
1956 1994 2014 2025 mei
2050 1994 2166 2025 Notarii
2201 1996 2237 2026 &

1227 2031 1362 2063 Testium
1379 2032 1614 2070 subscriptorum,
1643 2033 1826 2063 serenissimus
1844 2033 1996 2071 Princeps,
2019 2018 2165 2076 Dominus
2175 2019 2241 2076 ²qu-

1181 2070 1308 2108 wardus,
1326 2069 1385 2100 Dei
1407 2072 1508 2109 gratia,
1527 2070 1593 2101 Rex
1612 2070 1723 2110 Angliae
1742 2071 1868 2109 illustris,
1892 2074 1925 2103 &
1946 2071 2069 2109 superior
2092 2071 2240 2102 Dominus

1183 2109 1280 2148 Regni
1298 2109 1420 2147 Scotiae,
1439 2110 1577 2147 quandam
1597 2109 1830 2147 protestationem
1850 2111 1870 2129 ²*
1895 2110 2063 2140 verbotenus
2083 2109 2165 2148 fecit²
2183 2110 2239 2140 ser-
2256 2111 2392 2149 *11.574.

1185 2157 1275 2177 mone
1287 2146 1402 2177 Gallico
1438 2148 1514 2178 hunc
1529 2148 1681 2178 habentem
1694 2147 1845 2178 litteraliter
1862 2148 2047 2178 intelleetum.

1219 2185 1302 2216 Licet
1312 2195 1382 2223 nos,
1397 2172 1550 2216 Edwardus
1565 2185 1630 2216 Rex
1643 2185 1774 2225 Angliae,
1791 2196 1879 2225 nuper
1892 2187 1982 2217 literas
2001 2183 2109 2216 nostras
2128 2195 2248 2225 conces-

1183 2225 1300 2257 serimus
1310 2247 1320 2261 ,
1337 2223 1374 2255 de
1387 2223 1475 2263 gratia
1487 2224 1613 2263 speciali,

1582 2300 1741 2332 Nobilibus
1753 2301 1828 2333 Viris
1833 2325 1845 2339 ,

1225 2377 1361 2409 Florentio
1378 2379 1475 2407 Comiti
1489 2376 1659 2417 Hollandiae,

1224 2416 1337 2446 Roberto
1353 2417 1384 2445 de
1397 2419 1469 2445 Brus
1484 2419 1598 2445 Domino
1611 2415 1695 2447 Vallis
1706 2419 1778 2445 Ana
1784 2416 1871 2453 ndiae,

1226 2454 1354 2492 Johanni
1365 2455 1397 2483 de
1412 2453 1526 2483 Balliolo
1541 2456 1655 2484 Domino
1668 2454 1822 2494 Galwydiae
1832 2477 1841 2491 ,

1227 2491 1354 2530 Johanni
1367 2493 1399 2521 de
1414 2492 1547 2533 Hastyngs
1560 2495 1674 2522 Domino
1687 2494 1718 2522 de
1732 2495 1907 2532 Bergoveny,

1228 2529 1356 2569 Johanni
1369 2533 1466 2569 Comyn
1480 2533 1594 2560 Domino
1609 2531 1641 2560 de
1657 2530 1841 2568 Badenough,

1229 2570 1350 2597 Patricio
1365 2569 1397 2597 de
1415 2568 1539 2598 Dombar
1555 2571 1650 2598 Comiti
1664 2570 1695 2598 de
1713 2568 1858 2605 Marchia,

1230 2605 1361 2645 Johanni
1378 2607 1409 2636 de
1436 2605 1510 2647 Vescy
1532 2609 1705 2637 Procuratort
1717 2607 1767 2645 seu
1786 2610 1944 2636 Attornato
1960 2607 2004 2636 W
2004 2604 2107 2636 illielmi
2125 2606 2157 2638 de
2177 2606 2255 2648 Vefiy

1268 2646 1362 2673 Patris
1383 2648 1411 2674 ui

1233 2684 1277 2712 W
1275 2645 1385 2712 illielmb
1394 2668 1427 2713 dg
1438 2685 1507 2722 Ros,
1525 2681 1563 2719 ῤ’

1237 2720 1351 2750 Nicolao
1365 2721 1396 2751 de
1409 2721 1514 2760 Soules,

1235 2797 1398 2829 Petentibus
1410 2798 1455 2829 seu
1469 2797 1696 2837 vendicantibus,
1714 2806 1748 2828 ex
1766 2797 1939 2829 succeffione
1958 2798 2144 2837 haereditaria,
2163 2806 2194 2829 ut
2209 2798 2254 2838 jus

1197 2835 1294 2875 suum,
1314 2837 1449 2876 Regnum
1461 2837 1582 2875 Scotiae,
1601 2846 1700 2867 coram
1719 2836 1814 2867 nobis:

1235 2876 1312 2913 Qae
1334 2876 1447 2914 quidem
1468 2884 1554 2912 partes
1575 2875 1734 2912 praedi&ae,
1750 2875 1805 2904 un‘a
1827 2885 1896 2906 curn
1916 2874 2020 2905 assensu
2042 2874 2071 2904 V
2072 2874 2255 2906 enerabilium

1198 2913 1332 2952 Patrum,
1351 2913 1499 2944 Willielmi
1519 2913 1616 2943 Saneti
1636 2912 1774 2950 Andree,
1790 2913 1823 2943 δε
1845 2913 1967 2943 Roberti
1988 2913 2163 2951 Glasguensis
2184 2912 2254 2950 Epi-

1198 2952 1367 2991 scoporum,
1381 2952 1519 2990 Johannis
1532 2950 1665 2990 Comyn,
1683 2952 1716 2982 &
1727 2951 1829 2989 Jacobi
1843 2951 1989 2981 Senescalli
2008 2951 2131 2989 Scotiae,
2149 2950 2258 2982 Custo-

1199 2990 1269 3021 dum
1286 2990 1381 3027 Regni
1396 2989 1516 3020 Scotiae:

1237 3028 1308 3059 Nec
1327 3038 1387 3059 non
1408 3027 1577 3065 Comitum,
1594 3027 1754 3066 Baronum,
1771 3026 1942 3065 Procerum,
1960 3028 1994 3058 &
2017 3027 2204 3066 Magnarum,
2223 3037 2256 3059 ac

1198 3066 1319 3098 aliorum
1334 3066 1370 3097 de
1384 3066 1598 3097 Communitate
1612 3065 1733 3103 ejusdem
1750 3065 1860 3105 Regni,
1875 3074 1945 3096 tunc
1959 3066 2135 3103 praesentium
2144 3090 2153 3103 ,

1239 3105 1338 3135 Nobis
1358 3106 1477 3142 superius
1499 3106 1532 3136 &
1550 3104 1689 3134 ducetum
1703 3103 1877 3134 Dominium
1892 3106 1899 3134 i
1922 3104 1972 3134 sius
1987 3103 2082 3143 Regni
2097 3103 2201 3134 Scotiae
2215 3115 2258 3135 re-

1201 3151 1436 3180 congnoverunt:
1466 3142 1677 3173 Consentientes
1697 3143 1780 3172 etiam
1802 3141 1872 3172 stare
1888 3114 1950 3181 fiiri
1967 3151 2066 3172 corani
2089 3143 2188 3180 nobis,
2206 3144 2259 3180 &,

1200 3182 1279 3220 super
1302 3181 1481 3219 petitionibus
1501 3180 1551 3211 suis
1569 3179 1745 3219 hujusmodi,
1764 3180 1780 3210 Ξῑ
1800 3181 1882 3210 nobis
1902 3182 2025 3218 recipere
2047 3180 2161 3219 justitiae
2177 3179 2259 3210 Con-

1223 3221 1377 3251 lementum

1202 3231 1221 3259 P
1240 3259 1332 3298 Quod
1354 3243 1433 3288 fie⁷ret
1452 3259 1489 3288 eis
1504 3256 1606 3296 justitia
1631 3257 1660 3286 in
1675 3256 1854 3294 petitionibus
1869 3256 1920 3287 suis
1935 3256 2086 3295 praedic‘tis,
2105 3256 2174 3285 infra
2189 3264 2261 3292 prae-

1201 3296 1311 3328 dietum
1327 3296 1464 3336 Regnum
1478 3296 1599 3334 Scotiae,
1616 3295 1649 3326 &
1662 3304 1722 3325 non
1735 3295 1817 3333 alibi,
1833 3294 1927 3326 donec
1941 3295 2006 3325 Rex
2018 3296 2047 3324 in
2061 3295 2164 3324 eodem
2181 3293 2260 3332 Reg-

1201 3346 1242 3366 no
1255 3335 1358 3366 Scotiae
1371 3336 1517 3366 habeatur:

1240 3373 1432 3404 Protestamur
1452 3382 1546 3404 tamen
1565 3371 1597 3401 &
1619 3369 1739 3402 dicimus
1753 3395 1764 3410 ,
1792 3371 1869 3410 quod
1891 3372 2052 3412 intentionis
2072 3369 2176 3400 nostrae
2198 3379 2260 3399 non

1203 3413 1307 3450 eittitit,
1332 3421 1386 3442 nec
1407 3411 1498 3442 adhuc
1518 3408 1623 3446 existit,
1646 3410 1741 3447 quod,
1786 3420 1814 3439 er
1836 3411 1951 3447 gratiam
1969 3409 2147 3451 hujuimodi,
2173 3417 2261 3451 quarti

1203 3450 1345 3489 praedictis
1374 3451 1530 3488 petentibus
1559 3447 1592 3478 &
1616 3446 1673 3476 aliis
1700 3448 1736 3478 de
1809 3449 1975 3478 mmunitate
1998 3455 2146 3476 memorati
2166 3445 2261 3488 Regni

1203 3490 1309 3520 Scotiae
1322 3489 1458 3527 fecimus,
1479 3496 1509 3518 ut
1523 3486 1599 3523 supra
1615 3485 1732 3523 dicitur,
1748 3486 1830 3516 nobis
1851 3487 1896 3516 vel
1915 3485 2071 3515 haeredibus
2092 3483 2192 3525 nosti-is
2215 3486 2260 3527 in-

1203 3527 1350 3565 posterum
1369 3526 1481 3565 aliquod
1503 3522 1696 3562 praejudicium
1717 3533 1880 3563 generetur,
1920 3525 1967 3553 uin
1986 3525 2015 3552 in
2029 3522 2089 3552 casu
2104 3521 2260 3560 consimili,

1203 3567 1238 3597 &
1251 3566 1307 3596 aliis
1323 3576 1388 3603 quae
1399 3571 1556 3603 emergent,
1572 3561 1635 3591 alias
1647 3562 1786 3593 valeamus
1818 3562 1888 3592 infra
1934 3570 2039 3598 egnum
2053 3560 2183 3589 nostrum
2199 3560 2260 3589 An-

1203 3605 1266 3644 gliae
1302 3604 1387 3634 libere
1407 3610 1536 3634 exercere
1557 3601 1590 3630 &
1613 3600 1705 3630 facere
1726 3586 1804 3638 quod
1817 3599 1982 3630 debebimus
1996 3600 2029 3629 δε
2043 3599 2207 3642 incumbet,
2225 3599 2262 3629 δί

1204 3644 1239 3674 ad
1261 3629 1327 3680 iios,
1347 3650 1491 3680 tamquam
1510 3638 1545 3669 ad
1564 3638 1735 3674 superiorem
1756 3638 1922 3668 Dominum
1944 3636 2063 3703 sepefati
2079 3635 2174 3679 Regni
2188 3637 2263 3680 Sco-

1204 3683 1267 3720 tiae,
1282 3681 1432 3718 aliqualiter
1448 3676 1612 3717 pertinebit,
1629 3677 1662 3707 ὅ(
1677 3675 1812 3706 Haeredes
1825 3675 1914 3706 nostri
1928 3678 1978 3713 pol
2015 3683 2067 3704 nos
2090 3674 2213 3705 similiter
2233 3685 2264 3705 in

1207 3720 1334 3788 futlggiffii
1348 3756 1402 3786 fuit
1417 3755 1494 3792 supra
1508 3752 1607 3792 scripta
1618 3751 1786 3783 Protestatio
1799 3762 1848 3790 per
1862 3751 1892 3782 su
1913 3761 1941 3780 ra
1956 3751 2134 3792 nominatum
2158 3749 2267 3781 Domi-

1206 3806 1276 3827 num
1297 3796 1408 3833 Regem
1430 3791 1556 3831 Angliae,
1572 3800 1647 3820 anno
1669 3791 1685 3819 a
1708 3790 1865 3820 Nativitate
1919 3790 2009 3819 omini
2029 3788 2195 3825 millesimo,
2211 3791 2264 3818 du-

1208 3833 1361 3866 centesimo
1397 3830 1579 3867 nonagesimo
1616 3829 1709 3865 primo
1745 3828 1902 3858 Indictione
1918 3828 2012 3863 quinta
2027 3850 2036 3864 ‚
2054 3827 2135 3857 tertia
2155 3827 2200 3857 die
2220 3828 2266 3856 in-

1209 3882 1297 3906 trante
1311 3857 1413 3902 Mense
1424 3869 1518 3909 julio,
1536 3868 1564 3896 in
1579 3852 1694 3904 Capena
1706 3852 1799 3897 filastri
1813 3867 1849 3896 de
1864 3864 2001 3903 Berewyk
2013 3865 2091 3902 super
2105 3865 2247 3896 Tuedam.

1452 3953 1637 3985 Praesentibus
1648 3952 1862 3984 Venerabilibus
1878 3951 2023 3991 Patribus,

1210 4035 1326 4067 Roberto
1340 4030 1516 4072 Bathonienfi
1527 4027 1566 4066 ὠ
1580 4028 1714 4071 W’llenfi,
1754 4032 1878 4061 Antonio
1893 4028 2078 4070 Dunehnenfi,

1723 4067 1753 4097 O
2200 4063 2281 4097 Wil-
