2570 4261
0 1276 68 1309 Ann.
85 1275 125 1306 D.

13 1314 96 1353 1258.

0 1359 45 1384 an.
58 1363 105 1390 42·

0 1398 30 1423 Η.
52 1402 77 1427 3.

0 1429 116 1467 :laufiab

0 1473 91 1504 Aa.42.
101 1466 134 1494 ad

0 1517 41 1542 50.
58 1512 91 1534 H.
107 1515 129 1542 3.

0 1554 117 1580 m.9.m-

0 1591 44 1613 W!-

0 1785 70 1818 Ann.
86 1785 127 1816 D.

17 1825 99 1862 1258.

0 1867 49 1891 An.
63 1873 110 1898 42.

0 1906 32 1929 Η.
57 1911 81 1936 3.

0 1939 100 1968 ibidem.

4 2582 82 2616 Ann.
96 2581 138 2612 D.

26 2621 111 2660 1258.

3 2665 57 2690 Aa.
72 2669 121 2696 42.

4 2742 35 2767 L.
50 2720 120 2772 Bsf.

9 2785 70 2811 ¹97.
89 2779 119 2802 B.

8 2858 61 2889 ⁸1.
77 2862 142 2897 670i

17 3523 93 3555 Ann,
109 3523 148 3555 D.

654 152 807 208 'ET
891 154 1171 211 ACTA'

110 363 115 369 ·
140 341 160 363 *
171 343 221 375 De
240 340 385 374 Emendis
398 352 454 389 pro
469 336 721 386 interceptionibus
741 349 843 372 contra
859 341 992 387 Trengas
1011 353 1079 374 cum
1092 343 1194 373 Lewe-

545 389 603 420 lino
615 386 775 431 faciendis.

113 513 118 519 ·
140 474 258 530 REX
272 474 422 510 omnibus,
438 474 499 504 &o
518 471 637 502 salutem.

233 513 330 543 Sciatis
341 512 418 551 quod
441 510 636 550 assignavimus
650 509 766 540 dilectos
778 511 811 541 &
825 510 916 541 fidele<
930 513 1038 543 nostros
1066 512 1189 543 acoburn

141 551 177 581 de
195 549 328 581 Audithel
347 552 380 580 &
407 549 523 580 Petrum
538 549 573 578 de
589 547 761 578 Monteforti
774 549 986 581 Vicecomitem
999 562 1039 581 no
1067 560 1128 581 rum
1144 549 1193 578 Sa-

91 592 96 598 ·
144 590 201 627 lop.
219 589 253 619 &
268 587 408 625 stafford,
426 589 479 619 una
491 596 560 617 cum
573 587 630 616 aliis
645 586 770 618 fidelibus
786 587 902 626 nostris,
918 599 987 627 quos
998 590 1093 619 secum
1106 589 1193 618 duxe-

99 668 105 674 ο
144 629 199 658 rint
219 626 411 664 assumendos,
439 626 474 657 ad
494 624 624 655 emendas
637 634 653 653 a
664 623 812 655 Lewelino
825 626 883 656 filio
895 626 1011 657 Griffini
1025 629 1057 658 &
1072 627 1196 657 homini-

145 667 197 702 bus
216 665 282 703 suis,
302 675 355 703 pro
374 674 444 702 pace
462 663 555 694 nostra
574 662 607 693 &
629 662 807 701 nostrorum,
826 666 994 703 recipiendas
1013 667 1046 696 ὃς
1060 663 1196 695 faciendas

117 705 123 710 “
145 704 226 743 super
240 703 368 740 dampnis
378 703 412 732 ὃ(
425 700 677 741 transgressionibus
685 700 782 744 ,fastis
791 712 838 739 per
853 703 980 733 homines
993 704 1101 734 nostros
1110 703 1194 741 ,hinc

143 742 226 780 inde,
245 750 344 771 contra
364 740 486 770 formam
508 748 682 777 treugarum,
697 747 767 768 inter
781 750 832 769 nos
847 742 880 770 ὃς
895 741 1061 780 praedictum
1078 740 1198 772 Leweli-

143 790 215 810 num
228 781 378 817 initarum,
394 778 429 808 ad
443 778 499 808 dies
511 778 544 808 &
559 777 637 814 loca,
655 786 720 814 quae
735 778 862 815 praedidii
873 778 997 817 Jacobus
1008 781 1041 811 ὃς
1056 779 1153 809 Petrus
1167 780 1197 808 in

140 817 439 885 MarchslISssllggiS&
454 816 545 847 Cestr.
564 815 610 846 vel
622 814 686 844 alibi
694 816 889 855 ,piovidei-int,
903 818 971 848 citra
981 818 1082 849 instans
1095 817 1198 848 festum

139 856 277 961 8εὲἓέἓά
290 865 451 934 ltcmieinilsa,
469 892 533 921 vice
554 890 664 930 nostra,
679 891 819 930 facienda,
838 892 949 930 plenam
969 894 1008 924 eis
1028 892 1195 934 potestatem

139 941 397 1009 cofriectijziisuj-&o
416 969 555 1000 duraturas
570 968 654 1006 usque
666 967 701 998 ad
715 967 818 999 festum
835 969 1011 1007 praedicCtum.

175 1047 263 1078 Teste
276 1046 358 1086 Rege
370 1045 443 1084 apud
457 1044 635 1076 wodestoke
643 1068 653 1083 ‚
675 1046 708 1076 18
724 1045 770 1076 die
786 1045 913 1086 Augusti.

391 1175 440 1206 De
457 1172 559 1206 Tallia
571 1184 627 1220 pro
642 1175 719 1220 Rege
737 1175 950 1206 Romanorum.

147 1256 335 1319 OMnibus
350 1280 359 1295 ,
393 1257 453 1288 &c.
468 1257 589 1288 salutem.
632 1257 710 1295 Qia
727 1255 898 1286 charissimus
909 1254 991 1285 frater
1006 1252 1117 1290 noster,
1139 1251 1204 1295 Rex

230 1295 431 1326 Romanorum
458 1296 566 1326 illustris
578 1318 588 1333 ,
608 1296 740 1332 proximo
772 1293 947 1331 profecturus
965 1292 1007 1322 est
1027 1291 1061 1321 ad
1084 1290 1203 1321 Curiam

146 1333 329 1372 Romanam,
350 1344 401 1373 pro
419 1333 506 1364 arduis
525 1334 559 1364 &
574 1331 766 1372 urgentissimis
778 1332 912 1369 negotiis,
932 1340 996 1368 quae
1011 1329 1045 1360 ad
1061 1329 1187 1358 nostrum
1197 1351 1207 1366 ,

147 1373 181 1411 ὃς
201 1372 298 1410 suum,
315 1373 349 1403 δε
370 1371 466 1412 Regni
488 1371 574 1401 nostri
595 1370 737 1400 honorem
758 1370 792 1402 &
815 1368 977 1408 profechm
997 1368 1153 1405 ailumplit,
1172 1368 1206 1398 δε

149 1421 214 1451 quae
231 1411 286 1441 sme
301 1410 427 1440 maximis
437 1410 589 1448 sumptibus
602 1416 745 1446 nequeunt
758 1406 896 1445 expediri,

190 1447 389 1479 Conceffimus
406 1449 446 1485 ei,
461 1447 537 1486 quod
554 1446 660 1486 Burgos
674 1447 708 1477 &
727 1445 855 1476 Maneria
876 1446 935 1483 sua,
955 1455 1018 1485 quae
1030 1444 1141 1474 fuerunt
1155 1443 1207 1474 do-

151 1488 256 1518 minica
268 1485 378 1523 nostra,
398 1485 594 1518 rationabiliter
606 1485 706 1515 talliare
721 1483 803 1522 possit
817 1484 870 1513 hac
886 1485 949 1514 vice
958 1506 967 1521 ,
985 1484 1050 1514 licet
1062 1482 1205 1513 dominica

151 1524 244 1593 noftnra
257 1534 307 1568 per
321 1523 454 1593 Aggliam
468 1523 502 1554 ad
516 1523 633 1564 praesens
646 1533 706 1553 non
720 1522 867 1553 fecerimus
881 1522 985 1553 talliari.

236 1572 330 1601 cujus,
369 1571 407 1592 ἐ.

577 1691 636 1722 Pro
656 1688 781 1721 Eodem.

152 1772 340 1841 OMFibu}
348 1773 434 1841 {ibere
444 1773 622 1805 Tenentibus
635 1772 670 1804 de
683 1772 779 1804 illustri
793 1771 874 1812 Rege
886 1771 1088 1802 Romanorum
1102 1770 1132 1801 in
1146 1769 1209 1800 An-

265 1820 288 1840 ia
334 1821 348 1840 a
359 1820 446 1842 utem.

191 1820 269 1889 Qigia
287 1834 439 1889 {raedietus
451 1850 597 1881 Dominus
613 1850 678 1881 Rex
689 1850 771 1881 frater
785 1848 879 1880 noster
889 1847 1061 1879 charissimus
1073 1848 1101 1877 in
1117 1848 1211 1887 proxi-

156 1897 207 1918 mo
221 1887 395 1928 profecturus
409 1888 450 1917 est
462 1889 498 1919 ad
512 1888 627 1919 Curiam
642 1889 822 1926 Romanam,
839 1897 891 1926 pro
911 1886 998 1917 arduis
1010 1887 1044 1917 ὃ(
1058 1885 1212 1926 urgentiffi-

157 1927 210 1956 mis
231 1927 349 1966 negotiis
362 1949 372 1966 ,
393 1936 458 1966 quae
477 1927 511 1957 ad
529 1927 674 1965 nostrum,
689 1928 722 1958 &
742 1927 840 1964 suum,
856 1927 889 1956 &
911 1926 1004 1964 Regni
1017 1925 1104 1955 nostri
1121 1924 1213 1954 hono-

155 1974 217 1995 rem
240 1965 273 1995 &
294 1965 456 2002 profectum
476 1965 631 2004 assumpsit,
650 1967 724 1996 circa
741 1975 862 2005 quorum
877 1965 1084 2001 expeditionem
1101 1971 1213 2004 oportet

154 2003 245 2044 ipsum
258 2013 318 2033 non
331 2004 460 2033 modicos
473 2004 597 2042 sumptus
611 2014 751 2045 apponere
763 2028 772 2041 ,
1065 2019 1066 2022 ¹

168 2056 171 2058 ·
192 2041 415 2073 Universitatem
427 2041 548 2072 vestram
560 2052 593 2073 ro
613 2053 690 2073 arnus
703 2048 854 2073 attentente
864 2048 1013 2079 quatenus,
1031 2049 1099 2070 cum
1112 2038 1213 2076 praefa-

154 2089 198 2110 tus
212 2080 355 2110 Dominus
369 2080 459 2110 vester
473 2080 561 2111 vestra
572 2092 588 2111 a
625 2080 743 2121 praesens
757 2080 875 2118 indigeat
889 2079 1075 2109 subventione
1085 2100 1094 2116 ,
1118 2078 1212 2107 eidem

152 2120 183 2149 in
203 2119 257 2149 hac
276 2117 435 2149 necessitate
454 2119 498 2148 sua
519 2120 574 2156 jam
591 2128 755 2156 competens
767 2117 917 2149 sublidium
931 2118 971 2147 im
991 2116 1092 2146 endere
1108 2115 1216 2146 studen-

153 2158 205 2194 tis,
218 2157 294 2197 quod
316 2165 373 2186 tam
402 2167 418 2186 a
430 2158 529 2194 nobis,
546 2167 631 2197 quam
642 2159 678 2188 ab
690 2157 749 2198 ipso
762 2158 791 2186 in
805 2156 915 2199 agendis
930 2165 966 2186 ve
992 2156 1027 2185 ris
1041 2155 1168 2185 favorem
1180 2155 1215 2184 ὃς

153 2197 271 2240 gratiam
285 2195 381 2265 fungis
395 2197 569 2234 temporibus
582 2197 684 2228 merito
698 2204 852 2236 promereri
865 2194 1004 2232 debeatis,
1022 2202 1091 2224 cum
1106 2193 1215 2233 speciali

155 2242 304 2273 gratiarum
316 2243 330 2263 a
362 2243 434 2264 ione.

170 2298 174 2299 ⁷
194 2309 283 2341 Teste
290 2334 300 2350 ,
321 2312 381 2343 &c.

152 2384 1218 2395 ffi—-ffl——ss-—ffl

162 2436 283 2467 Littera
307 2434 459 2468 Edwardi
487 2438 633 2480 Principis
646 2445 700 2480 per
720 2447 814 2481 quana
831 2438 987 2467 revocavit
1005 2433 1191 2467 donationem
1206 2460 1216 2477 ‚

257 2482 381 2527 fastam
397 2482 530 2516 Guidoni
545 2482 581 2515 de
600 2485 729 2529 Lezign.
753 2482 789 2515 de
805 2483 908 2528 Insitla
923 2482 958 2516 de
978 2483 1113 2516 Olerone.

160 2566 374 2627 EDwardus,
394 2566 503 2597 illustris
516 2567 604 2606 Regis
619 2566 730 2606 Angliae
743 2568 960 2607 primogenitus,
982 2567 1090 2598 dileffis
1102 2568 1134 2598 &
1150 2565 1216 2597 fide-

162 2642 171 2672 l
235 2606 305 2635 libus
319 2605 371 2635 suis
385 2604 509 2643 Maiori,
528 2607 561 2636 &
577 2606 672 2644 probis
684 2605 846 2636 hominibus
859 2605 909 2636 suis
924 2605 1020 2636 Insulae
1035 2605 1163 2646 Oleron,
1181 2606 1220 2636 sa-

173 2650 258 2673 utem.

203 2681 283 2712 Cum
298 2682 326 2712 in
339 2681 507 2720 collatione,
516 2691 601 2720 quam
612 2682 694 2712 nobis
711 2681 777 2712 fecit
791 2682 935 2713 Dominus
949 2682 1016 2713 Rex
1030 2681 1111 2712 Pater
1124 2682 1220 2712 noster

167 2718 203 2749 de
225 2719 312 2750 Insula
333 2720 482 2760 praedicta,
508 2729 600 2750 certus
620 2720 787 2750 inserebatur
800 2721 942 2759 articulus,
964 2721 1093 2751 videlicet
1107 2743 1118 2759 ,
1143 2720 1220 2760 quod

167 2756 256 2789 Insula
274 2758 328 2796 ipsa
346 2769 360 2788 a
381 2757 498 2788 Corona
519 2757 567 2788 An
588 2759 632 2788 liae
646 2758 797 2789 nullatenus
808 2759 899 2797 poffet
911 2759 1038 2798 separari,
1054 2760 1087 2790 &
1102 2770 1154 2789 nos
1168 2769 1220 2789 nu-

187 2807 215 2826 er
227 2797 368 2836 ,eundem
382 2797 530 2827 articulum
545 2808 560 2827 a
594 2798 763 2827 memoriam
776 2807 836 2827 non
849 2798 922 2828 bene
935 2797 1097 2828 reducentes
1119 2798 1222 2828 assensu

198 2836 289 2865 omini
309 2834 396 2875 Regis
417 2834 504 2865 Patris
522 2834 610 2865 nostri
626 2836 744 2865 minime
763 2836 910 2874 requisito,
939 2837 958 2856 *
973 2836 1092 2866 eandem
1104 2821 1223 2867 insulam

165 2872 308 2904 kariffimo
322 2873 476 2904 Avunculo
491 2873 604 2912 nostro,
629 2873 759 2904 Guidoni
771 2874 807 2904 de
820 2874 938 2915 Lezign.
956 2874 992 2905 ad
1006 2875 1157 2905 terminum
1178 2875 1222 2905 vi-

165 2919 202 2942 tae
215 2912 287 2950 suae,
304 2922 354 2951 pei·
366 2920 470 2942 cartam
484 2911 608 2942 nostram
622 2911 864 2951 concessissemus,

203 2950 238 2980 N
242 2961 315 2987 unc,
332 2950 438 2980 dietam
457 2951 653 2990 negligentiam
675 2950 800 2981 nostram
821 2950 963 2982 evidenter
977 2951 1163 2990 attendentes,
1182 2951 1224 2988 ip-

161 2989 218 3021 fiirn
232 2987 446 3018 concessionem
461 2989 600 3027 nostram,
613 2989 650 3019 de
663 2998 807 3029 praecepto
820 2989 949 3027 praedieti
961 2989 1047 3020 Patris
1059 2990 1160 3027 nostri,
1177 2999 1225 3028 per

162 3025 308 3069 praesentes
320 3027 598 3069 revocamus,.vobis
611 3027 773 3058 mandantes
785 3030 910 3068 quatinus
926 3036 1056 3058 tenorem
1072 3029 1223 3059 litterarum

164 3063 270 3104 praefati
293 3063 416 3108 Domini
441 3063 546 3103 Regis,
562 3066 592 3095 in
610 3065 663 3096 hac
676 3074 752 3104 parte
764 3067 846 3097 vobis
857 3066 1088 3106 transmissarum,
1105 3067 1225 3097 totaliter

164 3111 349 3140 exequamini.

164 3185 176 3209 t
202 3139 236 3209 Itn
257 3141 333 3178 cujus
356 3141 395 3170 rei
415 3139 608 3171 testimonium
633 3141 681 3173 has
695 3141 795 3174 litteras
808 3143 914 3174 nostras
927 3143 1007 3174 vobis
1020 3142 1156 3174 mittimus
1179 3152 1226 3181 pa-

177 3188 211 3209 en
225 3187 259 3208 es.

167 3253 521 3333 trisDragstapqefutwei-k,
536 3266 556 3295 4
572 3256 617 3287 die
634 3254 718 3289 Nov.
736 3267 811 3289 anno
825 3258 920 3299 Regni
934 3257 1059 3290 Domini
1073 3258 1162 3297 Regis
1173 3257 1228 3288 Pa-

475 3427 523 3459 De
546 3428 698 3472 Regimine
714 3428 808 3473 Regni
827 3432 932 3463 scotie.

238 3509 263 3540 E
273 3509 303 3540 X
316 3507 466 3548 omnibus,
480 3510 542 3540 &c.

278 3548 356 3578 Cum
368 3548 532 3579 venerabilis
547 3554 623 3585 pater
636 3547 677 3578 G.
697 3547 851 3590 Episcopus
865 3550 961 3583 Sansti
974 3551 1113 3590 Andreae,
1122 3548 1230 3590 Johan-

116 3586 134 3629 '·
176 3592 224 3618 nes
246 3587 280 3618 de
306 3586 372 3616 Aer.
393 3585 486 3616 Maria
503 3587 613 3624 Regina
631 3586 712 3626 ipsius
730 3587 864 3624 Johannis
882 3590 994 3631 sponsa,
1008 3591 1150 3622 Walterus
1167 3589 1229 3620 Co-

179 3623 372 3695 ngu-Comes
392 3625 428 3655 de
446 3623 586 3663 Meneth,
605 3624 759 3655 Alexander
778 3625 897 3666 Comyn
918 3628 1027 3659 Comes
1047 3629 1081 3673 de
1106 3628 1230 3658 Buchan.

225 3664 351 3694 illielmus
366 3662 475 3694 Comes
485 3663 520 3694 de
533 3662 599 3693 Mar
635 3662 790 3693 Alexander
803 3664 969 3697 Senescallus
982 3667 1086 3698 Scotiae
1095 3690 1106 3705 ,
1124 3667 1228 3697 Alanus

134 3700 140 3706 ”
181 3701 353 3741 Hostiarius,
366 3701 516 3746 ,Robertus
530 3702 566 3732 de
581 3686 720 3738 Niovnes,
737 3702 771 3732 &
784 3700 928 3735 Gilbertus
941 3705 977 3735 de
990 3705 1086 3746 Haya,
1105 3706 1229 3745 regimen

184 3741 280 3780 Regni
295 3742 399 3772 Scotiae
413 3741 442 3769 in
456 3740 482 3770 se
494 3740 598 3778 plenius
610 3739 817 3779 affumpserint3
852 3776 855 3777 ⁷

177 3794 184 3803 ι
218 3779 366 3810 Noveritis
388 3788 439 3808 nos
459 3778 561 3808 eisdem
573 3779 650 3808 bona
662 3777 717 3808 fide
732 3778 885 3818 promisisse
897 3780 974 3818 quod
992 3804 1003 3820 ,
1026 3780 1161 3821 quamdiu
1182 3789 1232 3811 nc-

201 3818 257 3848 otia
277 3818 357 3857 ipfius
378 3817 471 3856 Regni
487 3816 639 3847 secundum
660 3816 758 3847 Deum
777 3817 811 3846 &
830 3816 984 3858 justitiam,
1002 3819 1036 3850 &
1049 3820 1085 3849 ad
1098 3830 1233 3850 commo-

179 3826 249 3885 gum
264 3857 297 3886 &
311 3856 449 3886 honorem
465 3855 593 3885 karissimi
608 3854 655 3884 filii
670 3854 759 3884 nostri
771 3854 858 3893 Regis
871 3855 976 3886 Scotiae
988 3857 1113 3897 illustris,
1130 3867 1231 3888 eorum

173 3892 319 3933 Domini,
337 3896 369 3925 ὃς
388 3894 452 3924 filiae
471 3894 573 3924 nostrae
587 3893 755 3933 praedilthae
767 3892 886 3932 Reginae
902 3894 1006 3925 Scotiae
1051 3906 1151 3926 eorum
1167 3896 1233 3926 Do-

175 3931 386 4000 ‘ffiigzeguatqisie
407 3932 558 3977 secundum
572 3932 648 4000 ἔζεε
668 3932 701 3962 &
713 3932 801 3961 bonas
813 3919 1026 3964 consuetudine}
1036 3934 1105 3964 illius
1119 3934 1233 3974 Regni,

169 4012 173 4017 ’
216 3994 249 4051 su
264 3979 518 4052 eisdeilriltiitezigfdtirilst,C
531 3979 803 4052 [dilimailridigii’erinss
827 4008 861 4038 δε
876 4009 912 4038 ab
921 4008 986 4053 *ipsis
996 4009 1130 4041 fuerimus
1142 4011 1234 4048 requi-

167 4046 250 4114 :suile
258 4046 546 4116 conrsiliultrippstrum
560 4049 593 4080 &
608 4047 740 4079 auxilium
756 4057 794 4078 eis
804 4047 987 4080 favorabiliter
1000 4048 1216 4089 impendemusi
1235 4064 1238 4067 ⁴

168 4099 173 4102 ·
198 4105 204 4110 .
250 4094 277 4113 m
323 4107 330 4114 ι
395 4108 402 4114 .
452 4108 459 4115 .

1239 168 1718 217 PUBLICA.
2237 186 2289 228 43

1273 255 1315 299 ita
1332 258 1412 301 quod
1427 258 1446 289 si
1468 259 1516 296 ipsi
1534 269 1649 298 omnes,
1666 259 1710 291 vel
1721 259 1822 298 aliqui,
1850 259 1894 290 seu
1910 260 2003 299 aliquis
2013 269 2112 291 eorum
2126 259 2203 300 super
2217 269 2289 299 prae-
2311 259 2387 290 Anii.
2405 253 2445 290 D.

1239 293 1326 337 missis
1338 304 1366 324 in
1380 297 1472 339 aliquo
1484 297 1665 335 deliquerint,
1688 298 1721 328 ὃς
1733 308 1748 327 a
1761 300 1842 328 nobis
1854 299 1970 337 requisiti
1987 298 2087 329 fuerint
2101 298 2128 328 su
2149 308 2177 328 er
2191 307 2288 327 emen-
2332 298 2415 335 1258.

1238 331 1272 360 da
1286 332 1385 362 exinde
1398 335 1598 372 facienda,nec
1610 336 1679 365 infra
1690 337 1805 376 spatium
1820 338 1904 367 trium
1923 337 2077 375 mensium,
2090 340 2139 376 poi
2165 335 2288 366 nostram
2304 341 2376 364 Ἠεκ.
2394 345 2418 373 3.

1241 371 1417 401 mentionem
1434 372 1511 409 super
1522 373 1580 415 lioc
1594 375 1629 403 ab
1644 375 1681 403 eis
1697 383 1836 411 receptam
1846 397 1855 412 ,
1874 374 1941 404 iilud
1954 385 2002 404 em
2018 376 2180 413 ndaverint‚
2195 373 2292 404 secun-

1239 407 1308 476 (1an
1324 408 1401 452 quod
1415 409 1578 478 dtgbuermt,
1594 410 1626 441 ‘in
1639 411 1716 442 nullo
1730 418 1830 442 eirtunc
1844 413 1882 442 eis
1896 414 1982 443 teneri
1995 413 2133 444 volumus.

1293 457 1313 476 n
1326 457 1420 486 cujus,
1473 458 1499 478 c.

1281 521 1370 553 Teste
1385 522 1468 563 Rege
1481 524 1553 564 apud
1565 524 1690 555 Westm.
1710 526 1727 553 6
1741 526 1787 554 die
1800 525 1985 558 Novembris.

1239 647 1288 678 De
1315 646 1595 680 excommunicando
1623 647 1811 693 quorundam
1834 648 2043 681 mercatorum
2062 652 2221 683 Florentin.
2241 650 2293 683 de-

1484 695 1590 729 bitores
1603 697 1869 743 cujnftunquefint
1885 696 2050 744 dignitatis.

1242 776 1443 832 ALexander
1461 779 1631 821 Episcopus,
1651 781 1740 811 servus
1762 781 1904 813 servorum
1929 781 2001 820 Dei,
2019 782 2124 813 dileetis
2140 783 2216 822 filiis,
2236 783 2291 814 Ar⁴
2313 796 2389 827 Ann·
2405 796 2446 828 D,

1313 818 1482 849 chidiacono
1503 819 1709 858 Londoniensi,
1727 820 1761 850 &
1781 820 1906 851 Officiali
1919 820 2056 859 ejusdem,
2073 822 2184 852 salutem
2199 823 2232 853 &
2246 822 2288 852 Α-

1239 855 1404 891 postolicam
1419 857 1656 888 benediffionem.

1278 893 1474 932 Significarunt
1492 896 1573 925 nobis
1591 896 1683 926 dilecti
1703 895 1751 926 filii
1768 896 1943 934 Mavnettus,

2333 835 2417 872 1258.

1984 897 2102 935 acobus,
2120 899 2153 928 δε
2167 898 2292 929 Francis-
2311 877 2353 938 ᾗ]
2372 883 2409 946 ἶῖ
2416 895 2422 900 ’

1242 940 1291 961 cus
1310 932 1504 973 Rambertini⁷
1520 933 1661 973 Philippus
1681 928 1844 971 Rodulplii,
1864 896 2002 965 Gerardlus
2019 935 2186 966 Riccobaldi
2200 960 2209 974 ,
2237 936 2291 966 Sil-
2314 954 2352 976 Ex
2361 953 2420 976 Ακ.»

1243 969 1336 999 vester
1357 970 1486 1001 Ubemis
1509 971 1664 1010 Raynaldi,
1681 972 1751 1001 Feus
1772 972 1932 1010 Bonfilioli,

1242 1008 1275 1038 &
1296 1007 1469 1038 Mercatores
1492 1009 1644 1039 Florentin.
1663 1010 1808 1040 familiares
1820 1010 1925 1047 nostri,
1965 1011 2020 1040 uod
2033 1012 2161 1041 nonnulli
2174 1011 2293 1041 Archio-

1243 1045 1365 1089 piscopi,
1384 1045 1530 1086 Episcopi,
1549 1047 1688 1085 Abbates,
1706 1047 1829 1085 Priores,
1848 1048 1950 1084 Capitu
1961 1060 1991 1085 a,
2010 1048 2293 1087 Conventus,Com-

1245 1092 1390 1114 munitates
1430 1084 1543 1122 Duces,
1566 1084 1764 1123 Marchiones,
1789 1084 1936 1123 Comites,
1961 1086 2136 1125 Comitiffae,
2155 1087 2295 1126 Bsrones,

1247 1121 1370 1160 Milites,
1388 1107 1506 1162 ssurgen.
1524 1133 1556 1153 ac
1596 1123 1688 1153 uidam
1709 1123 1754 1153 alii
1775 1123 1879 1152 Clerici
1896 1124 1929 1153 &
1942 1123 2020 1152 Laici
2032 1124 2159 1163 Angliae,
2175 1126 2208 1155 &
2223 1126 2296 1156 Sco-

1247 1162 1293 1190 tiae
1314 1160 1502 1199 Regnorum,
1519 1162 1552 1191 8(
1601 1162 1721 1199 bernice,
1740 1162 1767 1190 in
1787 1160 1949 1199 quibusdam
1963 1164 2144 1200 pecuniarum
2162 1163 2295 1202 summis,

1249 1200 1281 1229 &
1296 1200 1388 1237 bladi,
1407 1200 1483 1238 vini,
1501 1200 1533 1230 &
1548 1200 1618 1230 lanae
1634 1199 1842 1237 quantimtibus,
1863 1209 1895 1228 ac
1910 1200 1990 1228 rebus
2003 1199 2075 1236 aliis,
2102 1208 2229 1231 tenentur
2245 1203 2296 1231 eis-

1248 1237 1331 1276 dem,
1349 1246 1431 1277 prout
1452 1240 1482 1268 in
1504 1238 1603 1276 literis,
1622 1238 1668 1267 vel
1680 1236 1869 1267 instrumentis
1882 1236 1948 1277 inde
1961 1237 2097 1266 confectis
2109 1237 2214 1276 plenius
2227 1239 2297 1270 dici-

1248 1284 1292 1305 tur
1311 1277 1473 1314 contineri,
1496 1276 1531 1305 de
1553 1277 1651 1314 quibus
1664 1299 1674 1314 ,
1708 1276 1773 1305 licet
1795 1275 1908 1314 quidam
1931 1276 2101 1305 solutionum
2120 1277 2229 1305 termini
2249 1278 2301 1308 sint

1249 1314 1346 1353 elapsi,
1364 1316 1402 1344 eis
1423 1325 1483 1344 non
1503 1314 1545 1344 est
1566 1314 1671 1345 statutis
1690 1313 1760 1343 locis
1779 1313 1812 1343 &
1828 1313 1952 1343 terminis
1973 1313 2139 1343 satisfactum
2154 1336 2164 1351 ‚
2189 1323 2302 1354 propter

1249 1353 1327 1420 qupd
1348 1353 1469 1393 dampna
1494 1353 1585 1392 gravia
1603 1354 1635 1385 ὃ(
1655 1352 1782 1393 expensas
1800 1361 1860 1383 non
1883 1350 2006 1382 modicas
2025 1351 2050 1381 se
2073 1351 2192 1382 afferunt
2211 1353 2305 1382 incur-

1253 1392 1285 1421 rii
1300 1402 1329 1421 e·

1293 1414 1440 1469 (Q’uocirca
1465 1429 1623 1461 discretioni
1654 1430 1749 1461 vestrae
1778 1440 1826 1471 per
1853 1428 2005 1467 apostolica
2025 1429 2122 1467 scripta
2143 1429 2306 1460 mandamus

1254 1470 1380 1537 quatinus
1400 1479 1466 1509 vos,
1481 1470 1527 1500 vel
1546 1468 1613 1500 alter
1632 1468 1774 1507 vestrum,
1790 1478 1888 1498 omnes
1902 1467 2041 1498 debitores
2056 1468 2273 1499 ixriercatorumi
2294 1480 2308 1492 ἢ

1266 1516 1347 1538 orum
1379 1508 1412 1539 ὃς
1435 1508 1569 1538 Haeredes
1590 1517 1707 1546 eorum,
1723 1517 1792 1546 quos
1804 1507 1870 1546 ipsi,
1888 1507 1931 1536 vel
1945 1516 2045 1537 eorum
2057 1507 2155 1546 aliqui,
2172 1507 2217 1536 seu
2233 1507 2261 1546 ip
2272 1517 2306 1536 o-

1255 1556 1320 1577 rum
1333 1531 1368 1576 1⁸}
1370 1547 1453 1584 untii‚
1472 1546 1507 1577 ad
1519 1546 1574 1576 hoc
1590 1547 1678 1585 miili,
1696 1547 1777 1576 vobis
1789 1544 1914 1575 duxerint
1926 1545 2128 1583 nominandos,
2146 1544 2305 1583 cujuscum-

1255 1595 1309 1624 que
1324 1585 1491 1616 conditionis
1497 1608 1507 1624 ,
1525 1585 1639 1615 honoris
1671 1594 1717 1615 aut
1731 1583 1867 1622 dignitatis
1880 1582 2013 1621 existant,
2030 1593 2146 1614 monere
2161 1584 2259 1614 curetis
2273 1590 2306 1614 ac

1257 1625 1389 1656 inducere
1410 1624 1552 1664 diligenter
1575 1609 1656 1662 quod
1671 1622 1705 1653 de
1730 1623 1808 1652 dietis
1823 1622 2003 1659 pecuniarum
2018 1620 2149 1660 summis,
2167 1622 2200 1652 &
2216 1620 2307 1660 bladi,

1256 1664 1331 1702 vini,
1350 1673 1383 1694 ac
1403 1663 1472 1693 lanae
1491 1663 1702 1701 quantitatibus,
1719 1671 1751 1692 ac
1771 1661 1850 1690 rebus
1869 1660 1941 1698 aliis,
1959 1661 1988 1689 in
2021 1661 2098 1690 uibus
2113 1669 2241 1691 tenentur
2255 1661 2307 1690 eis-

1255 1702 1322 1733 dem
1336 1725 1346 1740 ,
1370 1711 1439 1733 cum
1457 1701 1532 1739 justis
1551 1702 1583 1732 ὃς
1607 1700 1754 1730 moderatis
1775 1699 1896 1739 expensis
1910 1722 1920 1737 ,
1951 1708 1984 1728 ac
2023 1699 2094 1729 ebita
2111 1698 2308 1729 restauratione

1256 1742 1444 1780 dampnorum
1469 1739 1564 1779 (usuris
1585 1740 1706 1769 omnino
1727 1737 1902 1773 cessantibus)
1922 1737 1993 1766 infra
2007 1736 2075 1767 duos
2088 1738 2192 1767 menses
2208 1760 2218 1775 ,
2241 1736 2307 1777 post

1254 1779 1411 1817 hujusmodi
1433 1779 1621 1809 monitionem
1642 1777 1777 1815 vestram,
1796 1778 1868 1814 juxta
1887 1776 2026 1805 literarum
2046 1775 2091 1806 vel
2108 1776 2309 1805 instrumento-

1256 1829 1320 1849 rum
1341 1817 1462 1858 ipsorum
1484 1826 1626 1854 tenorem,
1647 1816 1794 1853 plenariam
1816 1817 1829 1831 *θ
1849 1813 2059 1844 satisfactionem
2079 1815 2240 1854 impendant
2261 1815 2311 1844 eis-

1258 1857 1324 1888 dem
1338 1856 1382 1886 vel
1396 1857 1443 1885 uni
1457 1865 1573 1894 eorum,
1591 1856 1628 1884 ita
1642 1854 1718 1892 quod
1733 1854 1782 1884 alia
1798 1863 1856 1883 non
1872 1853 1992 1882 existatur
2006 1853 2134 1889 probatio
2147 1853 2182 1882 ab
2195 1852 2309 1890 eisdem,

1258 1906 1312 1926 nec
1326 1896 1473 1925 incumbat
1488 1894 1564 1934 ipsis,
1581 1901 1714 1931 przetextu
1728 1892 1840 1929 alicujus
1856 1875 2077 1930 constitutionis,
2101 1892 2248 1920 canonicae
2263 1892 2308 1920 vel

1260 1934 1360 1972 civilis,
1374 1941 1420 1964 aut
1442 1932 1578 1972 privilegii
1595 1931 1662 1961 sedis
1680 1930 1857 1971 apostolicae,
1875 1929 1919 1959 vel
1944 1928 2066 1966 alterius,
2085 1929 2202 1966 probare
2224 1938 2311 1967 pecu-

1260 1973 1317 2003 nias
1330 1972 1396 2012 ipsas
1409 1973 1437 2001 in
1451 1971 1594 2001 utilitatem
1610 1969 1795 2000 Eccleliarum
1809 1972 1852 1998 ieu
1867 1967 2059 2005 personarum,
2074 1968 2174 2006 quibus
2188 1968 2231 1997 vel
2245 1977 2312 2005 qua·

1261 2021 1325 2042 rum
1339 2010 1561 2049 procuratoribus
1574 2009 1721 2039 eXtiterunt
1737 2006 1844 2038 caedem
1859 2006 1985 2047 pecuniae
2000 2004 2127 2044 creditae,
2153 2005 2232 2036 fuisle
2245 2016 2315 2036 con<

1259 2050 1360 2081 versas:

1300 2087 1407 2127 Qiod,
1424 2087 1443 2118 fi
1461 2087 1530 2118 infra
1545 2093 1654 2126 tempus
1671 2084 1824 2124 hujusmodi
1840 2084 1987 2115 satisfacere
2001 2093 2059 2114 non
2076 2083 2248 2120 curaverint,
2265 2089 2315 2113 vos

1261 2136 1295 2158 ex
1309 2135 1377 2158 tunc
1393 2127 1422 2156 in
1435 2126 1594 2156 debitorum
1610 2125 1731 2164 ipsorum
1745 2147 1756 2163 ,
1782 2125 1814 2155 &
1830 2124 1967 2161 majorum
1985 2122 2019 2152 de
2034 2122 2168 2160 Capitulis
2184 2123 2216 2153 ὃς
2230 2121 2314 2151 Con-

1262 2167 1391 2197 ventibus
1406 2164 1532 2203 personas
1546 2163 1860 2201 excommunicationis,
1875 2164 1905 2191 in
1921 2161 2088 2192 Conventus
2102 2165 2184 2199 vero,
2208 2161 2240 2191 &
2256 2160 2315 2189 Ca⁴

1261 2205 1365 2243 pirula,
1381 2214 1413 2234 ac
1432 2203 1552 2234 aliorum
1569 2202 1731 2233 debitorum
1750 2210 1846 2239 terras,
1869 2199 2008 2230 interdicti
2025 2199 2167 2229 sententias
2189 2198 2315 2239 promul÷

1261 2244 1347 2288 getis,
1362 2252 1406 2273 eas
1424 2241 1509 2281 usque
1529 2241 1563 2272 ad
1577 2241 1790 2271 satisfactionem
1803 2238 1987 2281 condignam,
2006 2238 2071 2275 ubi,
2088 2238 2121 2268 ὅ(
2136 2237 2264 2276 quando,
2276 2244 2315 2279 'ac

1262 2289 1391 2322 quotiens
1405 2280 1532 2319 expedire
1547 2280 1683 2318 videritis,
1696 2278 1803 2317 pulsatis
1816 2286 1956 2315 campanis
1969 2299 1979 2315 ,
2002 2277 2035 2307 &
2048 2275 2167 2306 candelis
2181 2278 2299 2307 accensis
2309 2296 2320 2314 ,

1262 2331 1312 2359 per
1325 2330 1392 2359 vos,
1407 2321 1451 2350 vel
1466 2320 1551 2358 alios,
1566 2319 1610 2349 seu
1623 2319 1724 2356 alium,
1743 2317 1929 2357 sollempniter
1943 2314 2124 2352 innovando,
2139 2350 2154 2359 η
2300 2352 2306 2357 ι

1301 2359 1378 2390 Non
1397 2358 1571 2389 obstantibus
1590 2356 1724 2397 aliquibus
1743 2355 1908 2394 privilegiis,
1926 2354 1974 2384 vel
1990 2352 2183 2396 indulgentiis,
2199 2358 2322 2395 aut-quia

1263 2398 1438 2436 buscumque
1457 2397 1538 2427 literis
1556 2396 1732 2434 apostolicis,
1746 2394 1791 2425 seu
1810 2394 1881 2430 aliis,
1899 2391 2068 2432 generalibus
2086 2392 2129 2420 vel
2145 2391 2160 2419 s
2175 2391 2320 2434 ecialibus,

1264 2437 1315 2469 sub
1356 2445 1513 2474 uacumque
1531 2435 1621 2465 forma
1642 2435 1795 2465 verborum
1816 2432 1953 2469 obtentis,
1979 2430 2012 2460 &
2033 2430 2115 2460 etiam
2136 2438 2155 2458 o
2177 2428 2295 2458 tinendis
2309 2450 2319 2467 ‚

1264 2485 1324 2505 non
1347 2475 1498 2505 acientibus
1509 2471 1543 2503 de
1556 2473 1733 2510 praesentibus
1749 2471 1938 2508 mentionem,
1956 2466 2225 2510 quibus-hujusmodi
2240 2475 2321 2510 man-

1265 2513 1321 2544 dati
1342 2512 1430 2544 nostri
1440 2511 1554 2542 effeetus
1576 2512 1606 2540 in
1619 2511 1711 2548 aliquo
1723 2508 1850 2547 impediri
1864 2507 1967 2545 valeat,
1983 2507 2027 2537 vel
2041 2505 2161 2543 differri,
2180 2506 2214 2536 &
2226 2504 2246 2534 sl
2260 2504 2322 2548 dic-

1266 2550 1300 2582 tis
1322 2550 1556 2588 Archiepiscopis,
1575 2548 1599 2579 E
1621 2549 1734 2586 iscopis,
1753 2549 1786 2579 &
1807 2547 1864 2576 aliis
1884 2545 2140 2587 quibuscumque-a
2159 2543 2221 2587 sede
2232 2543 2321 2586 sitin*

1266 2588 1376 2620 dultum
1392 2588 1507 2626 eadem,
1533 2597 1590 2626 quo
1622 2586 1879 2622 excommunicari,
1895 2583 2034 2622 suspendi,
2053 2583 2098 2612 vel
2112 2580 2255 2619 mterdiCi,
2274 2580 2321 2612 seu

1266 2627 1342 2669 quod
1357 2636 1432 2658 extra
1444 2627 1519 2657 suam
1532 2626 1725 2664 provinciam,
1740 2624 1785 2655 vel
1799 2622 1937 2661 diocesm,
1959 2630 2004 2652 aut
2018 2621 2086 2664 ultra
2099 2628 2209 2650 certum
2223 2619 2322 2663 locum

1266 2665 1300 2697 ad
1313 2666 1449 2705 judicium
1460 2665 1573 2696 evocari
1585 2674 1643 2694 non
1657 2663 1760 2701 poffint
1774 2671 1823 2702 per
1834 2662 1933 2691 litteras
1947 2659 2125 2699 apostolicas,
2141 2668 2201 2702 non
2216 2658 2323 2688 facien-

1267 2714 1306 2736 tes
1325 2705 1436 2743 plenam
1457 2704 1490 2734 &
1512 2702 1665 2740 expressam
1678 2701 1713 2731 de
1728 2700 1850 2739 ipsorum
1863 2699 2042 2736 nominibus,
2057 2707 2090 2728 ac
2102 2698 2137 2727 de
2149 2696 2258 2740 indulto
2269 2696 2324 2727 hu-

1265 2743 1384 2782 jusmodi
1400 2743 1593 2778 mentionem,
1610 2741 1694 2770 etiam
1707 2739 1727 2769 si
1739 2739 1914 2770 contineatur
1928 2739 1956 2767 in
1972 2737 2031 2775 ipso
2048 2735 2124 2774 quod
2140 2745 2165 2765 ei
2179 2744 2239 2765 non
2255 2744 2324 2772 pos-

1267 2782 1299 2813 sit
1319 2791 1368 2820 per
1386 2781 1486 2821 aliquas
1504 2780 1603 2810 litteras
1619 2777 1780 2817 apostolicas
1800 2776 1941 2816 derogari,
1960 2776 2014 2806 five
2035 2773 2110 2814 quod
2129 2773 2324 2812 crucesignatis

1267 2821 1412 2852 dierorum
1434 2820 1601 2858 Regnorum
1613 2818 1648 2848 ab
1662 2816 1759 2847 eadem
1771 2815 1833 2846 sede
1846 2815 1948 2845 dicitur
1962 2813 2016 2844 effe
2030 2812 2195 2842 conceffum
2207 2835 2216 2849 ,
2245 2811 2324 2856 quod

1268 2869 1318 2897 per
1330 2859 1410 2897 ipsius
1421 2857 1488 2888 sedis
1501 2856 1588 2886 literas
1601 2863 1754 2894 nequeant,
1774 2855 1823 2884 nisi
1834 2863 1930 2884 coram
1944 2852 1994 2883 suis
2007 2850 2165 2894 ordinariis,
2187 2859 2326 2893 conveni-

1266 2900 1306 2936 ri,
1324 2899 1357 2928 &
1371 2894 1627 2928 Constitutionibus
1638 2917 1648 2932 ,
1673 2894 1732 2923 tam
1746 2892 1780 2922 de
1791 2892 1896 2923 duabus
1909 2891 1988 2921 dietis
2003 2890 2079 2921 editis
2094 2899 2123 2918 in
2137 2889 2326 2932 concilio-ge·-

1267 2936 1368 2974 nerali,
1386 2936 1472 2976 quam
1491 2933 1587 2963 faelicis
1604 2931 1800 2962 recordationis
1818 2930 1840 2960 l.
1862 2930 1946 2968 Papae
1968 2927 2179 2972 Prazdeceisoris
2190 2925 2277 2956 nostri
2291 2927 2327 2957 de

1267 2975 1417 3013 aliquibus,
1435 2983 1483 3013 per
1503 2971 1658 3010 generalem
1679 2970 1825 3002 clausulam
1848 2968 1960 3008 quidam
1981 2968 2025 2998 alii
2043 2965 2112 2997 ultra
2124 2974 2242 3005 quatuor
2256 2988 2266 3004 ,
2291 2965 2327 2996 ad

1267 3013 1402 3053 judicium
1420 3022 1478 3041 non
1491 3009 1637 3040 trahendis.
2020 3043 2026 3049 ⁴
2096 3041 2107 3050 Α
2227 3042 2233 3048 ι

1278 3054 1281 3057 ’
1304 3050 1371 3082 Dat.
1391 3050 1527 3089 Anagniae
1541 3071 1551 3086 ,
1574 3056 1588 3087 3
1612 3044 1696 3078 Non.
1715 3044 1884 3077 Decem-bris
1895 3067 1906 3083 ,
1942 3041 2126 3075 Pontificatus
2145 3041 2235 3073 nostri
2253 3051 2329 3074 anno

1270 3098 1377 3129 quarto.

1984 3156 2075 3197 sigillo
2090 3155 2196 3199 avulsi).

1457 3310 1575 3340 Littera
1597 3307 1670 3351 Regi
1685 3302 1724 3337 ab
1740 3302 1918 3337 Alexandro
1938 3306 2013 3349 Rege
2028 3305 2140 3335 Scotiae.

2191 3382 2326 3427 Domino

1425 3431 1482 3461 Dei
1505 3429 1587 3468 gratia
1606 3427 1682 3466 Regi
1701 3426 1828 3465 Antiliae,
1848 3427 1980 3457 Domino
2001 3425 2166 3460 Hiberniae,
2191 3422 2224 3452 &
2245 3421 2324 3451 Duci

1941 3464 2004 3494 Rex
2026 3463 2193 3498 Scotorum,
2209 3459 2324 3490 salutem

1272 3393 1480 3463 Miffinifico
1493 3390 1617 3429 Principi
1633 3388 1763 3419 Domino
1778 3388 1826 3419 suo
1840 3387 1868 3418 in
1883 3386 2000 3417 Christo
2015 3385 2174 3422 carissimo,

1272 3472 1316 3502 Ac
1339 3471 1487 3507 uitanniae,
1511 3466 1682 3504 Alexander,
1703 3452 1801 3496 eadem
1820 3466 1918 3505 gratia,

1272 3511 1306 3541 &
1329 3519 1422 3547 emper
1435 3514 1634 3545 augmentum,
2208 3537 2213 3543 ⁸

1311 3548 1391 3579 Cum
1408 3545 1579 3577 Willielmus
1599 3543 1634 3572 de
1655 3541 1832 3580 Swynbutn,
1851 3540 1976 3570 Clericus
1989 3537 2098 3575 noster,
2117 3545 2132 3566 a
2146 3537 2227 3568 vobis
2241 3545 2334 3567 rece⁴⁴

1951 974 1983 1004 δε
1999 983 2098 1003 eorum
2111 974 2188 1004 Socii
2204 973 2292 1004 Cives
2313 994 2377 1024 ,σενι

2330 1818 2455 1852 *1.671.

2346 3401 2422 3434 Anu.
2441 3402 2484 3436 D,

2367 3452 2441 3481 1259
2452 3464 2459 3473 .

2347 3486 2399 3509 An.
2413 3492 2459 3519 43.

2347 3525 2380 3547 H⁴
2403 3529 2428 3555 3-

2345 3562 2386 3585 Ex
2399 3562 2469 3586 Etm-

1272 3588 1328 3655 pit,
1347 3585 1381 3616 ad
1399 3594 1468 3624 opus
1486 3582 1627 3618 nostrum,
1645 3580 1721 3609 mille
1743 3577 1903 3609 Marcaium
1925 3577 2136 3615 sterlingorum,
2163 3576 2192 3605 in
2215 3583 2322 3613 partem
2345 3596 2407 3624 dello
2422 3596 2478 3623 litun

1283 3635 1302 3655 o

1303 3625 1413 3655 lutionis
1431 3621 1506 3653 mille
1526 3620 1657 3650 librarum
1671 3618 1879 3656 sterlingorum,
1897 3626 1961 3656 quas
1973 3616 2054 3657 nobis
2066 3613 2170 3657 solvere
2183 3613 2324 3651 promisis-

1275 3665 1307 3694 tis
1328 3664 1358 3692 in
1381 3659 1525 3691 Niindinis
1546 3657 1642 3688 Sanffi
1658 3656 1787 3695 Botulphi
1802 3657 1930 3693 proximo
1945 3660 2102 3696 praeteritis,
2118 3660 2238 3695 partem·
2256 3691 2260 3695 ι

1275 3701 1379 3738 debiti,
1396 3701 1424 3729 in
1445 3706 1503 3736 quo
1524 3697 1605 3726 nobis
1625 3695 1759 3725 tenemini
1778 3695 1883 3724 ratione
1898 3693 2088 3728 matrimonii,
2103 3690 2241 3720 contracti
2255 3698 2326 3719 inter

1277 3749 1343 3783 nos,
1374 3738 1407 3768 &
1429 3737 1618 3775 Margaretam
1638 3732 1807 3763 Consortem
1827 3728 2070 3766 nostram5filiam
2083 3727 2204 3760 vestram
2223 3729 2332 3769 primo-

1276 3786 1415 3818 ge¹¹¹s²m3
1512 3813 1516 3817 .
1540 3812 1544 3817 ,
1661 3810 1667 3815 .
2123 3806 2128 3811 .
2260 3805 2264 3809 .

1313 3816 1351 3846 Et
1370 3815 1445 3844 idem
1464 3811 1634 3843 Willielmus
1650 3809 1749 3840 litteras
1765 3806 1869 3837 nostras
1890 3805 2033 3843 patentes,
2050 3804 2216 3835 solutionem
2238 3803 2327 3834 dista-

1278 3862 1341 3885 rum
1357 3853 1431 3883 mille
1446 3852 1576 3881 librarum
1591 3847 1780 3884 testificantes,
1802 3844 1947 3887 cariffimae
1960 3844 2097 3874 Dominae
2109 3842 2331 3880 Alianorae,Dei

1279 3894 1363 3933 gratia
1379 3891 1498 3929 Reginae
1517 3887 1650 3918 Consorti
1668 3885 1782 3922 vestrae,
1800 3884 1970 3914 commiieiit
1989 3890 2020 3913 ut
2038 3883 2067 3912 in
2086 3889 2165 3921 aequa
2184 3891 2286 3923 manu,

1317 3931 1396 3969 Quas
1417 3922 1531 3966 quidem
1552 3927 1639 3956 literas
1657 3925 1738 3954 nobis
1764 3921 1904 3952 restituere
1927 3920 2087 3959 promisistis
2111 3927 2255 3961 quamcito
2278 3927 2331 3947 vo·

1279 3970 1323 4000 bis
1338 3964 1425 3998 literas
1440 3966 1560 4003 nostraS,
1578 3963 1744 3994 solutionem
1760 3960 1898 3991 dictarum
1913 3959 1989 3990 mille
2007 3957 2170 3990 Marcamm
2186 3955 2335 3986 testificana

1283 4018 1342 4045 teS,
1361 4007 1552 4042 mitteremu53'
1774 4037 1779 4044 .
1964 4037 1970 4042 ι
2292 4029 2297 4037 .

1290 4061 1298 4066 —
1317 4044 1456 4077 Artemius
1476 4051 1528 4074 vos
1555 4048 1685 4080 rogamus
1707 4046 1832 4107 quagnus
1849 4036 1974 4075 Johanm
2000 4035 2037 4068 de
2055 4032 2198 4073 Lundorc.
2221 4031 2337 4100 ξὲεᾷἒῧο

1800 4085 1819 4105 2
2329 4089 2340 4106 a

2348 3644 2438 3662 rarum

2347 3678 2454 3708 temporo
