2570 4261
732 215 845 257 ET
926 212 1196 259 ACTA
1277 208 1760 270 PUBLICA.

0 303 40 324 m.
57 292 97 324 D·
115 298 245 338 fidimus,
264 309 319 331 nec
331 300 506 333 attendentes>
515 299 593 340 quod
607 310 659 331 vos
673 300 841 340 aliquatenus
853 312 904 332 vos
924 303 1029 334 velletis
1041 302 1183 333 intromit-

3 331 68 362 266·
114 346 190 377 tere,
207 339 257 370 nisi
274 340 303 369 in
318 340 408 370 forma
420 341 453 370 ὅ(
474 340 564 370 modo
579 349 649 379 quos
663 340 746 370 nobis
761 340 794 370 &
813 340 892 371 dieto
912 340 970 372 filio
984 341 1084 373 nostro
1098 350 1181 372 com-

1 382 26 401 n.
38 381 64 409 3·
114 384 238 414 petentes
251 378 372 408 videritis
384 379 418 408 ὃς
431 378 604 408 honorificos
612 401 622 416 ,

148 415 195 446 Ad
209 415 334 447 vestrum
348 416 555 453 beneplacitum
569 416 759 447 consentimus
769 439 778 454 ‚
798 417 832 447 &
846 417 925 448 nobis
939 418 1028 458 placet
1040 416 1117 458 quod
1135 427 1179 447 us-

112 464 169 492 que
181 454 215 484 ad
229 462 282 484 tres
295 463 383 483 annos
396 453 460 491 post
475 454 626 495 Pascham,
645 455 778 494 proximo
789 454 927 494 futuram,
946 457 1014 487 licut
1027 466 1075 496 per
1088 455 1178 485 Nun-

111 494 172 523 cios
188 492 291 523 vestros
304 491 472 530 supradidtos
488 492 620 531 rogastis,
638 494 742 523 ineatur
755 501 848 532 treuga
860 496 931 525 inter
946 505 997 525 nos
1013 496 1045 525 &
1066 494 1176 524 dictum

112 531 202 562 filium
214 530 342 560 nostrum
351 552 360 568 ,
380 540 412 560 ac
426 530 538 568 Regem
547 530 684 561 Navarrae
693 541 901 571 memoratum,
919 533 986 564 sicut
995 535 1066 564 inter
1079 543 1130 563 vos
1144 534 1177 563 &

112 578 209 608 gentes
227 568 332 598 nostras
352 568 514 599 Wasconiae
527 591 537 606 ‚
559 570 607 607 qui
629 570 704 600 circa
724 580 761 600 ne
779 572 871 601 otium
893 572 959 602 illud
981 582 1032 610 pro
1047 573 1129 602 nobis
1148 572 1178 601 in

112 606 234 645 partibus
248 606 299 636 illis
313 606 491 646 labortirunt2
506 608 540 638 &
554 608 635 637 etiam
649 607 759 638 dietum
804 618 885 648 egem
896 611 1053 649 Navarrae,
1072 611 1117 640 seu
1132 610 1180 640 ali-

112 654 185 688 quos
201 645 236 675 de
249 645 373 689 concilio
386 645 454 684 suo,
469 655 540 683 quos
552 645 586 675 ad
599 646 656 676 hoc
671 646 704 676 ad
719 656 770 678 vos
789 647 926 680 destinare
944 649 1081 687 voluerit,
1099 657 1179 689 pote-

111 691 147 713 rit
161 693 324 715 convenire.

150 721 221 753 Hoc
235 730 329 753 autem
343 721 420 752 idem
436 721 630 752 mandavimus
644 721 801 753 Senescallis
819 725 852 755 δε
869 725 925 755 aliis
939 725 1066 756 fidelibus
1080 724 1181 754 nostris

113 760 276 791 Wasconiae
284 783 294 799 ,
308 760 386 800 quod
398 760 433 790 ad
445 760 523 790 diem
535 761 568 791 &
582 762 680 791 locum
690 784 699 799 ,
717 771 786 801 quos
799 764 836 793 eis
849 765 979 795 duxeritis
991 763 1163 794 mandandos
1171 786 1181 801 ,

112 801 227 830 veniant
243 800 365 836 ipsorum
379 800 463 837 aliqui
479 822 488 837 ,
512 809 583 838 quos
604 800 638 830 ad
660 799 716 830 hoc
733 802 818 840 magis
833 804 964 832 noverint
980 803 1097 832 idoneos
1111 824 1120 839 ,
1145 802 1180 831 ad

113 837 363 876 dietam-treugam
378 837 529 867 ineundam
544 838 578 868 &
592 838 775 877 firmandam,
792 841 826 870 &
841 841 917 879 quod
930 849 1023 880 treuga
1037 840 1181 879 hujusmo-

114 876 144 906 di
157 877 187 905 in
201 875 290 906 vestra
303 875 463 914 praesentia,
481 876 526 906 seu
539 877 569 905 in
583 876 753 915 wasconia,
771 878 790 907 fi
804 879 912 908 ibidem
932 879 1080 908 malueritis
1099 877 1184 907 desti-

113 923 181 944 nare
194 913 229 943 ad
242 913 299 944 hoc
314 914 446 944 habentes
458 914 493 945 N
496 915 594 944 uncins
609 914 792 955 potestatem,
809 926 857 957 per
870 917 1035 948 consensum
1051 924 1182 947 mutuum

111 962 149 990 ap
168 952 299 990 robetur,
318 952 419 983 vestrae
433 953 616 993 relinquimus
631 954 751 993 optioni.

186 1000 202 1020 e
215 1001 251 1020 eo
269 992 351 1020 etiam
371 991 448 1030 quod
469 1001 519 1021 nos
534 991 647 1031 rogastis
667 1002 716 1032 per
736 992 872 1023 Nuncios
890 992 997 1024 vestros
1018 991 1186 1031 praedit‘stos,

114 1028 195 1068 quod
209 1028 346 1067 maledieto
362 1029 437 1070 Regi
453 1030 487 1060 N
490 1040 592 1060 avarrae
606 1031 781 1062 conduetum
795 1032 900 1062 salvum
911 1031 1118 1069 concedamus,
1135 1040 1185 1070 per

114 1076 216 1098 terram
232 1067 395 1098 Wasconiae
428 1068 463 1099 ad
475 1078 527 1099 vos
542 1069 690 1108 veniendi,
708 1069 809 1100 vestrae
823 1070 1010 1100 dominationi
1023 1070 1186 1099 intimamus

113 1105 209 1144 quod,
227 1105 293 1136 licet
305 1107 382 1137 idern
398 1091 463 1137 Rex
472 1107 610 1138 Navarrae
625 1108 703 1147 alias,
722 1118 789 1139 cum
804 1118 853 1149 per
866 1108 1043 1139 conductum
1054 1107 1186 1138 nostrum

115 1153 166 1183 per
187 1153 287 1175 terram
306 1145 473 1176 Wasconiae
493 1146 623 1177 transisset
637 1169 647 1185 ,
669 1149 697 1177 in
716 1146 804 1176 nostri
825 1147 981 1185 dampnum
1003 1147 1037 1177 &
1057 1146 1186 1185 praejudi-

115 1184 212 1222 cium,
228 1193 297 1214 cum
310 1184 449 1222 aliquibus
462 1184 626 1215 hominibus
638 1184 738 1215 nostris
758 1185 827 1225 ligiis
846 1185 1100 1216 confoederationes
1114 1194 1187 1215 con-

114 1229 155 1252 tra
171 1232 224 1252 nos
237 1222 339 1254 fecerat
356 1224 389 1254 &
403 1224 618 1262 conspirationes
632 1224 768 1261 diversas3

155 1259 294 1291 Liberum
307 1269 403 1292 tamen
416 1263 508 1293 eidem
529 1261 713 1293 concedimus
735 1261 879 1292 transitum
900 1262 933 1293 δε
955 1261 1135 1293 εοῐιάῑιξὶυπι
1151 1260 1186 1291 ad

117 1308 169 1329 vos
182 1309 232 1339 per
246 1307 349 1330 terram
363 1301 529 1340 praedietam
542 1301 692 1339 veniendi,
708 1309 777 1331 cum
797 1300 900 1331 familia
913 1301 956 1330 sua
975 1300 1135 1337 moderata,
1153 1300 1187 1329 si-

117 1347 153 1367 ne
167 1339 269 1376 armis,
287 1339 306 1369 fi
319 1349 369 1370 vos
385 1349 434 1379 per
448 1339 548 1369 litteras
561 1338 663 1369 vestras
677 1347 799 1377 patentes
820 1338 878 1369 hoc
892 1338 1050 1369 Senescallo
1064 1338 1187 1368 Wasco-

116 1377 172 1406 niae
187 1377 318 1407 duxeritis
332 1377 542 1415 mandandum,
557 1377 620 1415 quia
641 1377 670 1406 in
684 1377 818 1407 omnibus
833 1399 843 1415 ,
869 1387 934 1417 quae
948 1378 1115 1417 poterimus,
1136 1387 1187 1408 ve-

119 1413 179 1444 stris
193 1415 371 1455 beneplacitis
385 1415 477 1446 favere
492 1417 622 1446 volumus
636 1415 668 1445 &
682 1415 826 1446 mandatis.

152 1452 199 1484 Ad
212 1454 270 1484 hoc
291 1453 404 1484 scientes
424 1454 502 1492 quod
523 1455 553 1484 in
572 1454 696 1484 formam
719 1453 863 1493 praedietae
877 1462 982 1495 treugae
998 1453 1191 1485 consentieba-

113 1494 178 1521 'rnus
198 1492 349 1522 animosius
363 1515 374 1532 ,
399 1494 462 1531 quia
483 1493 611 1523 formam
637 1492 757 1524 eandem
776 1491 864 1523 iidem
876 1493 991 1525 Nuncii
1005 1492 1158 1524 afferebant
1173 1493 1188 1523 a

114 1529 205 1561 vestra
220 1530 373 1567 procedere
388 1529 544 1563 voluntate}

149 1609 238 1641 Teste
252 1610 336 1651 Rege
350 1611 424 1652 apud
440 1610 633 1643 Kenilwurth.
646 1620 686 1641 20
700 1610 746 1642 die
758 1611 887 1653 Augusti.

443 1740 472 1767 ἕ*
490 1745 549 1776 Pro
573 1745 688 1777 Comite
705 1745 879 1778 Lovanniae.

95 1846 103 1854 ·
121 1831 210 1887 RE
219 1831 250 1863 X
265 1831 425 1862 Venerabili
439 1831 515 1862 Patri
528 1830 569 1861 O.
585 1831 681 1863 Sanffl
695 1831 811 1864 Adriani
819 1832 955 1864 Diacono
969 1832 1127 1873 Cardinali,
1145 1833 1188 1865 A-

185 1870 333 1908 postolicae
346 1871 424 1901 Sedis
440 1870 564 1910 Legat0‚
581 1870 704 1901 salutern.

155 1908 237 1940 Cum
260 1909 408 1940 Dominus
430 1908 505 1949 Papa
524 1909 609 1939 nobis
626 1909 794 1940 concesserit
813 1909 958 1940 decimam
979 1909 1187 1941 beneficiorum

119 1948 371 1978 ecclesiasticorum
385 1949 420 1978 de
437 1948 466 1978 R
502 1957 542 1977 no
556 1946 655 1978 nostro
671 1971 680 1986 ,
706 1956 790 1986 prout
802 1948 890 1979 nostis
905 1971 914 1986 ,
938 1949 971 1979 ὃς
985 1956 1130 1979 teneamur
1145 1948 1188 1978 di-

119 1986 195 2016 lecto
209 1987 242 2017 &
255 1986 328 2016 fideli
349 1986 448 2016 nostro
488 1985 614 2016 rederico
633 1987 669 2017 de
689 1986 786 2017 Frisco
799 2009 809 2025 ,
834 1987 948 2017 Comiti
964 1987 1139 2026 Lovanniae,
1156 1988 1185 2017 in

0 2037 2 2041 ν
21 2025 46 2052 3·
120 2026 269 2064 nongentis
282 2026 398 2063 marcis,
418 2025 548 2056 videlicet
564 2047 574 2063 ,
599 2025 714 2064 quadrin
736 2026 806 2056 entis
825 2027 925 2056 marcis
943 2035 996 2066 pro
1010 2035 1124 2065 arrerag.
1137 2036 1187 2056 an—

119 2064 169 2094 nui
186 2064 261 2094 feodi
274 2064 314 2093 sui
328 2070 445 2094 centurn
460 2073 635 2101 marcarum,
652 2074 690 2102 qu
745 2065 887 2102 percipere
906 2064 1051 2096 consuevit
1063 2065 1098 2094 ad
1111 2064 1188 2094 scac-

121 2103 231 2132 carium
244 2102 393 2140 nostrum3
412 2104 446 2135 ὃς
459 2103 617 2141 quingentis
631 2104 730 2132 marcis
745 2113 797 2143 pro
816 2103 940 2141 expensis
953 2103 1022 2141 suis,
1040 2113 1106 2142 quas
1119 2103 1187 2134 fecit

120 2142 149 2170 in
160 2141 277 2208 1{ervitio
292 2140 391 2171 nostro
404 2141 433 2171 in
445 2141 591 2171 obsidione
606 2139 699 2171 Castri
713 2141 918 2173 Kenillewurth
931 2164 941 2181 ,
968 2141 1002 2171 ad
1022 2141 1188 2172 mandatum

117 2188 158 2209 no
186 2188 263 2208 rum·

155 2203 355 2248 Paternitatem
375 2216 497 2248 vestram
518 2218 685 2257 requirimus
706 2218 739 2249 &
765 2225 898 2257 rogamus
920 2219 1048 2258 quatinus
1071 2217 1189 2258 praefato

118 2255 271 2286 Frederico
284 2281 294 2295 ,
321 2257 357 2287 de
376 2257 472 2297 primis
492 2255 609 2286 denariis
622 2279 632 2295 ,
659 2266 729 2296 quos
751 2256 787 2286 de
807 2257 932 2287 Decima
953 2257 1086 2295 praedicta
1105 2257 1189 2287 levari

117 2295 285 2334 contigerit,
303 2295 405 2326 habere
419 2295 523 2325 faciatis
537 2303 692 2334 nongentas
709 2305 829 2334 marcas,
845 2296 875 2326 in
895 2295 1189 2334 recompensationem

115 2341 498 2403 noggenrarumsscmarcarum
515 2334 723 2374 praedictarum.

204 2381 282 2410 culus
290 2395 299 2412 ,
353 2383 380 2403 c.

154 2452 245 2483 Teste
258 2452 341 2492 Rege
353 2452 426 2491 apud
443 2453 659 2484 Kenillewurth.
678 2462 693 2493 3
709 2453 753 2484 die
767 2451 946 2491 Septembris.

426 2589 475 2620 Dc
498 2589 626 2620 Curtina
641 2589 728 2633 Regis
743 2584 884 2621 liberata.

0 2681 43 2703 nn.
60 2670 102 2702 D.
185 2674 210 2706 E
220 2674 252 2706 X
269 2675 421 2713 omnibus,
438 2675 499 2705 &c.
515 2674 639 2706 salutern.

0 2710 77 2741 1266.
224 2714 321 2745 Sciatis
334 2714 411 2754 quod
425 2714 508 2744 frater
524 2711 627 2744 Alanus
646 2713 681 2744 de
695 2713 848 2746 Calweton
862 2738 872 2754 ,
899 2713 1062 2746 Monachus
1078 2713 1114 2744 de
1131 2713 1191 2745 Ce-

0 2761 20 2777 2·
39 2759 86 2786 50·
123 2753 204 2791 stria,
221 2753 346 2783 liberavit
358 2751 500 2791 Magistro
515 2752 665 2792 Roberto,
681 2753 801 2784 Custodi
835 2754 991 2793 apilionum
1010 2753 1191 2791 nostrorum,

0 2809 1 2814 =
23 2798 49 2825 3·
126 2793 277 2823 Curtinam
300 2790 427 2821 nostram
449 2790 524 2829 apud
541 2790 723 2836 Kenilyvyrth
744 2792 790 2823 die
841 2792 967 2824 ominica
981 2792 1110 2833 proxima
1128 2799 1192 2822 ante

0 2834 23 2854 ‘²‘-
40 2836 88 2862 50·
122 2830 228 2863 festum
243 2831 332 2860 beatae
347 2829 516 2867 Margaret-ae
528 2829 660 2869 Virginis.

6 2874 58 2939 ²73·
164 2869 254 2900 Anno
269 2868 365 2909 Regni
376 2867 466 2899 nostri
480 2876 528 2906 50.

120 3000 234 3044 Bnlla,
260 3000 296 3034 de
311 3003 611 3036 Excommunicando
630 3014 728 3036 omnes
751 3015 841 3036 arma
853 3013 1007 3050 gerentes,
1027 3002 1084 3048 sen
1096 3014 1190 3049 guer-

166 3059 261 3082 rentes
279 3060 318 3082 ex
338 3059 427 3096 parte
441 3054 569 3084 Simonis
584 3052 620 3084 de
636 3053 820 3098 Monteforti
836 3079 846 3096 ,
875 3051 932 3098 seu
947 3051 1073 3085 alterius
1089 3053 1189 3097 cnjus·

166 3109 295 3144 cumque
305 3123 316 3140 ‚
341 3108 444 3132 contra
462 3102 571 3147 Regem
585 3102 712 3148 Angliae.

0 3195 46 3216 nn.
60 3184 100 3216 D.
190 3186 314 3217 Lemens
329 3186 501 3228 Episcopus,
519 3187 609 3219 servus
620 3188 764 3220 servorum
779 3187 855 3229 Dei,
873 3189 976 3222 (111εᾶ0
990 3188 1062 3221 Filio
1077 3189 1105 3221 S.
1117 3189 1185 3219 TT.

0 3224 77 3254 1266.
191 3225 303 3256 Sancitae
316 3225 435 3257 Ceciliae
450 3226 609 3257 Presbitero
621 3226 706 3258 Card.
721 3228 898 3267 Apostolicae
915 3228 992 3260 Sedis
1007 3228 1133 3269 Legato,
1150 3228 1188 3259 sa-

0 3274 21 3291 a.
40 3273 84 3298 50·
116 3263 209 3294 lutern
223 3265 256 3295 δε
270 3263 467 3303 Apostolicam
480 3264 717 3296 benedictionem.

0 3323 5 3329 .
22 3311 49 3337 3.
159 3301 260 3340 Olim,
278 3302 350 3333 dum
363 3302 483 3333 essemus
505 3304 534 3333 in
557 3303 663 3335 minori
681 3304 781 3335 officio
796 3305 940 3336 constituti
953 3329 963 3345 ,
985 3306 1018 3337 ὃς
1032 3307 1061 3336 in
1081 3305 1187 3344 Regno

18 3343 54 3367 A.
124 3340 234 3380 Angliae
249 3340 394 3380 legationis
414 3341 516 3372 officio
534 3340 716 3381 fungeremur
727 3365 737 3381 ‚
761 3344 792 3374 in
806 3345 949 3382 quendam
970 3344 1132 3382 Simonem
1149 3344 1186 3373 de

0 3378 14 3407 l.
28 3387 74 3415 99.
124 3377 295 3409 Monteforti
309 3379 400 3410 Com.
417 3379 602 3419 Leycestriae,
620 3391 653 3411 ac
667 3382 819 3412 nonnqus
836 3384 903 3414 alios
923 3383 1069 3420 Comites,
1087 3384 1120 3414 &
1136 3382 1186 3412 132-

1 3427 39 3444 nes
48 3420 101 3445 Ca·
120 3428 202 3448 rones
217 3417 313 3458 Regni
326 3417 468 3456 ejusdem,
484 3427 518 3448 ac
531 3427 633 3449 omnes
642 3420 794 3450 turbatores
810 3421 891 3458 ipsius
908 3421 1003 3461 Regni
1017 3445 1026 3460 ,
1049 3424 1082 3453 δε
1099 3423 1124 3452 se
1138 3431 1184 3450 ca-

0 3464 58 3482 irar.
119 3456 226 3487 riffimo
238 3457 267 3487 in
282 3455 400 3486 Christo
421 3456 494 3487 Filio
514 3455 614 3487 nostro
760 3457 858 3489 illustri
872 3459 948 3500 Regi
968 3460 1079 3500 Angli-„e
1093 3469 1184 3497 oppo-

0 3503 80 3522 accur.
120 3503 234 3533 nentes,
252 3505 285 3526 ac
300 3495 366 3525 alios
380 3495 463 3526 etiam
480 3517 489 3533 ,
514 3495 562 3533 qui
580 3495 679 3526 talibus
694 3495 722 3526 in
736 3497 854 3534 pecunia
865 3521 875 3536 ,
900 3500 976 3538 equis
991 3522 1001 3537 ,
1024 3499 1068 3529 vel
1083 3499 1182 3536 armis,

8 3534 45 3559 A.
52 3532 79 3568 f-
117 3543 165 3565 aut
179 3534 239 3564 alias
274 3533 414 3564 raestarent
426 3532 574 3563 consilium
583 3556 593 3571 ,
610 3533 743 3564 auxilium
757 3536 802 3565 vel
818 3536 962 3576 favorem,
980 3537 1182 3568 excommuni-

0 3579 14 3596 '·
30 3579 57 3598 a·
116 3574 233 3604 cationis
248 3544 412 3603 sententiam
427 3571 557 3602 duximus
572 3572 788 3612 proferendam,
822 3605 829 3608 K

155 3612 233 3651 Quia
248 3621 317 3643 vero
341 3610 438 3651 Regni
452 3609 576 3649 ejusdem
593 3609 695 3640 statum
715 3611 867 3650 pacificum
888 3613 922 3645 &
944 3615 1071 3654 quietum
1094 3613 1182 3651 plenis

115 3647 253 3681 desideriis
267 3648 445 3687 afleitamus,
460 3648 494 3680 ad
530 3648 586 3678 uod
599 3647 750 3679 efficaciter
769 3650 896 3688 expedire
918 3653 1057 3683 credimus
1074 3652 1178 3682 senten-

119 3689 187 3719 tiam
201 3689 288 3727 ipsam
301 3688 469 3726 frequentius
484 3698 521 3725 pu
543 3688 634 3726 licari,
652 3697 721 3725 nos,
737 3688 895 3725 hujusmodi
911 3691 1073 3722 sententiam
1089 3691 1181 3721 invio-

65 3740 68 3743 >
118 3725 236 3758 labiliter
248 3727 386 3758 observari
401 3726 543 3765 volentes,
559 3726 587 3755 in
599 3736 698 3756 omnes
710 3725 772 3755 illos
786 3749 797 3764 ‚
820 3729 868 3766 qui
881 3728 957 3759 secus
978 3731 1099 3769 egerint,
1118 3730 1181 3767 qui-

118 3773 156 3795 ve
168 3774 266 3797 contra
284 3765 430 3806 praefatum
446 3765 559 3804 Regem
581 3775 656 3794 arma
677 3764 864 3803 susceperint,
885 3776 932 3797 aut
953 3767 1091 3813 Regnum
1108 3777 1181 3806 prae-

117 3801 229 3834 dierum
243 3814 342 3836 contra
355 3803 467 3843 Regem
481 3804 588 3843 ipsum,
606 3813 674 3833 cum
690 3804 788 3840 armis,
806 3803 850 3833 vel
870 3804 926 3835 sine
943 3814 1041 3845 armis,
1060 3808 1182 3837 intrave-

120 3841 195 3880 rint,
211 3844 257 3873 vel
273 3844 335 3874 alias
347 3842 533 3880 turbaverint,
550 3850 597 3872 aut
614 3841 786 3872 turbantibus
800 3841 975 3878 praestiterint
987 3845 1119 3876 auxilium
1135 3844 1181 3875 vel

118 3878 247 3910 favorem
261 3881 407 3919 publicum
420 3881 465 3911 vel
477 3879 640 3917 occultum,
659 3879 859 3919 cujuscumque
875 3880 927 3911 sint
945 3884 1181 3922 praeeminentiae,

118 3916 254 3955 dignitatis
266 3942 276 3956 ‚
287 3921 340 3951 'aut
355 3918 438 3950 statiis
451 3943 460 3958 ,
478 3919 513 3949 de
527 3928 606 3949 novo
622 3918 738 3948 similem
760 3920 1059 3952 excommunicationis
1073 3922 1182 3952 senten-

119 3956 189 3985 tiam
202 3958 426 3998 promulgamus,
442 3959 458 3988 ὲ
472 3968 523 3995 qua
538 3967 602 3995 eos,
621 3958 678 3987 fine
690 3956 796 3996 speciali
815 3957 946 3991 mandato
960 3959 1036 3990 Sedis
1056 3960 1182 4000 Aposto-

122 3993 206 4032 licae,
224 3995 274 4024 nisi
286 3996 376 4026 forsan
388 3997 417 4027 in
432 3999 528 4027 mortis
541 3995 674 4033 articulo,
694 3996 874 4033 prohibemus
885 3994 1008 4036 absolvig
1025 3997 1054 4029 in'
1087 4009 1144 4037 uo,
1161 4000 1180 4028 si

126 4032 228 4062 fuerint
240 4032 371 4073 absoluti,
389 4036 422 4066 ὃς
437 4036 508 4075 ipsos
522 4036 670 4081 contigerit
685 4034 788 4064 sanitati
799 4032 921 4071 restitui,
943 4035 993 4066 nisi
1006 4037 1054 4067 sati
1093 4038 1182 4068 c‘erint

126 4070 197 4102 infra
212 4071 336 4102 mensem
369 4072 467 4104 eadem
480 4075 610 4105 sententia
624 4074 697 4113 ligari
712 4072 842 4102 volumus
852 4081 888 4102 eo
900 4072 978 4112 ipso,

163 4108 310 4179 ng‘fflc}
334 4110 488 4180 Piscffitioni
513 4122 569 4145 tuae
595 4122 644 4153 per
667 4110 831 4151 Apostolica
853 4110 953 4151 scripta
973 4112 1184 4152 mandavimus,

221 4157 270 4179 om.
308 4171 314 4179 .
360 4170 368 4180 .
429 4173 436 4182 .

1218 314 1343 373 quatinus
1363 306 1522 353 hujusmodi
1543 310 1855 356 Excommunicationis
1872 317 2017 349 sententias
2041 318 2070 349 in
2092 318 2280 359 solempn²bus
2300 326 2372 357 Ann.
2386 326 2429 358 D:

1220 383 1225 388 ι
1243 345 1416 384 arlamentis,
1435 349 1536 391 quibus
1549 350 1662 394 Pariiius
1675 353 1708 382 ὃς
1722 355 1786 385 alibi
1802 364 1830 385 te
1841 356 1967 387 interesse
1988 359 2137 397 contigerit
2151 380 2160 396 ,
2186 368 2234 397 per
2250 368 2277 389 te
2316 364 2398 395 1266.

1218 382 1307 419 ipsum
1321 384 1509 430 sollempniter
1521 389 1663 428 publices,
1683 392 1716 421 &
1737 402 1785 431 per
1800 395 1866 425 alios
1882 395 1911 424 in
1924 396 2058 426 omnibus
2071 397 2155 435 locis,
2174 398 2202 427 in
2216 398 2277 437 qui-
2292 408 2355 432 Hen.
2372 411 2399 441 3.

1219 421 1274 465 hm.
1283 423 1411 467 expedire
1426 424 1591 469 Vide-risx&
1607 437 1748 468 praecipue
1760 432 1789 461 in
1803 433 1871 463 locis
1892 432 2043 465 Maritimis
2057 457 2067 473 ‚
2089 435 2134 466 seu
2151 437 2223 466 mari
2236 436 2279 467 vi-

1219 470 1287 490 cinis
1296 484 1305 498 ‚
1323 461 1404 491 facias
1420 463 1568 500 publicari:

1257 498 1489 542 Contraditstores
1530 512 1558 532 er
1577 502 1719 535 censuram
1740 505 1984 548 Ecclesiasticam,
2003 511 2185 551 appellatione
2205 511 2284 551 post*-

1218 540 1320 582 poiita,
1332 540 1501 578 compescen
1522 550 1556 571 o:
1575 542 1678 586 J‘Non
1695 543 1823 575 obstante
1831 548 1848 577 si
1865 547 1906 576 est
1921 549 2055 587 aliquibus
2068 551 2102 580 ab
2116 551 2283 589 Apostolica

1219 575 1291 606 Sede
1313 577 1453 621 indultum
1476 578 1553 616 quod
1573 581 1701 611 interdici
1717 605 1726 620 ,
1750 582 1873 621 suspendi
1895 587 1936 616 vel
1961 591 2203 620 excommunicari
2221 599 2282 621 non

1218 614 1322 653 poffint
1339 624 1387 654 per
1400 616 1498 647 litteras
1513 617 1690 662 Apostolicas
1701 643 1709 657 ,
1737 630 1801 658 quae
1814 622 1849 653 de
1865 624 1973 655 indulto
1995 626 2150 662 hujusmodi
2171 628 2282 668 plenam

1220 653 1253 682 &
1266 653 1418 697 expressam
1433 665 1493 699 nori
1507 657 1623 700 fecerint
1638 660 1838 699 mentionem,
1864 662 1919 692 five
1937 664 2145 705 quibuscunque
2165 667 2221 697 aliis
2241 668 2285 697 in-

1219 690 1364 735 dulgentiis
1377 693 1410 723 ὃς
1426 694 1571 734 privilegiis
1586 695 1756 738 Apostolicis
1771 721 1781 736 ,
1807 709 1871 738 quae
1890 701 1969 732 nullis
1982 703 2009 732 in
2032 704 2084 734 hac
2099 714 2175 744 parte
2189 704 2285 736 suffra-

1219 738 1277 768 gari
1291 730 1420 760 volumus
1427 754 1440 775 ,¹
1456 732 1488 762 ὃς
1500 732 1535 762 de
1549 733 1647 778 quibus
1661 744 1789 774 oporteat
1804 739 1833 768 in
1847 738 1945 769 nostris
1959 740 2052 771 litteris
2067 743 2175 780 plenam
2188 744 2222 775 &
2235 752 2285 773 ex-

1221 768 1338 836 pglegsatm
1353 778 1529 837 rlnggiftionem
1542 771 1617 817 fieri,
1636 774 1669 804 &
1684 783 1732 813 per
1745 785 1810 813 quae
1824 777 2001 814 praesentium
2022 780 2139 811 eflectus
2154 782 2284 822 impediri

1282 817 1296 836 a
1321 817 1356 837 ve
1426 818 1486 838 erri.

1220 843 1325 912 cuffig
1350 844 1469 876 Viterbii
1484 870 1495 886 ,
1524 856 1559 886 17
1583 847 1647 880 Kal.
1673 849 1796 882 Ostobr.
1822 852 2006 885 Pontificatfis
2030 855 2118 887 nostri
2142 867 2221 888 anno
2243 856 2285 888 se-

2301 543 2321 575 *
2330 554 2353 582 1.
2366 551 2430 591 838.

1572 1023 1630 1053 Pro
1650 1025 1735 1055 Duce
1755 1025 1777 1054 B
1779 1025 1908 1068 runefivi
1910 1024 1939 1067 k-

1223 1102 1311 1157 RE
1321 1102 1353 1134 X
1370 1108 1520 1145 omnibus,
1535 1108 1593 1139 &c.
1607 1109 1729 1139 salutem.

1321 1142 1401 1187 Cum
1415 1144 1523 1175 illustris
1537 1148 1579 1176 vir
1601 1147 1732 1177 Albertus
1747 1147 1816 1178 Dux
1838 1148 2005 1190 Bruneswyk
2017 1175 2027 1189 ,
2053 1153 2283 1195 Consanguineus
2303 1155 2379 1186 Ann.
2394 1155 2436 1186 D„

1223 1179 1318 1210 noster
1331 1181 1464 1222 dilectus,
1479 1183 1607 1215 Alaifiam
1621 1186 1656 1216 de
1676 1185 1781 1216 Monte
1796 1187 1909 1218 Ferrato
1922 1211 1932 1226 ,
1956 1198 2069 1228 neptem
2085 1192 2121 1222 A.
2138 1193 2284 1225 Consortis
2321 1194 2403 1224 1266.

1222 1217 1343 1258 nostrae,
1361 1221 1397 1251 de
1414 1220 1543 1252 Consilio
1555 1223 1652 1254 nostro
1665 1224 1743 1255 duxit
1758 1226 1786 1254 in
1804 1235 1939 1265 uxorem,
2302 1237 2353 1260 An⁴
2369 1242 2414 1268 51.

1262 1256 1347 1297 NOS,
1366 1260 1491 1290 volentes
1504 1262 1594 1299 ipsum
1615 1263 1655 1292 ob
1677 1263 1734 1293 hoc
1755 1265 1957 1295 venerabilibus
1978 1265 2109 1304 respicere
2128 1268 2284 1308 donativis,
2305 1277 2337 1298 Hi
2358 1279 2383 1307 3.

1225 1302 1255 1325 ut
1269 1303 1397 1328 tenemur
1411 1321 1421 1336 ,
1445 1299 1576 1330 volumus
1597 1301 1672 1339 quod
1695 1301 1769 1331 idem
1792 1301 1861 1332 Dux
1880 1305 1909 1333 in
1925 1303 2009 1334 Festo
2030 1304 2143 1336 Pischae
2156 1310 2286 1346 proximo
2307 1314 2363 1336 Pin.
2383 1317 2429 1345 51,

1225 1343 1360 1377 venturo,
1380 1337 1413 1367 &
1427 1337 1608 1374 postmodum
1624 1341 1652 1369 in
1666 1339 1752 1370 Festo
1767 1340 1861 1371 Sancti
1878 1341 2043 1382 Michaelis,
2061 1344 2094 1374 &
2108 1344 2144 1375 iic
2161 1345 2197 1375 de
2212 1355 2286 1376 anno
2307 1349 2346 1376 H.
2369 1356 2394 1383 3.

1225 1382 1255 1401 m
1268 1383 1391 1412 annum,
1409 1376 1442 1405 &
1455 1376 1491 1406 de
1506 1379 1627 1407 termino
1640 1379 1669 1408 in
1687 1380 1855 1418 terminum,
1873 1382 1986 1420 recipiat
2001 1381 2036 1412 de
2050 1384 2148 1422 nobis,
2167 1394 2216 1421 per
2230 1394 2289 1414 ma-
2307 1396 2334 1414 n.
2349 1395 2358 1412 i
2368 1395 2409 1413 υ..

1226 1420 1278 1441 nus
1287 1421 1535 1457 quorumcumque
1548 1439 1557 1453 ,
1582 1426 1652 1456 quos
1672 1417 1705 1447 ad
1725 1416 1782 1448 hoc
1803 1417 1910 1448 duxerit
1929 1419 2120 1459 affignand0s‚
2139 1432 2225 1453 unam
2241 1432 2291 1460 pe-

1226 1459 1319 1494 cuniae
1333 1461 1512 1492 portionem,
1530 1454 1682 1485 secundum
1699 1456 1776 1494 quod
1795 1456 1877 1487 status
1894 1457 2010 1497 noster,
2037 1459 2071 1490 ὃς
2088 1459 2183 1500 Regni
2204 1460 2291 1493 nostri

1227 1498 1364 1529 requiret,

1241 1566 1246 1571 ι
1265 1527 1306 1558 Ita
1318 1536 1414 1574 tamen
1428 1530 1520 1573 quod,
1537 1531 1651 1570 quando
1666 1532 1748 1563 status
1762 1533 1858 1564 noster
1870 1535 1920 1564 erit
1933 1534 2108 1575 melioratus,
2126 1547 2177 1568 nos
2190 1539 2216 1568 ei
2229 1547 2290 1569 me-

1227 1566 1279 1636 }rus
1290 1567 1323 1598 &
1339 1572 1492 1609 copiosiu33
1512 1570 1561 1609 ὃς,
1579 1570 1616 1609 si,
1635 1572 1712 1609 quod
1726 1572 1795 1603 absit
1801 1595 1812 1611 ,
1833 1573 1951 1604 debilior
1966 1573 2047 1604 fuerit
2061 1597 2071 1613 ,
2092 1577 2183 1607 minus
2196 1577 2291 1608 eidem

1239 1615 1368 1636 aciemus.

1263 1644 1301 1675 Et
1316 1645 1374 1676 hoc
1396 1655 1446 1685 per
1465 1654 1574 1677 tantum
1594 1650 1728 1686 temporis
1747 1648 1863 1689 spatium
1882 1651 1972 1681 facere
1991 1651 2067 1682 bona
2081 1652 2135 1683 fide
2148 1655 2290 1693 promitti-

1227 1693 1307 1752 mitis,
1321 1684 1400 1724 quod
1418 1683 1474 1723 ipse
1493 1685 1562 1716 Dux
1580 1687 1595 1717 a
1616 1687 1717 1727 nobis,
1734 1688 1767 1719 &
1781 1688 1881 1719 nostris
1897 1688 1924 1719 se
1943 1697 2036 1721 tenere
2055 1691 2153 1723 debeat
2170 1701 2222 1732 pro
2241 1702 2289 1732 pa-

1228 1732 1261 1753 ca
1273 1732 1301 1752 o.

1263 1761 1298 1792 In
1313 1762 1390 1800 cujus
1397 1785 1407 1801 ,
1426 1763 1487 1793 &c.

1265 1840 1354 1872 Teste
1372 1842 1454 1882 Rege
1467 1844 1539 1882 apud
1556 1843 1744 1877 Kenilwurth.
1760 1855 1781 1885 4
1795 1846 1841 1877 die
1854 1846 1890 1876 N
1891 1847 2021 1878 ovembr.

1581 1981 1640 2011 Pro
1658 1980 1743 2011 Duce
1758 1978 1944 2024 Brunefwik.

1326 2065 1446 2098 inieimo
1461 2067 1519 2098 5110
1531 2066 1665 2106 Ricardi,
1681 2068 1714 2099 δε
1729 2067 1820 2098 Sociis
1831 2068 1882 2099 suis
1898 2067 2106 2102 Coneaorrbus
2120 2071 2196 2103 Finis
2211 2070 2291 2104 Lon·
2311 2059 2387 2091 Arm-
2402 2061 2441 2091 D—

1326 2105 1395 2135 don.
1406 2106 1528 2137 salutem.
2337 2101 2421 2130 1266-

1262 2141 1342 2173 Cum
1357 2144 1466 2175 illustris
1478 2146 1521 2176 vir
1536 2143 1572 2174 A.
1593 2143 1661 2174 Dux
1682 2144 1865 2185 Bruneswyk,
1884 2144 2102 2184 consanguineus
2117 2149 2216 2180 noster.
2224 2149 2291 2181 Ale-
2311 2142 2362 2166 An.
2380 2150 2395 2175 5
2403 2150 2426 2169 ¹·

1227 2180 1294 2211 fiam
1310 2191 1424 2222 neptem
1439 2184 1475 2213 A.
1492 2183 1613 2223 Reginae
1626 2182 1772 2214 Consortis
1794 2185 1897 2214 nostrae
1916 2183 2022 2215 duxerit
2037 2186 2067 2216 in
2088 2197 2222 2226 uxorem,
2241 2199 2290 2226 per
2313 2182 2346 2204 H.
2366 2188 2390 2214 3·

1227 2220 1303 2259 quod
1320 2219 1405 2259 Dux,
1423 2223 1451 2252 in
1467 2221 1607 2253 veniendo
1620 2221 1653 2251 ad
1668 2233 1735 2260 nos,
1751 2223 1784 2253 ὃ(
1806 2223 1910 2253 ibidem
1926 2223 2065 2254 morando
2076 2246 2086 2262 ,
2111 2227 2210 2257 multas
2223 2227 2291 2258 fecit
2311 2215 2414 2252 ciuus-,-
2421 2225 2445 2243 ¹·

1227 2259 1355 2296 expensas
1369 2261 1518 2292 occasione
1534 2260 1682 2299 praediAEffi,
1700 2262 1733 2292 δε
1748 2262 1777 2290 in
1791 2261 1913 2298 pluribus
1923 2261 2024 2291 debitis
2043 2264 2207 2301 quibusdam
2220 2265 2292 2296 Cre-
2312 2259 2345 2281 H·
2359 2264 2385 2290 3·
2406 2264 2443 2282 '⁷³⁴

1227 2296 1382 2337 ditoribus,
1401 2300 1430 2329 in
1444 2299 1567 2330 Civitate
1582 2299 1733 2340 praedista,
1747 2300 1781 2330 &
1797 2300 1876 2337 alibi,
1891 2301 1949 2338 jam
1964 2308 2092 2339 tenetur,

1267 2336 1352 2376 Nos,
1369 2338 1459 2378 ipsum
1473 2338 1590 2369 Ducem
1602 2338 1803 2368 honorabiliter
1817 2338 1948 2376 respicere
1961 2339 2100 2378 volentes,
2119 2342 2202 2373 vobis
2215 2352 2295 2374 man-

1227 2372 1325 2405 damus
1336 2377 1413 2420 quod
1427 2377 1462 2406 de
1478 2377 1548 2407 Fine
1563 2376 1699 2417 praedicito
1712 2375 1812 2407 habere
1826 2377 1929 2407 faciatis
1944 2376 2035 2407 eidem
2052 2376 2130 2409 Duci
2164 2381 2209 2411 vel
2226 2381 2295 2412 Pro-

1229 2415 1402 2445 curatoribus
1413 2414 1482 2454 suis,
1500 2426 1570 2455 quos
1582 2416 1615 2445 ad
1631 2415 1687 2445 hoc
1710 2415 1815 2445 duxerit
1833 2415 2021 2457 deputandos,
2041 2417 2117 2447 mille
2133 2404 2245 2450 Marcas
2258 2422 2292 2452 ad

1228 2452 1356 2489 expensas
1369 2453 1425 2483 suas
1440 2453 1505 2484 inde
1517 2453 1726 2492 acquietandas,
1742 2452 1775 2484 ὃς
1794 2453 1828 2483 ad
1848 2453 1908 2483 stitis
1924 2453 2084 2484 iaciendum
2099 2454 2293 2489 Creditoribus

1227 2491 1281 2558 ¹[uis
1294 2491 1451 2530 praedkstis,
1470 2493 1506 2523 ita
1518 2492 1595 2531 quod
1614 2492 1743 2530 praefatus
1756 2491 1825 2522 Dux
1845 2492 2066 2532 promptitudine
2083 2493 2175 2525 vestra
2187 2505 2296 2533 reputet

1240 2538 1256 2558 e
1266 2538 1435 2560 contentum
1445 2540 1450 2559 :

1267 2566 1305 2596 Et
1319 2566 1393 2606 hoc,
1410 2569 1479 2599 sicut
1497 2569 1636 2599 honorem
1650 2568 1779 2598 nostrum
1794 2568 1905 2608 diligitis
1919 2592 1928 2607 ,
1951 2569 1985 2599 ὃς
1998 2568 2219 2609 indignationem
2232 2582 2296 2604 nos-

1229 2611 1299 2636 tram
1316 2607 1403 2637 vitare
1415 2607 1570 2645 volueritis,
1589 2607 1668 2637 nullo
1685 2607 1775 2637 modo
1788 2608 1931 2638 omittatis.

1266 2685 1353 2717 Teste
1367 2687 1449 2726 Rege
1463 2686 1536 2727 apud
1553 2686 1742 2719 Kenilwurth.
1759 2696 1776 2726 7
1792 2687 1836 2718 die
1850 2687 1885 2718 N
1887 2688 2014 2719 ovembr.

1276 2822 1398 2854 Littera
1413 2823 1520 2867 Regis,
1546 2815 1699 2851 Ludovico
1715 2821 1788 2865 Regi
1806 2821 1954 2862 francia,
1980 2818 2016 2853 de
2035 2808 2155 2868 Trenga
2175 2835 2246 2857 cum

1450 2872 1526 2915 Rege
1542 2869 1694 2900 Navarrae
1711 2866 1851 2914 capienda
1868 2872 1903 2907 ρὰ
1915 2867 2065 2914 juranda.

1232 2951 1393 3013 ANoble
1408 2954 1510 2988 Prince
1525 2956 1642 2995 Seignur
1657 2979 1666 2995 ,
1690 2957 1723 2987 &
1737 2966 1752 2987 a
1766 2956 1815 2987 sun
1828 2957 1904 2987 cosin
1926 2956 2045 2988 trescher
2059 2981 2069 2996 ‚
2093 2957 2153 2989 Sire
2165 2958 2288 3002 Lowys,
2310 2973 2377 3005 Am,
2401 2974 2435 3006 D

1315 2997 1378 3028 arla
1412 3007 1473 3027 race
1488 2996 1571 3033 Deu,
1590 2994 1659 3034 Roy
1670 2995 1706 3025 de
1720 2995 1743 3024 F
1745 3005 1861 3033 raunce,
1877 2994 1969 3025 Henri
1984 3018 1993 3033 ,
2039 3006 2068 3026 ar
2083 3005 2178 3028 marne
2189 2999 2216 3030 la
2228 3009 2289 3040 gra..
2330 2999 2405 3042 ,26'6
2435 2997 2443 3007 ⁰

1229 3045 1281 3073 ce,
1329 3037 1357 3066 oi
1370 3006 1574 3074 d’ffingleterre,
1594 3033 1640 3063 Sei
1660 3044 1729 3064 neur
1742 3034 1778 3064 de
1798 3033 1926 3065 [relonde
1937 3057 1948 3073 ‚
1972 3035 2006 3066 &
2058 3045 2093 3066 uc
2107 3035 2288 3080 d’Acquitay-
2308 3056 2350 3078 An
2377 3037 2414 3088 5¹⁸

1229 3084 1285 3120 ne2
1299 3074 1387 3113 saluz,
1404 3075 1437 3105 &
1453 3082 1554 3113 vereyz
1566 3081 1631 3112 amy
1657 3081 1698 3102 ez.
2307 3095 2341 3116 H.
2356 3073 2370 3127 '3
2417 3072 2425 3080 ⁹

1265 3113 1391 3152 bachez,
1410 3113 1477 3144 cher
1492 3112 1566 3154 Sire,
1583 3111 1619 3140 ke
1633 3120 1691 3141 nuz
1710 3119 1844 3141 enveums
1859 3119 1913 3153 nos
1925 3110 2000 3142 feaus
2019 3112 2051 3143 &
2065 3113 2153 3153 leaus,
2169 3112 2288 3145 Guillia-
2308 3132 2366 3156 Par.
2377 3111 2427 3163 '51-

1228 3160 1276 3181 me
1290 3150 1416 3191 Boquer,
1432 3152 1465 3182 &
1476 3150 1581 3189 Joham
1593 3148 1630 3179 de
1643 3149 1668 3179 la
1683 3148 1792 3187 Linde,
1806 3148 1952 3179 Chrvalers
1962 3173 1970 3187 ,
1986 3161 2001 3180 a
2016 3151 2110 3182 vostre
2124 3152 2269 3192 presence,
2309 3170 2342 3193 H·
2362 3175 2386 3203 3·
2419 3150 2425 3157 ’

1265 3188 1305 3219 As
1321 3200 1407 3228 queus
1420 3199 1473 3220 nos
1488 3189 1610 3219 donoms
1623 3188 1698 3227 plein
1716 3196 1784 3227 poer
1798 3186 1833 3217 de
1848 3187 1964 3225 prendre
1977 3189 2080 3221 Trewe
2097 3200 2173 3221 entre
2188 3201 2256 3228 nus,
2270 3200 2287 3220 e
2308 3214 2324 3231 n
2352 3203 2404 3241 ,39

1226 3228 1252 3258 le
1264 3227 1325 3258 Roi
1339 3228 1374 3258 de
1388 3229 1535 3265 Navarre,
1554 3225 1621 3256 c'est
1635 3236 1651 3256 a
1672 3226 1747 3256 saver
1764 3225 1800 3256 de
1818 3226 1842 3256 la
1861 3225 1963 3257 Pasche
1983 3229 2117 3268 prochein
2135 3230 2229 3260 avenir
2251 3238 2287 3258 eri
2328 3225 2334 3231 '
2409 3226 2415 3233 '

1226 3266 1293 3297 trois
1305 3276 1387 3305 anns,
1406 3268 1425 3298 si
1439 3276 1506 3297 cum
1520 3275 1571 3296 vus
1583 3274 1635 3295 nus
1648 3264 1801 3295 mandastes
1815 3275 1862 3302 par
1879 3275 1930 3295 vos
1948 3266 2081 3306 meliages
2098 3278 2134 3297 en
2157 3267 2234 3297 lettre
2252 3266 2288 3296 de

1226 3313 1381 3343 creaunce,
1398 3306 1431 3336 &
1447 3315 1498 3335 nus
1509 3313 1560 3334 vus
1573 3303 1759 3340 respondunes
1773 3314 1821 3343 par
1834 3313 1885 3333 nos
1895 3304 1984 3334 lettres
1997 3314 2122 3343 overtes·⁷

1267 3343 1309 3381 E,
1328 3354 1344 3373 a
1357 3344 1418 3374 cele
1429 3344 1533 3374 Trewe
1547 3352 1562 3372 a
1574 3342 1691 3380 fei-mer,
1708 3352 1724 3372 e
1738 3343 1778 3372 lur
1793 3342 1915 3372 donoms
1936 3352 2005 3382 poer
2020 3354 2036 3373 a
2050 3345 2126 3382 jurer
2142 3353 2178 3373 en
2191 3342 2286 3374 nostre

1226 3382 1300 3413 alme
1311 3382 1354 3412 sur
1368 3382 1405 3412 les
1421 3382 1439 3402 ’ἕ
1453 3382 1540 3421 poinz
1553 3380 1588 3409 ke
1598 3381 1738 3419 apendent
1752 3392 1766 3411 a
1780 3381 1881 3411 fermer
1895 3381 2041 3411 l'avandite
2054 3383 2167 3412 Trewc.

1263 3420 1288 3451 E
1301 3420 1344 3450 sor
1358 3429 1396 3451 co
1410 3429 1527 3451 averons
1541 3418 1629 3449 ferme
1642 3419 1675 3449 ὃς
1689 3419 1792 3450 estable
1805 3429 1860 3457 co,
1879 3429 1932 3457 que
1946 3419 1982 3450 les
1999 3420 2131 3450 avantdiz
2144 3418 2287 3451 Girillame

1224 3461 1257 3491 δε
1290 3459 1365 3488 ohan
1375 3482 1384 3497 ,
1403 3470 1437 3489 en
1447 3459 1470 3488 la
1484 3457 1624 3488 avantdite
1636 3456 1792 3497 Bosoigne,
1810 3458 1903 3488 seront
1916 3467 1950 3487 en
1964 3457 2057 3488 nostre
2070 3468 2137 3488 nun.

1286 3507 1304 3526 n
1321 3499 1458 3528 telmoine
1472 3497 1508 3526 de
1520 3505 1558 3526 co
1570 3505 1668 3526 avoms
1683 3497 1735 3526 mis
1751 3496 1846 3526 nostre
1858 3496 1908 3525 scel
1925 3497 1938 3526 a
1955 3495 2013 3526 cest
2026 3497 2112 3527 escrit:

1259 3536 1348 3566 Done
1360 3546 1376 3566 a
1389 3534 1579 3567 Kenilwurth.
1595 3534 1621 3564 le
1634 3534 1723 3565 Dime
1734 3534 1787 3573 Jor
1800 3535 1834 3565 de
1850 3534 1883 3564 N
1886 3535 2030 3566 ovembre.

2310 3389 2327 3409 *
2345 3392 2442 3433 1.839.

1484 3677 1534 3708 De
1553 3676 1674 3723 Treuga
1693 3689 1761 3710 cum
1771 3675 1906 3722 praediHo
1929 3678 2015 3722 Rege.

1223 3767 1275 3824 A
1285 3764 1387 3798 Noble
1400 3764 1501 3796 Prince
1515 3764 1645 3804 Seignur‚
1665 3766 1698 3797 &
1713 3776 1729 3795 a
1744 3765 1793 3795 sun
1809 3764 1886 3795 cosin
1903 3763 2036 3804 treschere
2050 3787 2059 3803 ,
2082 3763 2142 3796 Sire
2163 3765 2281 3807 Lowys‚
2305 3775 2379 3805 Αῃῃ,
2394 3772 2436 3807 [χ

1285 3816 1333 3844 par
1346 3805 1369 3835 la
1405 3815 1466 3835 race
1482 3803 1566 3847 Deu,
1584 3803 1644 3834 Roi
1659 3804 1694 3834 de
1710 3804 1814 3833 France
1828 3825 1838 3840 ,
1866 3802 1958 3832 Henri
1973 3813 2021 3841 par
2035 3813 2128 3848 mame
2140 3804 2166 3835 le
2183 3814 2279 3845 grace,
2332 3815 2415 3845 1266.

1219 3844 1279 3874 Roi
1292 3843 1384 3883 d’Eng
1395 3852 1498 3911 eterlIrf,
1515 3841 1648 3882 Sergneur
1659 3843 1696 3873 de
1709 3841 1849 3878 Irlaunde‚
1867 3843 1900 3872 &
1914 3840 1982 3872 Duc
1996 3841 2194 3880 d’Acquitaine
2207 3845 2278 3874 saluz
2298 3856 2349 3880 An.
2364 3864 2411 3888 51·

1219 3884 1381 3960 &Sffirbgg
1393 3891 1461 3950 {lber
1473 3890 1550 3956 gire,
1589 3929 1624 3949 ue
1638 3929 1687 3949 nus
1703 3927 1826 3949 enveuns
1842 3927 1894 3961 nos
1915 3917 1988 3949 fmus
2001 3919 2035 3950 &
2048 3918 2138 3958 leaus,
2153 3919 2272 3949 Wiliam
2292 3896 2395 3958 ἕλη,

1219 3959 1365 4000 Bonquer‚
1384 3957 1517 3996 &johan
1531 3928 1606 3988 deqla
1619 3957 1729 3994 Linde,
1746 3967 1762 3987 a
1774 3957 1868 3987 vostre
1880 3957 2023 3997 presence,

1260 3999 1299 4029 As
1312 4000 1398 4037 queus
1417 4006 1467 4026 nus
1489 4005 1586 4026 avums
1606 3996 1680 4027 done
1703 3996 1778 4035 plein
1819 4005 1868 4028 oer
1889 3995 1925 4026 de
1944 3997 2061 4033 prendre
2080 3996 2178 4027 Truve
2199 4004 2278 4025 entre

1223 4039 1289 4109 iv'ui'
1300 4038 1339 4105 ἐξ
1348 4037 1378 4105 ιῖῗ
1388 4033 1750 4112 ffiisshsszfflssiszaessr?
1758 4043 1798 4102 ἒξ
1807 4034 2110 4104 frlssizeffifizfffl'mffl’
2130 4033 2196 4064 ⁶⁸²st
2212 4044 2228 4064 ²
2242 4034 2282 4064 sa.

1244 4087 1286 4106 orr
1356 4089 1360 4093 ⁷
1995 4097 2004 4112 ‚

1262 4113 1288 4146 Ε
1304 4123 1361 4144 nuz
1374 4121 1502 4144 averoms
1513 4111 1601 4143 ferme
1614 4134 1624 4149 ,
1646 4121 1662 4142 e
1674 4110 1830 4179 establgco
1851 4111 1909 4151 quil
1929 4112 2005 4143 frunt
2019 4121 2056 4141 en
2075 4119 2121 4142 ces
2139 4097 2288 4176 clioses‚suer
