2570 4261
681 196 794 237 ET
878 197 1153 239 ACTA
1234 186 1712 237 PUBLICA.
2217 194 2290 234 ‘111

0 282 50 312 nn.
65 268 110 312 DL
1229 279 1383 309 stituendos
1397 301 1406 317 ,
1424 289 1514 309 unum
1535 280 1579 309 vel
1600 281 1690 319 plures
1705 304 1715 319 ,
1733 279 1875 317 duxerint3
1892 286 1939 310 aut
1951 284 2020 309 ‘cum
2033 278 2094 319 ipsis
2106 277 2241 321 omnibus
2255 277 2287 321 {Sc
2300 273 2376 303 Ann.
2394 272 2435 305 D.

0 319 75 358 [269.
1231 318 1356 355 singulis,
1374 319 1405 346 in
1419 318 1503 346 causis
1516 318 1618 347 eisdem
1632 320 1665 348 &
1678 320 1812 360 negotiis,
1830 320 1859 348 in
1873 317 1959 349 Curia
1970 318 2039 348 dieti
2052 317 2176 347 Domini
2192 315 2292 354 Regis,
2323 313 2404 349 1269⁴

0 368 35 387 m.
55 367 83 394 3.

166 371 214 402 De
230 370 437 401 Matrimonia
455 371 532 400 inter
549 369 717 400 Henricttm
735 365 771 398 de
786 367 969 401 Alemannia
981 396 991 410 ,
1016 371 1052 406 ὅ]
1074 368 1149 401 Cori-

267 414 416 458 stantiam
425 414 531 459 filiam
550 414 684 457 Gasionis
703 418 738 447 V
738 418 855 447 icecom.
878 415 914 448 de
933 420 1040 449 Bearn.

0 509 2 512 ’
293 498 378 528 flesto
394 498 428 528 &
442 497 459 528 fi
482 498 516 528 eli
540 508 578 528 uo
590 497 712 528 Gastoni
758 499 766 528 i
785 509 800 528 e
874 501 878 505 '
895 501 899 505 '
1104 508 1120 528 e
1155 522 1161 528 .

0 512 89 580 ξιξ-3.
127 499 384 574 RE>Prgpolitis
403 545 437 566 ex
455 498 683 576 garteskariffimi
708 498 1191 578 ngssarccgmsspmlsgggrrifflszrillgfiff&

0 588 30 608 it.
40 591 86 619 53.
126 575 216 606 vestra
230 574 463 616 postulationibus
481 575 660 606 laudabilibus
678 575 818 614 inclinati,
835 577 912 606 initas
932 579 965 607 &
985 577 1108 607 iniendas
1120 577 1191 604 inter

0 624 7 646 ’,
21 629 46 655 3.
127 613 300 644 karissimum
326 621 461 652 nepotem
482 613 610 643 nostrum
632 612 793 643 I-lenricum
806 636 815 651 ,
843 614 929 645 fratris
950 615 1037 645 nostri
1060 613 1191 644 karissimi

14 666 61 693 45.
130 651 219 691 Regis
235 652 412 682 Alemanniae
428 651 536 681 illustris
554 652 771 690 primogenitum
781 674 790 690 ,
817 653 860 682 vel
876 653 1071 683 Procuratores
1086 653 1143 690 ejus
1158 661 1192 681 ex

128 699 207 729 parte
222 701 292 728 una,
315 690 348 721 &
363 698 415 720 vos
429 690 462 720 &
478 689 674 720 Constantiam
687 688 771 719 filiam
786 690 904 721 vestram
918 701 951 721 ex
970 692 1068 729 altera,
1086 691 1192 720 ratione

130 730 165 760 δε
185 739 219 759 ex
239 728 318 759 causa
336 728 509 758 matrimonii
524 750 535 766 ,
560 730 631 758 inter
651 727 721 767 ipsos
737 727 897 758 Henricum
911 752 920 767 ,
947 730 980 760 ὃς
997 729 1193 759 Constantiam

128 766 312 799 contrahendi
327 785 337 804 ,
361 766 503 805 pafflones
524 767 557 796 ὃς
577 766 761 805 obligationes
779 777 878 797 ornnes
894 768 926 797 ὃς
941 768 1055 805 singulas
1069 767 1193 797 dotalicii

130 806 178 837 seu
197 806 356 836 donationis
378 813 492 845 propter
511 805 616 844 nuptias
630 827 638 842 ,
658 804 901 835 Constitutionem
917 806 962 836 seu
983 805 1193 844 assignationem

131 845 167 875 &
182 843 412 880 concessionem,
431 842 535 872 saCbim
547 854 563 872 a
578 842 717 880 praedirsto
729 842 788 872 filio
802 843 899 873 nostro
911 854 958 881 per
973 844 998 873 se
1007 866 1016 880 ,
1032 844 1077 873 vel
1090 852 1139 882 per
1153 850 1194 872 at·

130 890 274 913 tornatum
285 903 294 919 ,
310 880 462 910 Nuncium
486 881 530 912 vel
551 880 767 911 Procuratorem
784 882 880 920 suum,
901 883 929 911 in
945 883 1026 912 certis
1047 882 1117 911 locis
1131 880 1194 910 An-

130 920 197 960 gliae
216 918 368 949 secundum
391 918 485 958 legem
507 921 601 956 patriae
615 942 624 957 ,
643 927 674 949 ut
690 928 763 957 patet
779 930 827 957 per
840 921 938 950 litteras
958 920 1027 950 dicti
1040 919 1087 949 filii
1105 918 1194 948 nostri

131 967 272 996 patentes,
291 958 324 988 &
339 957 515 987 conditiones
527 966 673 987 contentas
686 959 715 987 in
733 959 834 988 eisdem
843 983 852 996 ,
869 968 935 988 ratas
949 959 980 989 &
994 965 1080 996 gratas
1090 958 1196 987 haben-

130 1006 187 1035 tes,
205 1007 248 1027 eas
259 995 436 1036 praesentiurn
448 996 598 1026 litterarum
613 995 768 1026 nostrarum
783 997 908 1037 praesidio
926 996 1133 1027 confirmamus.
1156 994 1194 1025 Et

153 1045 198 1065 uae
218 1036 289 1065 inter
310 1043 361 1064 vos
372 1057 382 1072 ,
400 1035 433 1065 &
448 1044 497 1073 per
511 1044 580 1072 VOS,
597 1035 630 1065 ὃς
646 1034 791 1074 ρῑπάἰάἲεε
804 1036 928 1072 perlbnas
949 1034 1046 1071 simul,
1064 1034 1109 1064 vel
1123 1033 1196 1076 divi-

144 1083 199 1111 im,
216 1072 285 1102 fient
297 1073 403 1102 ratione
422 1072 491 1103 diesi
506 1073 692 1111 matrimonii,
710 1074 743 1102 &
762 1074 940 1111 contractus,
956 1074 989 1103 ὃ(
1006 1072 1139 1102 firmitatis
1153 1080 1198 1109 ip-

134 1111 431 1179 srus,fipromittimUS,
450 1120 519 1142 cum
540 1111 612 1141 fasta
632 1110 754 1150 fuerint,
772 1122 820 1149 per
834 1111 940 1141 nostras
961 1119 1084 1148 patentes
1096 1110 1196 1140 litteras

139 1160 200 1182 cori
223 1159 326 1179 rmare:

170 1187 207 1218 Et
226 1188 291 1218 haec
312 1187 393 1217 vobis
407 1209 418 1225 ,
436 1188 470 1218 &
493 1187 579 1217 dietae
594 1186 658 1217 filiae
681 1186 780 1216 vestrae
796 1209 805 1224 ‚
822 1188 856 1218 &
876 1188 976 1227 quibus
992 1185 1121 1230 interest,
1135 1185 1198 1223 vel,

132 1227 259 1295 intersess'e
280 1225 373 1265 potest
384 1249 394 1264 ‚
415 1224 599 1266 significamus
621 1226 654 1256 ὃς
676 1224 859 1255 concedimus
874 1248 884 1264 ,
901 1235 933 1256 ac
947 1226 1136 1266 promittimus
1151 1233 1200 1261 per

133 1275 192 1305 prae
203 1273 289 1296 entes.

1233 357 1278 385 vel
1293 365 1390 385 coram
1406 364 1442 384 eo
1457 356 1553 384 aetum
1573 355 1654 386 fuerit
1673 360 1717 386 seu
1739 358 1822 386 etiam
1837 365 2017 396 procuratum
2030 379 2040 394 ,
2058 356 2129 395 ipsos
2140 363 2239 383 omnes
2255 355 2288 384 ὃς
2304 356 2367 378 Hen.
2384 359 2409 387 3·

1230 394 1386 430 quemlibet
1406 402 1507 422 eorum
1522 393 1670 424 relevantes
1683 395 1716 424 ὃ(
1730 395 1843 425 relevari
1862 395 1984 426 volentes
1999 394 2034 424 ab
2052 395 2134 424 omni
2147 402 2233 422 onere
2248 392 2288 421 sa-

1230 431 1363 469 tisdandi,
1377 431 1539 469 Judicatum
1552 431 1638 469 solvi,
1677 442 1709 462 ro
1726 433 1786 471 ipsis
1800 434 1833 463 &
1852 443 1951 463 eorum
1963 433 2087 472 quolibet
2101 431 2289 471 promittimus

1232 469 1281 499 sub
1295 469 1434 509 ypotheca
1449 469 1591 498 bonorum
1604 479 1643 498 no
1670 480 1780 499 rorum:

1268 507 1305 537 Et
1317 507 1395 537 dicso
1410 507 1544 536 Domino
1702 508 1777 546 Regi
1792 508 1932 546 Franciae,
1951 508 1984 538 ὃς
2000 507 2095 538 Curiae
2110 508 2181 546 suae,
2200 517 2232 537 ac
2242 506 2291 537 ad-

1233 546 1355 576 versariis
1368 544 1484 583 nostris,
1502 546 1536 576 &
1550 546 1700 582 omnibus,
1710 555 1831 584 quorum
1848 545 1976 583 interest,
1990 548 2035 576 vel
2049 547 2175 576 interesse
2189 545 2293 585 potest,

1234 594 1287 621 pro
1302 584 1402 622 quibus
1417 583 1465 620 ipsi
1481 583 1615 613 Domino
1630 583 1705 622 Regi
1722 584 1805 622 gratia
1820 583 1993 622 Principatus
2011 586 2044 615 ὃς
2060 586 2122 622 juris
2134 584 2172 615 sui
2187 584 2293 624 publici

1232 623 1378 662 recipienti
1391 621 1597 658 stipulationem
1611 621 1788 661 solempniter
1802 622 2011 660 interponimus.

1268 659 1305 690 Et
1330 670 1377 699 per
1398 660 1489 690 dic‘los
1511 659 1707 689 Procuratores
1725 659 1834 689 nostros
1847 683 1856 696 ,
1881 661 1914 690 ὃ(
1936 660 2089 698 quemlibet
2104 659 2239 699 ipsorum,
2255 659 2290 689 &

1230 698 1424 736 substitutum,
1445 698 1489 727 vel
1505 697 1663 727 substitutos
1675 698 1710 727 ab
1723 698 1798 736 ipsis,
1815 697 1913 727 nostro
1925 699 2041 728 nomine
2060 699 2198 737 interponi
2210 696 2289 737 posse

1232 736 1365 766 volumus
1379 736 1412 766 ἃ
1428 736 1604 772 mandamus,
1624 735 1681 765 hoc
1695 735 1878 773 significamus
1895 737 1928 766 δε
1942 736 2085 774 significari
2098 738 2226 767 volumus
2241 744 2289 772 per

1233 774 1379 814 praesentes
1392 796 1401 811 ,
1419 775 1517 812 quibus
1538 774 1667 812 Sigillum
1683 773 1811 804 nostrum
1829 775 1933 815 apponi
1954 776 2080 805 fecimus.
2120 774 2154 805 In
2167 774 2293 805 testimo-

1232 813 1312 842 nium
1331 812 1545 850 praemissbrum.
1566 814 1682 842 Actum.
1722 811 1839 842 Datum.

1483 925 1510 951 ²*
1531 927 1580 959 De
1599 926 1844 970 Procuratoribus
1862 926 2035 970 constitutis.
2308 922 2325 940 ἐ
2339 926 2362 952 Ῑ·
2376 924 2456 962 8542-
2474 962 2477 965 ,

1234 1008 1620 1078 Rssffimeae-Qffst‘i’
1638 993 1703 1055 nex
1716 1011 1826 1051 Angliae
1838 1011 1958 1043 salutem.
2025 1051 2029 1057 Ι
2211 1052 2216 1057 ‚
2309 1045 2336 1075 Α
2401 1031 2433 1074 D

1234 1083 1290 1114 esse
1307 1050 2294 1128 possesse.ssmassisgrrssrgrearsffmass{istriisrsit
2332 1055 2416 1121 55³9.
2435 1067 2441 1074 ·

1236 1132 1298 1153 mus
1311 1134 1359 1164 per
1371 1123 1532 1163 praesentes,
1546 1124 1623 1163 quod
1637 1125 1852 1164 constituimus,
1865 1126 1980 1156 facimus
1995 1128 2027 1156 δε
2042 1129 2202 1157 ordinamus
2220 1126 2292 1156 Pro-
2310 1125 2362 1148 Aa.
2382 1132 2397 1156 5
2404 1131 2429 1157 3·

1236 1170 1374 1203 curatores
1390 1160 1500 1191 nostros
1512 1171 1618 1201 certos,
1632 1162 1795 1200 Johannem
1809 1163 1844 1193 de
1859 1163 1982 1203 Greyly,
1999 1164 2143 1194 Thomam
2163 1165 2198 1195 de
2212 1165 2294 1204 Ippe-
2310 1165 2344 1187 H.
2367 1169 2392 1195 3·

1236 1208 1320 1238 grave
1334 1224 1343 1240 ,
1364 1200 1491 1230 Brunum
1510 1200 1545 1230 de
1567 1200 1634 1239 Saya
1647 1224 1656 1239 ,
1675 1201 1800 1240 Milites,
1819 1203 1852 1232 &
1871 1201 2039 1241 Magistrum
2052 1202 2213 1239 johannem
2229 1204 2294 1233 Do-
2311 1201 2426 1233 Pat.53.

1237 1247 1323 1268 mene
1355 1238 1515 1281 Clericurri¹
1529 1238 1658 1269 nostrum
1672 1262 1682 1277 ,
1704 1241 1737 1271 ὃς
1761 1241 1915 1278 quemlibet
1932 1250 2032 1271 eorum
2051 1242 2080 1269 in
2102 1241 2221 1271 solidum
2242 1242 2296 1280 (ita
2315 1241 2350 1263 H.
2374 1244 2402 1270 3-

1238 1276 1317 1314 quod
1331 1286 1390 1307 non
1406 1277 1437 1306 sit
1452 1276 1551 1307 melior
1563 1277 1691 1307 conditio
1703 1279 1884 1318 occupantis)
1907 1279 1936 1308 in
1950 1279 2033 1308 causis
2046 1279 2178 1308 omnibus
2199 1279 2232 1309 &
2248 1290 2297 1310 ne-
2313 1283 2339 1301 ῃ·
2361 1281 2404 1310 30·

0 1598 66 1629 Rnn.
81 1594 123 1626 D.

13 1635 97 1673 1269.

0 1679 44 1703 An.
61 1683 107 1710 53·

0 1719 29 1741 H.
47 1723 72 1749 3.

0 1756 109 1779 ExBun-

0 1790 43 1824 del.
64 1788 128 1824 Mis-

0 1828 71 1855 celan.
82 1828 108 1853 in

0 1867 70 1894 Turri'

0 1903 73 1933 nond.
93 1911 131 1928 re-

0 1950 97 1969 manen.

0 2006 132 2043 *1.853.

169 1341 260 1372 Teste
273 1341 354 1380 Rege
368 1340 442 1381 apud
466 1341 511 1371 W
514 1339 594 1370 estm.
610 1339 686 1370 sexto
699 1339 747 1370 die
760 1338 867 1369 Martii.

203 1463 398 1499 Mandatum
413 1461 568 1496 Edwardi
584 1466 783 1543 §rimongiti
811 1465 899 1509 Regis
910 1472 966 1508 pro
982 1461 1134 1495 Bernardo

607 1523 620 1542 e
641 1513 704 1543 Bur
727 1524 740 1543 e
754 1536 761 1544 .

143 1597 364 1661 EDwarduS,
382 1597 490 1628 illustris
506 1596 592 1636 Regis
605 1596 716 1635 Angliae
731 1597 952 1634 primogenitus,
967 1595 1075 1626 dilec'tis
1089 1596 1122 1626 &
1140 1596 1208 1627 fide-

218 1638 289 1668 libus
304 1637 355 1667 suis
367 1637 562 1666 Lemovicens.
583 1635 800 1674 Petragoricens.
816 1636 849 1665 ὃς
860 1634 1023 1665 Caturcens.
1040 1635 1209 1675 Senescallis,

143 1678 191 1718 qui
202 1686 254 1716 pro
269 1684 397 1713 tempore
410 1675 510 1705 fuerint
525 1683 578 1714 pro
591 1674 689 1710 nobis,
707 1674 828 1703 salutern.

181 1715 239 1745 Pro
257 1714 362 1744 dilecto
381 1714 415 1744 &
436 1712 508 1742 fideli
522 1711 620 1742 nost-to
638 1711 758 1741 Bernard
778 1711 813 1741 de
826 1710 935 1740 Burdel.
950 1711 1031 1741 vobis
1043 1713 1210 1751 praecipien-

147 1754 203 1792 do,
221 1752 383 1782 mandamus
397 1752 524 1787 quatinus
543 1750 652 1789 ipsum,
670 1750 799 1780 homines
820 1750 852 1779 &
868 1750 944 1779 bona
959 1749 1054 1789 ipsius,
1074 1751 1107 1780 &
1125 1759 1211 1781 attor-

148 1801 244 1828 natOS,
261 1792 298 1821 ab
314 1788 556 1828 oppressionibus,
575 1789 713 1818 violentiis
727 1787 894 1825 manifestis,
913 1789 947 1818 &
962 1789 1066 1826 injuriis
1081 1790 1111 1818 in
1123 1789 1212 1820 feudis

150 1832 184 1861 δε
197 1830 291 1867 terris,
307 1828 408 1858 nostris
422 1827 455 1857 &
470 1826 613 1856 Dominio
631 1826 730 1856 nostro
745 1827 778 1857 &
800 1826 980 1864 jurisdictioni
1001 1827 1146 1866 subjeffis,
1163 1828 1213 1858 de-

149 1867 282 1905 feudatis,
299 1867 364 1896 vice
378 1866 410 1896 &
423 1865 586 1896 auetoritate
600 1865 710 1903 nostra,
727 1865 861 1905 quamdiu
876 1874 972 1895 coram
985 1866 1068 1895 nobis
1078 1866 1123 1896 vel
1138 1868 1214 1898 curia

151 1906 246 1937 nostra
262 1913 368 1944 paratus
379 1904 462 1934 fuerit
473 1902 541 1934 stare
554 1904 623 1941 juri,

189 1944 412 1975 Consuetudines
425 1951 504 1972 terr-ae
517 1942 572 1972 suae
584 1940 732 1972 laudabiles
743 1943 776 1972 δε
789 1942 967 1982 approbatas,
984 1953 1050 1980 quas
1063 1944 1087 1972 ei
1110 1943 1215 1973 confir-

151 1985 305 2020 mavimus,
320 1981 507 2011 observantes:
526 1980 614 2019 Super
629 1981 681 2010 hiis
693 2005 702 2017 ,
721 1991 785 2020 quae
805 1988 964 2019 proponent
980 1989 1077 2011 contra
1090 1981 1214 2020 aliquos,

152 2023 197 2053 vel
213 2021 297 2060 aliqui
316 2028 414 2050 contra
433 2028 497 2057 eos,
517 2019 536 2038 ³¹²
560 2028 656 2049 coram
677 2019 775 2057 nobis,
789 2028 924 2057 quantuni
939 2017 980 2061 *ad
996 2019 1214 2057 jurisdictionem

149 2060 274 2092 nostram
297 2060 433 2098 pertinet,
450 2057 603 2088 secundum
623 2057 715 2097 legem
737 2059 769 2089 ὃς
784 2056 1014 2088 consuetudinem
1028 2057 1128 2089 Patriae
1142 2060 1215 2090 cele-

151 2109 213 2130 rem
225 2097 360 2137 justitiam
371 2097 510 2128 facientes.

187 2175 263 2206 Data
273 2173 347 2213 apud
363 2173 563 2213 Chippenham
578 2196 589 2212 ,
607 2181 706 2213 quarto
718 2173 764 2204 die
779 2172 869 2212 Maii,
888 2183 965 2204 anno
985 2173 1080 2214 Regni
1095 2174 1219 2206 Domini

151 2214 239 2254 Regis
256 2214 336 2251 patris
351 2212 440 2242 nostri
457 2221 503 2251 53.

231 2337 281 2369 De
299 2333 546 2369 Procuratoribus
561 2333 722 2378 constitutis
738 2339 770 2368 in
789 2338 883 2369 Curia
897 2338 985 2382 Regis
1000 2338 1142 2370 Francia.

254 2420 285 2452 X
304 2422 435 2452 universis
448 2421 482 2452 ad
497 2430 583 2459 quos,
602 2421 662 2451 &c.

104 2481 110 2487 .
158 2422 214 2479 R
270 2459 420 2490 Noveritis
435 2460 512 2497 qnod
528 2469 578 2488 nos
592 2459 726 2497 facimus,
744 2459 942 2490 constituimus
957 2460 991 2490 ὃς
1005 2460 1166 2491 ordinamus
1182 2461 1227 2491 di-

115 2516 121 2522 ·
159 2497 248 2528 le&os
262 2499 295 2529 ὃ(
310 2498 402 2528 fideles
416 2497 542 2534 nostros,
557 2497 720 2535 johannem
735 2497 770 2527 de
785 2497 898 2537 Graelly
908 2521 918 2536 ,
936 2498 1083 2528 Thomam
1098 2499 1133 2529 de
1144 2499 1227 2537 Ippe-

161 2545 264 2576 grave,
288 2536 413 2567 Brunum
433 2535 470 2565 de
492 2536 560 2575 Saya
573 2558 582 2573 ,
600 2534 709 2565 Milites
742 2536 775 2565 ὃς
797 2535 966 2575 Magistrum
983 2537 1145 2573 johannem
1161 2538 1227 2567 Do-

121 2594 127 2600 ·
163 2584 249 2605 mene
263 2598 272 2613 ,
296 2575 472 2614 praesentium
494 2574 662 2603 exhibitores
677 2597 686 2611 ,
713 2557 909 2604 Procuratores
929 2574 1055 2613 nostros,
1074 2576 1228 2612 quemlibet

164 2622 263 2643 eorum
279 2614 308 2642 in
320 2612 438 2642 solidum
456 2613 511 2649 (ita
524 2611 602 2651 quod
618 2622 677 2641 non
697 2611 728 2641 sit
744 2613 843 2642 melior
858 2612 987 2643 conditio
1002 2614 1182 2652 occupantis)
1199 2615 1229 2644 in

164 2651 299 2682 omnibus
313 2651 396 2681 caulis
407 2651 441 2680 ὃς
456 2651 573 2689 negotiis
587 2651 671 2679 motis
685 2650 717 2680 ὅ(
731 2651 880 2681 movendis
892 2660 989 2681 contra
1002 2661 1069 2690 nos,

204 2689 251 2720 Ad
272 2688 453 2720 Parliamenta
469 2712 479 2727 ,
497 2688 606 2725 affims,
625 2689 807 2719 &terminos
826 2689 989 2728 assionatos,
1007 2690 1041 2720 &
1055 2689 1230 2729 affignandos

165 2730 196 2759 in
217 2727 305 2758 Curia
326 2727 497 2758 Sei-enisfimi
520 2727 654 2766 Principis
674 2726 798 2757 Domini
820 2714 961 2758 Lorsovici
976 2751 986 2767 ,
1005 2728 1092 2767 Regis
1106 2729 1232 2759 Franco-

165 2777 229 2798 rum
243 2766 366 2803 illustris,
385 2767 443 2796 tam
457 2776 472 2795 a
485 2766 634 2795 venerabili
650 2773 726 2804 patre
872 2765 1014 2807 Episcopo
1026 2765 1156 2798 Avicien.
1174 2767 1233 2798 Ec-

165 2805 272 2843 clesiae,
288 2805 321 2835 ὃ(
338 2804 460 2834 Decano
475 2804 508 2833 δε
523 2803 657 2840 Capitulo
669 2803 789 2841 ejusdem
808 2803 883 2842 loci,
902 2805 998 2835 illustri
1014 2805 1095 2845 Rege

165 2844 323 2881 Navarrae,
343 2844 375 2874 &
391 2843 442 2873 suis
453 2840 637 2880 officialibus,
655 2842 700 2872 vel
716 2841 846 2881 subditi83
861 2845 893 2873 ὃς
914 2844 929 2872 a
951 2842 1163 2874 vicecomitissa
1177 2844 1234 2875 Le-

166 2883 341 2952 {nogicenlss
360 2882 446 2920 quarn
460 2880 674 2920 quibuscunque
687 2881 742 2911 aliis
755 2881 877 2922 personis
891 2881 1092 2913 Ecclesiasticis
1110 2884 1143 2914 δε
1157 2883 1234 2914 secu-

178 2932 215 2952 ari
238 2931 282 2951 us·

206 2959 265 2989 Aut
275 2944 383 2989 'nostro
405 2957 523 2988 nomine
544 2966 642 2989 contra
657 2957 799 2996 praedietas
808 2981 818 2996 ,
836 2967 883 2989 aut
896 2959 1085 3000 quascumque
1099 2960 1162 2991 alias
1174 2970 1235 3000 per-

170 2998 250 3028 sonas
266 3019 276 3035 ,
293 2997 373 3027 simul
389 3019 399 3034 ,
412 2996 459 3027 vel
476 2997 585 3027 divisim
601 3020 610 3035 ,
628 2997 706 3035 super
724 2997 947 3037 quibuscumque
960 2999 1040 3028 rebus
1057 3022 1066 3037 ,
1081 3000 1183 3037 juribus
1201 3000 1235 3030 &

172 3035 289 3074 negotiis
302 3057 312 3073 ,
331 3035 364 3065 &
384 3034 534 3071 specialiter
549 3036 626 3075 super
640 3035 910 3075 transgressionibus,
928 3037 1006 3066 fadsis
1027 3039 1062 3067 ab
1079 3039 1087 3067 i
1110 3038 1138 3067 so
1154 3037 1235 3076 Rege

171 3072 312 3104 Navarrae
336 3073 369 3103 &
390 3072 441 3102 suis
456 3095 465 3110 ,
489 3083 586 3103 contra
601 3083 653 3103 nos
668 3076 701 3104 &
720 3074 846 3112 nostrOE,
865 3075 899 3104 ὃς
928 3083 1029 3105 terram
1045 3086 1084 3106 no
1112 3087 1188 3113 ram,
1206 3078 1235 3105 in

174 3120 269 3141 morte
289 3110 374 3140 fidelis
396 3110 485 3140 nostri
504 3111 632 3141 Seuhorii
653 3112 737 3152 Aspes
759 3112 880 3150 Militis,
894 3115 1081 3153 occupatione
1092 3114 1184 3145 Castri
1202 3114 1236 3144 de

174 3149 355 3180 Acromonte
370 3172 379 3186 ,
408 3149 442 3179 &
464 3150 624 3186 receptione
649 3150 841 3181 advocationis
861 3151 905 3181 seu
924 3162 991 3182 reco
1012 3154 1124 3183 nitionis
1146 3154 1236 3183 eidem

174 3188 206 3218 R
243 3189 252 3218 i
273 3187 412 3218 Navarrae
433 3187 514 3217 factae
527 3210 537 3225 ,
555 3195 584 3217 ut
606 3187 708 3218 dicitur
722 3212 731 3227 ,
749 3192 764 3220 a
785 3189 919 3220 Domino
939 3190 982 3220 Ca
1011 3193 1031 3220 ri
1047 3193 1184 3229 eusdem,
1204 3193 1237 3222 δε

173 3226 215 3257 fra
246 3227 311 3256 ione
329 3227 372 3256 seu
393 3226 544 3255 violatione
561 3233 666 3264 treugae
680 3249 690 3264 ,
707 3228 784 3257 initae
804 3229 874 3258 inter
897 3239 947 3259 nos
963 3230 995 3259 ὃς
1013 3239 1052 3258 no
1079 3241 1122 3261 ros
1136 3240 1169 3260 ex
1185 3241 1239 3260 una

175 3273 268 3304 parte,
284 3265 317 3294 &
331 3264 440 3294 dietum
457 3262 569 3306 Regem
582 3263 722 3294 Navarra:
737 3266 770 3296 &
784 3265 845 3296 suos
858 3267 956 3307 simul,
974 3268 1018 3298 vel
1029 3267 1156 3308 divisim,
1174 3279 1239 3299 auc—

179 3303 287 3334 toritate
299 3302 367 3332 dieti
383 3301 505 3332 Domini
520 3302 607 3341 Regis
621 3301 761 3341 Franciae,
778 3313 811 3334 ex
824 3305 919 3335 altera:

216 3341 323 3371 Dantes
335 3341 368 3371 &
382 3340 569 3370 concedenses
581 3339 683 3370 eisdem
698 3340 929 3375 Procuratoribus
944 3345 1045 3375 nostris
1054 3368 1062 3383 ,
1078 3347 1111 3377 &
1125 3346 1240 3376 cuilibet

176 3389 276 3410 eorum
290 3380 320 3408 in
337 3378 472 3415 solidum,
492 3377 655 3408 mandatum
669 3379 702 3408 δε
715 3379 864 3417 plenariam
879 3384 1044 3422 potestatem
1060 3384 1175 3424 agendi,
1190 3384 1240 3414 de-

179 3418 301 3455 ferendi,
319 3416 492 3456 excipiendi,
510 3415 700 3456 supplicandi,
719 3419 881 3454 impetrandi
900 3431 947 3460 per
967 3422 1095 3454 officium
1115 3424 1148 3453 &
1163 3423 1241 3460 alias,

179 3455 342 3494 optinendi,
359 3456 391 3485 &
406 3455 490 3522 petita
505 3455 538 3484 &
552 3455 666 3484 obtenta
682 3456 848 3496 recipiendi,
867 3461 1027 3500 repetendi,
1044 3461 1090 3491 seu
1103 3462 1244 3500 requiren-

180 3496 209 3526 di
222 3494 339 3525 Curiam
356 3496 407 3523 nos
422 3502 480 3523 ram
494 3492 529 3522 de
543 3492 664 3531 personis
685 3494 718 3524 &
737 3495 835 3534 rebuS,
855 3498 935 3528 nobis
949 3500 1067 3530 mediate
1082 3500 1126 3530 vel
1140 3501 1244 3529 imme—

180 3534 254 3564 diate
273 3532 399 3570 subjeffis
413 3554 422 3569 ,
448 3531 482 3561 δε
504 3532 532 3560 in
553 3530 630 3560 faciis
652 3531 685 3561 &
708 3534 840 3573 negotiis,
858 3544 979 3574 quorum
995 3539 1122 3577 cognitio
1140 3537 1173 3567 ad
1192 3547 1244 3567 nos

184 3572 306 3612 spesiat,
323 3579 368 3600 aut
381 3569 501 3609 spectare
513 3567 620 3608 potest,
636 3569 681 3598 vel
695 3572 815 3610 poterit,

221 3610 270 3640 De
285 3609 442 3648 calumpnia
456 3631 466 3646 ,
489 3607 533 3637 seu
548 3608 662 3650 veritate
676 3607 794 3638 dicenda
806 3632 816 3648 2
831 3611 865 3642 &
880 3614 1028 3651 CUjUssith
1041 3614 1148 3644 alterius
1162 3622 1246 3652 gene-

183 3649 220 3679 ris
234 3650 419 3686 juramentum
432 3648 461 3676 in
474 3645 598 3676 nostram
611 3655 733 3675 animam
747 3645 898 3688 subeundi,
915 3651 1075 3691 deferendi,
1092 3651 1227 3682 referendi
1240 3674 1249 3689 ,

184 3688 219 3718 ὃς
233 3686 407 3726 suscipiendi,
424 3685 508 3715 aliurn
525 3684 568 3714 vel
581 3684 649 3714 alios
664 3683 875 3724 Procuratores,
894 3688 1030 3721 Aerorem
1048 3692 1092 3721 vel
1108 3690 1246 3726 Aerores,

185 3726 235 3756 suo
249 3725 294 3756 vel
309 3724 405 3754 nostro
420 3724 551 3765 nornine,
561 3722 611 3767 *vel
628 3722 770 3760 periculo,
786 3724 815 3752 in
828 3726 912 3756 causis
929 3728 1049 3767 eisdem,
1066 3729 1200 3769 negotiiS,
1215 3728 1249 3759 &

186 3763 268 3794 faffls
280 3763 412 3793 omnibus
425 3762 459 3792 &
473 3761 580 3800 singulis

226 3801 346 3839 Dandi,
364 3802 397 3831 &
420 3784 608 3831 constituendi
620 3822 629 3836 ,
655 3800 699 3828 seu
718 3798 919 3839 substituendi,
935 3811 999 3833 ante
1015 3804 1092 3835 litem
1114 3804 1252 3836 contesta-

189 3846 248 3869 tam
262 3862 272 3878 ,
291 3839 335 3870 vel
351 3838 414 3880 post
429 3862 438 3877 ,
457 3847 541 3877 prout
562 3838 594 3868 &
617 3836 729 3880 quando
743 3847 842 3881 omnes
857 3839 890 3868 &
909 3841 1023 3879 quilibet
1036 3843 1155 3874 viderint
1171 3853 1252 3882 expe-

189 3877 266 3914 dire,
282 3878 316 3908 &
330 3887 430 3907 caetera
443 3878 537 3906 omnia
558 3876 591 3906 &
607 3876 708 3913 singula
723 3875 841 3905 faciendi
858 3899 867 3914 ,
885 3878 1036 3918 metandi,
1053 3881 1086 3911 ὃς
1102 3891 1254 3919 procuran-

189 3915 247 3952 di,
265 3925 328 3952 quae
348 3917 452 3946 veri&
471 3915 586 3954 legitimi
600 3914 814 3950 Procuratores,
833 3914 888 3944 dati
903 3915 937 3945 ad
960 3920 1070 3957 negotia
1082 3920 1116 3950 &
1128 3920 1160 3950 ad
1179 3921 1254 3958 lites,

193 3952 285 3983 facere
297 3953 408 3990 possunt
423 3955 456 3984 ὅτ,
468 3954 590 3990 debent,
607 3954 638 3982 &c
654 3962 705 3981 nos
720 3951 872 3981 faceremus
888 3953 904 3982 li
921 3955 1064 3992 prae'sentes
1083 3958 1219 3995 ess'emus3

233 3989 342 4021 Ratum
356 3991 473 4023 habituri
486 3993 519 4023 &
533 4000 641 4030 gratum
655 3999 787 4029 perpetuo
800 3992 930 4030 quicquid
955 4002 1003 4032 per
1015 3994 1108 4026 dictos
1121 3996 1257 4027 Procura-

194 4037 268 4059 tores
288 4028 397 4060 nostros
409 4053 420 4069 ,
445 4031 478 4061 &
498 4039 597 4060 eorum
616 4029 794 4068 quemlibet,
813 4029 845 4058 ὃ(
860 4029 939 4059 illurn
957 4031 1000 4061 vel
1013 4032 1089 4070 illos,
1108 4044 1193 4072 quem
1212 4035 1258 4065 vel

197 4074 269 4105 'quos
282 4088 293 4106 ‚
310 4076 410 4099 omnes
431 4069 477 4101 vel
491 4068 608 4100 alterum
626 4077 723 4099 eorum
737 4090 746 4106 ,
764 4067 888 4107 dandos,
907 4068 1133 4111 constituendos,
1150 4073 1184 4105 ὃς
1196 4073 1260 4104 sub-

1240 1315 1323 1354 gotiis
1344 1315 1429 1345 motis
1446 1315 1479 1345 &
1500 1316 1647 1345 movendis
1668 1325 1767 1346 contra
1787 1327 1838 1347 nos
1852 1339 1861 1355 ,
1876 1316 1909 1346 ad
1932 1316 2148 1346 Parliamentum
2162 1317 2195 1346 &
2212 1316 2297 1347 affisas

1240 1352 1344 1383 vestras
1357 1376 1367 1392 ,
1389 1352 1433 1382 vel
1447 1354 1582 1383 terminos
1601 1354 1744 1392 affignatos
1758 1377 1768 1393 ,
1782 1356 1826 1385 vel
1848 1354 2021 1394 assignandos
2033 1355 2066 1384 &
2079 1355 2302 1393 continuandos,

1241 1400 1340 1426 coram
1363 1392 1443 1421 vobis
1462 1391 1495 1421 &
1516 1391 1602 1422 Curia
1625 1392 1713 1423 vestra
1728 1416 1737 1431 ,
1760 1394 1818 1423 tam
1832 1394 1847 1423 a
1861 1394 2007 1424 venerabili
2025 1392 2167 1433 Episcopo
2181 1393 2303 1423 Avicen.

1242 1429 1392 1468 Ecclesiae,
1411 1428 1532 1459 Decano
1552 1431 1585 1460 &
1605 1429 1737 1468 Capitulo
1759 1431 1816 1462 loci
1831 1431 1969 1469 ejusdem3
1982 1431 2080 1461 illustri
2094 1431 2175 1470 Rege
2189 1431 2303 1462 Navar-

1245 1479 1301 1506 rae,
1319 1468 1351 1498 δε
1366 1467 1417 1498 suis
1431 1467 1597 1498 officialibus
1633 1468 1785 1508 Ministris,
1804 1470 1848 1501 vel
1870 1470 1998 1508 subditis;
2014 1469 2235 1500 Vicecomitibus
2248 1471 2305 1500 Le·-

1245 1507 1354 1536 rnovic.
1373 1506 1528 1536 reverendo
1542 1491 1764 1546 Aresiiepii‘copo
1780 1508 1864 1538 Bitur.
1878 1507 2032 1538 Ramundo
2047 1508 2125 1538 dieto
2139 1508 2305 1539 Vicecomi-

1244 1554 1272 1575 te
1286 1545 1321 1575 de
1336 1544 1358 1573 F
1360 1545 1504 1583 ranciaco,
1523 1547 1607 1584 quiim
1621 1546 1636 1575 ὲ
1649 1546 1869 1585 quibuscumque
1882 1547 1940 1578 aliis
1959 1547 2077 1586 personis
2091 1569 2102 1585 ,
2119 1547 2308 1578 ecclesiasticis

1246 1583 1292 1613 vel
1305 1582 1487 1621 secularibus,

1283 1621 1341 1651 Aut
1357 1621 1455 1651 nostro
1474 1622 1591 1651 nomine
1613 1631 1711 1654 contra
1726 1623 1888 1661 praedictas,
1907 1632 1953 1654 aut
1974 1624 2159 1665 quascumque
2169 1625 2231 1655 alias
2245 1634 2308 1664 per-

1248 1660 1325 1690 sonas
1338 1682 1347 1697 ,
1369 1659 1447 1699 super
1467 1660 1691 1699 quibuscumque
1713 1664 1793 1692 rebus
1813 1663 1846 1693 &
1868 1664 2001 1702 negotiis,
2016 1664 2111 1702 simul,
2125 1663 2252 1702 divisim,
2270 1665 2305 1694 &

1247 1699 1416 1729 nominatim
1435 1700 1513 1738 super
1532 1699 1784 1738 transgressionibus
1795 1723 1804 1738 ,
1824 1700 1916 1730 vestro
1936 1703 2053 1731 nomine
2077 1702 2109 1732 ὃ(
2124 1703 2288 1732 auctoritate
2300 1724 2311 1740 ‚

1248 1747 1297 1777 per
1312 1746 1521 1777 quemcumque
1535 1760 1544 1775 ,
1562 1740 1595 1768 δε
1620 1748 1668 1776 per
1688 1739 1889 1777 Senescallum,
1905 1740 1938 1769 &
1955 1740 2117 1781 Ministros‚
2135 1742 2168 1772 &
2188 1741 2311 1771 subditos

1249 1774 1371 1814 vestros,
1388 1775 1469 1806 didso
1490 1775 1570 1817 Rege
1583 1775 1617 1806 N
1619 1787 1721 1807 avarrae
1736 1801 1746 1816 ,
1763 1777 1941 1808 Vicecomite
1956 1778 2103 1809 Lemovic.
2119 1778 2258 1809 Ministris
2274 1779 2309 1809 &

1249 1814 1426 1844 familiaribus
1446 1815 1479 1844 &
1503 1814 1614 1844 subditis
1633 1825 1732 1845 eorum
1755 1824 1853 1846 contra
1879 1826 1930 1846 nos
1952 1818 1984 1847 &
2008 1826 2107 1847 terram
2134 1817 2258 1847 nostram
2280 1818 2310 1847 in

1252 1861 1344 1882 morte
1363 1851 1447 1882 fidelis
1469 1852 1556 1882 nostri
1572 1852 1709 1883 Seniliorii
1722 1853 1828 1891 Hespes
1849 1854 1950 1884 Milizis
1969 1855 2111 1894 defuncti,
2126 1857 2313 1893 occupatione

1253 1890 1346 1920 Castri
1360 1891 1394 1921 de
1410 1891 1604 1929 Acromonte,
1620 1893 1653 1923 ὃς
1667 1894 1828 1931 receptione
1840 1893 2029 1924 advocationis
2049 1895 2093 1924 seu
2108 1895 2309 1932 recognitionis

1252 1928 1623 1969 feodagiiCastriejuldem,
1643 1932 1676 1962 &
1700 1931 1822 1971 homagii
1837 1931 2135 1963 FernaridiWillielmi
2157 1932 2192 1962 de
2217 1932 2312 1962 Acro-'-

1254 1977 1353 1996 monte
1374 1975 1404 1997 ut
1423 1967 1524 1997 dicitur
1537 1990 1547 2006 ,
1565 1968 1597 1998 &
1619 1969 1755 1999 fraffione
1769 1970 1814 2000 seu
1834 1971 1986 2001 violatione
2005 1979 2109 2010 treugae
2123 1971 2192 2000 inter
2208 1980 2260 2000 nos
2277 1972 2311 2000 &

1253 2005 1364 2036 dietum
1391 2006 1504 2044 Regem
1533 2006 1672 2038 Navarrae
1699 2009 1775 2038 initae
1797 2009 1957 2039 auctoritate
1980 2009 2067 2041 vestra
2081 2032 2091 2047 ,
2110 2009 2144 2039 &
2163 2009 2220 2039 aliis
2234 2009 2313 2053 super

1253 2044 1380 2084 dampnis
1400 2045 1433 2076 &
1450 2045 1552 2082 injuriis
1565 2045 1634 2075 datis
1648 2048 1681 2077 ὃς
1702 2046 1778 2077 illatis
1791 2070 1801 2085 ,
1819 2048 1851 2078 &
1866 2048 2049 2086 requirendis,
2067 2047 2191 2088 petendis
2207 2048 2239 2077 &
2260 2057 2315 2077 im-

1253 2083 1391 2122 petrandis
1405 2106 1415 2122 ,
1446 2084 1607 2121 optinendis
1627 2086 1659 2115 &
1684 2085 1846 2122 recipiendis
1869 2086 1884 2115 ἐι
1913 2086 1993 2115 vobis
2007 2109 2017 2124 ,
2049 2085 2147 2117 nostro
2174 2086 2317 2123 nomine,

1256 2123 1332 2152 tetris
1353 2122 1386 2152 &
1408 2123 1489 2152 rebus
1520 2123 1649 2153 universis
1669 2124 1702 2153 &
1721 2124 1828 2163 singulis
1846 2133 1911 2162 quas
1934 2125 1963 2154 in
1983 2126 2068 2154 tribus
2093 2123 2263 2156 Civitatibus
2281 2125 2315 2154 &

1257 2160 1436 2191 Diocaesibus
1455 2160 1604 2191 Lemovic.
1627 2160 1742 2192 Caturc.
1762 2164 1795 2193 &
1817 2161 2020 2201 petragoricen.
2051 2164 2084 2193 &
2110 2162 2174 2192 alibi
2196 2172 2242 2200 per
2269 2170 2319 2201 pa-

1258 2209 1324 2230 cem
1351 2200 1384 2229 &
1405 2200 1640 2236 compositionem
1668 2201 1740 2231 inter
1757 2210 1807 2231 vos
1829 2201 1863 2230 ὃς
1890 2211 1941 2231 nos
1961 2201 2083 2231 habitam
2110 2201 2217 2240 pridem
2232 2223 2242 2239 ‚
2265 2210 2320 2230 no-

1259 2239 1299 2268 bis
1329 2237 1400 2268 infra
1426 2247 1535 2268 certum
1561 2239 1713 2268 terminum
1741 2240 1912 2278 praeteritum
1938 2239 2044 2270 tradere
2068 2239 2112 2270 vel
2141 2239 2320 2269 excambium

1259 2284 1363 2307 extunc
1389 2277 1550 2307 rationabile
1576 2277 1667 2307 facere
1691 2276 1725 2307 ad
1753 2278 1897 2307 arbitrium
1925 2278 1970 2308 vel
1995 2277 2139 2317 esgardum
2164 2277 2322 2315 proborum

1261 2316 1387 2346 virorum
1404 2338 1414 2353 ,
1440 2315 1678 2345 nominandorum
1698 2316 1764 2346 hinc
1785 2315 1849 2346 inde
1868 2316 2020 2346 secundum
2043 2317 2246 2347 continentiam
2274 2325 2323 2353 pa-

1261 2355 1300 2384 cis
1318 2353 1440 2392 ejusdem
1452 2376 1462 2392 ‚
1487 2353 1593 2384 debetis
1614 2354 1752 2393 Agenens.
1764 2354 1888 2385 valorem
1903 2355 1948 2384 seu
1963 2354 2082 2384 modurn
2101 2354 2200 2384 valoris
2214 2353 2322 2391 justum

1261 2394 1295 2422 &
1322 2393 1448 2422 debitum
1470 2393 1547 2422 annis
1567 2393 1674 2431 singulis
1693 2402 1742 2432 per
1762 2393 1853 2422 bonos
1874 2393 1948 2423 viros
1966 2392 2151 2422 estimandum
2165 2414 2176 2429 ,
2189 2393 2222 2422 &
2244 2392 2323 2430 quod

1262 2429 1340 2460 deest
1351 2431 1433 2460 nobis
1446 2429 1480 2459 ad
1494 2430 1659 2460 solvendum
1672 2430 1708 2460 de
1718 2431 1795 2468 justo
1808 2432 1841 2461 &
1853 2430 1951 2460 debito
1965 2430 2055 2460 niodo
2069 2431 2123 2468 ejus
2143 2430 2220 2469 quod
2232 2430 2324 2461 custa-

1264 2478 1293 2498 re
1312 2476 1446 2508 poterunt
1467 2470 1610 2508 quingenti
1633 2468 1737 2498 Milites
1759 2469 1792 2498 ad
1807 2468 1961 2498 tenendum
1982 2469 2175 2499 rationabiliter
2189 2477 2237 2506 per
2252 2469 2326 2499 duos

1265 2516 1352 2537 annos
1366 2530 1375 2545 ,
1393 2508 1426 2537 &
1448 2507 1499 2536 alia
1514 2507 1637 2537 universa
1657 2508 1690 2536 &
1709 2507 1811 2545 lingula
1824 2509 1852 2537 in
1867 2508 1967 2545 quibus
1988 2507 2069 2537 nobis
2080 2507 2217 2537 reddenda
2232 2508 2267 2538 &
2285 2507 2326 2537 fa-

1266 2545 1364 2574 cienda
1388 2546 1523 2575 tenemini
1545 2554 1579 2575 ex
1600 2545 1690 2575 forma
1713 2547 1786 2582 pacis
1800 2546 1943 2583 praedidtae
1956 2568 1965 2583 ‚
1981 2546 2014 2576 &
2028 2555 2062 2575 ex
2076 2546 2152 2575 trans
2165 2545 2329 2575 ressionibus

1266 2583 1299 2613 &
1325 2582 1453 2622 dampnis
1473 2584 1506 2612 &
1528 2583 1633 2620 injuriis
1655 2582 1737 2612 nobis
1759 2584 1791 2614 &
1812 2583 1912 2613 nostris
1931 2592 2010 2613 terrae
2032 2584 2065 2614 &
2084 2583 2133 2614 sub
2154 2585 2196 2613 itis
2208 2585 2328 2614 nomine

1266 2620 1349 2651 vestri
1369 2621 1414 2650 vel
1435 2620 1613 2658 austeritate,
1632 2630 1729 2651 contra
1750 2622 1823 2659 pacis
1845 2622 1965 2659 ejusdem
1983 2631 2128 2661 tenorem,
2146 2623 2179 2653 &
2192 2623 2253 2652 alias
2278 2631 2328 2663 per

1268 2658 1453 2690 Senescallum
1469 2681 1479 2697 ,
1496 2657 1645 2700 Minisftros
1666 2660 1699 2689 &
1719 2659 1841 2690 subditos
1862 2661 1965 2691 vestros
1977 2661 2047 2691 datis
2066 2661 2099 2692 δε
2114 2661 2209 2698 illatis,
2224 2670 2330 2691 conce-

1268 2698 1363 2728 dentes
1383 2698 1416 2728 &
1436 2697 1530 2727 dantes
1548 2698 1649 2728 eisdem
1672 2697 1901 2729 Procuratoribus
1924 2699 1957 2729 ὃς
1981 2699 2095 2730 cuilibet
2111 2708 2210 2730 eorum
2224 2700 2253 2729 in
2267 2699 2331 2730 soli-

1270 2736 1340 2767 dum
1362 2736 1522 2766 mandatum
1545 2737 1577 2767 &
1596 2735 1760 2774 potest-atem
1779 2738 1899 2776 agendi,
1925 2737 2080 2777 requirendi
2096 2760 2104 2775 ,
2122 2737 2333 2776 promovendi,

1270 2775 1406 2805 metandi
1415 2798 1424 2813 ,
1440 2774 1551 2814 petendi
1572 2775 1604 2806 &
1620 2776 1766 2814 optinendi
1780 2776 1843 2806 haec
1856 2776 1952 2806 omnia
1966 2777 1999 2806 &
2019 2777 2056 2806 sin
2078 2777 2120 2806 ula
2143 2785 2239 2806 coram
2252 2776 2334 2807 vobis

1270 2815 1303 2844 δε
1318 2813 1405 2843 Curia
1421 2813 1527 2850 vestra,
1545 2815 1579 2845 &
1593 2823 1689 2843 coram
1699 2813 1829 2851 johanne
1843 2815 1878 2844 de
1892 2815 1917 2844 la
1933 2814 2006 2844 Lind
2015 2837 2025 2852 ,
2078 2814 2171 2844 ofrido
2182 2814 2218 2844 de
2233 2813 2332 2845 Villata

1273 2851 1431 2890 Militibus,
1446 2851 1586 2890 Magistro
1600 2852 1757 2882 Willielmo
1771 2853 1842 2883 dela
1855 2852 1999 2891 Coruner,
2008 2854 2041 2883 ὃς
2055 2851 2196 2892 Magistro
2209 2851 2335 2882 Williel:=

1271 2900 1323 2920 mo
1338 2891 1374 2920 de
1387 2889 1489 2920 Castro
1503 2890 1637 2929 Ayrando
1651 2900 1699 2930 per
1715 2901 1766 2921 vos
1783 2892 1817 2922 &
1830 2901 1881 2922 nos
1893 2892 2041 2921 nominatis
2056 2892 2088 2922 ὃς
2103 2890 2178 2920 lestis
2192 2890 2241 2920 sub
2255 2899 2331 2921 certa

1270 2929 1379 2967 forma,
1397 2929 1431 2959 ad
1443 2928 1603 2959 faciendum
1616 2927 1760 2968 esgardum
1771 2931 1848 2968 juxra
1863 2939 1960 2970 pacem
1999 2928 2161 2967 raedifflim,
2178 2928 2335 2959 defenden-

1272 2968 1301 2998 di
1316 2968 1416 3005 etiam,
1434 2967 1609 3005 excipiendi,
1628 2967 1815 3006 supplicandi,
1833 2969 1968 3006 impetrari
1989 2969 1998 2997 i
2014 2977 2062 3007 per
2085 2966 2216 2998 officium
2229 2967 2265 2998 de
2277 2968 2336 3007 pla-

1272 3015 1312 3036 no
1327 3006 1359 3036 δε
1377 3006 1470 3044 aliter,
1494 3004 1640 3043 optinendi
1654 3007 1687 3036 δε
1708 3015 1822 3044 optenta
1841 3005 2010 3044 recipiendi,
2027 3005 2169 3046 repetendi
2187 3006 2232 3036 seu
2244 3007 2336 3044 requi-

1273 3044 1351 3073 rendi
1362 3043 1479 3074 Curiam
1494 3043 1617 3073 nostram
1633 3044 1669 3074 de
1681 3045 1801 3081 personis
1814 3045 1847 3075 &
1859 3045 1938 3075 rebus
1953 3045 2033 3074 nobis
2047 3043 2167 3075 mediate
2183 3045 2227 3074 vel
2245 3046 2335 3075 inme-

1274 3082 1348 3112 diate
1363 3082 1503 3121 subjectis,
1522 3082 1567 3112 vel
1581 3081 1616 3112 ad
1627 3083 1850 3120 jurisdictionem
1871 3082 1994 3113 nostram
2009 3083 2193 3122 qualitercum
2215 3093 2247 3113 ue
2260 3083 2338 3121 spec-

1274 3121 1410 3158 rantibus,
1425 3121 1457 3150 ὃς
1473 3120 1522 3149 alia
1540 3121 1622 3150 nobis
1636 3120 1729 3151 debita
1745 3121 1789 3151 vel
1803 3121 1930 3151 debenda
1944 3121 2060 3162 scripta,
2077 3121 2177 3152 litteras
2243 3123 2338 3151 muni-

1275 3167 1369 3188 menta
1381 3160 1449 3196 parti
1463 3157 1566 3188 nosttae
1580 3158 1730 3189 necessaria
1745 3159 1780 3189 de
1796 3159 1928 3198 praedirsta
1942 3169 2010 3197 pace
2028 3159 2174 3198 servanda,
2193 3162 2226 3191 ὅ(
2240 3159 2339 3189 securi-

1276 3205 1331 3226 tate
1351 3196 1387 3226 de
1403 3198 1481 3226 rebus
1496 3220 1506 3235 ,
1523 3206 1556 3226 ex
1570 3205 1600 3226 ea
1615 3206 1690 3234 parte
1702 3197 1736 3227 ad
1750 3207 1801 3227 nos
1814 3197 1996 3234 spectantibus
2008 3221 2017 3237 ,
2032 3197 2173 3236 facienda,
2191 3197 2290 3228 vestras
2304 3198 2339 3227 ὃς

1276 3234 1516 3265 Ptaedecessorum
1531 3234 1690 3265 vestrorum
1705 3236 1803 3266 litteras
1816 3236 1850 3266 &
1864 3237 2020 3276 privilegia,
2037 3238 2137 3276 quibus
2150 3237 2232 3273 aliqui
2249 3245 2284 3265 ne
2299 3235 2334 3266 ad

1276 3273 1465 3303 obedientiam
1487 3274 1519 3303 &
1535 3273 1698 3303 dominium
1718 3273 1843 3304 vestrum
1862 3276 1975 3306 veniant
1997 3277 2067 3305 'uxta
2081 3284 2179 3314 pacem
2192 3273 2295 3311 ipsam,
2313 3273 2341 3303 se

1275 3312 1346 3342 tueri
1360 3311 1508 3348 dicuntur,
1524 3311 1689 3350 impetrandi
1705 3312 1738 3343 &
1752 3323 1851 3343 eorum
1865 3285 2009 3353 optinendi
2022 3313 2185 3351 transcripta.

1315 3349 1362 3379 De
1374 3350 1547 3388 calumpnia,
1566 3350 1601 3380 de
1614 3351 1745 3389 veritate,
1762 3352 1796 3382 ὃς
1809 3352 1917 3382 alterius
1933 3351 2079 3389 cujussibet
2098 3351 2204 3389 generis
2217 3349 2260 3380 vel
2274 3359 2340 3380 mo-

1277 3387 1305 3417 di
1327 3388 1511 3425 juramentum
1534 3389 1564 3417 iri
1586 3387 1710 3418 nostram
1723 3390 1846 3426 animam
1859 3390 2010 3428 subeundi,
2027 3388 2186 3426 deferendi,-
2205 3387 2341 3418 referendi

1278 3427 1312 3457 &
1327 3426 1392 3456 susci
1414 3426 1486 3456 iendi
1498 3425 1581 3456 alium
1595 3426 1639 3456 vel
1653 3426 1720 3457 alios
1733 3426 1950 3458 Procuratorem
1971 3428 2016 3458 vel
2031 3426 2228 3457 Procuratores
2263 3426 2343 3456 adto-

1280 3474 1340 3494 rem
1362 3474 1398 3495 ve
1428 3466 1534 3495 actores
1546 3487 1556 3501 ,
1573 3463 1623 3493 suo
1644 3473 1690 3495 aut
1710 3465 1808 3496 nostro
1831 3467 1950 3496 nomine
1963 3466 2006 3496 vel
2009 3465 2143 3533 spericulo
2154 3472 2217 3494 ante
2231 3448 2264 3495 ἐξ
2277 3464 2342 3504 post

1279 3503 1358 3532 litem
1372 3501 1571 3540 contestatam,
1587 3501 1688 3541 dandi,
1702 3503 1883 3534 substituendi
1898 3505 2006 3535 velcon
2035 3503 2155 3540 ituendi,
2189 3511 2254 3542 rout
2273 3513 2345 3541 quo-

1282 3542 1351 3571 tiens
1366 3541 1398 3571 &
1411 3540 1648 3580 quandocumque
1662 3551 1762 3572 omnes
1775 3543 1808 3573 ὃς
1823 3543 1940 3580 quilibet
1960 3541 2059 3572 viderit
2073 3541 2116 3570 seu
2130 3541 2157 3570 vi
2178 3542 2249 3571 erint
2261 3550 2345 3579 expe-

1281 3579 1352 3608 dire:
1370 3580 1403 3609 ὃ(
1425 3587 1523 3609 caetera
1544 3580 1640 3608 omnia
1657 3579 1690 3610 ὃς
1711 3579 1814 3619 singula
1826 3581 1949 3610 facienda
1964 3578 2098 3610 tractandi
2112 3579 2144 3608 δε
2164 3579 2349 3618 procurandi,

1282 3616 1438 3655 requirendi
1461 3617 1493 3647 &
1513 3617 1666 3654 recipiendi
1685 3627 1749 3655 quae
1770 3619 1933 3655 praedictam
1956 3627 2074 3655 pacem,
2089 3625 2136 3647 aut
2154 3618 2260 3648 ratione
2294 3628 2348 3648 rae-

1284 3656 1426 3685 dictorum
1443 3655 1574 3684 omnium
1589 3656 1622 3686 ὃ(
1635 3655 1805 3694 singulorum
1815 3679 1824 3694 ‚
1841 3656 1875 3686 ὃς
1890 3665 1953 3694 quae
1967 3657 1981 3685 a
1995 3656 2065 3685 veris
2079 3655 2112 3686 &
2125 3654 2255 3694 legitimis
2302 3666 2348 3686 ro-

1286 3693 1458 3724 curatoribus
1471 3717 1480 3731 ,
1507 3691 1575 3722 datis
1596 3693 1630 3723 ad
1648 3695 1759 3732 negotia
1778 3695 1811 3724 ὃ(
1832 3694 1906 3732 lites,
1925 3692 1982 3723 fieri
1999 3693 2111 3731 possunt
2126 3693 2159 3724 &
2173 3693 2294 3733 debent,
2313 3695 2346 3725 δὲ

1287 3742 1339 3762 nos
1361 3732 1514 3762 faceremus
1531 3731 1550 3760 si
1566 3731 1708 3768 praesentes
1720 3732 1852 3768 essemus,

1327 3772 1342 3787 ³*
1362 3769 1469 3800 Ratum
1483 3769 1515 3799 &
1549 3778 1637 3799 ratum
1652 3779 1785 3808 perpetuo
1806 3770 1925 3799 habituri
1939 3769 2072 3809 quicquid
2093 3780 2141 3808 per
2153 3771 2225 3810 ipsos
2238 3771 2347 3801 Procu-

1288 3817 1389 3839 ratores
1410 3807 1454 3838 vel
1477 3806 1536 3836 subs
1553 3807 1678 3837 ituendos
1699 3808 1734 3838 ab
1756 3809 1794 3838 eis
1807 3831 1817 3846 ,
1842 3818 1933 3838 unum
1951 3808 1995 3839 vel
2015 3809 2124 3848 plures,
2140 3818 2186 3841 aut
2206 3819 2273 3840 cum
2288 3809 2348 3849 ipsis

1291 3846 1421 3876 omnibus
1444 3845 1476 3876 δε
1498 3845 1607 3913 singulis
1627 3846 1656 3875 in
1671 3846 1755 3875 causis
1769 3846 1871 3876 eisdem
1885 3847 1918 3877 &
1932 3848 2064 3886 negotiis,
2079 3847 2174 3878 astum
2189 3856 2283 3878 coram
2297 3856 2352 3876 vo-

1292 3886 1333 3915 bis
1348 3885 1380 3915 &
1400 3882 1486 3914 Curia
1499 3893 1533 3912 ve
1561 3893 1606 3922 ra,
1624 3884 1657 3914 &
1672 3883 1809 3921 praediffls
1823 3885 1919 3923 probis
1932 3887 2015 3923 viris,
2030 3894 2077 3925 per
2095 3886 2147 3916 vos
2160 3887 2193 3917 &
2212 3895 2264 3916 nos
2277 3884 2351 3914 elec-

1293 3925 1326 3953 tis
1337 3922 1417 3952 fuerit
1426 3945 1436 3959 ,
1456 3920 1502 3951 vel
1516 3923 1602 3952 etiam
1615 3931 1808 3959 procuratum:
1829 3923 1951 3962 ipsosque
1964 3923 2112 3954 relevantes
2125 3925 2158 3955 &
2175 3923 2284 3953 relevari
2298 3933 2350 3953 vo-

1296 3962 1383 3991 lentes
1397 3960 1432 3990 ab
1446 3960 1527 3989 omni
1542 3970 1628 3990 onere
1643 3961 1700 3990 satis
1711 3960 1793 3990 dandi
1806 3961 1839 3991 &
1853 3961 2004 3998 judicatum
2016 3961 2101 4001 solvi,
2119 3972 2170 3999 pro
2185 3961 2243 3998 ipsis
2258 3960 2291 3992 &
2303 3970 2354 3991 eo-

1295 4010 1358 4030 rum
1371 3997 1497 4037 quolibet
1511 3999 1701 4035 promittimus
1714 3999 1764 4028 sub
1777 4008 1895 4038 ypoteca
1911 4000 2053 4030 bonorum
2068 4001 2237 4030 nostrorum.

1332 4037 1368 4068 Et
1393 4036 1473 4067 vobis
1494 4035 1629 4066 Domino
1651 4036 1725 4076 Regi
1746 4038 1779 4067 &
1798 4036 1895 4068 Curiae
1915 4038 2013 4069 vestrae
2033 4037 2237 4068 exhabundanti
2252 4037 2284 4068 &
2301 4035 2357 4067 aliis

1295 4075 1451 4108 adversariis
1465 4073 1583 4113 nostris,
1603 4075 1637 4107 &
1653 4076 1842 4115 cuicumque,
1861 4077 1938 4114 cujus
1958 4077 2062 4108 intersit
2081 4075 2127 4109 vel
2139 4074 2264 4107 interesse
2274 4073 2360 4141 possit¹

2315 4121 2350 4143 ve

2365 3764 2502 3805 ※1.855.
