2570 4261
0 270 49 295 nn.
62 260 102 292 D.

0 301 57 340 256.

0 347 36 370 en.
56 348 81 376 3.

0 1419 79 1472 [ες-6.
102 1419 107 1425 ⁸

0 1478 28 1501 'n.
45 1483 92 1509 4¹·

0 1533 16 1577 ⁷}
30 1555 86 1578 Au-

0 1599 36 1627 og.

10 2091 35 2119 1.
50 2089 115 2127 615.

0 2924 59 2955 irin.
73 2922 116 2954 D.

2 2962 85 3001 1256.

0 3005 38 3029 ln.
50 3012 97 3038 4¹-

0 3045 21 3069 Ξ.
42 3050 68 3079 3.

746 167 858 209 ET
940 158 1208 210 ACTA
1290 168 1764 215 PUBLICA.

119 260 254 299 claritate,
271 258 316 300 pia
335 266 402 290 vota
422 256 562 294 fidelium,
579 254 615 286 de
633 253 846 285 clementissima
866 253 945 293 ipsius
959 253 1107 292 Maiestate
1120 252 1179 296 spe-

123 299 259 338 rantium,
277 307 346 329 tunc
368 298 450 337 praeci
474 296 508 325 ue
527 295 652 333 benigno
672 293 771 323 favore
782 291 971 332 prosequitur,
987 302 1055 323 curn
1068 292 1180 322 humilis

121 336 377 376 ipsorum'devotio
389 306 557 364 Sandiorum
570 331 672 362 meritis
684 332 719 361 80
734 331 864 368 precibus
878 331 1026 369 adjuvatur.

155 377 301 417 Rogamus
314 375 405 413 itaque
419 372 620 402 universitatem
635 369 754 400 vestram
763 392 772 407 ,
799 370 832 400 &
845 369 989 400 hortamur
1001 372 1030 400 in
1044 369 1178 400 Domino

120 417 148 446 in
169 413 357 445 remiffionern
378 411 459 442 vobis
477 409 674 449 peccaminum
695 409 890 454 injungentes,b
903 410 1028 446 quatinus
1048 408 1082 438 ad
1105 407 1177 437 Mo-

120 454 269 485 nasterium
286 450 447 481 dile&arum
465 449 493 478 in
515 447 632 478 Christo
650 446 770 476 filiarum
840 446 979 477 Prioriffae
992 448 1026 478 δε
1038 447 1178 477 Conven-

124 491 168 522 [fis
189 489 374 530 Leprosarum
394 486 561 517 Monasterii
577 485 688 515 Sanetae
708 484 809 518 Mariae
821 484 855 515 de
868 485 968 523 Pratis,
987 494 1061 516 extra
1075 485 1178 516 Villam

121 530 218 561 Saneti
233 528 352 565 Albani,
376 526 480 556 ordinis
493 524 587 555 SanCti
603 522 763 562 Benedicti,
780 523 912 554 Lincoln.
932 524 1021 555 Dioc.
1038 524 1148 562 petituri
1162 533 1177 553 a

122 568 256 599 Domino
268 566 379 597 veniam
393 566 421 595 in
435 564 589 594 humilitate
602 560 720 602 Spiritus
735 563 878 593 accedatis.

158 605 227 635 Nos
242 606 336 643 enim,
352 612 382 635 ut
396 602 502 634 Christi
522 601 613 632 fideles
631 601 682 630 sint
697 602 883 640 promptiores
898 602 932 632 ad
947 603 1062 640 merita,
1076 600 1095 631 si
1106 600 1178 630 fidu-

117 645 192 675 ciam
212 644 332 674 habeant
352 640 540 680 consequendi
562 649 676 669 munera
696 641 829 678 gratiora,
844 640 880 670 de
901 642 1103 681 omnipotentis
1120 639 1176 669 Dei

116 683 319 720 misericordia,
337 684 371 713 &c
384 682 530 712 beatorum
545 678 621 708 Petri
635 679 669 708 &
684 677 778 716 Pauli,
794 678 997 717 Apostolorum
1012 681 1067 717 ejus
1080 679 1177 709 aueto-

118 723 196 752 ritate
218 721 333 758 confisi,
358 719 507 756 omnibus,
530 726 595 748 vere
616 717 818 756 poenitentibus
839 717 872 747 &
895 716 1024 747 confessis
1039 741 1048 755 ,
1070 718 1119 755 qui
1141 716 1176 746 ad

120 758 330 790 Monasterium
350 758 439 797 ipsum
460 758 491 787 in
507 755 710 786 Festivitatibus
731 755 820 786 beatae
840 755 977 795 Virginis,
992 757 1025 787 ὃς
1045 766 1093 793 per
1107 755 1177 785 octo

119 798 177 828 dies
198 797 355 835 sequentes,
373 806 440 834 pura
457 795 613 825 intentione
632 792 812 831 accesserint,
836 796 978 825 annuatim
997 793 1176 834 quadraginta

119 836 177 867 dies
189 835 225 865 de
236 836 359 874 injuncta
372 835 421 865 sibi
434 834 599 874 poenitentia
613 832 825 863 misericorditer
837 832 994 864 relaxamus.

157 916 226 986 Izat.
239 916 365 948 Lateran.
384 917 465 947 tertio
479 915 519 946 Id.
539 914 727 952 Decembris,
749 913 933 945 Pontificatus
948 912 1035 944 nostri
1050 922 1125 943 anno
1139 910 1178 941 se-

120 964 177 987 cun
197 966 224 986 O.

631 1022 758 1052 Plumbeo
768 1022 856 1063 figillo
870 1033 889 1051 a
898 1021 960 1063 filis
967 1018 1059 1060 sericis
1065 1019 1145 1058 flavi

696 1061 820 1102 rubeique
833 1060 932 1091 coloris.

121 1202 212 1236 Bulla
233 1202 270 1235 de
285 1201 486 1246 sitbslitutione
508 1205 594 1249 Hug.
620 1201 694 1233 disti
711 1203 848 1242 stlatze,
884 1202 921 1238 ὠ·
941 1198 977 1232 de
986 1194 1183 1244 fhlutionibus

169 1254 198 1284 ei
216 1250 369 1295 faciendis
392 1262 446 1297 per
472 1248 664 1298 Magistrum
686 1247 891 1291 Rfflandum,
911 1259 968 1294 pro
986 1245 1183 1292 redemptione

171 1309 310 1332 votorum
323 1303 360 1338 (ῥ’
374 1303 500 1346 pecnnia
521 1301 636 1332 Crucis.

186 1387 332 1419 Lexander
345 1386 449 1431 Episco
467 1396 514 1425 113,
529 1386 780 1431 ,ίὶπνυε101νο11110
792 1385 868 1424 Dei,
883 1384 1035 1416 Cariffimo
1048 1383 1185 1428 111011113-

202 1435 234 1457 to
252 1426 312 1457 filio
441 1396 537 1456 ffiustri
559 1425 636 1466 Regi
656 1425 786 1466 Anghae,
801 1424 917 1455 salutem
939 1425 973 1455 &
986 1422 1185 1462 Apostolicam

128 1465 365 1497 benediffionem.
1144 1501 1149 1506 ·

160 1504 245 1538 ,Cum
261 1514 297 1535 ne
317 1505 409 1534 otium
429 1504 521 1534 crucis
541 1504 575 1536 &
593 1504 705 1542 omnia,
724 1501 880 1541 hujufinodi
903 1511 922 1532 n
957 1501 1050 1532 otium
1072 1508 1186 1530 contin-

127 1543 234 1582 gentia,
250 1543 281 1572 in
331 1552 406 1582 egno
427 1541 556 1582 Angliae,
580 1541 686 1573 dilecto
703 1541 763 1572 filio
784 1540 923 1581 Magistro
971 1538 1091 1570 ostando
1127 1537 1184 1582 Ca-

125 1580 237 1620 pellano
255 1581 290 1612 &
309 1581 434 1612 Nuncio
454 1581 553 1612 nostro
571 1583 601 1612 in
626 1580 728 1621 Anglia
761 1580 883 1620 plenarie
902 1590 918 1610 a
935 1579 998 1623 sede
1009 1561 1185 1623 ‚ApostOlJCq

126 1620 179 1651 sint
199 1619 366 1664 commista,
385 1620 516 1659 idemque
532 1618 572 1664 de·
582 1619 712 1650 fidelitate
719 1604 818 1663 ,di-lecti
832 1618 880 1649 filii
895 1617 1096 1662 Huguitionis,
1115 1616 1185 1660 dieti

125 1657 246 1697 Matze,
263 1658 343 1689 Civis
363 1659 396 1689 &
417 1657 585 1689 Mercatoris
602 1658 774 1696 Florentini,
790 1657 904 1697 plenam
921 1667 952 1687 m
968 1656 1102 1686 Domino
1114 1655 1186 1686 ndu-

122 1696 198 1728 ciam
209 1696 311 1727 habere
320 1696 447 1734 dicatur,
462 1697 520 1726 nos
532 1707 568 1726 ue
582 1695 640 1727 dei
660 1696 690 1727 so
705 1697 791 1726 etiam
806 1695 998 1734 confidamus,

160 1734 264 1765 Eidem
283 1734 474 1774 Huguitioni,
491 1744 506 1765 a
544 1735 624 1773 ipsius
664 1746 679 1766 a
699 1735 779 1766 ellani
793 1734 966 1772 instantiam,
990 1733 1089 1764 nostris
1102 1756 1112 1772 ‚
1135 1732 1185 1764 sub

121 1780 198 1803 certa
212 1772 320 1811 forma,
345 1772 443 1803 damus
455 1772 551 1805 litteris
565 1775 596 1804 in
608 1784 674 1805 man
694 1775 742 1804 atis
757 1781 804 1812 ut,
823 1773 858 1803 ad
873 1772 964 1811 ipsum
976 1772 1002 1803 se
1030 1771 1185 1803 ersonaliter

122 1810 286 1850 conferens,
303 1821 423 1842 ornnem
437 1813 604 1852 pecuniam,
622 1823 708 1851 quam
723 1812 800 1843 idem
813 1811 980 1852 Capelianus
990 1812 1010 1842 fi
1032 1813 1040 1841 i
1053 1810 1186 1854 assignare

121 1849 246 1881 voluerit
267 1851 334 1887 (sive
355 1850 387 1881 sit
405 1850 442 1881 de
462 1850 574 1883 decima
595 1851 857 1882 Ecclesiasticorum
897 1858 1067 1881 roventuum
1083 1873 1092 1889 ,
1117 1850 1186 1888 ubi,

123 1888 209 1928 usque
223 1888 257 1919 ad
273 1897 384 1919 certum
397 1897 524 1929 tempus,
543 1891 574 1920 in
588 1890 646 1930 ipso
658 1890 765 1930 Regno
775 1912 785 1928 ,
810 1899 862 1930 pro
909 1899 978 1919 errae
990 1888 1090 1919 sanstae
1103 1888 1186 1919 subii—

122 1927 174 1958 dio
187 1938 203 1958 a
215 1926 351 1967 praedicta
360 1927 423 1958 sede
436 1928 585 1966 concessa,
598 1929 655 1960 five
669 1928 704 1959 de
717 1928 960 1969 redemptionibus
972 1936 1109 1958 votorum
1122 1936 1188 1957 cru-

125 1966 347 2006 cesignatorum,
365 1966 412 1997 vel
430 1966 525 2006 legatis
544 1966 724 2005 indistincte,
743 1968 789 1998 seu
810 1966 1050 2005 obventionibus,
1069 1976 1102 1996 ex
1120 1976 1188 2006 qua-

125 2004 1067 2084 1ζὲ1515213,ἕξοῖἒῖὲῐῗῖξῑιῑέΐῡέῑὲἒῖὲὲῗεῑξηέεὲῖῥΐὲἑξ
1081 2004 1189 2081 adqffiss'

129 2081 198 2122 quid
211 2082 231 2102 ’¹‘
244 2067 395 2126 re’ceperit,
413 2082 449 2113 ad
462 2083 625 2114 mandatum
640 2083 761 2122 ejusdem
775 2067 897 2114 fideliter'
905 2081 1066 2113 conservare
1074 2066 1087 2120 ζ
1092 2091 1125 2111 ac
1141 2083 1189 2112 cui

132 2121 189 2160 ipse
204 2120 324 2152 voluerit
338 2119 470 2159 assignare
483 2130 634 2161 procuret,
652 2123 689 2153 ita
697 2121 794 2162 quod,
813 2121 864 2152 suis
876 2120 987 2151 servitiis
999 2121 1190 2160 exigentibus,

128 2159 231 2190 merito
243 2159 292 2189 fibi
307 2160 430 2198 acquirat
443 2160 587 2199 praedictae
599 2160 668 2191 sedis
682 2161 797 2200 gratiam
810 2160 843 2191 δε
856 2159 992 2190 favorem.

162 2197 288 2237 Ideoque
305 2196 489 2228 Serenitatem
510 2207 589 2230 tuam
606 2209 754 2239 rogamus,
772 2199 806 2229 &
821 2198 967 2229 hortamur
980 2204 1085 2228 attente
1100 2198 1190 2238 quati-

124 2246 178 2305 ¹5?
185 2235 405 2305 &KQ-1¹10?
400 2240 562 2308 Sfflts?
568 2247 660 2308 ’fiffi
672 2236 933 2315 ‘egt‘ilessiigpssffss
946 2235 1190 2307 ῗέξιξεὲἕξῖἑῗῐί

126 2313 266 2356 (Regium
286 2313 364 2352 super
384 2313 435 2344 illis
449 2315 642 2355 impendendo
656 2286 796 2350 ffiorem)
817 2322 847 2344 111
862 2313 940 2344 idem
954 2324 986 2344 ea
999 2313 1142 2345 efficacius
1155 2315 1190 2345 &

125 2352 219 2382 utilius
240 2352 338 2395 eirequi
359 2352 465 2392 valeat,
483 2354 588 2394 nosque
609 2353 804 2394 Magnitudini
825 2361 882 2383 tuae
908 2352 1062 2393 condignas
1076 2360 1190 2393 propter

127 2390 186 2421 hoc
199 2398 297 2429 gratias
309 2390 467 2423 referamus.

165 2469 236 2501 Dat.
263 2470 393 2502 Lateran.
416 2473 534 2505 decimo
553 2473 661 2505 octavo
683 2472 805 2504 Kalend.
825 2471 948 2510 Januarii
962 2494 972 2510 ,
1005 2470 1193 2504 Pontificatfis

131 2508 219 2540 nostri
231 2519 308 2541 anno
321 2510 453 2542 secundo.

608 2590 827 2633 Plumbeofigillo
840 2603 858 2621 a
868 2590 917 2632 filo
932 2590 1057 2621 canabeo.

131 2721 221 2757 Bulla
244 2733 298 2768 per
321 2733 415 2768 qnam
442 2725 526 2768 Papa
544 2722 696 2770 fhpplicat
714 2726 789 2771 Reg.
813 2725 949 2772 Angliae‚
975 2721 1056 2770 qnod
1070 2724 1198 2767 interpo-

180 2780 260 2804 neret
278 2780 379 2816 partes
396 2770 471 2816 sitas
488 2782 560 2818 erga
578 2774 688 2818 Regem
705 2775 824 2815 Scotiae‚
849 2784 884 2806 ut
898 2771 1056 2819 fhstineret
1075 2770 1197 2818 Episco-

170 2829 247 2866 pum
264 2819 370 2852 Sanffl
385 2818 513 2853 Andreae
531 2823 563 2853 in
583 2820 713 2863 Ecclesia
722 2821 786 2866 fita
804 2824 835 2854 in
849 2832 934 2868 pace.

193 2907 339 2952 Lemder
350 2907 521 2951 Episcopus,
537 2909 628 2941 servus
639 2909 784 2941 servorum
791 2910 868 2950 Dei,
886 2912 1027 2943 cariffimo
1041 2913 1070 2943 in
1078 2910 1200 2942 Christo

159 2946 268 3015 edgliio
372 2947 448 2987 Regi
463 2948 624 2989 Anglorum
633 2949 749 2988 illustri,
764 2949 878 2982 salutem
893 2950 1131 2991 &Apostolicam
1149 2952 1200 2982 be-

139 2994 159 3015 0
197 2995 205 3014 1
244 2995 341 3015 onem.

179 3022 221 3070 Ea
241 3025 373 3054 novimus
392 3024 512 3064 regalem
530 3027 658 3057 animum
675 3027 825 3066 praeditum
844 3029 962 3068 pietate,
978 3036 1009 3059 ut
1028 3028 1200 3067 libertatem,

138 3070 196 3106 qua
211 3060 348 3092 Ecclefias
362 3062 396 3107 ὃς
409 3063 535 3107 personas
549 3064 752 3097 Ecclesiasticas
764 3067 874 3097 bonitas
887 3067 981 3099 divina
995 3067 1130 3106 donavit,
1156 3068 1201 3096 in-

138 3099 273 3143 violatam
294 3100 392 3131 servari
412 3111 523 3142 cupias,
540 3103 573 3133 ὃτ.
591 3104 669 3142 super
691 3105 762 3143 hiis,
780 3115 844 3144 quae
865 3105 1024 3137 hu'usmodi
1042 3107 1199 3136 libertatem

138 3137 304 3185 respiciunt,
320 3139 414 3169 nostra
427 3150 586 3185 precamina
597 3142 774 3183 benignitatis
785 3154 849 3175 aure
861 3144 890 3176 su
902 3146 986 3186 cipias
993 3168 1005 3186 ,
1031 3145 1065 3177 &
1080 3145 1200 3183 suscepta

138 3176 236 3208 favore
249 3188 327 3218 regio
341 3178 519 3219 prosequaris.

176 3214 249 3260 Sane
262 3240 272 3255 ,
294 3217 413 3261 zelantes
454 3226 552 3249 aterno
575 3218 682 3251 affeetu
703 3221 836 3253 cariffimi
855 3223 884 3252 in
906 3221 1024 3253 Christo
1043 3223 1092 3253 filii
1111 3220 1199 3253 nostri

139 3253 229 3294 Regis
243 3254 349 3286 Scotiae
371 3256 418 3286 illu
444 3258 479 3287 ris
494 3257 741 3291 honorificentiam
756 3262 790 3292 &
803 3261 933 3299 salutern,
948 3261 1075 3292 dolenter
1088 3262 1200 3300 accepi-

140 3302 203 3324 mus
223 3294 302 3333 quod
313 3295 453 3340 11100011111
473 3304 591 3335 eorum,
606 3298 656 3340 qui
668 3298 724 3336 eius
736 3298 868 3331 dicuntur
882 3300 1046 3338 consiliarii,
1063 3302 1097 3332 &
1111 3300 1200 3330 assen-

140 3340 241 3368 tatores
262 3343 352 3377 verius
371 3332 428 3377 dici
448 3333 563 3371 possunt
594 3345 651 3373 elus
672 3343 800 3368 tenerum
818 3340 962 3378 animum,
978 3340 1011 3370 δε
1025 3338 1059 3369 ad
1076 3348 1200 3378 quaeque

140 3371 268 3400 confinia
288 3371 466 3417 110111011οφ,
487 3373 589 3403 dolois
609 3374 643 3404 &
664 3376 754 3412 pravis
774 3377 896 3408 consiliis
917 3379 991 3409 adeo
1009 3379 1198 3415 inverterunt,

139 3407 234 3451 quod,
254 3408 485 3455 sraelis-divinis,
504 3411 694 3455 Apostolicis,
712 3414 746 3445 &
768 3416 903 3455 regalibus
924 3417 1083 3448 libertatum
1098 3417 1131 3447 &
1145 3417 1198 3446 1111-

141 3454 309 3492 munitatum
322 3449 489 3492 privilegiis,
508 3459 538 3479 m
552 3460 608 3487 ejus
620 3450 741 3492 Regno,
759 3454 903 3493 praedistae
917 3455 1071 3494 Ecclesiae,
1088 3465 1121 3486 ac
1138 3465 1200 3492 per·

140 3485 216 3516 sonae
225 3509 235 3525 ,
252 3486 332 3527 ipsius
345 3488 525 3525 auctoritate,
542 3495 574 3517 ut
587 3498 647 3519 non
660 3491 781 3522 mandati
796 3492 937 3524 severitate
951 3495 1095 3533 dicamus,
1118 3494 1200 3524 ubili-

141 3524 191 3554 bet
212 3525 433 3571 conculcentur,
450 3526 483 3558 &
503 3525 629 3571 libertate
649 3528 768 3569 ipsarum
786 3539 862 3562 extra
876 3531 943 3563 dicti
957 3533 1052 3572 Regni
1067 3533 1200 3564 terminos

142 3563 287 3608 exulante,
304 3564 482 3605 subjiciantur
502 3575 569 3604 iugo
586 3566 743 3599 miserabilis
761 3569 912 3610 servitutis,
935 3571 1056 3603 utinam!
1082 3581 1143 3601 non
1166 3570 1200 3600 ad

141 3611 195 3632 irre
215 3602 313 3633 arabile
326 3604 447 3641 eiusdem
460 3603 557 3644 Regni
571 3603 731 3636 scandalum
743 3608 777 3638 &
792 3609 909 3640 ruinam.

207 3649 218 3671 t
238 3643 304 3672 licet
322 3643 353 3672 in
365 3650 429 3674 toto
440 3643 471 3674 R
527 3653 547 3673 o
559 3642 618 3683 ipso
631 3643 682 3674 sibi
696 3644 794 3676 locum
806 3648 912 3678 malurn
930 3648 1089 3687 hujusmodi
1102 3646 1202 3677 vendi-

141 3687 236 3717 caret,
251 3688 347 3711 tamen
365 3689 463 3712 contra
472 3651 637 3712 eE‘dclefiam
658 3682 752 3713 Saneti
774 3684 915 3724 Andreae,
939 3687 949 3725 (
971 3698 1030 3726 uae,
1049 3688 1120 3718 inter
1140 3686 1202 3716 alias

144 3717 298 3758 Ecclesias,
315 3719 356 3750 ob
370 3721 450 3758 ipsius
465 3720 492 3751 A
533 3720 597 3751 stoli
610 3723 810 3761 reverentiam,
826 3724 881 3755 esse
896 3725 955 3756 cele
975 3728 1033 3756 rior
1044 3725 1202 3756 veneratio-

145 3766 183 3787 ne
197 3758 293 3801 populi
306 3758 466 3797 consuevit3
531 3759 603 3828 azud
620 3759 702 3790 clarae
715 3763 863 3792 memoriae
878 3762 972 3803 Reges
986 3765 1109 3803 Scotiae,
1135 3762 1202 3793 dieti

147 3793 234 3836 Regis
251 3799 461 3837 progenitores,
483 3799 514 3829 in
534 3798 553 3829 li
576 3799 706 3828 ertatibus
723 3799 757 3829 &
777 3800 998 3833 immunitatibus
1019 3803 1204 3843 praerooativa

148 3834 267 3877 gaudere
280 3837 418 3876 privilegii
430 3836 578 3877 singularis)
597 3837 668 3868 adeo
679 3837 872 3869 subversorum
887 3840 1002 3872 invaluit
1015 3829 1205 3879 malitiaoprae-

142 3871 312 3914 dictorum,
329 3876 407 3913 quod
428 3876 590 3905 venerabilis
608 3876 688 3906 frater
703 3875 797 3906 noster
812 3876 852 3907 G.
872 3878 951 3917 ipsius
966 3879 1134 3922 Episcopus,
1153 3890 1207 3909 no-

151 3908 194 3938 bis
214 3910 246 3941 &
265 3913 392 3944 fratribus
412 3914 512 3944 nostris:
534 3914 587 3945 suae
609 3917 722 3945 meritus
743 3916 887 3955 probitatis
900 3927 1029 3957 acceptus
1042 3942 1052 3957 ,
1077 3921 1110 3950 &
1132 3919 1207 3958 Regi

153 3946 302 3986 saepedicto
313 3952 447 3992 devotus,
464 3954 546 3984 bonis
561 3953 601 3984 est
614 3955 746 3984 omnibus
761 3953 905 3993 spoliatus,
923 3955 956 3986 &
972 3967 1045 3988 extra
1059 3957 1134 3989 suam
1148 3958 1206 3988 Ec-

152 3985 263 4017 Clefiam
283 3992 393 4030 cogitur
412 3993 537 4031 exulare,
563 3993 593 4022 in
611 3992 698 4022 divini
718 3994 856 4031 nominis,
881 3994 914 4025 &
934 3995 1056 4032 ejusdem
1077 3997 1209 4037 Apostoli

154 4033 215 4054 non
228 4024 320 4056 levem
333 4030 459 4066 injuriam
473 4032 507 4062 &
523 4040 728 4071 contemptum.

191 4061 273 4097 Cum
283 4065 365 4106 igitur
378 4076 407 4100 te
418 4069 533 4102 sciamus
545 4069 665 4109 ejusdem
679 4070 767 4112 Regis
781 4071 896 4104 honoris
908 4072 942 4105 &
954 4073 1042 4105 salutis
1052 4074 1211 4106 incremen-

2221 190 2271 231 23

1218 261 1245 283 ta
1262 255 1368 300 zelare,
1387 256 1569 303 Serenitarem
1589 267 1666 303 tuam
1686 269 1814 299 rogamus
1832 262 1960 292 attentius
1981 261 2015 292 &
2028 262 2173 292 hortamur
2187 285 2196 301 ,
2218 272 2269 303 per
2295 261 2369 291 Ann.
2385 260 2430 291 Di

1219 292 1382 337 Apostohca
1403 296 1454 325 tibi
1475 297 1572 336 scripta
1586 321 1594 334 ‚
1618 308 1647 327 in
1666 298 1855 330 remiffionem
1877 302 2086 339 peccaminum,
2113 300 2270 340 furientes,
2317 300 2399 337 1256-

1219 340 1361 370 quatinus,
1376 333 1486 363 eosdem
1507 335 1680 374 Episcopum
1699 338 1732 367 Sc
1754 337 1906 369 Ecclesiam
1924 339 2027 369 habens
2045 348 2096 379 pro
2117 338 2211 369 citrini
2233 341 2267 370 &
2296 343 2358 366 Heu.
2380 336 2409 374 ΞΖ
2426 352 2431 355 “

1219 370 1313 415 nostrii
1331 372 1482 402 reverentia
1504 374 1733 413 commendatos,
1750 376 1822 415 apud
1843 377 1963 407 eunlem
1978 378 2090 416 Regem
2104 378 2170 407 velis
2183 378 2272 408 taliter

1219 417 1271 451 pro
1292 410 1352 448 ipsis
1374 411 1550 447 interponere
1571 421 1656 451 partes
1678 421 1751 451 tuaS,
1770 415 1864 454 quod,
1882 417 1960 445 nullis
1980 416 2191 454 prevalentibus
2213 426 2273 446 ma-

1217 448 1234 490 11
1257 450 1382 492 nantium
1403 450 1548 479 conatibus
1569 458 1666 480 contra
1689 461 1736 481 eos
1750 475 1760 489 ,
1790 454 1818 482 in
1841 454 1919 491 ipiius
1937 455 2136 485 hemiola-,ize
2157 455 2272 493 gratiam

1217 496 1226 515 1
1247 496 1294 516 em
1315 487 1469 527 Episcopus
1489 488 1521 518 &
1543 487 1681 527 Ecclesia,
1698 491 1725 518 in
1746 489 1846 520 statum
1861 492 1988 523 libertatis
2002 493 2124 533 pristinae
2138 493 2274 523 reducan-

1219 532 1279 563 tur,
1299 535 1353 557 nec
1366 527 1559 564 permittantur
1573 537 1671 556 eorum
1687 527 1822 558 libertitei
1835 530 1869 559 de
1883 539 1986 560 czetero
2002 532 2092 560 minui
2109 555 2118 570 ,
2139 531 2181 560 vel
2197 532 2274 562 bona

1216 563 1261 593 seu
1281 564 1336 601 jura
1355 565 1452 603 diripi,
1471 573 1517 595 aut
1536 566 1620 595 etiam
1641 565 1770 605 :uin-piri:
1792 566 1837 596 U:
1860 577 1892 597 01
1913 570 1970 598 1100
1993 570 2059 607 ribi,
2075 579 2188 607 tumque
2201 570 2273 609 proli

1216 610 1353 634 aeternum
1375 603 1486 642 Regem
1506 605 1660 645 propitium
1679 605 1789 643 reddas,
1807 606 1840 636 ὃς
1860 606 1995 645 Regnum
2008 617 2090 638 tuum
2103 608 2186 638 bonis
2200 617 2275 639 tem-

1217 641 1355 679 poralibus
1367 651 1504 681 augeatur.

1252 679 1386 710 Tolerare
1407 690 1528 718 namque
1548 681 1698 720 praemill‘as
1718 682 1826 719 injurias
1839 705 1848 720 ,
1883 682 1927 713 vel
1950 683 2046 714 fovere
2066 684 2173 714 silentio
2189 707 2198 721 ,
2220 693 2276 714 nec

1217 717 1319 748 nostrae
1334 719 1526 759 conscientiae,
1546 730 1599 749 1100
1616 718 1717 759 Regiae
1730 720 1816 750 salutis
1831 722 1967 760 integritas
1984 730 2134 759 pateretur,
2160 731 2227 752 cum
2242 722 2276 752 sit

1238 757 1309 785 otius
1322 767 1369 794 per
1383 759 1593 787 correctionem
1607 759 1781 797 utilitatibus,
1799 769 1883 798 quam
1898 769 1947 797 per
1959 760 2205 791 diffimulationem
2221 770 2275 791 vo-

1230 795 1368 825 untatibus
1380 796 1530 826 errantium
1545 796 1760 827 consulendum.

1259 873 1328 905 Dat.
1348 874 1473 907 Lateran.
1495 885 1537 914 17.
1558 877 1621 908 Kal.
1634 877 1746 916 januar.
1759 877 1943 910 Pontificati‘is
1957 879 2045 910 nostri
2057 889 2133 910 anno
2147 877 2281 910 secundo.v

1689 957 1814 988 Plumbco
1830 958 1919 997 Sigillo
1933 970 1952 988 a
1959 959 2011 1002 filo
2024 959 2149 990 canabeo.

1327 1076 1350 1098 *
1374 1077 1463 1109 Bulla
1473 1089 1529 1125 pro
1547 1077 1731 1122 Monasterio
1749 1081 1859 1113 ‚5⁶anae
1876 1085 1992 1114 Mariae
2012 1082 2048 1115 de
2066 1086 2177 1115 Pratis.

1302 1201 1427 1240 delibus,
1449 1211 1498 1238 per
1515 1201 1741 1234 Cantuariensem
1761 1203 1943 1235 Provinciam
1964 1204 2118 1234 constitutis
2135 1227 2145 1242 ,
2167 1204 2279 1235 salutern

1224 1238 1257 1268 &
1273 1238 1467 1278 Apostolicam
1480 1240 1718 1271 benedictionem.

2302 1084 2322 1103 ³*
2338 1085 2434 1112 1.616„

1193 1185 1196 1189 .
1224 1160 1429 1221 ALexander
1444 1161 1618 1203 Episcopus,
1635 1164 1725 1195 servus
1737 1164 1877 1195 servorum
1891 1165 1965 1203 Dei,
1981 1166 2109 1197 universis
2125 1165 2278 1197 (3111111111-
2300 1159 2376 1190 Arm»
2391 1160 2434 1190 D·

2319 1197 2402 1236 1256.

2299 1242 2351 1265 Aa.
2366 1246 2414 1272 41.

1262 1276 1434 1316 Qoniarn,
1467 1287 1497 1308 111
1524 1280 1561 1309 ait
1587 1279 1761 1318 Apostolus,
1794 1290 1895 1311 omnes
1920 1280 2055 1312 stabimus
2074 1288 2138 1310 ante
2158 1281 2276 1311 tribunal
2299 1280 2331 1303 H·
2355 1285 2381 1310 Ξ·

1225 1314 1350 1354 Christi,
1370 1317 1507 1357 recepturi
1528 1327 1611 1357 prout
1632 1321 1661 1349 111
1681 1329 1801 1359 corpore
1821 1319 1966 1359 gestimus,
1984 1320 2040 1349 sive
2059 1319 2170 1348 bonum
2182 1320 2280 1358 fuerit,
2302 1319 2340 1341 Ex
2353 1317 2414 1342 Au-

1226 1354 1281 1385 sive
1303 1355 1424 1393 malurn,
1443 1363 1556 1396 oportet
1574 1367 1624 1386 nos
1642 1357 1718 1387 diem
1738 1358 1881 1388 mersionis
1895 1367 2026 1388 extremae
2040 1357 2236 1387 misericordiae
2249 1367 2283 1387 o·
2302 1361 2311 1380 s
2314 1362 2368 1388 ogr.

1227 1394 1337 1430 peribus
1350 1397 1520 1434 praevenire,
1538 1406 1570 1426 ac
1579 1403 1765 1434 ,aeternorum
1779 1397 1900 1434 intuitu,
1914 1396 2046 1426 seminare
2058 1397 2087 1426 in
2101 1396 2176 1425 terris
2190 1395 2284 1434 quod,

1225 1432 1360 1475 reddente
1378 1433 1529 1472 Domino,
1548 1444 1616 1464 cum
1636 1435 1822 1475 multiplicato
1841 1435 1933 1465 fructu
1955 1435 2116 1473 recolligere
2133 1433 2285 1465 debeamus

1225 1480 1256 1500 in
1278 1471 1367 1514 caelis,
1386 1470 1498 1502 firmam
1516 1473 1592 1510 spem
1613 1473 1801 1514 fiduciamque
1821 1481 1963 1511 tenentes,
1980 1476 2114 1513 quoniam
2133 1474 2181 1511 qui
2199 1474 2285 1513 parce

1225 1508 1356 1548 seminat,
1374 1512 1456 1549 parce
1479 1512 1513 1542 &
1534 1520 1638 1550 metet,
1657 1513 1691 1542 ὃ(
1708 1513 1754 1552 qui
1775 1511 1891 1543 seminat
1908 1513 1937 1542 in
1959 1512 2201 1542 benedictionibus
2215 1535 2225 1549 ,
2249 1512 2285 1542 de

1226 1548 1470 1580 benedictionibus
1484 1550 1517 1580 &
1532 1558 1618 1581 metet
1633 1551 1720 1581 vitam
1735 1559 1877 1580 aeternam.

1245 1626 1250 1631 ‘
1263 1586 1343 1617 Cum
1356 1588 1541 1628 itaque‚s1cut
1554 1599 1587 1619 ex
1598 1598 1673 1630 parte
1684 1589 1848 1619 dilectarum
1861 1590 1889 1619 in
1897 1588 2015 1619 Christo
2028 1589 2146 1620 filiarum
2199 1588 2284 1619 Prio-

1229 1625 1301 1655 riffae
1317 1627 1350 1657 &
1364 1625 1532 1657 Conventus
1648 1627 1813 1658 Monasterii
1827 1628 1938 1658 Sanstae
1954 1627 2056 1657 Mariae
2069 1628 2105 1658 de
2118 1627 2221 1664 Pratis,
2239 1636 2288 1657 ex-

1227 1672 1268 1708 tra
1288 1665 1391 1696 Villam
1411 1665 1507 1696 Sanffi
1528 1665 1649 1705 Albani,
1673 1667 1777 1697 ordinis
1797 1666 1893 1697 Sansti
1914 1665 2082 1704 Benedicti,
2108 1665 2288 1696 Lincolnien.

1228 1703 1382 1742 Diocaesis,
1407 1705 1459 1735 fuit
1472 1705 1644 1744 propoiitum
1659 1715 1756 1735 coram
1769 1705 1867 1742 nobis,
1889 1704 1965 1744 quod
1980 1714 2048 1735 curn
2062 1705 2171 1735 eaedem
2185 1704 2290 1735 domos

1226 1743 1306 1782 ipsius
1328 1742 1510 1781 Monasterii,
1529 1744 1615 1774 nimia
1634 1744 1768 1774 vetustate
1787 1744 1981 1782 consumptas,
1997 1753 2120 1783 reparare
2135 1744 2289 1782 inceperint

1226 1790 1311 1818 opere
1325 1791 1386 1811 non
1399 1782 1549 1812 modicum
1564 1781 1744 1823 sumptuoso,
1762 1782 1795 1814 ὃς
1808 1781 1843 1813 ad
1863 1781 2140 1813 consummationem
2155 1782 2234 1822 ipsius
2251 1782 2289 1812 eis

1226 1821 1346 1889 prqpriae
1360 1830 1420 1850 non
1434 1820 1577 1861 suppetant
1588 1820 1747 1860 facultates3

1300 1859 1485 1889 niversitatem
1512 1859 1634 1890 vestram
1659 1869 1790 1899 rogamus
1803 1882 1813 1896 ,
1838 1869 2012 1897 monemus,
2037 1860 2070 1890 &
2089 1859 2236 1889 hortamur
2257 1859 2288 1890 in

1229 1896 1380 1936 Domino,
1405 1898 1435 1928 in
1454 1898 1647 1928 remissionem
1665 1899 1747 1929 vobis
1768 1899 1967 1935 peccaminum
1988 1899 2181 1936 injungentes,
2199 1899 2288 1937 quati-

1228 1946 1280 1966 nus
1298 1935 1333 1966 de
1352 1936 1451 1973 bonis,
1470 1946 1485 1966 a
1507 1936 1575 1966 Deo
1595 1937 1678 1968 vobis
1700 1937 1824 1974 collatis,
1839 1937 1897 1976 pias
1918 1936 2092 1967 Ylemolinas
2111 1937 2145 1967 &
2158 1945 2234 1976 grata
2254 1935 2289 1966 ad

1228 1974 1285 2004 1100
1307 1976 1424 2005 caritatis
1441 1974 1556 2005 subsidia
1576 1976 1711 2015 erogetis,
1727 1984 1758 2006 ut
1813 1985 1826 2004 r
1848 1975 2065 2005 subventionem
2081 1975 2203 2005 vestram
2218 1984 2291 2013 opus

1229 2013 1387 2050 hujusmodi
1402 2013 1490 2044 valeat
1504 2013 1711 2052 consummari,
1728 2024 1769 2045 vo
1779 2023 1849 2052 que,
1868 2023 1917 2051 per
1930 2013 1993 2043 haec
2008 2014 2042 2044 ὃ(
2055 2013 2106 2043 alia
2120 2013 2197 2043 bona
2207 2023 2290 2051 ,quae

1230 2051 1365 2096 Domino
1387 2052 1534 2091 inspirante
1553 2052 1689 2091 feceritis,
1714 2052 1749 2084 ad
1769 2061 1882 2083 aeternae
1903 2052 2008 2092 poffitis
2030 2051 2176 2082 faehcitatis
2192 2051 2291 2091 gaudia

1252 2100 1391 2121 ervenire·

1232 2100 1250 2131 p
1266 2128 1334 2160 Nos
1353 2114 1431 2159 en’im
1452 2129 1488 2160 de
1507 2130 1708 2170 omnipotentis
1730 2129 1788 2160 Dei
1804 2129 1991 2160 misericordia
2004 2130 2038 2160 &
2053 2129 2202 2160 beatorum
2215 2127 2292 2159 Petri

1230 2168 1264 2199 &
1278 2167 1357 2199 Pauli
1372 2168 1574 2208 Apostolorum
1589 2169 1645 2206 ejus
1656 2169 1821 2200 auctoritate
1834 2167 1949 2205 confisi,
1973 2168 2106 2197 omnibus
2120 2177 2186 2198 vere
2198 2167 2293 2207 poeni-

1229 2207 1352 2238 tentibus
1371 2208 1404 2238 &
1426 2206 1572 2245 confessis,
1589 2208 1635 2245 qui
1657 2209 1694 2238 eis
1711 2207 1746 2238 ad
1765 2207 1893 2248 praediffi
1913 2207 2004 2244 operis
2015 2205 2293 2236 consummationem

1229 2256 1347 2276 inanum
1368 2246 1538 2286 porrexerint
1562 2246 1745 2284 adjutricem,
1772 2245 1952 2286 quadraginta
1971 2245 2029 2275 dies
2050 2243 2085 2274 de
2105 2244 2229 2283 injunita
2243 2244 2296 2274 fibi

1231 2286 1395 2325 poenitentia
1408 2283 1621 2315 misericorditer
1636 2285 1797 2316 relaxamus.

1269 2361 1338 2406 Dat.
1361 2361 1490 2394 Lateran.
1509 2361 1624 2394 decimo
1644 2361 1709 2394 Kal.
1726 2361 1848 2401 Januarii
1863 2385 1875 2400 ,
1906 2359 2093 2393 Pontificatfis
2112 2359 2201 2391 nostri
2221 2367 2299 2391 anno

1235 2408 1328 2431 tertio.

1235 2527 1356 2559 Littera
1382 2527 1517 2558 Beatrici
1544 2525 1693 2571 Comitiffie
1721 2527 1883 2557 Provinciae
1900 2550 1910 2566 ‚
1952 2521 1989 2556 de
2010 2533 2086 2570 pace
2104 2521 2196 2567 fassa
2227 2530 2299 2553 cum

1546 2574 1651 2606 Carolo
1667 2576 1779 2607 Comite
1794 2571 1989 2618 Andegnviae.

1234 2656 1315 2713 RE
1325 2656 1356 2688 X
1365 2656 1536 2702 'Comitiffae
1551 2656 1712 2689 Provinciae
1720 2680 1730 2696 ,
1745 2656 1869 2688 salutem.

1325 2697 1420 2727 SCiatis
1430 2696 1507 2736 quod
1519 2696 1640 2726 formam

1234 2734 1397 2765 Provinciae
1404 2759 1414 2773 ,
1430 2745 1479 2775 per
1499 2734 1633 2765 illustrem

1651 2697 1745 2765 pacis,
1769 2696 1841 2725 inter
1852 2704 1916 2732 VOS,
1943 2693 1978 2724 &
1991 2692 2130 2725 Carolum
2142 2693 2292 2724 Comitem
2317 2667 2450 2745 ΑῙἛἽΒ

1682 2745 1697 2764 e

1697 2744 1764 2774 gem
1784 2733 1911 2764 Franci-ae
1925 2733 2071 2777 ¹provisam
2085 2756 2095 2772 ,
2120 2732 2292 2771 ordinatam,
2316 2749 2368 2774 An.
2383 2756 2430 2775 M·

1235 2775 1269 2805 &
1284 2774 1440 2812 firmatam,
1454 2773 1532 2811 super
1545 2773 1622 2803 facto
1633 2773 1832 2803 Comitatuum
1847 2772 2006 2803 Provmciae
2020 2795 2030 2810 ,
2053 2772 2087 2802 &
2099 2770 2292 2811 Folqualquar.
2318 2789 2351 2812 H.
2375 2794 2400 2821 3·

1235 2821 1316 2852 atque
1332 2811 1544 2843 Marchionatus
1556 2812 1731 2850 Provinciae,
1749 2821 1927 2852 acceptamus
1941 2811 1981 2854 &.
1987 2819 2093 2849 gratam
2105 2809 2255 2853 habemus,

2315 2827 2375 2850 Pat.
2391 2831 2439 2859 41.

1273 2851 1358 2882 Salvo
1378 2853 1436 2889 jure
1455 2850 1533 2890 quod
1555 2851 1655 2894 nobis,
1673 2851 1706 2881 &
1725 2850 1837 2894 dileffftae
1860 2849 1983 2892 consorti
1997 2848 2100 2892 nostrae
2116 2848 2151 2878 A.
2173 2848 2293 2887 Reginae
2319 2865 2352 2889 H.
2373 2871 2397 2897 3,

1236 2890 1358 2927 nostrae,
1374 2899 1489 2920 necnon
1502 2890 1536 2919 &
1552 2889 1679 2920 Ricardo
1696 2887 1808 2919 Comiti
1822 2887 1978 2918 Coi-nubiae
1992 2888 2067 2917 fratri
2082 2886 2197 2925 nostro,
2216 2888 2249 2918 &
2264 2887 2294 2917 S.
2320 2910 2345 2927 „—
2359 2909 2382 2927 1¹
2392 2899 2419 2928 d·

1236 2928 1494 2998 Comffiscaefuxori
1513 2927 1652 2967 ejusdem,
1668 2928 1805 2967 competit
1816 2928 1846 2957 in
1861 2926 2049 2957 Comitatibus
2061 2926 2094 2957 &
2107 2924 2293 2958 Marchiona-

1238 2975 1268 2998 tu
1282 2978 1320 3006 pr¹
1361 2977 1368 2997 1
1403 2977 1431 2997 is.

1276 3043 1311 3075 In
1324 3045 1401 3083 cujus
1408 3067 1416 3082 ,
1434 3043 1496 3075 &c.

1272 3121 1361 3153 Teste
1375 3120 1458 3161 Rege
1468 3119 1540 3159 apud
1556 3117 1693 3158 Merton,
1709 3119 1804 3159 primo
1817 3118 1864 3149 die
1873 3117 2004 3157 Januarii.

1237 3249 1357 3282 Littera
1372 3244 1467 3279 eidem
1483 3243 1631 3290 Comitiffie
1643 3270 1653 3286 ,
1687 3256 1748 3290 qua
1770 3246 1909 3290 qmritur
1916 3243 1953 3287 [ὲ
1965 3252 2116 3290 gravatos
2132 3240 2182 3286 effi’
2199 3237 2239 3271 ab
2253 3251 2300 3271 eo-

1499 3292 1567 3325 dem
1590 3292 1694 3325 Carolo
1712 3295 1743 3325 in
1754 3293 1841 3337 fasso
1865 3294 2039 3325 Provinciae.

1237 3378 1357 3436 REX
1371 3379 1481 3423 dilectae
1498 3376 1585 3423 Matri
1599 3377 1655 3408 suae
1667 3376 1699 3408 B.
1718 3376 1880 3407 Comitissae
1898 3373 2113 3419 Marchionatus
2126 3372 2298 3417 Provinciae,
2323 3366 2399 3427 Arin.
2412 3366 2455 3400 D,

1311 3419 1344 3449 &
1367 3418 1530 3449 Comitatus
1553 3416 1657 3447 Forch.
1676 3416 1791 3447 salutem
1812 3416 1845 3446 &
1868 3416 1981 3446 sincerae
1993 3413 2150 3444 dilectionis
2161 3419 2298 3450 augmen-
2339 3415 2424 3445 1⁸57.

1239 3465 1300 3487 tun]
1304 3480 1309 3485 .

2321 3449 2374 3473 An.
2393 3455 2442 3481 4¹-

1273 3494 1369 3525 Sciatis
1384 3494 1460 3533 quod
1475 3503 1543 3532 nOS,
1561 3494 1594 3524 &
1606 3493 1719 3533 Regina
1731 3492 1841 3529 nostra,
1854 3491 1908 3521 filia
1922 3490 2026 3525 vestra,
2041 3488 2175 3526 liberique
2188 3487 2295 3532 nostri,
2319 3488 2354 3527 H:
2379 3491 2405 3518 3·

1236 3534 1428 3564 incolumitate
1446 3534 1570 3562 laetamur
1594 3541 1746 3570 corporea,
1764 3531 1841 3569 quod
1852 3530 1888 3560 de
1903 3529 1998 3566 vobis,
2019 3535 2150 3566 tanquam
2164 3525 2200 3556 de
2213 3527 2294 3556 nobis
2317 3522 2421 3549 lbtalssm·

1239 3572 1316 3610 ipsis,
1333 3572 1401 3602 scire
1415 3570 1631 3612 praecordialiter
1644 3569 1822 3606 affectamus,
1973 3604 1987 3609 ..
2097 3603 2103 3608 .
2279 3604 2284 3609 .

1276 3610 1366 3640 Vobis
1391 3608 1573 3649 significantes
1584 3608 1661 3648 quod
1676 3609 1712 3638 de
1727 3607 1813 3637 taediis
1827 3606 1859 3636 &
1873 3604 2017 3644 angustiiS,
2034 3603 2118 3633 vobis
2131 3612 2181 3642 per
2195 3602 2301 3634 Comi-

1239 3656 1298 3679 tem
1314 3648 1472 3679 Provinciae
1488 3671 1498 3685 ,
1520 3647 1645 3677 Fratrem
1660 3646 1746 3685 Regis
1760 3645 1902 3681 Franciae,
1920 3643 1996 3672 illatis
2008 3641 2087 3682 super
2099 3642 2175 3672 tertis
2187 3642 2220 3672 δε
2235 3647 2300 3682 pos-

1239 3687 1422 3725 sellionibus,
1457 3696 1521 3725 quae
1549 3687 1635 3716 bonae
1664 3685 1811 3715 memoriae
1840 3681 2042 3724 Reymunduj,
2068 3679 2212 3724 quondam
2238 3681 2301 3711 Co-

1241 3736 1301 3756 mes
1320 3729 1336 3744 *²
1355 3725 1515 3756 Provincia:
1529 3747 1539 3762 ,
1562 3725 1674 3754 maritus
1693 3723 1800 3760 vester,
1825 3721 1908 3750 vobis
1928 3720 2053 3759 reliquit,
2076 3717 2188 3748 fastiditi
2211 3718 2302 3759 sumus

1241 3775 1301 3795 non
1322 3764 1470 3794 modicum
1492 3763 1526 3793 ὃς
1548 3763 1664 3798 turbati,
1682 3761 1715 3792 &
1733 3770 1770 3790 eo
1790 3759 1875 3797 magis
1896 3758 1972 3796 quod
1995 3757 2103 3788 videtur
2121 3756 2198 3796 quod
2213 3759 2303 3800 cintus

1243 3803 1350 3834 Comes
1371 3802 1548 3838 Provinciae,
1564 3803 1612 3841 qui
1634 3801 1715 3831 vobis
1736 3799 1792 3838 pari
1815 3797 1922 3827 foeciere
1941 3806 2000 3836 quo
2023 3796 2055 3826 ὃς
2077 3805 2146 3834 nos,
2164 3794 2303 3835 affigitur,

1242 3853 1294 3873 vos
1347 3843 1397 3872 tius
1410 3843 1507 3879 juvare
1521 3839 1649 3877 deberet,
1665 3847 1750 3877 quam
1764 3846 1883 3877 gravare.
1973 3874 1978 3879 ‘

1265 3852 1368 3912 vUlffile
1388 3880 1504 3910 libenter
1526 3878 1560 3908 ad
1585 3879 1643 3908 hoc
1656 3881 1859 3916 apponeremus
1874 3873 2030 3904 remedium
2043 3872 2063 3903 fi
2075 3871 2231 3912 possemus,
2249 3871 2305 3916 set,

1244 3921 1307 3960 quia
1328 3920 1387 3948 tam
1406 3928 1473 3954 nos,
1488 3917 1573 3955 quam
1591 3917 1634 3946 alii
1655 3916 1738 3945 amici
1758 3913 1842 3944 vestri
1863 3914 1941 3943 variis
1961 3913 1994 3943 ὅτ,
2009 3912 2170 3951 urgentibus
2185 3919 2303 3949 negotiis

1244 3967 1420 3997 occupamur
1440 3956 1491 3985 hiis
1512 3955 1625 3993 diebus,
1642 3961 1755 3993 oportet
1777 3962 1829 3983 nos
1851 3952 1974 3982 formam
1995 3953 2085 3991 pacis,
2107 3951 2178 3979 inter
2200 3958 2250 3978 vos
2269 3950 2303 3991 33<

1245 3998 1356 4028 1110111111
1380 3995 1531 4026 Comitem
1555 3994 1718 4025 Provinciae
1747 3992 1845 4022 initam
1860 4014 1870 4030 ,
1892 3990 2025 4031 patienter
2042 3988 2077 4019 ad
2098 3986 2216 4026 praesens
2229 3986 2307 4017 susti-

1248 4046 1323 4068 nere.

1288 4075 1336 4116 Et,
1346 4082 1413 4104 cum
1434 4071 1620 4105 intelleximus
1631 4070 1711 4112 quod
1727 4078 1778 4102 vos
1790 4068 1912 4107 debetis,
1929 4066 2081 4100 secundum
2094 4064 2219 4097 formam
2232 4063 2312 4132 pacils-

2327 3726 2458 3760 *1.617.
