2570 4261
93 217 170 249 'Anrt
179 218 221 249 D.

91 267 176 323 253?
180 266 206 324 {1

72 2295 206 2333 ‘11.508.

242 131 296 172 80

242 215 419 255 hujusmodi,
435 213 508 251 apud
522 221 570 242 me
583 210 619 241 de
633 209 744 240 decima
759 209 816 247 ipsa
827 208 1004 246 remanserit,
1018 206 1087 238 illud
1115 206 1238 237 similiter
1261 215 1305 236 re-

246 255 374 291 stituam,
389 252 423 282 ad
445 251 570 282 vestrum
584 249 786 286 dictorumque
800 247 1022 284 Successorurn,
1039 247 1073 278 &
1087 244 1223 276 Ecclesiae
1237 243 1303 274 Ro-

245 302 335 323 manae
349 289 521 321 mandatum.
923 324 928 329 ¹
1102 322 1107 328 ·
1262 322 1267 326 .

281 330 318 361 Et
332 328 427 366 quod,
445 325 533 364 siquid
554 325 590 355 de
603 324 744 362 expensis,
762 334 826 362 quae
839 324 906 354 fient
921 333 950 353 m
966 330 1167 362 praeparatione
1181 320 1301 364 praedic-

243 376 288 406 ta,
307 368 352 397 vel
368 365 404 395 de
417 365 486 395 datis
500 364 546 394 seu
557 362 692 402 assignatis
703 386 712 401 ,
730 363 787 401 ejus
800 362 966 400 occasione,
985 371 1034 392 me
1049 361 1138 403 taliter
1152 359 1302 402 impedito,

244 405 399 441 recuperari
417 403 564 439 contingat
578 426 588 439 ,
614 402 660 431 vel
680 401 717 432 de
736 401 818 431 rebus
840 401 996 439 praeparatis
1008 402 1160 430 occalione
1172 397 1301 441 passagii,

242 443 423 474 medietatem
443 440 515 470 illius
535 439 659 470 similiter
677 439 821 470 restituam
839 449 845 468 τ
869 438 994 477 Reliqua
1015 440 1088 470 vero
1104 436 1237 466 medietas
1250 443 1302 465 erit

242 491 312 512 mea.
1177 513 1182 518 ι
1247 512 1252 517 .

278 519 337 548 Pro
352 518 405 549 hiis
419 518 513 555 itaque
526 517 661 548 omnibus
676 515 795 546 firmiter
809 514 987 546 observandis
1002 537 1011 552 ,
1029 515 1062 545 &
1078 513 1201 550 plenarie
1211 511 1301 541 adim-

238 555 362 595 plendis,
382 566 447 594 me,
464 555 634 587 successores
650 565 748 592 τηεσε,
761 565 793 585 ac
811 556 898 584 exitus
912 554 946 584 &
960 561 1114 595 proventus
1129 560 1208 580 meos
1220 550 1300 588 Reg-

237 597 267 625 ni
280 595 406 633 Angliae,
425 595 595 631 aliarumque
609 602 745 623 terrarum
759 603 905 631 mearum,
923 593 957 622 &
972 600 1069 634 omnia
1082 589 1132 619 alia
1143 590 1219 618 bona
1235 597 1299 617 mea

237 634 354 663 mobilia
369 656 377 670 ,
403 634 485 664 vobis
499 658 509 670 ,
527 634 560 662 &
572 632 652 662 dietis
670 631 881 661 Successoribus
897 629 1009 667 vestrm,
1028 638 1061 659 ac
1077 627 1222 658 Romanae
1238 626 1297 656 Ec—

237 672 328 702 clesiae
343 672 443 712 obligo
456 671 623 709 specialiter,
641 671 674 700 δε
689 670 821 706 expreffe.
956 707 960 711 ¹
983 707 988 711 .
1115 705 1119 710 .
1259 704 1264 708 ῃ

277 710 429 740 Praesentes
443 710 542 741 litteras
556 718 649 745 meaS,
668 708 764 746 Regio
778 707 921 745 pendente
933 705 1030 745 Sigillo
1042 712 1177 749 munitas,
1195 704 1295 747 vobis,

238 749 316 786 supra
329 749 429 786 dietis,
446 747 647 778 successoribus
662 746 759 776 vestris
772 748 807 778 &
822 745 955 776 Ecclesiae
974 745 1119 774 Romanae
1134 753 1163 772 in
1177 750 1298 774 veritatis

235 787 450 824 testimonium,
469 784 665 817 concedendo.

268 825 445 894 Εῗὲᾖςῗιτξως
466 871 581 900 quoque
602 861 637 892 ad
657 872 761 893 omnes
775 861 1008 905 CrucesignatOS,
1028 860 1076 898 qui
1089 858 1147 903 effe
1162 864 1296 896 poterunt

229 902 334 932 habiles
356 902 390 931 ad
412 901 593 940 pugnandum
608 924 618 939 ,
637 901 684 931 vel
697 901 760 931 alias
774 901 854 931 utiles
868 901 917 938 ipsi
932 909 1027 937 terrae,
1044 898 1248 928 monitionibus
1259 897 1292 926 ὃς

231 940 449 978 persuasionibus
461 939 624 970 efficacibus
638 940 696 977 uti,
715 949 746 971 ut
759 941 787 970 in
802 939 924 979 passagio
938 938 997 975 ipso
1013 937 1214 980 transfretent,
1230 945 1293 965 eos-

228 989 285 1016 que
305 979 493 1017 compellere,
512 988 583 1016 quos
607 980 741 1016 temporis
756 979 885 1016 qualitas,
902 978 935 1009 &
950 977 1075 1014 ipsorum
1089 974 1217 1006 conditio
1232 973 1290 1004 sua-

230 1017 355 1056 debunt,
373 1027 406 1047 ac
424 1016 508 1048 Sedes
523 1017 623 1046 eadem
637 1016 768 1054 expedire
782 1016 883 1047 viderit
897 1014 1137 1057 compellendos..
1167 1053 1171 1058 Ι

270 1054 451 1086 Intendentes
473 1055 524 1085 tibi
539 1054 576 1085 de
595 1055 713 1085 decimis
724 1057 758 1086 &
771 1055 1008 1092 obventionibus,
1027 1053 1152 1083 colleshs
1165 1062 1193 1081 iri
1209 1059 1292 1081 terrae

232 1104 398 1125 memorata:
420 1093 570 1125 subsidium
581 1117 590 1132 ,
614 1095 643 1123 in
658 1094 709 1124 illis
723 1095 800 1124 terris
816 1103 934 1131 quarum
951 1093 1073 1122 Domini
1087 1100 1148 1121 non
1162 1089 1291 1120 transfre-

232 1133 350 1172 tabunt,
367 1133 593 1171 impedimentis,
612 1142 689 1162 nunc
709 1132 884 1163 obstantibus
897 1156 907 1170 ,
934 1131 1068 1162 Domino
1080 1129 1210 1167 favente,
1227 1128 1290 1175 sub-

229 1171 308 1210 latis,
327 1182 379 1202 nec
399 1171 654 1209 supervenientibus
674 1172 756 1203 novis
770 1195 780 1209 ,
806 1171 894 1202 taliter
916 1169 1073 1208 subvenire,
1092 1167 1170 1206 quod
1184 1175 1288 1197 merito

230 1212 335 1248 poteris
350 1210 406 1240 effe
415 1218 572 1240 contentus.
1163 1246 1168 1251 .
1224 1226 1230 1249 2

268 1248 411 1288 Qianivis
428 1249 539 1286 insuper
560 1248 710 1286 imparatus
730 1247 826 1279 existas
841 1272 850 1286 ,
867 1247 901 1277 ad
915 1245 1147 1288 transfretandum
1162 1252 1188 1275 in
1204 1242 1289 1288 dista}

227 1293 311 1317 terrae
324 1287 484 1317 succursum
499 1311 508 1324 ,
535 1286 604 1316 infra
618 1288 789 1324 triennium,
807 1287 836 1316 in
851 1284 1147 1328 disti-Praedecefforis
1160 1283 1289 1314 Honoru

228 1324 324 1355 litteris
344 1325 581 1363 comprehensum
594 1349 604 1364 ‚
630 1334 714 1363 prout
735 1326 817 1364 exigit
833 1326 940 1362 negotii
953 1325 1021 1354 tanti
1036 1323 1172 1366 arduitas,
1191 1322 1224 1352 &
1238 1322 1286 1351 ha-

228 1363 307 1393 beret
325 1364 472 1394 arbitrium
491 1362 569 1393 Sedis
585 1363 724 1402 eusdem,
743 1363 942 1394 nichilominus
954 1364 1023 1400 tibi,
1041 1370 1209 1393 renuntianti
1221 1369 1286 1390 om-

227 1403 258 1431 ni
273 1400 448 1432 concessioni
462 1402 582 1441 colligen
604 1412 629 1432 ae
642 1402 779 1439 decimae,
799 1412 848 1440 per
860 1402 906 1432 sex
920 1411 1008 1432 annos
1024 1401 1149 1437 futuros,
1169 1408 1222 1437 pro
1231 1407 1286 1429 ter-

227 1449 267 1469 ηε
289 1439 445 1478 saepediclae
463 1440 591 1471 succursu
602 1465 612 1479 ,
636 1441 708 1472 faeta
728 1442 780 1471 tibi
795 1442 810 1471 ὲ
824 1440 942 1479 praeiens
956 1438 1221 1482 praedecessoribus,
1237 1446 1284 1467 aut

225 1477 349 1516 ipsorum
363 1478 473 1517 aliquo,
491 1479 537 1508 vel
551 1488 566 1508 a
581 1480 683 1518 nobis,
700 1489 733 1510 ac
750 1480 858 1517 penitus
873 1478 1017 1510 recedenti
1029 1479 1045 1508 Ξι
1059 1478 1220 1520 uasta-tibus
1243 1477 1287 1507 su-

227 1526 279 1554 per
300 1517 357 1547 hoc
381 1527 450 1547 cum
467 1517 569 1548 eisdem
586 1518 699 1558 habitis,
718 1518 763 1547 vel
779 1517 927 1548 nobiscum
944 1519 1118 1556 (quanquam
1134 1519 1153 1546 ii
1168 1516 1286 1552 diligen-

227 1556 284 1585 tius
297 1555 470 1593 attendatur,
489 1555 686 1586 concessiones
701 1555 863 1595 hujusmodi
877 1556 968 1594 plenae
982 1566 1041 1586 non
1057 1555 1176 1585 habeant
1191 1553 1287 1597 effica-

226 1595 303 1623 ciam
325 1593 470 1631 firmitatis)
493 1604 546 1625 nos
567 1594 603 1624 de
625 1605 706 1625 novo
722 1618 732 1632 ,
751 1594 788 1625 de
800 1594 1003 1633 praediclorum
1017 1594 1136 1624 fratrum
1151 1594 1286 1633 conlilio,

225 1631 271 1661 sex
285 1642 425 1663 annorum
438 1632 596 1670 decimam,
616 1634 644 1663 in
657 1633 739 1663 dietis
748 1632 855 1674 Regnis
869 1633 980 1673 Angliae
994 1634 1027 1665 δε
1042 1633 1164 1672 Scotiae,
1183 1633 1216 1664 &
1231 1641 1287 1663 ter-

226 1671 262 1700 ris
277 1670 320 1700 W
321 1671 391 1701 alliae
404 1673 437 1702 &
452 1671 610 1709 Hyberniae
624 1671 820 1703 concedimus:

265 1709 365 1746 Quam
385 1709 524 1740 decimam
544 1710 588 1740 sex
601 1710 762 1741 futui-orum
776 1720 935 1749 annorum,
955 1711 1068 1741 interim
1081 1711 1159 1741 annis
1174 1710 1286 1748 singulis

225 1747 420 1778 mandabimus
434 1749 548 1788 colligi,
567 1750 617 1787 ὅτ,
637 1749 714 1787 quod
726 1760 791 1780 ante
805 1759 886 1781 tuum
903 1750 1053 1790 passagium
1070 1749 1153 1780 fuerit
1175 1749 1212 1779 de
1227 1750 1287 1788 ipsa

225 1786 382 1817 collec‘tum
399 1810 409 1826 ,
433 1788 484 1817 tibi
499 1812 508 1826 ,
535 1787 686 1826 postquam
707 1799 775 1819 cum
798 1797 848 1819 tuo
867 1790 992 1819 exercitu
1005 1787 1040 1818 ad
1053 1788 1287 1819 transfretandum

225 1833 305 1854 mare
325 1826 470 1855 intraveris
483 1849 492 1863 ,
518 1826 662 1865 affignai‘i:
692 1826 785 1866 Qiod
805 1830 896 1865 vero,
915 1827 979 1865 post
994 1827 1166 1865 passagium,
1180 1826 1216 1856 de
1229 1828 1286 1865 ipsa

224 1862 338 1894 decima
349 1864 510 1903 colligetur,
529 1866 594 1903 tibi,
612 1865 682 1896 ficut
695 1866 853 1905 colligitur,
867 1866 992 1905 assignari
1006 1865 1199 1896 mandabimus
1208 1866 1287 1904 post-

227 1910 315 1938 quam
329 1903 359 1931 in
374 1902 442 1933 dieti
459 1903 568 1942 passagii
585 1905 708 1934 termino
722 1904 831 1934 duxeris
845 1903 1077 1935 transfretandum
1087 1929 1096 1943 ,
1114 1912 1200 1942 prout
1208 1915 1286 1945 mag-

225 1940 386 1970 nitudinem
400 1949 476 1972 tuam
488 1941 618 1980 decebit,
634 1944 667 1973 ὃ(
683 1944 803 1981 requiret
819 1944 967 1982 negotium
981 1953 1180 1974 memoratum.

265 1978 327 2010 Fiet
346 1988 440 2010 autem
460 1980 594 2011 colleffio
615 1982 649 2012 &
663 1982 772 2012 exactio
787 1981 868 2019 ipsius
881 1982 1002 2012 decimae
1017 1992 1066 2019 per
1081 1981 1286 2014 Ecclesiasticas

223 2016 355 2058 personas
376 2017 519 2049 dictorum
539 2018 713 2055 Regnorum
725 2045 734 2058 ,
753 2021 786 2050 &
800 2029 937 2051 terrarum
952 2029 1082 2060 tuarum,
1100 2021 1145 2051 vel
1160 2031 1210 2058 per
1221 2032 1285 2059 per-

225 2057 305 2085 ionas
317 2056 379 2085 alias
394 2057 445 2086 tibi
458 2064 559 2096 grat-as,
572 2058 650 2095 juxt-a
664 2059 785 2089 modum
798 2059 831 2089 ὃς
846 2059 986 2097 formam,
1005 2069 1076 2097 quos
1091 2058 1177 2089 Sedes
1190 2060 1285 2098 Apos-

225 2093 310 2124 tolica
332 2094 441 2125 duxerit
462 2095 658 2134 ordinandos,
682 2107 736 2127 nec
758 2097 928 2128 intendimus
944 2121 954 2137 ,
979 2097 1057 2135 quod
1077 2097 1113 2127 de
1127 2097 1234 2137 Regnis
1249 2101 1283 2131 &

221 2130 329 2200 ‘gerrig‘
340 2133 443 2202 etiisdem
465 2134 623 2172 colligenda
643 2134 755 2166 decima
775 2136 928 2167 extrahatur
944 2161 955 2175 ,
969 2144 1032 2167 ante
1046 2145 1156 2174 ternpus
1171 2137 1284 2178 paffiigii

237 2179 302 2208 upra
323 2176 347 2201 ic
373 2195 379 2200 .

261 2209 339 2248 Qia
360 2218 454 2241 tamen
475 2211 504 2241 in
526 2210 636 2249 Regnis
652 2235 662 2251 ,
681 2222 713 2243 ac
728 2212 868 2243 Hibernis
883 2212 917 2243 δε
929 2212 1035 2244 wallia
1048 2213 1226 2253 supradietis,
1240 2214 1282 2245 di-

220 2248 308 2278 versae
322 2272 331 2286 ,
357 2258 388 2280 ut
409 2249 510 2280 dicitur
523 2273 533 2288 ,
557 2250 627 2281 fiunt
650 2253 842 2281 extimationes
863 2251 1023 2282 reddituum
1041 2253 1074 2283 &
1091 2261 1282 2290 proventuum

222 2285 441 2325 praedi‘etomm
460 2287 603 2318 statuimus
625 2297 672 2328 ut,
690 2290 708 2310 *²
723 2290 802 2329 juxta
816 2300 916 2321 verum
927 2290 1052 2328 ipsorum
1068 2291 1212 2330 valorem,
1229 2294 1281 2324 tibi

220 2324 355 2364 praedicta
367 2325 479 2356 decima
491 2327 668 2366 persolvatur.

254 2363 311 2394 Sed
325 2374 374 2403 ne,
392 2366 421 2394 in
435 2364 605 2396 collectione
618 2366 715 2406 ipsius,
734 2366 754 2396 fi
771 2376 901 2407 congruo
913 2368 1004 2399 modo
1018 2379 1078 2399 non
1093 2368 1185 2408 fieret,
1204 2371 1279 2402 mul-

217 2410 315 2433 torum
327 2402 466 2441 scandala,
485 2405 518 2434 &
533 2405 691 2435 animarum
706 2405 818 2446 possent
832 2407 955 2444 pericula
968 2406 1101 2447 suboriri,
1118 2408 1222 2439 nostrae
1236 2411 1279 2440 in-

218 2442 350 2471 tentionis
363 2441 470 2481 existit,
487 2450 518 2472 ut
533 2443 561 2472 in
575 2444 748 2474 coneetione
759 2445 820 2482 ipsa
833 2455 882 2482 per
897 2445 1067 2483 deputandas
1080 2471 1090 2484 ,
1108 2455 1139 2477 ut
1152 2450 1278 2484 praemit-

216 2480 298 2517 titur,
317 2480 352 2509 ab
368 2480 611 2523 Apostoliccisede
632 2482 761 2520 personas
773 2506 783 2522 ,
807 2484 912 2523 taliter,
929 2484 1026 2514 ac‘tore
1040 2483 1190 2524 Domino,
1210 2497 1276 2525 pro-

220 2518 351 2557 cedatur,
370 2519 446 2557 quod
467 2520 625 2555 huiulmodi
642 2521 765 2552 scandala
779 2545 789 2560 ,
816 2522 873 2553 five
894 2523 1015 2560 pericula
1036 2524 1145 2554 valeant
1164 2527 1276 2565 evitari,

217 2557 252 2587 &
276 2556 468 2600 indempnitati
488 2567 542 2589 tuae
563 2559 708 2599 condigno
728 2560 846 2599 favore,
865 2570 1001 2599 quantum
1015 2561 1049 2592 ad
1061 2565 1276 2602 perceptionem

218 2595 367 2632 praelibatae
380 2596 518 2634 decimae,
537 2598 656 2633 provide
672 2598 837 2629 consulatur.

256 2632 452 2676 Concedimus
461 2645 576 2673 quoque
591 2636 640 2665 tibi
653 2637 841 2667 obventiones
856 2638 990 2676 quassibet
1003 2640 1032 2669 in
1046 2639 1187 2677 praedi'etis
1194 2640 1273 2681 Reg-

215 2672 259 2701 nis
272 2696 282 2714 ,
305 2671 444 2703 Hibernia
457 2696 466 2711 ,
491 2675 524 2704 ὅτ
547 2673 647 2705 wallia
661 2699 671 2711 ,
697 2685 746 2712 per
767 2675 859 2705 diclos
874 2677 918 2706 sex
933 2687 1037 2715 annos,
1056 2678 1151 2708 eidem
1165 2679 1272 2709 *Teriae

213 2709 333 2741 sublidio
376 2721 537 2742 foventuras
553 2725 562 2750 3
581 2713 615 2744 &
629 2723 693 2751 quae
708 2722 898 2751 provenerunt
912 2716 994 2744 etiam
1010 2716 1097 2754 inibi,
1114 2717 1129 2746 ὲ
1144 2726 1273 2755 tempore

213 2758 272 2785 quo
286 2759 324 2817 pg
363 2750 434 2817 {istus
449 2750 641 2782 Praedecessor
653 2751 802 2782 Honorius
816 2762 859 2782 eas
877 2753 928 2783 tibi
949 2752 1044 2792 duxit,
1061 2754 1131 2785 dum
1147 2757 1272 2796 viveret,

213 2796 306 2817 conce
327 2798 360 2817 eu
382 2799 416 2819 as.

248 2824 394 2857 Ceterum
402 2827 556 2865 ,reservatis
568 2828 623 2859 sedi
636 2829 780 2869 praedietae
792 2830 1020 2867 interpretatione
1034 2832 1068 2862 &
1082 2831 1270 2864 declaratione

213 2864 357 2901 cujussibet
376 2865 454 2896 dubii
467 2890 477 2905 ,
503 2867 581 2904 quod
604 2868 682 2905 super
704 2867 847 2905 praemiffis
863 2869 1083 2906 quomodolibet
1097 2872 1218 2910 orietur,
1235 2874 1270 2904 ὃς

213 2902 295 2968 quod
316 2911 382 2947 ram·
394 2912 424 2934 tu
438 2929 447 2942 ,
472 2906 560 2943 quam
573 2905 794 2936 praedecessores
813 2908 854 2936 tui
869 2909 934 2946 cogi
947 2908 1053 2945 possitis
1068 2908 1103 2939 ad
1117 2911 1269 2942 observan-

236 2949 285 2983 um
304 2950 399 2971 omnia
421 2953 484 2980 quae
504 2954 553 2981 per
573 2945 672 2976 litteras
685 2954 743 2975 tuas
756 2947 920 2983 promittes,
938 2947 1005 2977 scire
1018 2947 1150 2978 volumus
1164 2948 1266 2980 Excel-

213 2977 329 3007 lentiam
351 2978 473 3017 Regiam
496 2982 574 3019 quod
586 3007 596 3020 ,
610 2991 680 3013 tunc
691 2983 809 3014 demum
822 2984 967 3021 praedictas
980 2986 1176 3017 concessiones
1190 2988 1267 3019 deci-

214 3015 328 3059 mae-sex
339 3018 496 3050 futurorum
509 3030 664 3059 annorum,
682 3032 714 3052 ac
726 3022 952 3061 obventionum,
970 3024 1004 3054 δε
1019 3025 1069 3055 alia
1083 3025 1179 3056 inserta
1194 3037 1266 3064 prce-

211 3053 332 3097 sentibus
346 3055 505 3100 *efficaciam
527 3059 630 3089 habere
647 3060 778 3090 volumus
794 3084 802 3099 ,
828 3061 995 3099 postquam,
1013 3063 1083 3092 infra
1095 3064 1265 3101 praedic'tum

210 3091 414 3135 Purificanonis
434 3095 549 3126 Festum
564 3120 573 3134 ,
598 3098 739 3135 praedictae
760 3098 902 3130 Romanae
924 3099 1058 3131 Ecclesiae
1072 3111 1131 3132 tuas
1143 3112 1265 3140 patentes

210 3129 311 3174 litteras
327 3131 426 3176 feceris
436 3133 578 3177 assignari,
596 3136 675 3173 super
688 3139 880 3175 acceptatione
892 3140 1026 3170 omnium
1045 3140 1264 3183 praedictorum,

209 3178 240 3198 in
254 3169 349 3201 forma
359 3171 523 3212 subscripta,
542 3184 606 3212 quae
620 3174 677 3205 talis
691 3175 749 3213 est,

688 114 1492 168 coNVENTtoNES,

1343 202 1424 232 nium
1447 201 1482 232 ad
1495 200 1662 232 Romanam
1683 201 1839 233 Ecclesiam
1851 208 2022 237 revertatur,
2041 199 2075 231 &
2090 199 2179 230 libera
2191 199 2309 238 perinde
2321 213 2413 236 rema-
2426 203 2503 237 Ann.
2513 207 2555 240 D.

1343 247 1407 270 neat
1428 240 1502 277 apud
1522 240 1610 277 ipsam
1623 264 1632 278 ,
1651 250 1684 270 ac
1698 241 1719 271 si
1731 240 1802 271 faeta
1818 250 1867 279 per
1881 250 1934 271 nos
1949 237 2097 271 conceffio
2108 238 2250 278 decimae,
2270 241 2304 273 δε
2318 243 2412 282 supra-
2423 254 2537 313 1511159}

1548 114 1947 162 LITERAE‚

1341 277 1417 309 dieta
1429 279 1480 309 alia
1493 287 1555 308 non
1567 278 1690 311 fuissent.

1377 353 1445 384 Dat.
1466 353 1576 385 Romae
1597 355 1672 394 apud
1693 356 1826 387 Sanctam
1851 356 1977 387 Mariam
1992 354 2138 394 Majorem
2158 355 2275 388 decimo
2287 356 2409 396 septimo

1343 392 1484 423 Kalendas
1496 393 1591 432 Junii,
1610 395 1794 428 Pontificatfis
1807 394 1898 426 nostri
1913 403 1989 425 anno
2001 395 2095 425 tertio.

1341 468 1528 534 QUarum
1549 470 1704 502 litterarum
1720 470 1878 503 vestrarum
1896 480 1997 503 tenore
2014 472 2098 502 nobis
2116 469 2262 510 diligenter
2276 473 2405 514 exposito

1424 509 1458 538 ὅ(
1475 509 1584 546 plenius
1596 510 1758 548 intellet‘m,
1777 520 1810 540 ex
1827 520 1903 541 nunc
1923 511 2048 548 expresse
2063 512 2251 541 renuntiantes
2270 513 2407 544 omnibus

1339 546 1567 578 concessionibus
1582 572 1592 586 ,
1618 559 1668 586 per
1690 548 1840 586 praedietos
1861 548 2084 579 Praedeceffores
2097 548 2224 586 vestrOS,
2242 550 2405 582 Martinum

1338 583 1372 613 &
1392 583 1560 616 Honorium
1576 609 1586 625 ,
1609 593 1643 617 ac
1666 589 1751 618 etiam
1767 597 1817 625 per
1831 597 1884 618 vos
1898 588 1988 625 ipsos,
2004 588 2138 617 haetenus
2152 588 2235 617 nobis
2247 588 2344 628 factis,
2360 590 2403 621 su-

1339 631 1389 664 per
1403 623 1520 665 ’decima
1539 624 1687 656 dierorum
1709 626 1880 665 Regnorum
1902 627 1936 657 &
1957 626 2130 664 Terrarum,
2149 634 2183 655 ac
2195 626 2274 663 super
2289 628 2402 658 obven-

1337 662 1461 691 tionibus
1484 664 1513 692 in
1536 663 1640 694 eisdem
1662 664 1770 704 Regnis
1790 665 1824 695 ὃς
1836 664 1951 702 Terris,
1969 674 2035 703 quae
2046 673 2255 703 provenerunt,
2273 666 2318 696 vel
2333 676 2401 704 pro—

1338 700 1453 730 venient
1467 701 1589 738 ejusdem
1602 703 1702 733 Terrae
1714 702 1851 740 subsidio,

1376 736 1544 769 Praedictam
1565 740 1707 771 decimam
1727 741 1772 771 sex
1794 741 1953 771 futurorum
1967 750 2126 779 annorum,
2143 751 2177 772 ac
2189 742 2240 772 alia
2255 743 2355 773 omnia
2368 744 2398 774 in

1336 775 1440 806 eisdem
1461 777 1558 808 litteris
1579 779 1782 817 comprehensa
1817 779 1915 816 sponte
1930 780 2081 817 recipimus
2093 780 2127 811 ὅ(
2138 789 2336 820 acceptamus,
2354 782 2400 820 ip-

1336 813 1423 852 sisque
1441 816 1573 846 nostrum
1587 818 1752 855 praestamus
1771 827 1786 847 a
1811 818 1909 848 ensum
1922 841 1932 855 ,
1950 818 1984 848 &
1998 818 2130 855 praedidta
2143 821 2241 850 omnia
2255 820 2288 850 ὃ(
2304 819 2398 859 singu-

1334 851 1376 890 la,
1395 855 1522 891 quatinus
1537 865 1590 885 nos
1606 857 1638 887 &
1652 856 1821 886 successores
1834 856 1947 886 nostros
1961 857 2149 895 contingunt,
2166 858 2213 887 vel
2227 859 2396 898 contingere

1333 892 1466 931 poffunt,
1485 903 1537 924 nos
1551 903 1583 923 ac
1598 894 1670 934 ipsos
1685 894 1881 925 inviolabiliter
1895 894 2048 925 servaturos
2062 897 2270 934 promittimus,

1371 929 1507 962 Volentes
1530 933 1584 970 ipsa
1605 933 1693 963 robur
1718 933 1809 971 plenae
1825 932 1961 963 firmitatis
1973 933 2094 971 habere,
2112 943 2145 964 ac
2159 935 2306 971 praesentes
2321 935 2395 966 litte-

1331 977 1373 998 ras
1386 968 1508 1009 nostras²
1525 970 1621 1010 Regio
1636 972 1777 1009 pendente
1790 971 1877 1011 sigillo
1890 972 2027 1009 munitas,
2045 972 2129 1003 vobis
2140 972 2173 1004 &
2187 972 2323 1004 Ecclesiae
2330 973 2396 1005 Ro-

1332 1016 1425 1038 manae
1439 1009 1641 1048 concedimus,
1656 1012 1685 1040 in
1698 1009 1896 1042 testimonium
1910 1010 2040 1041 veritatis.

1369 1082 1436 1116 Dat.
1455 1086 1530 1124 apud
1550 1085 1684 1124 Clipston
1705 1096 1786 1117 nono
1807 1085 1948 1116 Kalendas
1962 1085 2161 1125 Novembris,
2175 1086 2392 1120 aimolncama-

1330 1123 1414 1154 tionis
1427 1124 1595 1156 Dominicis:
1610 1125 1761 1156 millesimo
1775 1124 1971 1156 ducentesimo
1985 1125 2178 1165 nonagesimo.

1331 1200 1370 1261 S
1381 1201 1553 1248 Anfflffimo
1562 1204 1591 1233 in
1599 1202 1717 1234 Christo
1725 1202 1800 1239 Patri
1810 1202 1945 1246 Domino
1951 1202 2102 1252 Nicholao
2110 1227 2119 1240 ,
2126 1201 2227 1245 ‘divina
2241 1204 2395 1248 providen-

1389 1249 1426 1270 tia
1449 1241 1626 1272 sacrosantstae
1636 1242 1780 1272 Romana:
1795 1251 1828 1272 ac
1842 1241 2016 1272 Universalis
2029 1241 2282 1272 Eccieiiaesummo
2292 1241 2395 1273 Ponti-

1328 1275 1392 1316 fici,
1418 1265 1573 1311 ssdwardus
1589 1280 1646 1311 Dei
1661 1280 1764 1320 gratia,
1783 1279 1849 1310 Rex
1869 1280 1997 1319 Angliae,
2014 1279 2160 1310 Dominus
2175 1279 2341 1319 Hiberniae,
2360 1281 2394 1312 &

1330 1314 1402 1346 Dux
1418 1318 1575 1356 Aquitaniae
1590 1344 1600 1358 ,
1622 1330 1692 1351 curn
1712 1318 1997 1350 recommendatione
2016 1319 2116 1349 humili
2129 1342 2140 1357 ,
2164 1318 2268 1350 devota
2287 1320 2395 1357 pedum

1328 1353 1421 1386 oscula
1439 1358 1597 1388 beatorum.

1366 1394 1548 1427 Praesentium
1563 1397 1645 1427 vobis
1661 1404 1774 1435 tenore,
1792 1396 1959 1427 sanstiffime
1974 1396 2057 1428 Pater
2071 1421 2081 1436 ,
2099 1395 2253 1435 vestrisque
2272 1396 2393 1428 Succes-

1326 1431 1434 1464 foribus
1448 1434 1588 1465 Romanis
1602 1435 1806 1473 Pontificibus,
1825 1436 1859 1466 &
1874 1434 2009 1466 Ecclesiae
2017 1436 2162 1466 Romanae
2178 1437 2389 1474 promittimus,

1328 1472 1408 1508 quod
1432 1473 1450 1503 si
1471 1483 1523 1504 nos
1544 1474 1643 1511 sponte
1663 1474 1709 1504 vel
1732 1474 1815 1511 culpa
1837 1473 1934 1505 nostra
1956 1474 2077 1505 deficere
2098 1476 2126 1504 in
2141 1474 2345 1504 transfretando
2361 1477 2390 1504 in

1329 1510 1348 1528 ³*
1365 1510 1516 1542 subsidium
1538 1512 1640 1542 Terrae
1659 1511 1761 1542 sanetae
1781 1514 1932 1550 contigerit
1944 1536 1954 1550 ,
1981 1513 2026 1543 seu
2044 1522 2161 1556 per-nos
2177 1513 2298 1551 steterit,
2316 1524 2391 1552 quo-
2408 1519 2541 1559 *11509

1327 1550 1422 1580 minus
1437 1552 1467 1580 in
1481 1550 1596 1589 praefixo
1610 1550 1744 1590 generalis
1755 1550 1868 1591 passagii
1883 1552 2007 1581 termino
2019 1557 2225 1582 transn‘etemus
2234 1575 2244 1590 ,

1365 1587 1473 1619 Omnia
1489 1600 1553 1628 quae
1566 1589 1602 1619 de
1616 1590 1729 1620 decima
1741 1590 1824 1620 nobis
1836 1589 1969 1620 concessa
1983 1591 2012 1619 in
2026 1590 2072 1620 An
2094 1590 2136 1620 11ae
2149 1591 2183 1621 &
2196 1590 2302 1621 Scotiae
2310 1589 2391 1636 Reg-

1328 1627 1386 1665 nis,
1405 1638 1437 1658 ac
1450 1628 1548 1658 Terris
1561 1628 1674 1659 Walliae
1685 1629 1717 1659 ὃς
1733 1627 1883 1659 Hiberniae
1895 1639 1947 1659 nos
1962 1630 2056 1666 recepi
2082 1640 2098 1659 c
2120 1629 2290 1669 contigerit,
2307 1629 2388 1660 resti-

1328 1674 1441 1697 tuemus
1457 1666 1491 1697 ad
1508 1666 1635 1698 vestrum
1654 1667 1856 1706 dictorumque
1878 1667 2101 1706 Successorum,
2127 1669 2161 1698 ὃ(
2176 1667 2311 1698 Eccleiiae
2327 1667 2394 1699 Ro-

1328 1714 1420 1735 manae
1441 1706 1604 1737 mandatum
1619 1731 1629 1745 ,
1654 1706 1759 1737 etiamsi
1778 1717 1839 1744 pars
1856 1705 1979 1744 ipsorum
2001 1716 2183 1743 receptorum
2199 1729 2209 1744 ,
2234 1706 2280 1736 vel
2291 1708 2391 1737 onmia

1327 1743 1382 1781 ipsa
1395 1754 1506 1782 recepta
1520 1747 1548 1776 in
1563 1747 1764 1785 praeparatione
1775 1745 2003 1776 transfretationis
2019 1744 2133 1775 fuissent
2149 1745 2274 1781 expensa.

1365 1782 1531 1822 Quodque,
1548 1784 1567 1814 si
1582 1794 1641 1815 non
1653 1783 1919 1815 transfretaverimus
1933 1784 1961 1813 in
1975 1783 2034 1824 ipso
2049 1784 2171 1814 termino
2184 1783 2392 1822 impedimento

1327 1819 1422 1859 aliquo
1438 1822 1599 1862 praepediti,
1617 1823 1760 1862 expensae,
1778 1833 1843 1861 quae
1856 1822 1942 1852 facitae
1956 1821 2059 1853 fuerint
2072 1823 2100 1851 in
2111 1823 2311 1862 praeparatione
2318 1831 2391 1861 prae-

1326 1859 1417 1899 dieta,
1436 1872 1488 1898 pro
1502 1862 1652 1894 medietate
1665 1862 1868 1900 imputabimus
1880 1861 1981 1898 nobis,
2000 1861 2032 1891 &
2050 1870 2102 1898 pro
2117 1860 2266 1891 medietate
2285 1862 2390 1898 reliqua

1326 1898 1529 1936 imputabimus
1541 1901 1686 1939 praedietae
1697 1901 1838 1939 decimae3
1855 1900 1889 1932 ὃς
1905 1908 1939 1930 ex
1954 1908 2032 1930 nunc
2053 1898 2244 1930 consentimus
2259 1898 2340 1938 qued
2352 1899 2390 1931 de

1325 1937 1383 1976 ipsa
1397 1938 1508 1970 decim-<⁶1
1523 1939 1707 1971 deducantur.

1359 1975 1398 2006 Et
1418 1979 1610 2015 promittimus
1630 1978 1724 2017 quod,
1743 1977 1851 2025 siquid,
1868 1976 1941 2007 faeta
1956 1977 2143 2015 imputatione
2158 1975 2204 2007 seu
2218 1976 2391 2008 deduffione

1324 2015 1500 2055 hujusmodi,
1517 2016 1590 2058 apud
1603 2027 1656 2047 nos
1669 2016 1706 2047 de
1718 2015 1830 2047 decima
1845 2015 1904 2054 ipsfi
1917 2016 2092 2054 remanserit,
2111 2015 2180 2046 illud
2202 2014 2326 2046 similiter
2346 2026 2390 2046 re-

1324 2053 1469 2085 stituemus
1477 2079 1487 2094 ,
1506 2061 1540 2085 ad
1554 2055 1681 2087 vestrum
1692 2055 1894 2094 dictorumque
1903 2054 2123 2093 Successbrum,
2140 2053 2315 2086 &Ecclefiae
2324 2053 2392 2086 Ro-

1323 2102 1416 2123 manae
1431 2094 1604 2125 mandatum.

1358 2130 1397 2162 Et
1416 2132 1494 2170 quod
1515 2133 1603 2171 fiquid
1625 2133 1662 2164 de
1674 2132 1798 2174 expenfis
1812 2136 1877 2171 quae
1893 2132 1961 2163 fient
1976 2134 2005 2163 in
2019 2133 2220 2171 praeparatione
2233 2131 2390 2172 praedietag

1324 2170 1370 2200 vel
1391 2170 1427 2200 de
1446 2170 1515 2201 datis
1537 2172 1583 2202 seu
1605 2172 1740 2211 affignaris
1753 2173 1810 2211 ejus
1824 2171 1975 2202 occasione
1988 2172 2070 2201 nobis
2084 2172 2173 2201 taliter
2189 2171 2327 2208 impeditis
2341 2182 2386 2202 re-

1323 2210 1449 2246 cuperari
1465 2211 1625 2249 contingat,
1641 2211 1686 2241 vel
1701 2210 1737 2240 de
1751 2211 1834 2240 rebus
1849 2211 2007 2250 praeparatis
2020 2210 2172 2240 occasione
2186 2209 2384 2247 paffagii,me-

1321 2246 1454 2278 dietatem
1473 2248 1544 2279 illius
1566 2249 1690 2280 fimiliter
1701 2247 2009 2287 restituemus,reliqua
2023 2257 2094 2279 vero
2106 2247 2239 2279 medietas
2253 2249 2305 2280 erit
2315 2258 2384 2286 nosff

1320 2295 1371 2317 tra.

1358 2325 1417 2356 Pro
1432 2326 1484 2356 hiis
1500 2327 1593 2365 itaque
1608 2327 1744 2358 omnibus
1765 2325 1883 2357 firmiter
1901 2324 2098 2364 observandis,
2113 2325 2146 2357 δε
2161 2325 2281 2364 plenarie
2293 2326 2384 2356 adim-'

1320 2360 1446 2403 plendis,
1465 2375 1535 2404 nOS,
1552 2365 1732 2396 Succeffores
1748 2364 1878 2402 nostros,
1895 2374 1929 2394 ac
1947 2365 2033 2394 exitus
2049 2364 2083 2394 &
2096 2374 2251 2402 proventus
2270 2364 2384 2395 nostros

1319 2402 1415 2443 Regni
1430 2403 1558 2443 Angliae,
1575 2403 1747 2441 aliarumque
1757 2412 1894 2434 terrarum
1907 2401 2068 2432 nostrarum
2080 2425 2090 2441 ‚
2107 2403 2141 2433 &
2152 2403 2250 2433 o'miu'a
2261 2402 2312 2433 alia
2326 2404 2381 2434 bo-

1317 2450 1353 2470 na
1368 2441 1463 2472 nostra
1484 2442 1603 2473 mobilia
1645 2442 1746 2480 vobis,
1762 2442 1796 2472 &
1809 2440 1892 2472 diffls
1905 2440 2120 2471 Succefforibus
2135 2440 2251 2479 vestris,
2268 2451 2300 2472 ac
2313 2441 2380 2472 Ro-

1317 2489 1411 2510 manae
1421 2479 1557 2511 Ecclesiae
1568 2465 1726 2520 obligamus
1740 2480 1891 2518 specialiter
1903 2480 1936 2510 &
1952 2479 2077 2524 expresse
2089 2489 2094 2508 :
2114 2479 2264 2524 Praesentes
2275 2479 2380 2511 litteras

1317 2518 1424 2549 nostras
1464 2519 1561 2559 Regio
1577 2520 1718 2558 pendente
1733 2518 1752 2548 si
1773 2519 1823 2548 illo
1837 2519 1974 2556 munitas,
1994 2519 2075 2548 vobis
2091 2518 2169 2555 supra
2182 2518 2263 2549 dietis
2278 2518 2377 2550 vestris

1317 2542 1547 2597 Successbribus,
1556 2559 1589 2590 &
1603 2557 1740 2589 Ecclefiae
1787 2564 1901 2588 omanae
1914 2558 1944 2587 in
1958 2557 2082 2589 veritatis
2094 2557 2291 2588 testimonium
2304 2567 2377 2588 con-

1315 2595 1453 2627 cedendo.

1350 2671 1418 2703 Dat.
1435 2673 1509 2710 apud
1523 2672 1658 2712 Clipston
1672 2682 1754 2704 nono
1769 2671 1911 2703 Kalendas
1925 2671 2108 2714 Novembris
2119 2695 2130 2710 ,
2152 2673 2229 2703 anno
2243 2671 2375 2704 Incarnass

1313 2711 1398 2741 tionis
1413 2710 1584 2743 Dominicae
1595 2712 1745 2743 millesimo
1758 2710 1953 2741 ducentesimo
1966 2714 2158 2750 nonagelimo.

1349 2786 1434 2818 Nulli
1448 2796 1534 2826 ergo,
1551 2787 1612 2818 ὅτε.

1347 2824 1416 2856 Dat.
1434 2825 1507 2864 apud
1531 2825 1649 2858 Urbem
1670 2826 1808 2858 Veterem
1832 2833 1868 2863 17
1889 2821 2031 2856 Kalendas
2044 2823 2163 2863 Aprilis,
2180 2823 2368 2857 Pontificati'ls

1308 2863 1400 2895 nostri
1414 2874 1490 2896 anno
1504 2873 1612 2903 quarto.

1698 2941 1752 2971 Sub
1760 2929 1823 2983 filis
1828 2939 1921 2981 sericis
1929 2932 2011 2979 flavi
2025 2932 2150 2981 rubeique
2164 2939 2265 2971 coloris.

1305 3065 1396 3097 Bulla
1421 3063 1568 3098 N‘icholai
1590 3069 1673 3112 Papae
1696 3069 1818 3114 Qarti
1844 3066 2026 3112 responfiva,
2045 3076 2099 3111 per
2113 3077 2205 3111 quam
2223 3064 2366 3112 approbat

1349 3114 1537 3146 voluntatem
1570 3118 1657 3161 Regis
1688 3114 1725 3147 de
1757 3119 1860 3148 itinere
1889 3113 1932 3147 ad
1961 3116 2090 3147 ‘Ti’rram
2123 3114 2265 3146 sanciam
2284 3141 2294 3156 ,
2327 3126 2367 3152 <9⁶

1349 3161 1479 3195 concedit
1495 3160 1555 3205 fibi
1582 3165 1744 3197 Decimam
1771 3165 1887 3211 Angliae
1905 3189 1915 3206 ,
1941 3165 2061 3205 Scotiae,
2086 3162 2216 3204 Walliae,
2242 3166 2279 3201 εἴς·
2298 3165 2365 3196 Hi-

1349 3209 1463 3244 hernia.

247 3246 428 3291 Sanffiffimo
440 3250 472 3293 in·
484 3249 602 3281 Christo
615 3250 703 3289 Patri,
722 3252 781 3283 &c
802 3252 961 3293 Edvardus,
977 3256 1038 3287 &c.

244 3284 365 3354 &tterlas
379 3286 537 3356 Sargtitatis
548 3289 648 3320 vestrae
664 3292 756 3329 recepi
769 3292 931 3331 infrascripti
944 3296 1064 3332 tenoris,

283 3335 330 3355 ico
341 3336 403 3364 aus,
443 3335 480 3356 ἐ,

244 3361 429 3402 Gaudemus,
447 3365 506 3396 &c.
523 3365 651 3404 usquein
666 3366 762 3398 finem.

243 3401 381 3447 Quarum.
396 3403 550 3434 litterarum
570 3405 724 3436 vestrarum
746 3416 845 3438 tenore
865 3409 953 3440 michi
977 3409 1122 3450 diligenter
1135 3412 1262 3449 expofito

209 3437 244 3467 &
259 3440 361 3480 plenius
372 3442 535 3481 intellecto,
554 3453 588 3473 ex
601 3454 676 3475 nunc
689 3446 813 3483 expresse
824 3449 980 3478 renuntians
994 3449 1129 3480 omnibus
1143 3460 1263 3481 conces-

210 3475 346 3518 sionibus,
362 3489 411 3516 per
423 3481 572 3519 praedic‘tos
586 3482 807 3514 Praedecefforoe
821 3485 945 3525 vestros,
967 3487 1127 3518 Maninum
1147 3489 1180 3518 &
1195 3489 1263 3520 Ho-

210 3522 340 3558 nonum,
357 3519 390 3547 ὃς
411 3520 494 3549 etiam
519 3530 567 3558 per
588 3522 740 3559 vosipsos,
758 3523 891 3554 ha&enus
904 3526 992 3556 michi
1003 3526 1098 3564 fatstis,
1117 3526 1197 3564 super
1210 3527 1260 3558 de-

210 3560 287 3594 cima
304 3552 444 3586 &storum
457 3557 648 3601 Regnorum,
664 3561 698 3591 ὃς
711 3561 879 3600 Terrarum,
897 3573 930 3593 ac
945 3564 1025 3602 super
1038 3565 1261 3596 obventionibus

209 3598 241 3617 ln
262 3588 361 3620 fflsdem
383 3593 492 3632 Regnis
510 3598 544 3628 &
561 3597 658 3628 TerriS
674 3622 684 3636 ,
709 3609 774 3636 quae
787 3610 977 3637 provenerunt
990 3604 1023 3635 ὃ(
1036 3604 1205 3641 provenient
1220 3606 1260 3635 ei-

210 3625 279 3655 dem
290 3626 387 3671 Terrae
399 3632 533 3673 subfidio,

230 3703 234 3706 ὓ
248 3662 413 3712 praedietam
432 3671 574 3703 decimam
593 3674 638 3704 sex
659 3675 818 3706 futurorum
830 3686 988 3717 annorum,
1005 3681 1040 3711 &
1052 3680 1102 3710 alia
1115 3682 1214 3711 omnia
1226 3682 1257 3711 in

209 3700 312 3731 eisdem
326 3703 418 3736 litteris
432 3712 648 3751 comprehensa,
665 3714 764 3751 sponte
778 3717 885 3753 recipio
898 3741 907 3754 ,
925 3718 959 3748 &
972 3728 1094 3756 accepto
1104 3742 1115 3756 ,
1140 3718 1258 3757 ipsisque

209 3748 311 3769 meum
324 3743 423 3777 praesto
441 3748 599 3789 assensum,
622 3753 656 3783 &
675 3752 809 3796 praeditsta
827 3757 922 3785 omnia
943 3757 976 3787 &
990 3757 1110 3796 singula,
1128 3758 1258 3795 quatinus

209 3778 306 3821 me&
320 3778 487 3828 successores
502 3796 581 3818 meos
602 3799 773 3829 contingunt
787 3815 796 3828 ,
815 3793 860 3822 vel
881 3795 1048 3832 contingere
1058 3795 1176 3833 poffunt
1208 3805 1258 3826 me

207 3824 241 3845 ac
256 3815 329 3852 ipsos
341 3820 530 3859 inviolabiliter
543 3826 695 3858 servaturos
709 3831 849 3866 promitto
857 3853 867 3868 ‚
1180 3819 1190 3834 ³

246 3853 355 3884 volens
375 3855 429 3898 ¹Ps²
446 3861 531 3890 robur
550 3865 639 3899 plena:
662 3866 798 3897 firmitatis
811 3868 930 3907 habere,
947 3881 980 3901 ac
997 3871 1143 3908 praesentoe
1154 3870 1257 3901 litteras

207 3899 298 3929 meaS,
316 3891 363 3922 Re
384 3903 412 3922 io
429 3897 566 3941 pendente
588 3903 673 3941 sigillo
693 3906 826 3943 munitas,
844 3907 927 3937 vobis
944 3910 978 3940 &
992 3909 1128 3940 Ecclefiae
1141 3908 1256 3939 Roma-

206 3937 252 3957 nae
264 3939 338 3959 conc
375 3941 411 3969 o,
430 3941 458 3961 1n
472 3934 662 3970 testimonium
674 3944 802 3973 veritatis.

244 3965 311 3996 Dat.
330 3968 391 4011 δερ,
445 3979 489 4000 uas
509 3972 551 4015 si,
575 3984 605 4005 ut
626 3980 784 4014 praedicitur
796 4006 806 4020 ,
845 3983 946 4014 raefatae
963 3984 1108 4016 Romanae
1121 3984 1256 4016 Ecclesiae

205 4012 266 4035 non
285 4005 381 4038 feceris
436 4017 544 4049 ignari,
568 4013 698 4047 volumus
720 4019 799 4057 quod
841 4021 845 4025 ⁴
857 4022 959 4059 positio
971 4024 1175 4062 praedictorum
1186 4034 1255 4057 om-

1314 3295 1346 3357 b
1361 3296 1368 3356 Ι
1387 3295 1496 3327 lcolaus
1512 3296 1684 3337 Episcopus,
1701 3298 1793 3330 servus
1806 3297 1954 3330 servorum
1967 3297 2043 3336 Dei,
2061 3297 2203 3328 carissimo
2217 3297 2246 3327 in
2259 3296 2361 3328 Chris·
2377 3305 2453 3337 Am,
2464 3308 2505 3339 D,

1394 3344 1426 3366 to
1440 3335 1499 3366 filio
1512 3335 1645 3367 Edvardo
1655 3361 1665 3376 ,
1683 3337 1758 3377 Regi
1774 3338 1888 3377 Angliae
1899 3337 2016 3375 illustri,
2032 3336 2150 3368 salutem
2162 3336 2196 3368 &
2211 3335 2360 3374 Apostoli—
2394 3355 2478 3385 1291·
2567 3346 2570 3366 <¹

1302 3383 1369 3404 cam
1382 3374 1623 3406 benedietionem.
2569 3384 2570 3390 ¹

1339 3411 1531 3443 Confidentiae
1544 3423 1658 3444 necnon
1672 3415 1705 3445 &
1717 3414 1918 3445 benivolentiae
1929 3414 2120 3445 dominorum
2132 3413 2167 3444 ad
2181 3412 2303 3444 subditos
2314 3422 2358 3444 re-
2372 3427 2402 3450 Ε,
2427 3433 2451 3450 ,,
2568 3423 2570 3454 l

1300 3453 1390 3488 putari
1401 3451 1470 3481 solet
1484 3450 1638 3496 indicium,
1657 3463 1730 3497 curri
1741 3454 1814 3492 ipsos
1828 3453 1863 3484 ad
1879 3463 1927 3491 ea,
1946 3463 2011 3491 quae
2023 3453 2076 3497 sibi
2096 3462 2159 3483 cara
2171 3451 2251 3491 sunt,
2268 3451 2356 3483 advo-
2369 3465 2410 3488 Ex
2423 3465 2485 3498 Aa,
2569 3455 2570 3459 ’

1299 3490 2152 3569 ωἳὶἒῑετέἓιῐὲἓὲιεὲιῗιῖῗὲῑὲζέἓἕξεῃὶὲᾌςῖέῐῇᾛὲυωῃῑξὲοτ
2164 3528 2260 3558 noster
2268 3526 2354 3557 Beth·
2367 3506 2432 3537 ngr·

1298 3566 1374 3596 leem
1389 3567 1445 3596 suae
1458 3565 1609 3598 Nativitati
1622 3566 1740 3607 delegit,
1759 3569 1792 3599 &
1840 3569 2030 3599 ierosolimam
2045 3565 2279 3598 victoriofiffimae
2290 3574 2353 3603 pas-

1299 3604 1386 3643 sioni,
1405 3606 1429 3634 ei
1449 3604 1512 3635 fore
1535 3605 1708 3636 karissimum
1729 3607 1872 3645 probarit,
1897 3607 1931 3638 &
1953 3605 2048 3636 natalis
2059 3605 2109 3635 soli
2125 3603 2267 3641 dulcedo,
2285 3613 2352 3641 quae

1296 3643 1418 3685 cunetqs
1435 3642 1473 3672 fic
1494 3643 1577 3674 allicit
1589 3667 1600 3683 ,
1624 3644 1702 3683 quod
1722 3646 1760 3675 sui
1779 3645 1836 3676 esse
1858 3646 2046 3675 immemores
2066 3653 2126 3674 non
2149 3641 2300 3685 permittit,
2315 3642 2351 3672 ὃς

1295 3680 1495 3723 gloriosissime
1523 3681 1630 3713 habitus
1656 3684 1724 3713 inibi
1748 3683 1784 3714 de
1812 3682 1984 3722 nequiffimo
2004 3682 2121 3713 humani
2139 3689 2246 3720 genens
2268 3679 2352 3711 hoste

1295 3719 1515 3801 muCniiipiiuesti’am
1530 3758 1607 3803 hujus
1626 3759 1709 3791 seculi
1729 3760 1874 3798 Principes
1888 3761 1923 3791 &
1937 3758 1990 3790 Ma
2045 3766 2085 3788 t&
2101 3755 2136 3786 ad
2148 3755 2228 3794 100²,
2246 3756 2275 3786 11¹
2288 3758 2352 3805 quj-

1293 3795 1347 3825 bus
1360 3794 1440 3826 datur
1454 3806 1491 3826 eis
1503 3796 1539 3827 de
1553 3800 1674 3829 inimicis
1687 3799 1791 3829 habere
1801 3799 1953 3829 vffiorram
1961 3820 1971 3836 ‚
2000 3807 2026 3827 ic
2039 3793 2114 3838 affici
2127 3793 2248 3837 soleam>
2260 3803 2352 3840 &nfa-

1293 3842 1351 3871 que
1364 3832 1517 3864 affectione
1531 3838 1657 3875 moveri,
1675 3837 1754 3876 quod
1767 3847 1798 3868 ea
1811 3837 1988 3875 frequenter,
2003 3833 2050 3866 vel
2062 3831 2174 3870 alicujus
2188 3842 2226 3870 Ρ11
2239 3843 2352 3872 opens,

1294 3871 1340 3902 vel
1355 3871 1406 3902 alia
1419 3872 1600 3912 singularitate
1611 3875 1757 3906 decorant.

1332 3909 1378 3939 O!
1396 3911 1499 3950 igitur,
1517 3911 1651 3952 Princeps
1664 3914 1777 3953 inclite,
1794 3921 1896 3951 quanta
1909 3911 1961 3943 tibi
1973 3909 2058 3939 debet
2070 3908 2127 3939 esse
2141 3910 2219 3940 Cffllsss
2231 3910 2352 3955 laetitiae!

1295 3956 1397 3985 quanta
1406 3949 1488 3987 jubili
1500 3950 1533 3981 ὃς
1546 3952 1721 3983 exultationis
1733 3953 1762 3981 in
1779 3949 1928 3982 Domino!
1947 3948 2035 3987 quem
2052 3956 2128 3978 certa
2142 3947 2201 3986 spes
2216 3949 2352 3979 obtinen-

1294 3986 1359 4025 dae,
1377 3987 1413 4017 ab
1425 3988 1505 4025 ipfius
1522 3990 1708 4061 beniffiiitate,
1726 3989 1816 4020 ialutis
1828 3997 1942 4020 aeternae
1958 3985 2144 4017 succrescere!
2167 3986 2187 4017 fi
2199 3987 2352 4032 diligenter

1294 4024 1417 4059 attendas
1435 4026 1578 4067 Regaiem
1624 4028 1802 4064 xceuentiam
1815 4049 1826 4067 a
1855 4024 1891 4059 ad
1907 4033 1966 4066 tam
1985 4025 2167 4065 Praeoerdiale
2186 4025 2239 4059 fibi
2258 4035 2364 4102 ’ἓξὲξ

2373 3388 2426 3412 Αιι.
2444 3395 2486 3421 ¹9—
2509 3406 2511 3408 .
