2570 4261
31 214 107 246 Ann.
121 210 162 241 D.

53 252 137 283 1282.

32 294 100 320 Edv.
122 301 146 318 i.

54 334 67 346 “
81 331 120 356 Π.

41 367 120 395 1086.

33 445 86 470 An.
108 449 151 467 rr.

34 484 65 507 E.
86 488 109 505 1.

34 521 74 543 Ex
105 520 163 543 Au-

34 562 97 591 rogr.

39 1932 115 1964 Ann.
129 1931 168 1962 D.

61 1973 143 2003 1282.

39 2014 92 2038 Aa.
110 2021 118 2037 i
129 2020 152 2041 i.

40 2053 71 2077 15.
93 2059 116 2077 i.

56 2092 96 2115 Ex
112 2092 169 2116 Pro-

41 2126 124 2154 tocollo
145 2130 171 2157 in

41 2167 101 2195 Tur.

58 3087 78 3108 θ
93 3090 133 3117 11.

44 3129 125 3164 ¹087.

53 3760 128 3792 Ann.
142 3757 182 3789 D.

82 3799 165 3837 1283.

53 3841 106 3865 An.
118 3846 127 3864 i
138 3846 160 3863 i.

53 3880 84 3905 Ε.
97 3885 122 3902 ι.

74 3916 186 3944 ,Exac-

52 3959 118 3991 ugr.

171 122 225 162 86
879 112 921 153 O
1030 108 1079 149 M
1186 106 1206 147 I

239 294 266 321 *ἑ
288 293 345 329 Ad
369 296 476 339 Regem
500 286 626 332 Cafflellae
650 284 686 319 de
709 281 872 318 Militibus
883 280 945 326 fibi
969 285 999 314 in
1022 279 1179 313 auxilium

606 333 806 368 demandatis.

192 425 398 489 MAvnifico
412 423 538 461 Principi
547 445 557 460 ,
574 421 607 453 δί
619 419 696 450 fratri
711 417 759 448 suo
774 415 918 448 karissimo
927 414 1076 457 ,Domino
1082 411 1247 456 Alphonso,

281 450 340 496 fier
358 465 458 502 gratia,
476 460 622 498 castellae,
644 457 760 495 Tokai,
785 455 934 498 Legionis,
951 453 1098 496 Galeria,
1123 451 1248 495 Sibiliae,

185 506 354 542 Cordubiae‚
374 502 504 540 Mursiae,
523 498 697 534 Gihenniae,
714 504 794 533 atque
809 493 952 536 Algarbiae
968 491 1045 536 Regi
1059 489 1172 535 illustri,
1189 489 1247 520 Ed-

183 544 290 577 wardus
300 566 310 582 ,
328 542 425 573 eadem
442 540 542 579 gratia,
559 538 621 569 &c.
637 535 748 566 salutern
758 557 768 572 ,
787 534 820 564 &
840 535 952 562 lincerae
973 529 1131 560 dilectionis
1150 538 1243 567 perpe-

182 593 260 616 tuum
275 583 492 612 incrementum.
837 609 842 614 ι
944 608 949 613 .
1142 607 1145 611 ¹

218 621 365 652 intellecto
380 617 458 657 quod
473 615 588 655 quidam
603 612 639 644 de
651 620 722 643 terra
734 609 823 642 vestra
835 618 865 639 in
879 618 929 638 vos
943 606 1140 637 insurrexerunt
1149 605 1248 644 nequi-

184 670 224 692 ter
239 659 290 690 hiis
305 660 419 696 diebus,
436 657 469 688 &
484 663 580 685 contra
594 650 829 682 Dominationem
850 645 971 676 vestram
986 644 1132 675 infideliter
1145 644 1172 675 se
1187 644 1248 684 ges-

184 701 275 732 serunt
310 698 453 729 turbamur
466 696 494 725 in
508 691 611 729 corde,
628 691 661 721 &
678 689 707 718 id
722 686 837 718 moleste
851 684 964 715 ferimus
982 683 1172 714 vehementer.

223 721 370 768 Caet’erum
385 735 420 766 de
433 732 550 770 auxilio,
568 728 645 768 quod
658 738 705 765 per
722 724 894 762 Magistrum
912 721 1073 753 Galfridum
1088 721 1124 751 de
1139 721 1250 760 Everle‚

184 776 341 807 Notarium
356 775 390 805 ὃς
411 772 594 810 Capelianum
609 766 751 803 vestrum,
768 774 801 794 ac
822 761 979 805 AEgidium
1001 759 1095 798 Petri,
1113 760 1249 791 Nuncios

186 814 307 853 vestros,
333 824 382 852 per
402 811 500 842 litteras
519 807 617 839 vestras
635 805 670 836 de
688 803 829 834 credentia
845 801 861 831 a
877 800 975 841 nobis,
992 799 1139 830 occasione
1156 798 1249 838 hujus-

187 853 287 892 modi,
305 850 474 891 postulitstis,
491 846 637 878 dileffloni
653 842 752 875 vestrae
768 841 853 871 taliter
867 837 1080 882 respondemus*

223 892 314 931 Quod
331 913 341 929 ,
362 891 427 920 licet
447 885 591 918 Walenses
610 884 693 914 nobis
714 878 1056 922 Guerramniuscitaverint
1074 877 1191 921 iterato,
1216 875 1249 919 si-

186 932 254 963 sicut
272 927 504 964 Progenitoribus
520 924 619 955 nostris
636 921 764 958 Regibus
784 917 897 954 Angli-:e
915 916 1025 953 lingulis
1047 915 1098 959 suis
1112 923 1249 952 tempori-

188 972 238 1001 bus
256 961 434 1005 suscitarunt,
458 965 620 1001 sanguinem
638 960 755 990 nationis
772 956 879 1000 *nostrae
901 956 1034 998 continue
1059 957 1189 998 sitientes:
1210 951 1247 982 Et

185 1011 268 1040 etiam
283 1006 457 1047 quamplures
471 1002 578 1034 nobiles
595 1000 630 1030 de
644 1008 745 1037 genere
758 995 871 1033 nostrO,
888 995 921 1025 &
943 993 1008 1024 ahos
1031 992 1197 1030 conjunctos
1214 991 1247 1021 &

185 1047 276 1078 fideles
291 1045 398 1077 nostros
413 1043 499 1074 morti
509 1039 667 1072 tradiderint
682 1038 731 1066 hiis
745 1035 860 1072 diebus,
877 1031 979 1070 nosque
995 1042 1062 1062 cum
1078 1040 1161 1075 gente
1184 1030 1247 1060 nos-

184 1096 239 1124 tra,
256 1085 290 1116 ad
303 1094 399 1123 graves
414 1082 536 1119 sumptus
548 1078 655 1109 nostros
668 1077 701 1107 ὅ(
714 1075 796 1105 totius
811 1072 907 1108 Regni
920 1070 1019 1109 nostri,
1028 1070 1169 1100 modernis
1176 1077 1247 1113 tern-

185 1126 298 1164 poribus
313 1123 413 1154 demus
425 1129 558 1158 operam,
575 1116 609 1147 ad
622 1113 834 1159 tranquilitatem
849 1112 882 1142 &
897 1119 998 1148 pacem
1014 1116 1193 1147 perpetuam,
1204 1116 1247 1145 ip-

183 1164 280 1195 sorum
294 1163 369 1192 viros
383 1161 416 1191 &
434 1158 568 1189 malitiam
581 1152 768 1192 reprimendi,
892 1188 896 1193 .
912 1188 916 1192 .
933 1188 937 1192 Ι

224 1202 317 1231 Vobis
330 1209 444 1236 tamen,
462 1196 497 1227 ad
514 1193 646 1236 praesens,
663 1191 698 1222 de
718 1198 832 1222 centum
852 1187 992 1218 Militibus
1010 1185 1046 1217 de
1066 1194 1135 1217 terra
1155 1183 1247 1216 nostra

186 1240 353 1279 Vaseoniae,
370 1236 518 1268 subsidium
533 1233 678 1275 faciemus.
861 1266 866 1271 ¹
1097 1263 1102 1268 .
1212 1262 1218 1268 .

225 1279 261 1310 Et
275 1279 340 1318 quia
355 1277 391 1307 de
405 1275 510 1305 dilecto
522 1274 555 1304 &
575 1271 648 1302 fideli
663 1267 760 1299 nostro
775 1266 908 1297 Domino
922 1263 1050 1309 Castone
1067 1263 1248 1307 Vicecomite

188 1318 296 1359 Byetn,
313 1325 343 1347 ut
358 1314 515 1351 credimus,
533 1311 641 1350 plenam
656 1308 792 1338 fiduciam
806 1311 945 1343 reportans
954 1325 963 1341 ,
980 1301 1077 1340 &ipse
1091 1302 1173 1332 vobis
1187 1311 1249 1345 me-

188 1359 245 1388 rito
260 1366 294 1387 ex
307 1354 392 1385 causis
404 1353 486 1383 variis
499 1358 604 1381 tenetur
616 1347 742 1379 astrictus
752 1345 841 1389 ·(cum
852 1344 977 1389 *honores
989 1342 1022 1372 &
1037 1339 1195 1384 commoda
1210 1349 1250 1370 ei-

189 1397 258 1426 dem
270 1394 388 1426 feceritis
402 1391 495 1422 multis
509 1388 611 1424 modis)
629 1385 821 1417 mandavimus
832 1392 857 1412 ei
873 1380 952 1419 quod
987 1389 1056 1423 cum
1079 1379 1161 1409 dictis
1181 1388 1249 1408 cen-

189 1444 251 1466 turn
267 1433 422 1470 Militibus,
439 1429 520 1459 vobis
542 1427 568 1457 se
605 1433 716 1464 raeparet
737 1422 772 1466 ad
787 1420 927 1467 ‘auxilium
951 1403 1131 1456 timendum,
1147 1417 1181 1448 &
1198 1427 1251 1448 vos

187 1474 265 1504 adeat
287 1470 398 1510 quando
424 1469 472 1499 sibi
490 1466 569 1504 super
612 1475 648 1495 oc
675 1462 806 1493 duxeritis
829 1457 1075 1502 demandandum,
1102 1455 1234 1500 quodque

187 1522 257 1543 cum
279 1510 412 1541 militibus
431 1507 500 1543 illis,
519 1515 567 1543 per
588 1506 645 1535 vias
665 1504 698 1534 &
719 1501 798 1538 loca,
815 1508 878 1537 quae
900 1496 994 1528 eidem
1016 1494 1199 1533 mandabitis,
1216 1505 1232 1525 a

187 1561 239 1582 vos
254 1549 355 1587 dirigat
370 1546 473 1585 gressus
486 1545 555 1575 suos,

225 1627 292 1697 (Dat.
315 1624 388 1664 apud
405 1623 493 1655 Roth.
517 1621 579 1652 &c.
601 1628 648 1659 27.
667 1618 714 1649 die
733 1615 921 1652 Decembris,
946 1622 1022 1644 anno
1045 1611 1140 1651 Regni
1165 1608 1253 1641 nostri

187 1676 225 1698 uri
245 1674 349 1696 ecimo.

215 1802 282 1835 Rex
305 1796 452 1846 rffbndet
476 1797 551 1842 Regi
577 1792 699 1838 Castellae
716 1792 808 1838 sitper
829 1792 949 1836 negotiis
968 1799 1022 1835 per
1050 1785 1232 1831 Galfridum

518 1846 684 1877 Notarium
697 1839 758 1885 sibi
782 1842 923 1886 expositis.

187 1932 387 1990 MAgnifico
401 1931 543 1969 Principi,
561 1930 594 1960 &
609 1928 724 1959 Sororio
738 1926 787 1956 suo
804 1923 946 1955 kariffimo
954 1945 971 1966 ,Ἴ
981 1922 1115 1966 Domino
1139 1921 1174 1952 A.
1196 1919 1253 1950 Dei

272 1967 379 2010 gratia,
396 1970 542 2007 Castellae,
558 1968 673 2004 Toleti,
700 1966 852 2003 Legionis,
869 1962 1017 2006 Galleliae,
1035 1961 1158 2005 Sibihae,
1179 1957 1254 1989 Cor-

187 2016 281 2046 dubiae
317 2011 460 2048 Murciae,
478 2008 630 2045 Gienniae,
647 2006 680 2036 &
699 2004 843 2041 Algarbiae
858 2002 938 2046 Regi
961 1999 1074 2044 illustri,
1092 1998 1126 2029 E.
1149 1998 1252 2029 eadem

191 2037 298 2098 gratia,³
313 2050 374 2120 {Rex
398 2048 538 2117 Asghaesi'
554 2047 614 2077 &c.
640 2045 674 2075 &
697 2042 825 2074 fraternae
843 2040 1003 2071 dde&ionis
1020 2037 1199 2076 amplexum,
1217 2046 1251 2068 ac

493 2096 507 2116 e
532 2095 570 2116 us.

191 2093 685 2162 felilelegvaeritvggasttgcgllagnificemia
698 2130 766 2159 nos,
783 2120 815 2150 &
828 2118 972 2162 Reginam
986 2114 1109 2160 nostram
1117 2114 1250 2146 Sororem

190 2169 308 2200 vestram
317 2190 327 2206 ,
343 2165 495 2204 liberosque
510 2162 619 2194 nostros
634 2160 715 2198 plena
726 2160 824 2195 vigere
836 2166 962 2194 corporis
982 2155 1106 2193 sanitate,
1127 2153 1251 2191 gauden—

190 2217 230 2240 tes
249 2209 278 2237 in
302 2204 459 2236 inmensum
481 2203 558 2240 super
575 2210 611 2230 et>
630 2198 724 2237 quod,
751 2195 892 2232 Magistro
917 2192 1050 2225 Galfrido
1073 2192 1108 2222 de
1133 2191 1252 2231 Everle‚

192 2246 309 2277 Clerico
321 2243 417 2274 vestro
435 2243 469 2273 &
485 2240 596 2277 nostro,
613 2238 766 2276 referente,
783 2234 935 2266 didicimus
957 2243 1008 2263 vos
1028 2230 1169 2262 consimili
1182 2240 1238 2271 gau

270 2284 287 2314 s
316 2285 389 2314 itate.

190 2285 361 2362 derEetfrquia
374 2331 393 2351 o
415 2321 541 2358 pinamur
562 2315 637 2355 quod
652 2313 771 2352 diversi,
790 2311 894 2342 diversa
915 2309 1005 2354 forsan
1020 2309 1192 2353 cogitantes,
1208 2318 1251 2339 re-

184 2362 277 2395 ¹ferent
289 2361 369 2392 vobis
402 2357 487 2389 iversa
500 2357 577 2394 super
593 2355 698 2385 visione
711 2354 745 2384 δε
760 2359 859 2396 mutuo
880 2349 1025 2387 colloquio
1047 2347 1170 2378 Domini
1191 2346 1251 2378 Re-

187 2403 232 2439 gis
247 2401 369 2431 Franciae
384 2399 417 2429 &
429 2396 526 2427 nostro
539 2404 626 2432 nuper
641 2391 713 2430 apud
731 2391 921 2421 Ambianum:

225 2440 429 2470 Fratemitatem
451 2434 570 2466 vestram
593 2433 692 2469 omni,
709 2440 767 2468 quo
791 2427 947 2471 poffumus,
970 2424 1075 2470 affeetu
1099 2434 1251 2469 rogamus,

188 2479 327 2517 quatinus,
342 2477 361 2507 si
377 2485 440 2514 quae
454 2471 573 2511 sinistra,
589 2471 634 2502 vel
643 2468 785 2501 Serenitati
800 2466 898 2499 vestrae
910 2464 1093 2503 displicitura,
1110 2464 1193 2494 vobis
1206 2473 1250 2494 re-

189 2517 239 2548 lata
250 2516 350 2547 fuerint
363 2515 441 2552 super
453 2512 557 2544 visione
571 2511 603 2542 &
625 2508 771 2546 colloquio
787 2505 942 2544 praedieto,
960 2503 1110 2534 nullatenus
1130 2503 1168 2533 eis
1189 2511 1250 2533 cre-

187 2556 273 2595 datis,
291 2565 343 2586 nec
359 2555 388 2584 in
403 2553 497 2591 aliquo
511 2550 576 2580 inde
589 2549 711 2579 turbetur
725 2556 775 2576 cor
790 2544 934 2581 vestrum,
1128 2581 1133 2586 .

257 2604 325 2625 uum
339 2591 455 2623 dilectus
469 2587 631 2621 Avunculus
645 2587 678 2617 &
694 2584 780 2615 fidelis
791 2582 884 2613 noster
897 2581 950 2611 W.
965 2581 1000 2612 de
1016 2579 1170 2618 Valencia,
1188 2578 1251 2610 Co-

188 2595 457 2664 mgPembroch'iae
491 2628 524 2659 &
540 2627 584 2657 alii
598 2625 726 2662 Nuncii,
743 2633 812 2661 quos
826 2621 860 2653 ad
870 2619 995 2655 „vestram
1011 2618 1184 2657 praesentiam
1200 2618 1251 2648 de-

187 2671 338 2710 stinamuS,
356 2677 435 2708 prout
450 2652 513 2697 airas
525 2666 608 2695 vobis
620 2661 837 2701 significavimus
846 2683 856 2698 ,
872 2660 955 2690 vobis
969 2658 1089 2702 plenarie
1109 2665 1251 2701 exponent

188 2712 284 2742 omnia
296 2720 347 2749 ea,
365 2718 428 2747 quae
442 2705 515 2738 faeta
533 2703 642 2735 fuerunt
657 2704 727 2734 inter
749 2710 819 2739 1108,
837 2700 870 2731 &
891 2696 1002 2729 causam
1022 2696 1134 2727 vrsioms
1149 2695 1251 2734 praedi-

220 2759 254 2779 ae.

188 2750 218 2780 ‘st
226 2787 278 2818 Per
300 2786 423 2826 ipsorum
449 2784 534 2816 etiam
558 2780 781 2820 expositionem,
799 2776 918 2816 plenarie
939 2774 1026 2819 scietis
1046 2772 1250 2817 responsionem

189 2827 339 2857 verborum
355 2824 529 2860 vestrorum,
554 2831 617 2859 quae
638 2817 760 2857 posuistis
773 2818 802 2847 in
817 2825 866 2846 ore
887 2813 993 2858 Clerici
1011 2811 1094 2856 vestri
1112 2812 1144 2842 &
1163 2811 1251 2842 nostri

192 2866 359 2903 memorati,
376 2864 457 2895 nobis
472 2859 695 2896 referendorum,
711 2856 810 2888 vestrae
830 2854 993 2898 fraternitati
1005 2850 1187 2889 supplicantes
1203 2858 1251 2895 ut,

188 2903 313 2934 Nunciis
325 2902 424 2934 nostris
438 2900 577 2939 praediffls
597 2895 781 2928 favorabiliter
794 2892 908 2930 auditis,
924 2891 1011 2935 dietis
1020 2899 1120 2933 eorum
1136 2888 1252 2920 firmiter

189 2942 322 2982 credatis,
340 2943 373 2974 ὅτ,
385 2939 524 2980 exposita,
542 2939 639 2969 intuitu
652 2935 710 2966 Dei
724 2935 758 2966 ὃ(
774 2931 863 2963 nostri
872 2954 882 2971 ,
898 2929 1014 2962 effectui
1027 2938 1187 2966 mancipare
1201 2938 1252 2959 cu-

188 2990 262 3012 retis·

226 3004 303 3057 Q’uae
317 3019 336 3049 si
350 3019 483 3055 feceritis,
502 3014 642 3047 credimus
658 3010 734 3051 quod
754 3008 880 3049 expediat
894 3008 998 3038 honori
1013 3004 1105 3038 vestro
1124 3005 1158 3037 &
1178 3005 1252 3037 utili-

189 3060 236 3089 tati
253 3059 334 3089 totius
348 3056 568 3088 Christianitatis.
1043 3084 1048 3089 ·
1076 3083 1081 3089 .
1233 3084 1238 3089 ¹

226 3096 302 3128 *De
318 3095 440 3126 deductu
456 3094 553 3125 nostro
567 3090 790 3122 Girofalconum
805 3087 986 3123 nostrorum,
1010 3091 1146 3127 mittimus
1169 3084 1253 3127 vobis

189 3142 305 3174 quatuor
317 3133 514 3165 Girofalcones
530 3130 630 3169 irrisos,
647 3138 769 3168 quorum
785 3125 843 3156 duo
864 3126 921 3169 apti
940 3124 999 3155 sunt
1019 3122 1052 3153 &
1072 3121 1199 3168 instrufflh
1217 3122 1252 3152 ad

190 3182 272 3212 grues
287 3174 321 3205 &
335 3171 524 3207 heruncellosz,
541 3170 573 3200 &
588 3168 707 3199 residuos
720 3173 848 3204 coaptare
866 3164 955 3195 velitis
974 3171 1026 3200 pro
1044 3159 1134 3192 vestra
1153 3160 1253 3191 volun-

192 3221 274 3281 tatleje
295 3251 363 3282 albis
381 3250 451 3280 vero
469 3244 715 3282 GirofalcoriibuS,
732 3242 873 3274 amisimus
893 3240 954 3278 jam
978 3247 1103 3277 novem,
1119 3237 1158 3268 ita
1176 3236 1251 3276 quod

191 3290 298 3322 nullum
313 3290 409 3320 album
422 3287 456 3317 ad
470 3284 585 3325 praesens
603 3284 745 3313 habemus.
922 3318 927 3323 .
1139 3315 1144 3319 ”
1248 3315 1253 3321 .

232 3329 362 3359 Misimus
380 3335 474 3358 tamen
498 3322 634 3353 Nuncios
656 3319 763 3350 ηοω-οε
787 3318 996 3356 Norwagiam,
1021 3325 1073 3355 pro
1097 3313 1255 3353 huJufinodi

192 3366 423 3398 Girofalconibus
458 3361 602 3394 uaerendis.
838 3396 843 3400 ῃ
872 3396 877 3401 .
1200 3391 1209 3399 .

228 3405 375 3436 Palesridas
390 3375 505 3442 quidem
519 3400 623 3432 vestros
636 3398 716 3429 vobis
731 3406 789 3427 non
804 3404 940 3439 mittimus
954 3394 989 3425 ad
1004 3394 1121 3437 praesens
1155 3401 1257 3430 quum,

194 3443 216 3474 si
231 3443 374 3474 Dominus
395 3440 546 3481 permiserit
563 3438 621 3469 fieri
642 3435 814 3475 personaliter
829 3433 992 3463 adinvicem
1009 3444 1061 3464 iios
1081 3441 1111 3462 v¹
1131 3440 1176 3461 ere
1209 3441 1257 3460 eos

195 3482 345 3526 nobiscum
360 3481 512 3517 ducemus,
527 3478 587 3509 uni).
606 3486 675 3508 curn
692 3475 761 3506 albis
779 3471 1027 3511 Girofalconibus,
1045 3471 1066 3502 si
1082 3480 1130 3510 qui
1151 3479 1166 3500 a
1207 3479 1258 3499 nos

195 3528 309 3550 interim
324 3527 502 3559 reportentur.

266 3663 325 3698 Ad
346 3663 546 3708 Constantiam
573 3666 718 3710 Reginam
743 3661 902 3706 Aragoniae
924 3657 1068 3704 Respoafio
1089 3657 1187 3702 Regis.

246 3748 408 3788 Dwardus,
424 3749 482 3781 Dei
505 3748 608 3788 gratia,
632 3747 696 3778 Rex
720 3744 852 3783 Angliae,
877 3743 1020 3775 Dominus
1040 3740 1203 3778 Hiberniae,
1227 3738 1260 3769 &

265 3787 331 3818 Dux
344 3788 536 3826 Aquitanniae,
554 3784 738 3817 Sereniffimae
759 3783 897 3814 Dominae
916 3783 949 3813 &
971 3780 1112 3812 benivolae
1124 3778 1195 3822 suae3
1212 3776 1261 3821 ka-

201 3824 310 3854 riffimae
323 3825 460 3856 Dominae
475 3825 663 3861 Consi-antiae,
681 3823 780 3853 eadem
795 3821 900 3858 gratia,
917 3820 1041 3855 Reginae
1061 3814 1262 3859 Aragomaelil-

202 3862 293 3899 lustri,
309 3862 420 3894 salutem
434 3864 466 3894 ὃς
481 3864 656 3901 integerimae
671 3860 868 3892 dileetionis&
881 3860 1024 3890 Amicitia:
1038 3858 1205 3888 continuum
1218 3863 1261 3884 in-

206 3908 411 3981 crisrggiddsmad
427 3948 494 3976 nos,
511 3948 579 3968 cum
595 3938 690 3968 litteris
709 3936 804 3967 vestris
817 3934 853 3965 de
867 3933 1033 3971 credentia,
1052 3934 1095 3963 vir
1115 3931 1264 3976 discretus,

206 3975 344 4014 Magister
360 3975 496 4007 Amaldus
509 3976 545 4006 de
559 3976 691 4014 Rexaco,
709 3974 869 4007 Canonicus
883 3972 999 4005 Valenc.
1019 3980 1055 4003 ex
1076 3978 1153 4009 parte
1171 3967 1262 4001 vestra

1315 104 1341 145 S
1449 104 1477 146 S
1583 100 1635 144 A.

1291 190 1379 236 nobis
1386 188 1510 233 exposuit
1523 188 1603 235 quod
1617 188 1770 232 adventum
1788 186 1853 219 filiae
1872 187 1990 228 nostrae,
2007 188 2089 222 causa
2110 189 2256 229 praelocuti
2276 189 2359 223 Con·
2366 189 2441 223 Ann.
2457 185 2500 222 D'.

1289 229 1413 267 tractus,
1431 228 1586 266 plurimum
1605 226 1772 270 affeetzistis,
1796 227 1830 258 &
1852 228 1931 265 petiit
1952 229 2029 266 quod
2049 238 2117 268 vos,
2134 229 2214 268 super
2232 230 2354 263 adventu
2385 231 2471 269 1283.

1290 268 1340 298 suo
1353 267 1388 297 ad
1404 275 1491 305 partes
1503 266 1622 304 vestras,
1640 273 1771 296 certiores
1782 264 1897 296 reddere
1912 276 2078 298 curaremus.
2367 271 2436 298 Edv.
2451 279 2473 297 i.

1327 305 1476 336 Caeterum
1490 305 1554 343 quia
1570 304 1632 343 post
1653 314 1718 334 uam
1735 303 1867 334 Nuncios
1881 304 1991 335 nostros
2006 305 2040 336 ad
2059 313 2147 344 partes
2166 305 2222 336 illas
2236 305 2357 338 destina-

1289 345 1381 374 vimus
1395 344 1450 374 hac
1464 343 1499 373 de
1515 343 1612 381 causa,
1627 315 1773 373 &valenses
1785 351 1933 373 moverunt
1952 343 2046 375 subito
2060 345 2143 375 nobis
2157 354 2302 382 guerram:
2322 345 2360 378 Et

1289 392 1387 426 contra
1405 381 1540 412 fidelitatis
1560 381 1614 412 suae
1630 381 1759 412 debitum
1772 381 1800 410 in
1812 391 1865 411 nos
1881 381 1915 412 &
1932 391 2050 419 gentem
2065 382 2189 414 nostram
2210 382 2356 415 infideliter

1290 428 1441 463 irruerunt:
1459 419 1597 458 Nosque,
1615 419 1649 450 ad
1663 418 1784 457 ipsorum
1805 419 1938 450 malitiam
1959 421 2180 460 reprimendam,
2198 422 2228 452 in
2241 422 2357 461 expedi-

1289 466 1397 489 tionem
1410 458 1595 497 processimus
1609 466 1708 488 contra
1723 457 1806 495 ipsos:
1826 457 1862 488 Et
1877 458 1988 489 eosdem
2001 459 2169 490 intendimus
2189 461 2358 498 impugnare

1288 497 1382 527 donec
1396 519 1407 535 ,
1432 497 1595 535 disponente
1608 496 1755 534 Domino,
1773 495 1809 525 de
1828 496 1889 534 ipsis
1910 497 2034 528 nostram
2057 497 2200 529 consecuti
2220 498 2357 531 fuerimus

1288 535 1480 580 yoluntatem3
1496 535 1602 566 dietam
1621 533 1708 564 filiam
1724 533 1846 565 nostram
1861 535 1896 565 ad
1909 546 1960 566 vos
1974 535 2157 567 transmittere
2176 539 2356 576 nequivimus

1289 574 1341 604 ista
1362 584 1445 613 vice,
1469 584 1523 605 nec
1545 573 1684 604 credimus
1705 572 1800 611 quod,
1817 574 1884 605 citra
1908 574 2019 606 Festum
2041 573 2247 606 Purificationis
2266 576 2356 608 boetae

1290 612 1413 652 Mariae,
1430 623 1505 643 anno
1519 612 1660 651 sequenti,
1677 611 1756 641 idem
1771 610 1862 643 facere
1877 613 2032 644 commode
2047 613 2195 645 valeamus.

1326 651 1415 690 Super
1435 652 1493 682 hoc
1515 659 1627 688 autern,
1653 649 1730 689 quod
1752 659 1800 687 per
1821 651 1947 682 eundum
1968 652 2122 684 Nuncium
2146 662 2198 683 nos
2219 652 2359 693 rogastis,

1290 690 1366 728 quod
1384 690 1546 720 Dominum
1569 689 1686 726 Regem
1705 688 1831 718 Franciae
1847 699 2005 721 curaremus
2026 690 2177 730 aliqualiter
2198 690 2359 731 impedire,

1290 729 1363 773 fid?
1376 728 1485 759 causam
1499 728 1620 766 aliquam
1636 729 1665 757 in
1678 737 1747 766 VOS,
1764 726 1809 758 vel
1822 736 1923 759 terram
1934 729 2057 761 vestram
2069 729 2233 769 insurgeret,
2250 729 2296 761 vel
2303 739 2358 762 vo-

1292 768 1334 797 bis
1349 767 1457 797 insidias
1471 774 1650 805 praepararet:

1330 806 1413 849 Scitis
1429 816 1487 844 quo
1501 804 1625 843 foedere,
1643 816 1679 836 ne
1692 805 1764 836 dum
1776 805 1928 844 sanguinis,
1953 805 1991 836 set
2015 806 2144 844 homagii
2162 806 2255 838 sumus
2276 805 2358 838 dieto

1292 843 1370 881 Regi
1386 844 1514 874 Franciae
1535 844 1676 882 colligati,
1692 854 1747 876 nec
1762 844 1873 875 deceret
1890 855 1941 875 nos
1959 853 2058 875 contra
2079 845 2170 883 ipsum
2191 846 2359 884 aliquatenus

1292 882 1440 926 rebellare,
1457 882 1503 913 vel
1519 883 1672 921 quicquam
1687 882 1779 914 facere
1789 906 1799 922 ,
1816 893 1874 922 quo
1889 893 1937 921 per
1952 883 2064 922 culpam
2084 883 2208 914 nostram
2225 884 2357 922 indigna-

1290 929 1398 951 tionem
1412 920 1487 952 suam
1503 921 1548 951 vel
1561 920 1698 952 offensam
1711 923 1848 953 incurrere
1861 921 2049 953 crederemus:

1330 960 1531 1004 Indempnitati
1551 967 1646 990 tamen
1668 960 1783 999 vestrae,
1808 961 1841 992 &
1860 960 2015 991 vestrorum
2036 959 2200 991 affeetamus
2220 961 2358 992 continue

1290 998 1436 1036 provrdere
1448 998 1542 1029 modis
1555 998 1704 1037 omnibus,
1723 1009 1792 1038 quos
1804 998 1994 1037 conspicimus
2006 999 2173 1030 conducere.

1327 1037 1438 1082 Unde,
1456 1037 1521 1068 licet
1536 1037 1667 1068 Domino
1797 1038 1909 1069 summo
1924 1036 2077 1076 Pontifici,
2101 1047 2135 1067 ex
2156 1035 2253 1075 causa,
2268 1046 2356 1075 quam

1289 1076 1372 1120 nobis
1386 1075 1552 1114 mandastis,
1569 1076 1662 1107 adhuc
1676 1075 1794 1107 scribere
1806 1075 2006 1115 distulerimus,
2022 1077 2052 1107 iri
2067 1076 2146 1107 brevi
2159 1083 2256 1106 tamen
2270 1075 2357 1106 Nun-

1290 1124 1350 1144 cios
1374 1114 1482 1145 nostros
1503 1114 1638 1145 solemnes
1659 1115 1840 1153 proponimus
1853 1114 1887 1145 ad
1909 1115 1990 1153 ipsius
2011 1115 2198 1153 praesentiam,
2217 1124 2251 1144 ex
2274 1113 2357 1144 causa

1289 1152 1410 1192 eadem,
1426 1153 1577 1192 destinare,
1594 1156 1679 1191 parati
1690 1153 1797 1193 semper
1813 1154 1841 1184 in
1855 1154 1925 1193 hiis,
1948 1163 2011 1193 quae
2030 1152 2173 1192 possumus
2194 1151 2357 1184 condecen-

1289 1199 1346 1231 ter,
1363 1191 1539 1231 adquiescere
1553 1194 1626 1224 votis
1640 1192 1747 1224 vestris.

1291 1268 1396 1340 cinIzan
1414 1270 1488 1309 apud
1505 1269 1657 1303 Rothelan.
1678 1279 1723 1302 12.
1740 1269 1787 1302 die
1800 1270 1939 1311 Januarii,
1955 1280 2031 1301 anno
2050 1269 2147 1309 Regni
2166 1267 2255 1300 nostri
2270 1267 2358 1300 unde-

1312 1435 1418 1467 Litera
1443 1433 1603 1470 Edmundi
1627 1436 1773 1468 Germani
1801 1437 1906 1482 Regis,
1930 1434 1967 1469 de
1984 1436 2111 1481 IVegotio
2136 1437 2302 1468 Provenciae
2313 1459 2324 1476 ,

1507 1482 1589 1530 quod
1609 1486 1795 1516 terminatur
1809 1495 1865 1531 per
1879 1484 2022 1530 formam
2038 1486 2134 1530 pacis.

1298 1566 1352 1624 A
1371 1567 1449 1614 Mon
1466 1568 1586 1600 trescher
1605 1568 1716 1606 Segnur
1734 1569 1761 1601 ie
1773 1569 1833 1600 Roi
1847 1568 2056 1609 d'Engleterre‚
2071 1567 2178 1600 Esmon
2198 1567 2237 1599 see
2258 1566 2359 1607 freroe,
2374 1563 2450 1595 Ann-
2467 1563 2509 1595 D·

1372 1607 1392 1637 si
1410 1608 1429 1637 li
1445 1607 1530 1653 plei'f,
1548 1607 1621 1639 saluz
1634 1609 1668 1640 &
1683 1616 1753 1639 εοεαε
1769 1609 1879 1640 honors.
2396 1604 2482 1643 1284.

1335 1645 1463 1690 Sachez,
1481 1646 1557 1686 Sire,
1576 1647 1612 1678 ke
1628 1649 1658 1686 J'e
1677 1647 1763 1687 parlei
1783 1658 1817 1678 au
1834 1647 1891 1680 Roi
1911 1646 1948 1677 de
1970 1645 2097 1685 France,
2114 1646 2148 1678 &
2164 1645 2192 1677 le
2208 1646 2277 1684 priai
2294 1668 2305 1684 ,
2319 1655 2356 1677 en
2373 1645 2426 1670 An.
2448 1652 2490 1671 ¹2·

1296 1683 1372 1716 droit
1384 1684 1457 1729 dela
1469 1684 1597 1724 bosogne
1609 1685 1646 1717 de
1660 1685 1738 1716 l'essit
1751 1686 1788 1717 de
1803 1686 1954 1724 Bordeau83
1970 1685 2004 1716 &
2025 1685 2044 1715 il
2059 1685 2187 1723 respondi
2201 1694 2255 1724 que
2278 1684 2296 1714 il
2319 1694 2356 1715 ne
2374 1685 2405 1708 Ε·
2421 1690 2445 1708 ¹-

1295 1725 1511 1793 lrffluefitgsaemais
1525 1734 1576 1763 por
1589 1725 1654 1764 nul,
1672 1733 1756 1764 quant
1770 1725 1791 1755 il
1801 1724 1862 1756 sont
1875 1724 1940 1756 deus
1953 1723 2035 1763 essiz,
2053 1733 2112 1755 mes
2132 1724 2199 1754 bien
2214 1724 2357 1761 coveigne
2374 1723 2416 1747 Ex
2433 1722 2495 1756 Au,

1358 1801 1446 1846 ndreit
1463 1800 1499 1832 de
1513 1812 1561 1832 ma
1575 1801 1701 1839 besogne
1715 1802 1751 1832 de
1763 1801 1885 1832 Provins
1919 1800 2035 1839 sachez,
2052 1799 2131 1839 Sire,
2156 1809 2210 1838 que
2231 1799 2258 1830 la
2275 1798 2360 1830 chose

1296 1838 1337 1869 est
1352 1848 1537 1884 termmeenen
1553 1839 1645 1885 forme
1659 1840 1695 1871 de
1711 1841 1785 1880 peis,
1802 1840 1827 1871 la
1840 1824 1903 1879 quei
1915 1840 1971 1878 peis
1979 1840 2018 1883 je.
2027 1849 2078 1870 vos
2090 1837 2166 1870 eusse
2179 1837 2298 1868 mandee
2312 1847 2362 1876 par

1296 1877 1393 1916 escrit,
1412 1888 1472 1910 mes
1483 1889 1513 1917 Je
1528 1878 1563 1909 lei
1584 1878 1660 1909 leiffe
1675 1889 1728 1917 por
1743 1889 1793 1918 ce,
1811 1889 1865 1917 que
1877 1879 1920 1909 ele
1933 1877 1975 1909 est
1990 1878 2057 1908 bien
2073 1877 2194 1915 longue:
2210 1876 2244 1916 Je
2257 1876 2363 1907 l’envoi

1296 1916 1428 1986 eiliesescrit
1441 1928 1456 1948 a
1468 1917 1606 1962 Madame
1616 1927 1663 1949 ma
1677 1928 1772 1957 mere,
1787 1919 1834 1957 qui
1847 1917 1872 1948 la
1883 1927 1934 1948 vos
1948 1915 2083 1948 mosterra
2097 1917 2180 1955 bien,
2197 1916 2223 1947 se
2236 1915 2256 1946 il
2268 1914 2294 1946 la
2308 1925 2362 1947 vos

1298 1965 1318 1994 p
1353 1963 1395 1986 ort
1410 1966 1496 1987 veoir.

1334 1993 1453 2025 Endroit
1466 1993 1502 2025 de
1514 1995 1541 2025 la
1554 1994 1679 2033 besogne
1694 1994 1730 2026 de
1750 1994 1870 2034 Raulin,
1887 1994 1923 2025 de
1942 1992 2085 2034 Kemller,
2103 1994 2138 2025 δε
2157 1992 2193 2024 de
2211 1991 2302 2031 jehan
2325 1992 2361 2023 de

1295 2032 1388 2072 Vam,
1405 2033 1520 2078 sachez,
1536 2033 1614 2073 Sire,
1632 2044 1687 2073 que
1703 2035 1732 2072 je
1745 2044 1781 2065 en
1798 2034 1880 2072 parlei
1895 2044 1910 2064 a
1925 2032 1966 2063 lor
1981 2033 2068 2071 amis,
2087 2042 2139 2070 por
2153 2032 2232 2063 avoir
2243 2039 2290 2062 eut
2301 2030 2362 2062 leur

1295 2071 1417 2111 consail3
1433 2073 1466 2103 &
1480 2072 1499 2102 il
1513 2072 1590 2103 loent
1605 2083 1659 2111 que
1673 2073 1697 2103 la
1712 2072 1835 2109 besogne
1855 2081 1983 2111 prengne
2005 2070 2114 2102 onkore
2135 2070 2222 2109 delai,
2239 2070 2272 2101 &
2294 2077 2361 2101 vaut

1295 2120 1380 2142 meuz
1395 2121 1449 2150 que
1464 2111 1506 2142 ele
1518 2111 1568 2142 soit
1582 2111 1702 2142 mostree
1716 2111 1853 2142 autrefoiz
1875 2120 1930 2149 que
1943 2120 2008 2149 ore,
2025 2120 2072 2148 par
2093 2110 2180 2140 bones
2198 2108 2303 2139 resons:
2322 2108 2361 2138 les

1295 2149 1371 2219 lquels
1385 2150 1403 2181 il
1418 2160 1469 2219 Ἐξ
1483 2149 1669 2189 mosterront3
1687 2149 1744 2181 Por
1758 2150 1783 2181 la
1799 2149 1862 2189 quel
1877 2148 1961 2181 chose
1975 2149 2001 2179 la
2015 2148 2142 2187 bosogne
2160 2146 2229 2179 n'est
2243 2156 2291 2186 pas
2305 2157 2360 2177 on-

1314 2198 1363 2220 ore
1376 2198 1426 2219 mo
1464 2199 1504 2219 ee.

1333 2227 1441 2266 *Sire,
1465 2227 1484 2257 il
1505 2237 1557 2257 vos
1569 2227 1678 2257 sorvent
1692 2228 1767 2265 ben,
1784 2236 1838 2264 que
1853 2226 1883 2264 je
1901 2235 1952 2257 vos
1969 2226 2075 2263 requis,
2091 2234 2141 2263 par
2153 2225 2240 2262 letre,
2258 2224 2291 2255 &
2309 2233 2359 2262 par

1295 2267 1389 2297 boche
1426 2276 1480 2305 que
1495 2276 1546 2296 vos
1561 2276 1609 2296 me
1624 2264 1761 2296 vousissez
1776 2264 1878 2303 prester
1894 2274 1964 2295 mon
1985 2263 2045 2294 Sire
2065 2263 2136 2294 Otes
2150 2263 2187 2294 de
2203 2263 2359 2301 Granmn,

1295 2315 1347 2343 por
1361 2289 1435 2336 aider
1451 2314 1509 2335 mes
1528 2303 1679 2345 besognes,
1696 2314 1724 2334 es
1741 2303 1816 2342 quels
1826 2305 1854 2342 je
1875 2304 1968 2334 auroie
1983 2301 2095 2332 mestier
2109 2302 2145 2332 de
2160 2302 2209 2333 son
2230 2301 2361 2340 consaill3

1294 2344 1328 2374 ὃς
1346 2344 1455 2374 onkore
1471 2353 1521 2373 vos
1541 2344 1599 2382 pri,
1617 2343 1636 2372 si
1651 2352 1703 2373 vos
1721 2342 1809 2381 plest,
1827 2352 1881 2380 que
1897 2351 1947 2372 vos
1962 2340 1987 2370 le
2002 2350 2049 2371 me
2066 2340 2175 2379 prestez
2192 2350 2232 2371 un
2251 2340 2301 2378 poi
2322 2339 2359 2371 de

1293 2390 1372 2421 tens,
1389 2382 1408 2412 li
1423 2381 1498 2421 quels
1513 2381 1645 2411 revendra
1660 2391 1675 2411 a
1690 2391 1741 2411 vos
1755 2392 1770 2412 a
1784 2380 1878 2411 vostre
1892 2380 1989 2418 pleisir.

1332 2421 1368 2452 Et
1378 2423 1407 2460 je
1422 2431 1472 2451 vos
1488 2421 1530 2458 pri
1543 2430 1596 2458 que
1610 2419 1646 2450 de
1659 2419 1733 2450 ceste
1749 2419 1891 2458 requeste,
1909 2428 1962 2458 que
1972 2418 2002 2456 je
2014 2426 2072 2450 voz
2086 2416 2131 2449 faz
2140 2440 2152 2457 ‚
2169 2427 2217 2449 me
2239 2415 2360 2449 mandez

1294 2460 1385 2492 vestre
1397 2459 1528 2498 volente,
1547 2469 1597 2497 par
1613 2469 1684 2489 mon
1700 2458 1837 2498 messaget-

1331 2499 1359 2531 A
1374 2498 1452 2529 Dieu
1464 2497 1540 2529 soiez
1554 2496 1735 2528 commande.

2373 1765 2440 1796 togr.

2401 2230 2417 2246 ‘¹
2434 2232 2473 2259 Π.

2381 2269 2460 2296 1088.

1332 2575 1468 2607 Donnees
1481 2586 1497 2607 a
1512 2574 1602 2615 Paris,
1619 2575 1646 2606 le
1654 2577 1718 2614 jour
1733 2575 1770 2606 de
1783 2574 1876 2608 Sainte
1892 2572 2017 2612 Margar.

1294 2716 1402 2748 Litera
1427 2710 1555 2760 Philippi
1575 2713 1698 2745 Comitt’s
1717 2708 1924 2792 {abzucgiaeje
1942 2706 2117 2749 credentia,
2131 2707 2168 2745 ὠ·
2187 2715 2242 2752 pro
2253 2707 2361 2741 Auxi—

1736 2772 1762 2792 ιο
1805 2771 1824 2792 a
1845 2771 1879 2792 en
1901 2770 1927 2791 o.

1344 2845 1570 2878 Xcellentiffimo
1583 2847 1663 2885 viro,
1680 2845 1714 2877 &
1731 2843 1866 2876 Domino
1879 2842 1928 2874 suo
1945 2840 2246 2880 kariffimo,Domino
2260 2839 2294 2871 E.
2304 2838 2361 2870 Dei
2380 2851 2447 2884 Am,
2470 2852 2513 2884 Ι)

1362 2885 1467 2924 gratia,
1481 2884 1575 2916 illustri
1589 2884 1664 2924 Regi
1677 2883 1810 2922 Anglia'e,
1823 2882 1956 2913 Domino
1968 2880 2120 2919 Yberniae,
2134 2881 2168 2911 δε
2179 2879 2258 2910 Duci
2273 2879 2363 2917 Aqui·
2401 2877 2477 2931 128¹4
2504 2877 2512 2885 ⁶

1294 2926 1394 2963 taniae,
1408 2924 1548 2962 Philippus
1567 2922 1675 2955 Comes
1695 2922 1858 2959 sabaudi-ae,
1880 2920 2012 2958 salutern,
2027 2919 2060 2951 &
2076 2918 2103 2950 se
2115 2918 2220 2959 semper
2237 2925 2360 2957 paratum
2379 2936 2432 2959 Aa.
2444 2916 2486 2960 ΠΣ

1296 2965 1325 2994 in
1338 2964 1469 2994 omnibus
1484 2962 1518 2993 ad
1532 2962 1574 2993 sua
1588 2961 1761 3001 beneplacita
1776 2961 1810 2992 &
1823 2959 1960 2990 mandata.
2380 2974 2431 2997 13.1

1336 3001 1488 3041 Cupientes
1503 3001 1539 3032 de
1552 3000 1630 3032 felici
1644 3000 1714 3032 statu
1728 2998 1930 3037 vestro(quem
1943 2996 2014 3037 Jehu
2029 2995 2155 3028 Christus
2169 2995 2214 3027 sua
2228 2994 2365 3026 Clemen—
2382 3010 2429 3037 Ex
2439 2993 2503 3036 'Au-

1297 3042 1334 3072 tia
1360 3041 1523 3079 prosperum
1544 3039 1651 3079 semper
1674 3039 1756 3070 faciat
1778 3037 1812 3068 &
1827 3035 2006 3075 jocundum)
2034 3035 2128 3066 bonos
2149 3034 2184 3066 &
2204 3042 2294 3065 certos
2318 3044 2364 3065 ru-
2383 3055 2449 3085 togr.

1297 3090 1388 3111 mores
1405 3079 1497 3111 audire
1519 3078 1706 3117 frequentius·
1733 3076 1915 3107 serenitatem
1937 3073 2057 3105 vestram
2077 3084 2107 3104 re
2126 3074 2242 3104 uirimus
2261 3072 2295 3103 &
2317 3082 2365 3102 ro-

1298 3128 1397 3156 gamus
1412 3141 1422 3157 ,
1448 3118 1572 3156 quatinus
1591 3117 1627 3148 de
1657 3101 1759 3147 eodem
1782 3113 1852 3145 statu
1870 3113 1963 3145 vestro
1982 3123 2033 3144 nos
2057 3111 2104 3143 red
2124 3112 2195 3150 atis,
2226 3120 2275 3149 per
2293 3109 2364 3141 lato-

1297 3156 1603 3227 messtmbs
1615 3147 2366 3233 {aaassssafflffissffiiseasss

1935 3214 1946 3231 2

1298 3235 1425 3266 laetiores.

1336 3274 1367 3304 Si
1383 3272 1451 3312 quid
1464 3279 1556 3303 autem
1572 3270 1630 3308 est,
1644 3269 1720 3309 quod
1736 3270 1817 3300 vobis
1831 3269 1918 3300 velitis
1932 3276 1983 3298 nos
2001 3265 2142 3305 facturos,
2164 3265 2248 3296 nobis
2261 3265 2365 3303 praeci-

1299 3314 1394 3350 piatis,
1408 3320 1495 3350 quum
1509 3310 1680 3341 voluntatem
1694 3307 1814 3339 vestram
1829 3308 1862 3339 &
1878 3306 2084 3344 beneplacitum
2105 3304 2189 3343 parati
2203 3303 2294 3335 sumus
2302 3326 2314 3343 ,
2327 3303 2363 3335 &

1298 3351 1406 3422 {Smper
1421 3349 1589 3419 ετὲιηυξᾶῒὶη
1607 3348 1739 3378 omnibus
1755 3357 1806 3386 pro
1827 3347 1932 3382 viribus
1951 3343 2103 3383 adimplere
2115 3366 2126 3383 ,
2156 3350 2289 3382 mnquam
2312 3352 2366 3381 pro

1333 3400 1432 3420 omino
1475 3398 1518 3419 eci
1543 3398 1561 3418 i.

1341 3429 1412 3459 Sane
1421 3399 1522 3459 adpvos
1534 3426 1669 3457 mittimus
1683 3424 1821 3456 dileC'mm
1835 3422 2019 3461 Capelianum
2037 3419 2182 3458 nostrum,
2200 3417 2366 3450 Dominum

1301 3467 1497 3504 Gregorium,
1513 3465 1628 3496 latorem
1643 3464 1834 3503 praesentium,
1847 3472 1902 3501 pro
1914 3461 2034 3500 negotiis
2048 3460 2082 3492 δεῖ
2098 3457 2301 3490 neceffitatibus
2314 3466 2369 3488 no-

1303 3505 1364 3536 stris
1375 3506 1456 3535 vobis
1471 3503 1658 3542 exponendis,
2346 3532 2352 3539 ,

1342 3543 1540 3574 Dominationi
1558 3541 1657 3573 vestrae
1673 3539 1854 3580 supplicantes
1873 3547 1905 3570 ut
1924 3548 1974 3578 ea,
1995 3547 2060 3577 quae
2076 3535 2113 3567 de
2121 3535 2250 3581 ‚negotiis
2266 3533 2366 3578 nost-ris

1304 3583 1387 3612 vobis
1404 3581 1559 3620 exposuerit
1588 3580 1682 3611 audire
1697 3580 1779 3610 vobis
1797 3576 1961 3616 placeatzEt
1976 3577 2058 3607 nobis
2075 3576 2105 3605 in
2120 3574 2181 3613 ipsis
2197 3581 2316 3611 negotiis
2330 3570 2364 3601 &

1302 3620 1508 3690 ἒεσεῐὲξαςὼυε
1519 3603 1680 3650 inst’antibus
1691 3618 1972 3657 subvenire-,necnon
1978 3615 2103 3655 praebere
2116 3612 2278 3650 confilium,
2290 3617 2367 3641 auxx-

1324 3669 1373 3689 um
1448 3668 1579 3689 uvamen.

1341 3669 1453 3735 PorroJ,
1469 3697 1489 3727 fi
1505 3696 1540 3727 de
1554 3696 1623 3727 statu
1634 3694 1731 3727 noſtro
1745 3704 1868 3726 rumores
1886 3693 1969 3726 vobis
1989 3691 2084 3724 audire
2101 3689 2207 3734 placeat

1305 3734 1477 3766 Dominatio
1489 3734 1579 3766 vestra
1592 3734 1686 3775 quod,
1718 3742 1836 3766 uantum
1856 3732 1892 3766 ad
1912 3740 2034 3772 corpus,
2051 3729 2143 3762 sumus
2164 3736 2194 3757 in

1305 3773 1374 3805 statu
1382 3797 1392 3812 ,
1405 3773 1503 3805 divina
1515 3773 1603 3814 gratia
1623 3773 1806 3806 concedente.

1342 3811 1439 3844 Valeat
1453 3813 1525 3844 bene
1537 3813 1570 3844 &
1583 3813 1643 3844 diu.

1342 3888 1451 3921 Datum
1465 3887 1512 3921 die
1525 3889 1642 3922 Veneris
1654 3888 1717 3929 post
1733 3887 1905 3930 quindenam
1919 3883 2052 3917 Pentheo.
2058 3878 2132 3919 apud
2145 3875 2281 3910 Montem
2294 3873 2370 3908 Mel·

2256 3684 2369 3715 noverit

2210 3709 2269 3756 fi'ztis
2289 3724 2370 3754 bono

2290 3992 2372 4026 Lisci
