2570 4261
206 143 223 170 1
233 131 253 169 8
263 143 281 169 2

58 214 134 244 Ann.
152 211 193 244 D.

76 261 161 291 ¹279·

58 293 123 319 Edv.
140 300 164 318 ι’
251 310 299 341 De
315 308 390 350 Rege
408 306 438 334 in
450 302 484 346 ft
501 300 660 346 assumente
670 300 836 345 persblvere
851 298 1039 332 medietatem
1055 296 1223 332 debitorum

415 348 567 397 Johannis
577 375 587 391 ‚
613 347 763 394 quondam
781 350 903 380 Comitis
918 351 1051 382 Pontivi.

56 444 93 469 A.
113 450 139 476 7.
207 439 332 498 REX
352 439 500 482 omnibus,
518 438 551 469 ad
565 447 652 477 quos,
670 438 731 469 &c.
744 437 863 482 salutem,

57 476 88 506 Έ.
108 488 132 506 i.
298 479 483 509 Univeriitati
494 477 595 507 vestrae
608 485 708 507 notum
719 476 837 507 facimus
851 486 899 516 per
911 476 1073 514 praesentes,
1089 474 1168 515 quod
1177 498 1187 513 ,
1200 482 1269 505 cum

58 517 193 551 vasco-07.
210 518 310 549 nobilis
325 516 520 555 virjohannes
530 515 567 546 de
580 515 692 554 Falerii,
712 515 844 554 Pontivi,
864 514 1024 544 Musterolli
1035 537 1044 552 ,
1064 515 1096 544 &
1114 514 1271 543 Aubemar-

57 559 87 581 E·
110 564 132 581 ¹·
212 558 255 587 iiae
288 555 412 586 uonilam
428 553 552 592 Comes,
570 554 603 585 ὃς
618 555 701 585 clarae
713 555 859 584 memoriae
871 553 1017 592 johanna,
1036 552 1146 591 Regina
1161 550 1272 581 Castel-

57 601 93 620 m·
114 601 141 628 3·
213 595 248 625 1ae
322 593 455 633 Legionis
475 593 584 623 illustris
598 616 608 631 ,
627 603 659 622 ac
670 592 813 622 dictorum
830 591 945 622 Pontivi
959 592 992 621 &
1007 591 1196 621 Aubemarliae
1210 589 1271 620 Co-

210 634 360 663 mitatuum
375 631 543 669 Comitiffa,
563 631 710 661 constante
724 631 907 661 matrimonio
925 631 998 660 inter
1017 639 1082 668 eos,
1099 630 1129 659 in
1147 628 1271 670 pluribus

204 672 273 702 locis
285 682 300 702 a
316 670 428 701 diversis
442 669 626 700 creditoribus
639 668 742 699 diversa
757 669 850 699 debita
867 669 1071 706 contraxerint,

243 709 274 740 In
295 719 346 739 nos
369 709 532 740 assumimus
554 709 714 746 portionem
735 706 902 738 eorumdem
916 707 1078 737 debitorum
1099 704 1270 749 persolvere,

207 759 271 787 quae
290 748 399 779 di&um
414 747 578 785 Johannem
598 746 633 776 de
654 745 750 776 Faieni
764 746 903 784 contingit
925 746 940 775 a
959 752 1101 785 tempore,
1118 754 1176 784 quo
1191 743 1269 773 idem

56 787 348 827 *11.i42.J0bannes
363 785 574 816 matrimonium
588 794 656 815 cum
670 784 805 824 praedic&
820 783 934 823 Regina
947 784 1100 822 contraxit,
1114 781 1269 821 usque*ad

207 827 320 856 obitum
336 824 458 864 Reginae
471 823 609 862 ejusdem,
627 833 660 853 ac
674 824 738 853 vice
752 825 785 854 &c
801 825 918 853 nomine
934 822 1014 860 ipsius
1024 821 1161 860 johannis
1175 822 1210 852 de
1224 821 1269 852 efi-

207 865 274 895 dem
296 865 426 902 portione
446 862 630 893 creditoribus
653 862 872 899 quibuscumque
894 861 1043 892 satisfacere
1057 884 1066 898 ,
1083 861 1181 900 quibus
1200 870 1270 891 eun-

205 903 271 934 dem
287 902 452 940 Johanriem
471 901 557 931 teneri
576 899 732 931 constiterit
754 901 835 930 nobis
849 923 859 938 ,
877 901 910 931 Sc
931 899 967 930 de
981 899 1139 938 hujusmodi
1151 899 1269 937 debitis,

207 942 244 973 sic
265 941 432 977 contractis,
450 940 483 970 &
497 949 556 969 non
576 939 686 977 solutis,
705 939 762 969 fieri
782 939 884 979 poterit
905 938 1023 977 plenaria
1045 938 1202 977 certitudo,
1219 937 1271 969 du-

206 989 283 1010 rante
296 979 478 1010 matrimonio
488 977 654 1018 supradicto.

245 1019 282 1049 Et
302 1018 435 1048 volumus
455 1018 536 1047 etiam
553 1016 657 1046 solvere
674 1026 774 1046 omnes
790 1016 928 1056 sumptus,
946 1016 1021 1046 circa
1035 1016 1161 1053 exequias
1192 1015 1271 1047 raefa-

206 1065 243 1089 tae
257 1057 377 1097 Reginae
391 1055 498 1093 fanos,
517 1063 652 1094 quatenus
665 1054 700 1086 de
715 1055 766 1085 hiis
780 1055 862 1086 nobis
877 1054 935 1086 fieri
950 1054 1036 1086 valcat
1050 1054 1130 1085 firma
1144 1053 1162 1085 fi
1183 1065 1219 1086 es.

244 1095 280 1126 In
293 1096 387 1134 cujus,
403 1095 464 1126 &c.

244 1175 314 1208 Dat.
328 1177 400 1218 apud
413 1175 542 1207 Valoilles
551 1175 666 1206 decimo
680 1176 762 1206 tertio
775 1175 821 1206 die
830 1175 917 1214 Junii.

206 1311 314 1342 Lirem
333 1337 342 1351 ‚
375 1320 429 1355 per
458 1321 551 1355 quam
577 1307 757 1341 Edmundus
786 1309 887 1340 Comei
910 1307 1106 1355 Langcastriae
1137 1307 1269 1341 reddidit

255 1361 330 1403 Regi
349 1361 514 1390 Comitatus
533 1361 568 1395 (ῤ’
594 1355 698 1399 Castra
721 1356 757 1389 de
779 1356 962 1405 Kermerdyn
981 1360 1018 1395 (ῤ’
1038 1357 1211 1403 Cardigan,
1239 1363 1270 1390 in

252 1403 450 1452 Efiambinm
462 1433 471 1448 ,
487 1416 541 1452 pro
560 1409 714 1439 Mancriis
723 1404 758 1438 de
774 1403 910 1448 I‘Virkes,
926 1404 1030 1439 [Vroth
1040 1433 1050 1449 ,
1067 1408 1103 1444 ὠ
1115 1403 1267 1452 Effi‘burn.

55 1502 132 1533 Αῃῃ,
145 1501 186 1533 Ι),
279 1495 423 1533 Niversis‚
437 1494 554 1536 praesens
567 1493 698 1532 scriptum
713 1495 807 1525 visuris
819 1495 864 1525 vel
879 1494 1024 1534 audituris,
1033 1494 1198 1526 Edmundus
1206 1495 1269 1528 Co-

78 1550 161 1579 1279,
290 1544 348 1564 mes
365 1533 570 1573 Langcastriae,
589 1533 701 1563 salutern
714 1534 743 1563 in
760 1533 902 1563 Domino.

53 1584 107 1608 Aa.
123 1591 150 1616 7,
242 1572 337 1603 Sciatis
352 1582 402 1603 nos
415 1571 576 1610 reddidiffe,
593 1573 627 1603 &
643 1581 694 1610 pro
706 1572 789 1602 nobis
804 1571 1002 1603 &haeredibus
1014 1571 1114 1603 nostris
1128 1573 1268 1612 imperpe-

53 1623 85 1646 E.
109 1629 131 1647 ι,
205 1620 285 1643 tuum
300 1612 423 1652 quietum
437 1609 568 1641 clamaffe
579 1633 588 1649 ,
607 1610 731 1649 Egregio
747 1609 872 1650 Principi
888 1634 897 1650 ,
916 1610 1051 1641 Domino
1063 1612 1096 1642 &
1116 1611 1189 1642 fratri
1202 1622 1268 1642 nos-

53 1662 85 1686 1„
98 1661 134 1685 Α,
144 1656 169 1693 f,
206 1658 251 1680 tro
265 1649 406 1681 karissimo
415 1673 423 1687 ,
442 1649 576 1680 Domino
588 1648 747 1686 Edwardo,
761 1648 837 1688 Regi
852 1650 963 1688 Angliae
974 1648 1071 1679 illustri
1080 1672 1090 1688 ‚
1106 1649 1268 1682 Comitatus

58 1704 119 1731 190.
139 1707 167 1723 a.
207 1689 239 1720 &
262 1687 360 1720 Castra
380 1688 416 1719 de
436 1687 617 1728 Kermerdyn
637 1688 670 1718 &
692 1686 832 1726 Cardigan
848 1711 858 1727 ‚
877 1688 910 1719 <Sc
930 1697 1030 1718 omnes·
1045 1697 1128 1718 terras
1141 1689 1175 1719 &
1190 1697 1268 1720 tene-

54 1737 123 1761 rem
138 1738 190 1763 ε,-
207 1737 318 1766 menta,
337 1738 406 1758 cum
420 1727 603 1765 pertinentiis,
620 1736 684 1767 quae
697 1725 844 1756 habuimus
859 1728 887 1757 in
908 1726 1046 1766 praedietis
1059 1726 1268 1768 ComitatibuS,

55 1781 145 1800 meru.
204 1766 260 1796 sine
272 1767 329 1797 ullo
344 1768 528 1797 retinemento
537 1789 546 1803 ,

237 1804 378 1836 Habenda
391 1806 424 1836 &
439 1805 556 1835 tenenda
569 1801 660 1833 eidem
674 1802 808 1833 Domino
822 1802 916 1841 Regi,
931 1803 965 1834 δε
978 1804 1150 1842 haeredibus,
1168 1805 1212 1836 vel
1227 1806 1267 1837 as-

201 1844 309 1882 signatis
323 1844 392 1881 suis,
407 1854 475 1873 cum
491 1842 577 1873 feodis
594 1841 737 1879 Militum,
756 1842 987 1872 advocationibus
1006 1843 1214 1883 Ecclesiarum,
1232 1846 1267 1876 ὃς

201 1892 269 1913 cum
283 1883 415 1912 omnibus
430 1882 614 1918 libertatibus,
632 1880 665 1911 &
681 1880 769 1910 liberis
783 1880 1046 1919 consuetudinibus,
1060 1882 1093 1912 &
1110 1883 1190 1912 rebus
1198 1883 1266 1922 aliis,

201 1920 235 1951 ad
250 1920 426 1959 Comitatus,
442 1920 539 1950 Castra
548 1943 557 1958 ,
572 1920 605 1950 &
619 1919 736 1958 Terras,
750 1919 784 1950 ὃ(
796 1919 974 1950 Tcnementa
987 1920 1123 1960 praedic‘ta
1137 1922 1266 1961 qualiter-

201 1969 322 1998 cumque
336 1959 522 1998 speetantibus
553 1959 779 1998 imperpetuum,

239 1998 296 2028 Pro
312 1998 446 2028 Maneriis
458 1998 493 2027 de
506 1981 638 2035 Vilirkes,
656 1995 775 2027 NVorth.
791 1996 824 2026 ὃ(
840 1995 1051 2035 Effeburne,&
1066 1997 1263 2038 Wappcltach.

201 2037 237 2067 de
247 2037 380 2075 Wirkes,
397 2035 515 2066 W'orth.
528 2045 595 2066 cum
607 2034 794 2073 pertinentiis,
831 2045 874 2064 uae
889 2034 1018 2074 praefatus
1032 2036 1178 2068 Dominus
1198 2038 1264 2068 Rex

202 2075 284 2105 nobis
298 2085 346 2115 per
360 2082 463 2105 cartam
478 2074 552 2105 suam
571 2073 646 2104 dedit
663 2074 697 2104 &
709 2083 802 2103 conce
825 2081 846 2103 it
859 2074 887 2102 in
902 2074 1075 2104 escambium
1089 2085 1141 2115 pro
1160 2075 1264 2107 Comi-

200 2115 318 2152 taribus,
339 2114 371 2145 &
387 2111 509 2151 Castris,
527 2113 560 2143 &
575 2112 687 2149 Terris,
706 2112 739 2142 &
751 2111 936 2143 Tenementis
952 2112 1106 2152 praedictis,

240 2152 280 2182 Ita
302 2152 379 2189 quod
395 2161 446 2181 nec
462 2161 514 2181 nos
552 2160 606 2181 nec
621 2150 744 2180 haeredes
759 2150 866 2188 nostri,
884 2160 938 2181 nec
958 2151 1054 2189 aliquis
1068 2161 1117 2191 per
1131 2163 1199 2192 noxi,
1217 2154 1263 2184 vel

220 2199 252 2220 ro
274 2191 356 2220 nobis
371 2213 380 2228 ‚
404 2191 432 2219 in
457 2174 595 2227 praedietis
616 2188 806 2219 Comitatibus
818 2212 827 2227 ,
847 2189 880 2219 &
896 2188 1000 2220 Castris
1014 2212 1024 2228 ,
1041 2199 1088 2221 aut
1101 2191 1213 2230 Terris,
1229 2193 1263 2224 &c

199 2200 385 2259 q‘enementis
394 2250 404 2266 ,
423 2228 467 2258 vel
481 2229 562 2258 rebus
573 2228 646 2265 aliis,
666 2227 699 2258 ad
712 2238 744 2257 ea
757 2229 975 2266 pertinentibus,
991 2238 1037 2259 aut
1051 2239 1113 2268 quae
1129 2231 1210 2261 nobis
1218 2232 1262 2261 vel

199 2267 355 2298 haeredibus
368 2265 485 2305 nostris,
503 2267 609 2296 ratione
621 2265 802 2304 eorumdem,
819 2267 947 2297 accidere
962 2276 1111 2304 potuerunt
1124 2291 1133 2306 ,
1148 2270 1193 2299 vel
1211 2279 1263 2308 po-

200 2314 294 2376 ffirunt
308 2328 318 2343 ,
342 2306 492 2344 quicquam
513 2305 576 2342 juris
595 2304 640 2334 vel
663 2304 755 2334 clamii
775 2306 884 2345 exigere
903 2305 948 2336 vel
962 2306 1063 2336 habere
1075 2307 1219 2344 postumus
1233 2309 1263 2339 in

232 2353 333 2375 turum.

202 2422 220 2453 s
241 2383 274 2413 In
290 2383 368 2420 cujus
383 2382 422 2412 rei
437 2380 632 2412 testimonium
645 2381 771 2421 praesenti
783 2381 887 2420 scripto
902 2382 1020 2422 sigillum
1033 2383 1161 2414 nostrum
1176 2393 1263 2422 appo-

214 2431 317 2452 uimus:

430 2499 496 2531 Hiis
509 2499 660 2539 Testibus,
675 2500 878 2533 venerabilibus
892 2502 1033 2542 Patribus,

204 2582 318 2612 Roberto
345 2580 513 2623 Bathonensi
531 2580 569 2616 ὠ·
592 2579 716 2621 Wllenfi
753 2585 879 2613 Antonio
892 2583 965 2622 Bek,

241 2619 382 2660 Epifiopo,
752 2623 864 2658 Hugone
869 2620 933 2661 filio
947 2626 1052 2660 Otton,

206 2660 246 2688 Et
262 2657 406 2698 Godefrido
416 2660 540 2698 Wygorn.
553 2657 676 2697 Episcopo
683 2668 693 2696 ,·
753 2659 875 2689 Waltero
889 2660 922 2689 de
935 2659 1059 2700 Helyun,

204 2700 328 2727 Dominis
337 2720 346 2734 ,
364 2696 497 2735 Johanne
511 2698 543 2726 de
557 2697 630 2737 chc'y
639 2720 649 2736 ,
752 2697 885 2735 Johanne
899 2699 931 2727 de
945 2701 1082 2736 Lovet0t‚

204 2739 307 2765 Ottone
322 2736 352 2765 de
372 2735 556 2774 Grandisbno,
751 2735 868 2766 Roberto
873 2735 937 2778 filio
949 2735 1109 2775 Johannis,
1130 2735 1163 2767 &
1178 2735 1242 2766 aliis.

205 2777 302 2812 Rogero
317 2776 349 2804 de
368 2773 498 2813 Cliffiira‘,

239 2854 306 2885 Dat.
323 2855 456 2885 London.
472 2855 588 2886 decimo
603 2854 648 2885 die
662 2855 829 2887 Novembr.
844 2864 921 2886 anno
933 2855 1027 2896 Regni
1040 2854 1163 2886 Domini
1177 2853 1265 2894 Regis

203 2892 350 2933 supradieti
363 2893 490 2933 septimo.

273 3025 333 3057 Pro
353 3024 520 3068 Constantia
539 3026 689 3073 quondam
704 3039 797 3060 uxore
813 3030 943 3061 Henrici
961 3026 997 3060 de
1014 3027 1191 3061 Alemania.

57 3124 133 3155 Am,
146 3123 189 3155 D·
204 3111 515 3187 RFAEStzgslagistro
530 3115 603 3146 Adae
621 3115 656 3146 de
668 3115 770 3147 Norff.
784 3115 1003 3147 Constabulario
1017 3116 1065 3148 suo
1079 3116 1268 3158 Burdegaliae‚

83 3171 157 3201 1279
401 3176 407 3182 ·

58 3205 99 3229 Ax
128 3210 142 3237 7

105 3223 110 3229 ,
149 3223 155 3229 ,
244 3188 324 3221 Cum
344 3191 562 3223 concesserimus
585 3192 695 3223 dileCltae
715 3193 928 3232 consanguineae
949 3193 1053 3225 nostrae
1073 3193 1268 3235 Constantiae,

58 3244 90 3267 E.
112 3249 134 3267 μ
208 3237 271 3265 quse
292 3229 344 3260 fuit
360 3239 430 3260 uxor
445 3230 565 3261 Henrici
579 3231 614 3261 de
631 3231 775 3262 Alemania
792 3256 801 3271 ,
816 3234 844 3263 in
857 3233 1039 3264 dotaliciumi
1062 3233 1111 3263 sius
1123 3233 1268 3266 Constan-

60 3277 194 3313 Wsconss.
210 3267 274 3305 tiae,
293 3268 438 3299 trescentas
457 3269 537 3299 libras
551 3269 763 3309 sterlingorum,
782 3271 890 3301 finoulis
905 3273 999 3310 annis,
1017 3283 1033 3302 a
1065 3281 1156 3302 certos
1169 3275 1268 3305 terrui-

62 3313 98 3347 &
113 3324 138 3349 7,
150 3319 177 3343 E.
213 3315 279 3344 nOS,
297 3307 486 3346 percipiendas
497 3308 533 3339 de
548 3307 688 3339 Custuma
701 3307 796 3340 nostra
817 3295 1007 3350 fiurdegalenfi
1021 3311 1055 3342 ad
1068 3319 1158 3341 totam
1178 3313 1268 3343 vitam

65 3360 89 3382 ι,
103 3361 139 3381 m.
155 3361 179 3382 1.
220 3354 295 3373 U²m²

247 3382 335 3425 Vobis
349 3385 512 3416 mandamus
526 3407 535 3423 ,
553 3385 623 3415 ficut
642 3385 703 3416 alias
718 3386 957 3426 mandaverimus,
975 3387 1052 3427 quod
1072 3389 1097 3418 ei
1121 3388 1149 3418 id
1162 3411 1171 3428 ‚
1189 3388 1269 3429 quod

209 3418 286 3464 fib¹.'³³.
295 3426 370 3453 retro
384 3423 425 3453 est
439 3425 474 3454 de
489 3424 570 3454 dietis
585 3423 724 3455 trescentis
735 3424 809 3454 libris
822 3426 932 3464 annuis,
950 3426 1012 3466 post
1027 3427 1165 3457 recessum
1181 3437 1269 3458 vene-

210 3458 300 3500 rabilis
310 3463 391 3498 patris
406 3461 444 3492 R.
458 3461 637 3493 Bathonenfis
653 3463 687 3493 &
701 3463 850 3493 Welienfis
863 3463 1013 3504 Episcopi,
1030 3464 1196 3496 Cancellarii
1203 3476 1269 3496 nos-

211 3502 261 3531 tri,
272 3497 310 3538 ,ὃς
324 3498 416 3530 diieffi
433 3501 465 3532 &
481 3500 566 3531 fidelis
580 3500 668 3531 nostri
681 3501 786 3532 Otonis
798 3501 834 3531 de
846 3501 1028 3534 Grandisono
1039 3504 1054 3534 a
1065 3504 1187 3542 partibus
1200 3504 1269 3535 Vas-

212 3542 322 3578 comaet,
337 3538 429 3568 eidem
443 3538 618 3570 Constantiae
630 3540 687 3570 sine
706 3539 837 3570 dilatione
852 3540 953 3571 habere
972 3541 1090 3573 faciatis·
1110 3543 1144 3574 &
1158 3543 1196 3573 sic
1231 3543 1269 3574 de

68 3582 198 3620 011³,st
211 3579 289 3614 ⁴anno
303 3583 331 3601 in
345 3585 466 3615 annum,
483 3578 629 3617 praediffiffls
645 3578 790 3609 trescentas
804 3578 901 3616 libras,
919 3579 954 3609 ad
969 3580 1060 3611 dictos
1075 3566 1095 3601 *ἶ
1114 3567 1270 3620 terminos,

209 3608 592 3683 gcfgsslggaffiqffiabulariae
612 3617 772 3656 praediaae:
792 3616 828 3648 Et
848 3627 900 3649 nos
915 3627 958 3648 ωε
971 3619 1000 3650 in
1013 3627 1154 3659 compoto
1172 3619 1268 3651 vestro

251 3683 285 3714 In
299 3687 390 3726 cujus,
406 3690 466 3722 &c.

250 3762 341 3795 Teste
353 3765 434 3807 Rege
444 3771 516 3809 apud
529 3772 655 3807 Westm.
672 3784 716 3806 12.
730 3774 774 3807 die
790 3773 978 3807 Novembris.

709 108 1936 161 CONVENTIONES‚'L1TERAE‚

2386 192 2463 224 Ann.
2479 191 2533 226 D}

2403 232 2488 263 1280.

1347 301 1506 332 Conventio
1524 311 1595 332 cum
1609 299 1775 333 Baronibus
1789 303 1952 347 Norwegiae
1963 326 1973 341 ,
1997 302 2079 331 circa
2094 301 2257 345 captionem
2276 299 2354 330 Gui-
2386 273 2454 300 Edv.
2477 281 2503 300 ι’

1673 348 1755 381 donis
1771 348 1808 382 de
1822 348 2018 393 Monteforti.

1382 434 1460 466 Nno
1471 435 1595 467 Domini
1609 436 1779 476 Millesimo,
1796 436 2007 475 ducentesimO,
2016 436 2223 475 oetuagesimo,
2241 437 2272 467 in
2285 436 2377 481 Oeta·
2386 412 2485 481 {inf
2511 412 2515 416 ι

1393 474 1434 503 bis
1446 473 1612 518 Epiphaniae
1621 498 1630 514 ,
1649 477 1719 505 inter
1733 475 1848 506 fratrem
1860 475 2037 506 Richardum
2053 475 2194 518 Abbatem
2206 475 2242 505 de
2256 474 2330 516 Lysa
2344 485 2374 505 in
2387 492 2418 516 L.
2431 492 2468 516 A.
2474 487 2503 526 fl

1314 510 1496 552 Norwegia,
1515 514 1549 544 &
1562 513 1711 544 Thomam
1730 515 1766 545 de
1785 514 1936 554 Ippegrave
1949 513 2070 544 Domini
2091 513 2118 543 R
2155 514 2176 543 is
2189 513 2323 544 clientem
2341 523 2375 544 ex
2388 536 2456 562 444,
2474 529 2500 555 b.

1315 551 1492 619 2²:523&
1503 552 1766 631 ffiffiiligievyiioe
1775 552 2377 630 Βὲκᾜᾞοὶῗξὲἒῗὲἷῗῧεὲἓᾞπῖᾚῗέ
2389 569 2527 605 P‘-”‘'⁸⁶³·⁶

1315 627 1414 666 altera,
1434 628 1471 658 ita
1488 630 1638 668 convenit,
1654 615 1799 668 videlic’et,
2387 613 2482 635 mern*

1314 666 1698 736 fraffldoffiefarssissif‘ssn‘?
1712 667 1844 737 23³⁶&ss
1857 666 2026 737 affligenti&
2044 667 2376 738 ²22⁰&m'ihifflssf‘t

1313 744 1398 787 circa‘
1408 728 1570 788 c’aptioriem
1592 715 1734 789 Οιξίἓοιῐῖἰε
1747 745 1782 775 de
1800 717 1982 789 Ifslldnte’fgtli
1993 768 2003 784 ,
2020 716 2134 783 pligfatli1
2147 717 2272 775 D’ohiini
2288 717 2384 785 Regis:

1314 781 1426 821 Angliae
1441 792 1565 825 inimici,
1581 792 1628 822 qui
1645 782 1681 813 de
1702 782 1861 826 Norwegiai
1874 805 1885 821 ,
1901 791 1947 813 ant
1984 794 2049 814 uam
2063 783 2254 822 conprehendi
2309 784 2375 822 sset,

1311 820 1428 852 latenter
1449 824 1530 852 evaiit
1543 843 1554 859 ‚
1568 830 1635 851 cum
1651 821 1823 861 perspexisset
1842 822 1891 852 {ibi
1912 823 1960 852 inii
1982 823 2023 857 ias⁴
2038 831 2088 861 per
2106 822 2252 861 praefatum
2267 793 2377 855 &omi—

1313 869 1384 889 num
1398 859 1540 890 Abbatem
1552 858 1677 897 intend13
1696 861 1732 890 ita
1745 869 1838 891 tamen
1851 860 1928 899 quod
1964 860 2068 891 raeditti
2087 860 2184 891 Abbas
2197 862 2230 892 &
2242 860 2373 892 Thomas

1313 897 1423 929 solvent
1437 897 1575 938 praedictis
1593 897 1746 928 Batonibus
1763 899 1894 929 ducentas
1910 899 1936 929 Ν
1948 909 2020 929 arcas
2039 899 2242 938 sterlingorum
2256 909 2308 940 pro
2327 909 2375 930 ex-

1313 937 1415 975 pensi8‚
1433 947 1498 977 quas
1511 937 1616 968 facient
1629 937 1665 967 ad
1678 937 1787 968 dietum
1803 936 1970 979 Guidonem
1984 937 2286 975 conprehendendum:

1351 975 1398 1006 Ad
1410 985 1495 1015 quam
1509 975 1624 1014 quidem
1639 977 1804 1015 pecuniam,
1822 974 1926 1006 eudem
1940 975 2091 1006 Baronibus
2104 976 2264 1007 solvendam
2279 999 2288 1014 ,
2305 975 2376 1008 disti

1313 1013 1410 1083 Abbss?
1424 1014 1457 1045 &
1472 1015 1600 1045 Thomas
1613 1013 1639 1045 se
1652 1014 1863 1054 obligaverunt,
1880 1014 1936 1045 sive
1951 1014 2078 1053 praefatus
2092 1013 2194 1045 Guido
2204 1023 2300 1052 captus
2314 1015 2375 1046 fue-

1316 1060 1352 1083 rit
1401 1062 1445 1084 ive
1459 1063 1528 1083 non.

1352 1075 1390 1122 l'it
1413 1092 1490 1130 quod
1513 1091 1661 1129 praedietus
1677 1091 1808 1122 Thomas
1822 1115 1831 1130 ,
1848 1101 1902 1129 pro
1920 1090 2002 1122 dictis
2022 1089 2148 1121 ducentis
2162 1090 2270 1121 Marcis
2282 1114 2293 1130 ,
2308 1102 2378 1123 cum

1315 1129 1457 1199 prgdifflsl
1467 1129 1708 1199 Baronibusscibses
1723 1130 1878 1161 remanebit
1893 1130 2036 1170 quousque
2054 1129 2151 1161 eadem
2165 1131 2284 1167 pecunia
2296 1129 2379 1163 fuerit

1314 1178 1340 1198 ei
1371 1179 1417 1199 em
1460 1179 1553 1200 enarie
1585 1179 1612 1198 er
1624 1179 1644 1199 o
1655 1177 1708 1199 uta.

1351 1207 1390 1238 Et
1403 1231 1413 1245 ‚
1428 1179 1449 1238 ii
1468 1208 1558 1238 dietus
1566 1178 1696 1246 pGuido,
1714 1206 1850 1238 Domino
1863 1207 2056 1245 concedente,
2073 1216 2122 1246 per
2135 1206 2277 1237 dictorum
2292 1206 2378 1238 Baro-

1313 1255 1383 1276 num
1398 1246 1563 1276 industriam
1576 1246 1610 1277 &
1622 1246 1748 1277 laborem
1760 1245 1974 1283 comprehensus
1989 1246 2070 1276 fuerit
2083 1246 2117 1276 &
2130 1253 2237 1283 tentus,
2254 1246 2383 1286 itaqued-

1314 1294 1412 1315 manus
1433 1285 1558 1324 ipsorum
1572 1285 1689 1316 evadere
1707 1295 1766 1315 non
1781 1283 1864 1324 poffit
1907 1294 2026 1315 omnem
2075 1285 2204 1322 cuniam,
2223 1294 2308 1322 quam
2327 1285 2376 1324 ipsi

1315 1322 1434 1354 Batones
1455 1334 1507 1364 pro
1528 1324 1610 1362 ipsius
1630 1323 1824 1363 redemptione
1844 1307 1951 1367 sosvent
1964 1346 1973 1362 ,
1992 1323 2020 1353 di
2052 1324 2061 1353 i
2081 1323 2178 1354 Abbas
2192 1323 2225 1354 &
2248 1322 2380 1366 Thomas

1312 1361 1451 1400 praedietis
1471 1362 1624 1393 Batonibus
1641 1362 1784 1392 restituere
1803 1362 1903 1393 faciant
1918 1385 1928 1401 ,
1945 1370 2094 1400 antequam
2110 1362 2186 1392 idem
2208 1360 2309 1392 Gurdo
2324 1363 2376 1393 eis-

1312 1399 1378 1430 dem
1386 1424 1396 1440 ‚
1414 1401 1447 1432 ad
1463 1411 1534 1441 opus
1547 1400 1614 1432 dieti
1629 1400 1752 1431 Domini
1767 1400 1853 1439 Regis
1867 1400 1997 1440 Angliae,
2016 1401 2155 1431 liberetur.
2229 1439 2234 1444 θ

1349 1439 1386 1470 Et
1395 1462 1404 1478 ,
1423 1440 1443 1470 si
1457 1439 1568 1470 dietum
1581 1440 1727 1479 negotium
1742 1449 1791 1476 per
1804 1439 1948 1469 dic'torum
1964 1439 2106 1470 Baronum
2120 1438 2283 1470 industriam
2295 1438 2376 1469 debi-

1311 1485 1373 1507 tum
1386 1479 1510 1509 seruatur
1525 1477 1660 1508 effeetum
1669 1501 1679 1516 ,
1695 1477 1791 1508 Abbas
1803 1478 1836 1508 &
1848 1477 1979 1508 Thomas
1993 1478 2210 1515 praenominati,
2229 1481 2303 1508 bona
2318 1477 2375 1508 fide

1311 1517 1497 1555 promiserunt
1513 1516 1590 1554 quod
1605 1526 1725 1547 omnem
1740 1517 1913 1555 diligentiam
1922 1539 1931 1554 ,
1945 1525 2031 1554 quam
2039 1524 2188 1555 poterunt,
2205 1516 2306 1555 absque
2319 1517 2373 1548 ulla

1311 1554 1427 1586 fiffione
1443 1579 1452 1593 ,
1468 1565 1552 1593 penes
1576 1554 1742 1586 Dominum
1766 1555 1878 1595 Regem
1900 1554 2012 1595 Angliae
2028 1554 2202 1585 adhibebunt
2215 1577 2225 1590 .,
2241 1555 2274 1585 &
2287 1564 2378 1594 partes

1309 1593 1365 1623 suas
1379 1594 1493 1624 fideliter
1507 1595 1577 1624 inter
1618 1603 1685 1624 nere
1697 1593 1852 1632 curabunt,
1870 1593 1948 1632 quod
1963 1593 2040 1625 idem
2057 1592 2201 1623 Dominus
2214 1592 2279 1623 Rex
2292 1593 2375 1624 dietis

1310 1631 1465 1664 Baronibus
1477 1655 1488 1671 ,
1507 1642 1559 1669 pro
1571 1603 1727 1673 diligentia,
1744 1633 1840 1677 labore
1852 1633 1885 1663 ὃς
1897 1642 1979 1671 cura,
1991 1633 2067 1677 circa
2100 1629 2217 1676 raemiss‘a
2234 1630 2377 1677 adhibitis,

1310 1671 1344 1702 &
1359 1681 1410 1709 pro
1424 1672 1534 1702 servitio
1551 1671 1664 1709 futuro,
1680 1672 1716 1702 ab
1730 1681 1768 1701 eis
1780 1671 1965 1708 imposterum
1979 1670 2060 1701 dieto
2116 1679 2218 1700 omino
2230 1670 2305 1709 Regi
2318 1680 2375 1700 im—

1310 1710 1479 1749 pendendo,
1496 1710 1581 1740 talem
1595 1711 1711 1749 gratiam
1726 1710 1905 1750 rependeret,
1923 1710 2002 1748 quod
2014 1709 2094 1739 dicto
2107 1708 2242 1739 Domino
2255 1708 2374 1748 Regiad

1310 1748 1468 1788 honorem,
1482 1748 1516 1779 ὃς
1531 1747 1634 1779 eisdem
1649 1747 1804 1780 Baronibus
1816 1749 1915 1780 cedere
1928 1747 2012 1787 poffit
2023 1747 2059 1779 ad
2069 1748 2237 1786 profectum.

1346 1828 1380 1860 In
1400 1830 1476 1867 cujus
1496 1831 1535 1860 rei
1554 1828 1749 1860 testimonium
1765 1829 1891 1868 praesenti
1910 1828 2028 1868 scripto,
2045 1829 2075 1858 in
2097 1827 2188 1859 modo
2201 1826 2372 1872 Cirographi

1308 1867 1462 1907 confecero,
1479 1868 1564 1908 sigilla
1576 1868 1772 1908 praedistarum
1785 1870 1905 1909 partium
1919 1868 1984 1900 vice
2002 1875 2100 1899 mutua
2111 1866 2173 1898 sunt
2185 1870 2316 1907 aPPOllta.

1331 2015 1438 2047 Litera
1455 2026 1476 2046 a
1493 2014 1655 2060 Senescallo
1674 2016 1761 2061 Regis
1778 2015 1942 2062 Noruaegiae
1956 2013 1992 2047 de
2013 2013 2148 2047 Guidone
2164 2009 2201 2045 de
2221 2013 2349 2046 Mome-

1584 2063 1685 2107 forte,
1711 2061 1893 2109 inpartibus
1909 2065 2084 2109 Norwegiae.

1305 2148 1360 2210 E
1371 2148 1600 2182 Xcellentiffimo
1613 2150 1757 2196 principi,
1777 2150 1912 2183 Domino
1927 2150 2068 2183 Edwardo
2079 2173 2089 2188 ,
2103 2150 2161 2181 Dei
2173 2150 2275 2191 gratia,
2293 2150 2369 2191 Regi
2386 2148 2462 2181 Arm.
2479 2149 2520 2182 D.

1387 2189 1516 2230 Angliae,
1530 2190 1664 2220 Domino
1678 2190 1827 2220 Hiberniae
1841 2191 1874 2221 &
1889 2190 1969 2221 Duci
1982 2190 2178 2230 Aquitanniae‚
2187 2189 2369 2229 Augustinus,
2408 2188 2492 2219 1280-

1304 2227 1413 2257 illustris
1428 2230 1513 2268 Regis
1527 2228 1562 2258 N
1564 2230 1698 2268 orwegiae
1711 2229 1893 2267 senescallus,
1912 2229 2024 2259 salutem
2033 2252 2043 2268 ,
2063 2238 2130 2258 cum
2153 2230 2237 2260 totius
2251 2230 2368 2260 honoris
2383 2229 2418 2255 A·
2440 2227 2467 2255 8-

1304 2266 1337 2297 &
1350 2267 1447 2305 glori-ae
1462 2269 1656 2305 incremento,
1674 2267 1708 2297 ad
1721 2268 1778 2305 ejus
1791 2268 1964 2306 beneplacita
1977 2268 2009 2298 &
2025 2267 2206 2298 voluntatem.
2384 2269 2413 2293 E·
2437 2274 2461 2291 ¹-

1342 2304 1450 2335 Vestrae
1466 2306 1626 2336 Serenitatis
1639 2306 1734 2336 inclita
1747 2306 1837 2344 fama,
1854 2317 1909 2345 qua
1922 2307 1993 2336 inter
2005 2314 2122 2337 caeteros
2134 2307 2212 2336 orbis
2219 2304 2365 2344 Principes
2383 2308 2412 2331 ln
2419 2305 2505 2339 Tum?

1304 2343 1473 2373 laudabiliter
1488 2344 1672 2385 praefulgetis,
1689 2352 1747 2374 tam
1760 2346 1790 2374 in
1803 2344 1945 2384 gestorum
1960 2344 2275 2384 magnificentia,quam
2282 2346 2368 2376 etiam

1303 2382 1393 2412 vestra
1415 2383 1552 2412 immensa
1571 2383 1696 2412 bonitate
1710 2405 1719 2420 ,
1738 2393 1801 2421 quae
1815 2406 1824 2420 ,
1840 2383 1909 2413 sicut
1921 2392 1954 2413 ex
1966 2384 2100 2413 relatione
2113 2383 2318 2423 plurimorum,
2336 2386 2371 2415 &

1304 2419 1455 2457 specialiter
1476 2421 1621 2452 reverendi
1636 2422 1688 2451 viri
1710 2421 1833 2452 Domini
1857 2421 1975 2452 Abbatis
1995 2421 2031 2452 de
2045 2421 2134 2461 Lysa,
2149 2421 2240 2452 latoris
2253 2422 2372 2460 praeien-

1304 2460 1378 2489 tium
1391 2482 1400 2496 ,
1418 2459 1538 2490 intellexi
1554 2484 1564 2497 ,
1587 2460 1614 2490 se
1632 2460 1741 2490 cunctis
1761 2460 1925 2491 hominibus
1940 2460 2121 2491 favorabilem
2133 2460 2247 2491 exhibet
2262 2484 2271 2498 ,
2289 2461 2322 2492 &
2337 2460 2373 2491 ad

1303 2498 1402 2528 omnia
1414 2498 1486 2528 bene
1506 2498 1588 2528 lacita
1600 2498 1759 2536 liberalem,
1779 2499 1883 2529 merito
1898 2508 1945 2529 me
1959 2499 2085 2538 inducit,
2103 2500 2136 2530 &
2149 2500 2246 2530 incitat
2261 2501 2374 2531 univer-

1303 2536 1346 2566 sos
1366 2544 1397 2566 ut
1412 2509 1612 2567 Excellentiam
1635 2536 1755 2567 vestram
1775 2537 1824 2567 suis
1837 2537 1952 2568 servitiis
1966 2539 1999 2569 &
2014 2540 2095 2571 omni
2111 2539 2264 2569 reverentia
2278 2539 2373 2569 multi-

1326 2575 1415 2605 liciter
1433 2576 1634 2644 (prosequantur
1650 2599 1660 2614 ,
1677 2576 1822 2616 personam
1836 2576 1974 2615 vestram,
1992 2576 2061 2608 sicut
2075 2577 2172 2615 decet,
2187 2578 2253 2608 totis
2267 2578 2372 2610 viribus

1323 2623 1432 2644 onoran
1452 2625 1480 2645 o.

1342 2652 1536 2690 Quorundam
1558 2653 1641 2692 igitur
1661 2653 1792 2683 relatione
1806 2677 1816 2690 ,
1835 2655 1989 2691 percipiens
2007 2652 2133 2684 Militem
2153 2653 2294 2694 quendam
2311 2654 2371 2693 (de

1303 2699 1363 2728 quo
1383 2690 1493 2730 inspitio
1512 2691 1667 2722 habebatur
1687 2691 1763 2730 quod
1786 2692 1918 2721 inimicus
1939 2691 2029 2722 vester
2046 2692 2198 2728 existeret)
2219 2692 2319 2722 Guido
2335 2693 2371 2723 de

1303 2727 1493 2768 Monteforti,
1512 2730 1568 2760 hoc
1584 2739 1658 2759 anno
1671 2752 1680 2766 ,
1700 2739 1747 2759 me
1768 2730 1797 2758 in
1817 2729 1912 2760 Scotia
1925 2729 2058 2759 existente
2073 2752 2083 2768 ,
2099 2730 2213 2759 latenter
2233 2730 2266 2760 ad
2279 2740 2370 2769 partes

1302 2765 1472 2806 Norwegiae
1493 2766 1643 2798 declinasse
1656 2789 1665 2804 ,
1687 2767 1772 2797 doleo
1791 2777 1850 2797 non
1872 2768 1891 2787 ³*
1910 2767 2058 2799 modicum
2077 2767 2154 2806 quod
2172 2767 2293 2798 eundem
2307 2792 2318 2808 ‚
2337 2771 2367 2799 in
2385 2769 2514 2806 *II-¹44·-

1303 2805 1392 2835 rcditu
1414 2815 1481 2836 meo
1500 2807 1530 2836 in
1550 2805 1738 2836 Norweoiam
1754 2828 1764 2844 ,
1784 2815 1844 2835 non
1864 2807 1981 2845 inveni,
1997 2806 2032 2838 ad
2044 2815 2115 2845 opus
2129 2806 2271 2845 vestrum,
2287 2809 2365 2846 juxta

1303 2853 1401 2874 meum
1416 2843 1598 2882 desiderium,
1616 2846 1671 2873 arei
1687 2853 1773 2874 atum.
1963 2850 1967 2858 ’

1342 2881 1432 2913 Unde
1446 2905 1456 2921 ,
1474 2882 1552 2926 quod
1565 2905 1576 2921 ,
1594 2882 1730 2913 referente
1749 2881 1837 2912 michi
1856 2881 1935 2913 dieto
1951 2882 2085 2914 Domino
2098 2883 2229 2922 Abbate‚
2246 2884 2368 2915 intellexi

1304 2921 1387 2959 plene
1400 2920 1581 2952 affectionem
1618 2931 1704 2959 quam
1715 2921 1819 2952 habetis
1835 2922 1910 2952 circa
1923 2921 1992 2952 dieti
2009 2922 2110 2953 Militis
2122 2923 2299 2961 captionem,
2315 2934 2369 2954 vo-

1304 2962 1335 2991 10
1349 2959 1469 2991 vestram
1483 2944 1720 2999 magnificentiam
1731 2970 1792 2990 non
1804 2959 1901 2998 latere,
1920 2969 1968 2990 me
1982 2961 2059 2991 circa
2073 2963 2234 3002 captionem
2247 2961 2369 2998 ejuidern

1303 3008 1357 3040 pro
1378 2999 1483 3029 viribus
1503 2998 1636 3030 laborasse
1650 3021 1659 3037 ,
1684 3007 1766 3038 prout
1786 2999 1884 3030 latores
1903 2999 2078 3038 praesentium
2092 2998 2192 3032 vestrae
2211 2998 2367 3033 Nobilitati

1305 3038 1391 3069 scient
1402 3036 1521 3068 lucidius
1537 3038 1698 3077 explanare,

1341 3075 1433 3106 Unde
1455 3075 1590 3106 Domino
1610 3076 1715 3106 Abbati
1735 3074 1815 3114 super
1833 3076 1885 3107 hiis
1899 3099 1908 3114 ,
1933 3086 1999 3115 quae
2017 3087 2117 3109 coram
2138 3077 2221 3108 vobis
2242 3085 2276 3106 ex
2291 3084 2367 3115 parte

1305 3124 1369 3146 mea
1389 3114 1497 3145 duxerit
1518 3114 1702 3155 proponenda
1715 3138 1724 3152 ,
1746 3114 1832 3144 fidem
1852 3114 1984 3145 adhibere
2002 3116 2158 3156 dignemini
2180 3114 2366 3147 creditivatn:

1306 3154 1432 3185 Scientec
1444 3162 1491 3184 me
1501 3162 1670 3191 promptum
1680 3153 1714 3183 &
1727 3162 1850 3191 paratum
1858 3177 1868 3192 ,
1883 3153 1925 3184 ob
1938 3153 2060 3187 vestram
2072 3155 2274 3192 reverentiam,
2291 3153 2375 3185 face·

1308 3202 1337 3224 rc
1350 3191 1483 3232 quicquid
1496 3191 1610 3231 poffurn
1625 3191 1726 3222 servitii
1739 3192 1772 3222 &
1785 3193 1908 3223 honoris.

1345 3272 1444 3304 Valeat
1457 3271 1675 3312 Magnificentia
1689 3272 1779 3304 vestra
1791 3274 1822 3303 in
1835 3271 1977 3304 Domino.

1343 3311 1429 3342 Dors‘
1465 3348 1600 3380 Domino
1615 3349 1691 3389 Regi
1704 3349 1824 3390 Angliae.

1377 3489 1467 3525 Bulla
1490 3492 1564 3537 Regi
1589 3494 1741 3538 rogatoria
1753 3519 1762 3534 ,
1782 3503 1838 3538 pro
1859 3491 2068 3526 deliberatione
2087 3490 2246 3526 Almarici
2260 3491 2298 3526 de

1738 3541 1932 3586 Alonteforti.

2380 3610 2457 3643 Ann.
2470 3612 2513 3644 D.

2401 3652 2486 3682 1280.
2535 3651 2540 3661 ‘

1308 3627 1515 3696 NIffiffaus
1527 3626 1695 3668 Episcopus,
1713 3628 1805 3661 servus
1816 3630 1959 3661 servorum
1975 3628 2200 3667 Dei‚eariffim0
2210 3630 2240 3660 in
2248 3626 2366 3659 Christo

2380 3694 2432 3718 Aa.
2449 3691 2478 3719 8.

1565 3665 1641 3706 Regi
1655 3668 1766 3709 Angliae
1778 3669 1889 3708 illustri,
1902 3668 2014 3700 salutem
2027 3669 2061 3700 &
2074 3668 2270 3708 Apostolicam
2281 3667 2368 3698 bene-

1308 3705 1473 3737 dictionem.

1348 3742 1422 3774 Inter
1444 3742 1545 3773 fluctus
1567 3744 1686 3775 affiduos
1709 3746 1833 3778 humana
1858 3746 1988 3778 conditio
2009 3744 2159 3777 constituta
2173 3767 2182 3783 ‚
2201 3743 2308 3784 plerum
2330 3755 2364 3776 ue
2381 3733 2408 3756 E,
2431 3739 2455 3757 ¹·
2512 3781 2516 3784 Δ

1310 3782 1446 3825 naufraga.
1461 3791 1494 3812 ex
1508 3791 1659 3814 ventorum
1672 3786 1801 3817 varietate
1814 3785 1937 3816 redditur
1951 3807 1960 3821 ,
1978 3785 2011 3815 &
2027 3781 2238 3823 oppressionum
2254 3782 2324 3822 flage
2334 3784 2364 3814 lis
2377 3772 2417 3794 Ex
2427 3770 2511 3796 Am*

1310 3821 1481 3888 Ιαηὲυεᾶειῐς
1500 3830 1583 3860 quare
1596 3845 1606 3860 ,
1621 3822 1726 3855 indicta
1744 3824 1856 3864 eulogio
1870 3823 2038 3864 prophetico
2049 3846 2060 3860 ‚
2074 3821 2220 3852 subventio
2241 3823 2364 3854 cernitur
2373 3816 2416 3843 ε’·

1309 3868 1398 3896 oppre
1421 3868 1512 3889 orum.

1349 3897 1519 3935 Qiaeiurnus
1540 3908 1569 3928 er
1619 3923 1629 3939 ,
1647 3899 1684 3930 fili
1705 3900 1859 3940 carissime,
1876 3909 1907 3931 ut
1921 3899 2022 3938 Regiae
2036 3896 2263 3929 considerationis
2275 3900 2369 3931 consi-

1309 3934 1380 3979 lium
1395 3935 1428 3979 ad
1442 3936 1500 3966 hoc
1515 3907 1663 3977 pruffgnrer‘
1677 3939 1791 3979 dirigas,
1809 3948 1839 3970 ut
1854 3947 1930 3969 tuam
1942 3937 2082 3980 dexteram
2096 3957 2113 3973 ,
2124 3935 2234 3974 sceptro
2248 3938 2369 3977 potesta-

1308 3981 1345 4005 ris
1363 3982 1532 4014 micantem,
1546 3976 1678 4017 oppreffis
1699 3978 1732 4008 &
1752 3978 1884 4015 afflictis„
1898 3975 2018 4006 maxime
2037 3983 2108 4004 inter
2127 3974 2260 4019 squalores
2273 3987 2370 4008 carce-

1308 4020 1372 4043 reos
1382 4012 1513 4054 angustiis
1525 4015 1706 4054 multiphariis
1717 4015 1848 4056 fagitatis,
1866 4013 1964 4046 statuas
1973 4012 2165 4046 subventionis
2175 4013 2309 4084 efficgffiirs
2315 4016 2369 4045 rni-

2307 4062 2365 4085 am:
