2570 4261
702 166 810 207 ET
894 166 1161 207 ACTA

0 247 77 284 Arm.
87 249 128 280 D.
144 252 190 284 vel
204 251 425 283 Praedecessores
432 251 521 282 nostri
534 251 732 289 acquisivimus
746 260 780 281 ex
794 249 863 280 caus
863 250 878 280 ἃ
892 251 1201 289 emptionis,donatio-

27 289 111 320 1286-
142 292 201 329 nis,
220 291 266 321 vel
287 291 337 321 alia
358 300 392 321 ex
412 291 507 328 causa,
522 291 551 320 in
571 290 642 320 locis
659 290 851 328 privilegiatis,
869 289 903 319 &
920 299 980 319 non
996 289 1202 331 privilegitatis,

0 330 65 359 Edrv.
85 337 109 356 ι.
142 331 173 360 in
185 330 273 360 tribus
288 329 456 360 Civitatibus
470 330 503 360 &
518 328 674 358 diocesibus
686 327 862 365 supradictis,
880 327 916 357 de
929 338 988 366 quo
1007 336 1102 358 tamen
1127 327 1203 365 Regl

144 368 193 398 An
212 367 272 406 Iiae,
291 367 369 405 quod
383 367 534 404 debemus,
551 367 691 396 faciemus.

215 406 365 436 eclaramus
385 406 468 434 etiam
487 414 547 434 non
567 405 624 434 esse
636 403 802 434 Intentionis
817 403 938 442 nostrae,
960 403 1038 442 quod
1053 403 1202 440 Privilegia

143 443 276 482 Episcopi
288 443 444 473 Caturcen.
458 443 492 472 δε
508 442 611 472 Abbat.
628 442 792 481 Fragracen.
806 452 855 481 per
870 453 934 480 quae
948 453 1007 473 non
1022 442 1136 481 poffunt
1150 451 1204 478 po-

143 484 174 512 ni
189 490 263 513 extra
277 490 394 511 manum
409 479 552 518 nostram,
571 480 770 518 extendantur,
787 480 837 510 nisi
849 480 882 510 ad
897 481 972 510 bona
986 482 1065 518 ipfius
1086 480 1204 520 Episco-

144 522 174 558 pi
194 521 227 551 δε
250 518 384 556 Abbatis,
424 528 468 548 uae
489 518 551 549 sunt
574 519 602 548 in
627 518 795 557 Domaniis,
813 520 846 549 δε
861 519 1043 556 retrofeodis,
1061 519 1093 549 ὃς
1107 519 1203 548 omni-

145 560 197 589 bus
209 557 266 587 aliis
279 557 379 587 Rebus
391 567 407 586 a
440 556 511 596 ipsos
527 557 728 595 pertinentibus
736 580 745 594 ,
761 567 825 595 quae
838 557 977 587 habebant
990 567 1120 594 tempore
1133 567 1205 586 con·

142 595 274 626 ceffionis
294 595 503 634 privilegiorum
527 595 727 633 praedictorum
745 607 756 633 3
787 596 820 627 &
850 595 927 626 idem
947 597 977 626 iri
999 596 1054 625 aliis
1072 595 1204 625 similibus

144 633 293 672 privilegiis
307 633 439 665 volumus
452 633 598 664 observari.

180 671 295 709 Insuper
307 671 508 709 deliberamus,
527 679 663 709 quantum
678 673 706 702 in
724 671 806 702 nobis
820 671 877 710 est,
895 672 989 702 eidem
1004 672 1081 709 Regi
1095 671 1205 710 Angliae

146 710 265 741 totalem
280 709 515 747 temporalitatem
526 711 560 740 &
574 710 784 740 hobedientiam
797 711 825 739 in
844 711 981 750 personis,
990 709 1204 751 possessionibus

146 750 182 780 &
201 749 282 779 rebus
301 747 501 778 Ecclesiasticis
521 749 555 779 &
577 748 741 779 secularibus
763 756 844 778 terrae
865 749 993 779 Xanton.
1013 749 1083 779 ultra
1098 749 1205 778 flumen

147 786 334 824 Carantonae,
354 796 416 824 quae
437 787 472 816 ad
494 788 705 825 progenitorem
728 786 857 817 nostrum
880 788 1006 825 pervenit
1019 797 1068 825 per
1082 795 1207 816 mortem

148 824 277 855 Comitis
291 824 454 862 Pictavien3
471 825 490 854 si
505 835 559 862 qua
573 835 643 855 vero
656 826 833 856 inveniantur
846 826 974 864 alienata,
995 836 1044 863 per
1057 824 1207 855 Comitem

149 863 305 894 Pietavien.
324 862 360 892 de
381 862 455 892 dicta
473 872 543 893 terra
566 863 693 894 Xantori.
712 863 777 901 post
798 872 908 902 tempus
927 866 1025 902 primae
1046 865 1137 900 pacis,
1164 863 1208 892 illa

150 900 367 931 deliberabimus
380 901 459 932 dieto
472 901 550 939 Regi
564 903 690 941 Angliae‚
701 902 746 932 vel
760 902 795 931 de
808 904 846 932 eis
859 910 1023 940 competens
1036 902 1208 931 escambium

151 940 304 978 faciemus,
322 941 360 969 ita
372 947 466 969 tamen
483 940 561 979 quod
577 951 624 978 ea,
644 951 707 978 quae
721 940 783 978 post
797 941 903 971 dietam
926 951 1028 979 pacem
1048 940 1127 970 dicto
1149 939 1211 969 Co-

153 979 217 1008 miti
231 978 427 1017 obvenerunt,
446 980 479 1009 &
493 978 572 1009 dieto
586 979 662 1016 Regi
678 979 787 1018 Angliae
802 979 864 1010 sunt
884 979 1008 1016 dimiffa,
1023 978 1116 1008 eidem
1134 977 1209 1016 Regi

152 1024 319 1054 computare
334 1016 495 1054 possumus,
511 1018 544 1047 δε
558 1017 594 1047 de
607 1018 645 1047 eis
659 1017 813 1048 secundum
827 1018 955 1049 valorem
969 1018 1048 1048 suum
1061 1017 1153 1047 facere
1167 1026 1212 1046 re-

152 1054 414 1092 compensationem
428 1055 535 1085 eidem:
582 1079 584 1082 .

190 1093 285 1124 Feoda
304 1096 375 1124 vero
395 1095 429 1125 ὃς
451 1094 610 1125 retroseoda
633 1094 778 1133 quondam
793 1095 918 1126 Comitis
933 1093 1129 1131 pictaviense,
1148 1102 1211 1131 quae

153 1131 216 1162 sunt
229 1133 258 1161 in
273 1131 348 1162 dieta
361 1140 432 1162 terra
448 1132 573 1163 Xanton.
593 1133 663 1163 ultra
677 1133 784 1163 flumen
798 1133 987 1171 Carantonae3
1002 1142 1115 1162 necnon
1130 1131 1213 1161 feoda

154 1171 189 1201 &
204 1170 362 1201 retrofeoda
376 1181 434 1201 non
448 1171 618 1211 privilegiata
630 1182 694 1209 quae
708 1171 857 1209 praedietus
872 1171 967 1202 noster
982 1171 1061 1201 Avus
1074 1171 1193 1200 habebat
1202 1191 1212 1207 ,

154 1216 286 1246 tempore
298 1210 396 1247 primae
410 1211 499 1247 pacis,
518 1211 546 1239 in
563 1210 650 1240 tribus
666 1209 834 1239 Civitatibus
848 1211 881 1241 &
902 1209 1018 1240 Dioces.
1036 1208 1213 1246 supradietis,

154 1246 369 1278 deliberabimus
382 1247 456 1287 Regi
469 1248 595 1287 Angliae3
613 1248 660 1278 vel
683 1247 719 1276 de
738 1248 805 1285 hiiS,
825 1258 888 1285 quae
909 1248 959 1278 sibi
980 1247 1133 1277 deliberare
1152 1255 1213 1276 non

156 1287 328 1324 poterimus,
347 1294 513 1323 competens
527 1286 698 1323 escambium
712 1285 854 1323 faciemus.

190 1324 332 1354 Dabimus
346 1325 428 1354 etiam
442 1324 534 1354 eidem
548 1323 700 1354 Vaffallum
709 1347 718 1360 ,
737 1325 785 1360 qui
797 1324 894 1353 locum
911 1325 944 1354 &
958 1322 1096 1353 bastidam
1111 1322 1146 1352 de
1161 1322 1214 1352 Pa-

157 1363 282 1401 racollo,
299 1372 367 1393 cum
381 1363 570 1400 pertinentiis,
587 1362 692 1392 tenebit
705 1362 734 1390 in
749 1361 867 1391 feodum
883 1362 898 1391 {1
912 1362 994 1399 RQe
1009 1363 1042 1392 &
1059 1361 1161 1397 Duce,
1181 1362 1214 1390 &

157 1401 223 1431 inde
239 1401 303 1438 sibi,
321 1409 453 1438 tanquam
467 1400 618 1439 Domino,
636 1399 776 1431 tenebitur
785 1400 919 1438 obedire,
939 1400 1014 1432 salvo
1031 1401 1061 1429 in
1076 1400 1215 1437 praedidtis

155 1440 237 1470 omni
247 1441 309 1477 jure
321 1439 449 1477 quolibet
463 1439 562 1469 alieno.

193 1477 313 1515 Rursus,
331 1487 400 1508 curn
415 1477 506 1508 diostus
517 1477 583 1507 Rex
598 1476 709 1516 Angliae
724 1487 777 1508 nos
789 1479 940 1515 requireret
956 1476 1033 1515 quod
1050 1477 1099 1506 sibi
1111 1477 1216 1507 delibe-

156 1525 280 1546 raremus
293 1524 409 1554 terram,
443 1526 508 1546 uam
525 1515 671 1554 quondam
686 1515 795 1546 Comes
808 1515 942 1546 Pielaviae
956 1514 1069 1546 tenebat
1084 1523 1215 1553 tempore

155 1555 255 1592 primae
275 1555 350 1592 pacis
366 1556 396 1584 in
447 1555 600 1592 aturcinio,
618 1554 737 1584 asserens
757 1564 819 1585 eam
840 1555 889 1584 sibi
907 1554 1020 1592 deberi,
1039 1556 1072 1584 &
1095 1555 1110 1583 {1
1133 1555 1215 1584 nobis

156 1593 208 1623 fibi
228 1591 333 1623 debere
353 1592 474 1631 restitui;
492 1594 634 1630 praecipue
655 1594 735 1631 quia,
753 1601 784 1624 ut
802 1593 952 1630 asserebat,
980 1603 1030 1633 per
1049 1592 1215 1623 Dominum

157 1630 270 1661 Patrem
284 1631 414 1662 nostrum
429 1632 462 1662 ὃς
477 1631 587 1662 Gentes
603 1631 660 1662 suas
672 1630 777 1662 steterit
794 1642 852 1669 quo
865 1633 957 1661 minus
972 1631 1133 1669 inquisitum
1150 1631 1216 1660 fuis-

155 1669 212 1708 set,
230 1669 383 1700 secundum
395 1670 519 1700 formam
534 1671 624 1708 pacis,
642 1671 675 1700 &
689 1671 761 1699 inter
776 1679 869 1700 moras
883 1669 965 1700 testes
982 1670 1043 1700 suos
1056 1669 1215 1706 deceffisse3

155 1718 208 1738 nos
221 1718 308 1746 vero,
324 1718 358 1738 ex
372 1709 533 1747 contrario,
549 1708 707 1738 diceremus
720 1707 826 1738 dietam
840 1717 940 1739 terram
954 1710 1074 1738 minime
1096 1708 1146 1737 sibi
1167 1707 1217 1738 de-

158 1747 236 1783 beri,
254 1756 309 1777 nec
324 1744 428 1776 debere
443 1746 549 1777 restitui
564 1745 674 1782 eidem,
693 1756 746 1776 nec
764 1746 930 1777 Dominum
950 1747 1063 1777 Patrem
1085 1746 1215 1777 nostrum

159 1784 206 1814 seu
221 1784 330 1815 Gentes
345 1785 402 1816 suas
417 1786 446 1814 in
460 1785 549 1823 aliqua
563 1795 642 1815 mora
659 1784 755 1823 fuiffe;
772 1785 819 1815 sed
835 1796 883 1816 eos
896 1785 992 1823 fuiffe,
1011 1787 1044 1816 &
1058 1795 1110 1815 nos
1123 1785 1216 1815 adhuc

157 1823 347 1892 eflgssdipeacratos
375 1823 530 1862 procedere
556 1823 711 1855 secundum
730 1832 861 1855 tenorem
883 1826 916 1856 &
936 1825 1124 1854 intentionem
1145 1825 1218 1863 pacis

156 1872 190 1899 pr
276 1872 316 1892 ae:

198 1901 218 1921 *ἶ
237 1900 387 1940 Tandem,
405 1901 551 1932 bonorum
567 1901 601 1932 &
615 1910 786 1938 magnorum
801 1903 1005 1932 interveniente
1017 1901 1152 1939 consilio,
1165 1911 1218 1938 pro

160 1939 240 1970 totali
254 1939 380 1970 Ratione
394 1939 544 1978 praedicta,
563 1940 748 1970 concedimus
763 1941 797 1971 &
813 1942 1002 1978 promittimus
1018 1950 1070 1970 nos
1090 1942 1218 1977 daturos,

160 1980 194 2009 &
216 1979 244 2007 in
263 1980 345 2009 certis
363 1978 433 2008 locis
455 1979 487 2009 &
509 1979 753 2016 competentibus,
777 1989 846 2009 cum
867 1980 949 2009 omni
963 1978 1084 2017 justitia,
1110 1978 1162 2008 alta
1184 1979 1218 2008 &

158 2016 249 2055 bassa,
269 2027 320 2047 nos
334 2016 530 2055 affionaturos,
548 2016 628 2047 dieto
643 2017 718 2057 Regi
734 2017 861 2056 Angliae,
880 2027 932 2054 pro
944 2017 970 2047 se
989 2018 1023 2048 &
1045 2017 1097 2047 suis
1117 2016 1220 2047 Haere-

159 2055 258 2094 dibus,
276 2056 326 2087 tria
345 2057 384 2085 mi
397 2057 419 2085 ia
440 2055 573 2086 librarum
594 2056 745 2086 Turonen.
764 2055 952 2093 Rendalium,
971 2066 1037 2093 quas
1057 2055 1218 2095 garentisare

160 2095 320 2125 tenebimur
342 2093 451 2132 eidem,
476 2095 509 2125 &
531 2094 603 2132 ipse,
627 2104 680 2135 pro
699 2094 742 2132 se,
767 2096 800 2125 &
820 2095 871 2124 suis
892 2094 1112 2132 successoribus,
1137 2095 1220 2124 nobis

159 2133 194 2163 &
207 2132 308 2162 nostris
327 2132 544 2171 successoribus,
563 2142 616 2170 pro
636 2132 716 2162 dictis
733 2133 821 2163 tribus
852 2132 963 2163 milibus
984 2133 1118 2163 librarum
1139 2133 1221 2162 Ren-

159 2170 284 2209 dalium,
301 2171 351 2201 fibi
366 2181 415 2209 per
428 2181 498 2208 nos,
517 2180 547 2201 ut
559 2171 670 2201 dictum
684 2170 740 2209 est,
757 2170 939 2211 assignandis,
958 2171 1062 2201 remisit
1076 2173 1105 2201 in
1121 2181 1220 2209 perpe-

160 2218 241 2240 tuum
264 2209 472 2248 requisitionem
494 2209 657 2247 praedidtam
672 2233 681 2248 ,
707 2211 740 2240 ὃς
762 2218 852 2240 totam
874 2218 976 2240 terram
997 2209 1033 2240 de
1051 2209 1220 2241 Caturcinio

161 2248 345 2286 praedictam,
361 2249 404 2286 jus
419 2249 501 2278 etiam
516 2247 595 2285 quod
607 2248 727 2278 habebat
739 2248 786 2279 vel
801 2248 933 2278 habuerat
945 2250 975 2278 in
988 2248 1116 2279 eandem.

198 2287 278 2317 Loca
298 2295 408 2325 autem,
426 2296 495 2317 curn
513 2296 614 2317 eorum
637 2288 823 2324 pertinentiis,
842 2288 870 2316 in
894 2288 994 2324 quibus
1013 2286 1221 2326 assignabuntur

160 2325 235 2355 dista
256 2326 305 2355 tria
324 2326 400 2355 milia
422 2325 572 2363 librarum,
590 2326 645 2354 una
660 2335 729 2355 cum
742 2327 877 2356 omnibus
891 2326 947 2356 aliis
962 2325 1138 2364 supradictis,
1156 2336 1221 2364 quae

162 2364 241 2394 dicto
262 2364 337 2402 Regi
361 2364 470 2403 Angliae
491 2363 635 2393 deliberari
658 2364 808 2402 volumus,
826 2366 963 2395 tenebunt
975 2364 1066 2394 dictus
1080 2364 1146 2394 Rex
1158 2364 1221 2394 An-

181 2403 224 2433 liae
244 2403 277 2433 &
299 2403 338 2432 sui
357 2402 538 2433 Succeffores
556 2402 572 2431 ὁ
596 2402 679 2431 nobis
693 2403 726 2432 &
740 2402 943 2433 successoribus
956 2402 1073 2439 nostris,
1092 2402 1220 2441 Regibus

187 2442 304 2478 ranciae,
322 2440 371 2470 sub
387 2440 490 2471 eodem
504 2440 641 2476 homagio
655 2440 732 2476 ligeo
741 2464 750 2478 ,
762 2440 812 2470 sub
825 2450 883 2478 quo
897 2448 974 2470 tenet
989 2441 1005 2469 a
1019 2441 1103 2470 nobis
1116 2449 1221 2470 terram

161 2479 241 2546 suam1
245 2479 422 2547 'gasconiae,
447 2479 480 2509 &
501 2478 564 2508 alias
582 2486 665 2508 terras
688 2488 755 2516 quas
775 2479 902 2509 habuerit
923 2479 956 2509 &
975 2478 1058 2509 habet
1077 2488 1126 2516 per
1140 2489 1222 2516 paces

183 2528 221 2547 1·ae
243 2528 251 2546 i
283 2528 317 2546 as.

161 2527 181 2555 P
201 2555 293 2594 Qiod
310 2563 341 2585 ut
360 2554 475 2585 firmum
496 2556 530 2586 &
553 2555 650 2585 stabile
669 2555 839 2594 perseveret,
856 2555 1035 2593 praesentibus
1052 2554 1136 2585 literis
1155 2565 1221 2585 nos-

162 2602 239 2624 trum
255 2593 372 2623 facimus
384 2595 488 2632 apponi
501 2593 641 2631 Sigillum.

9 1896 144 1936 PII-338.

197 2670 308 2701 Actum
321 2669 453 2708 Parisius,
472 2680 548 2701 anno
560 2670 684 2701 Domini
701 2670 786 2701 1286.
804 2669 906 2701 Mense
922 2669 1049 2710 Augusti.

160 2794 210 2830 De
230 2794 327 2829 tribus
345 2795 480 2830 millibus
499 2796 636 2830 Libratis
653 2800 766 2839 Terrae,
788 2808 841 2843 pro
849 2798 957 2842 forma
977 2801 1064 2832 Pacis
1080 2798 1221 2845 praediffae

497 2849 571 2893 Regi
592 2847 705 2893 Angliae
726 2845 887 2890 affidendis.

15 2941 92 2973 Ann-
107 2939 148 2970 D,
163 2931 368 2992 PHilippus,
386 2930 445 2963 Dei
459 2932 564 2974 gratia,
583 2932 709 2964 Franciae
722 2932 787 2963 Rex
800 2931 966 2972 Universis,
984 2934 1129 2972 praesentes
1150 2935 1223 2966 litte-

37 2979 122 3010 1236„
231 2980 273 2999 ras
287 2969 466 3007 inspeeturis,
483 2970 606 3000 salutem.

202 3007 322 3038 Notum
341 3008 459 3038 facimus
481 3008 577 3047 quod,
595 3019 664 3051 cum
681 3009 798 3040 dile&us
820 3010 1060 3049 consanguineus,
1081 3013 1114 3047 &
1136 3012 1222 3042 fidelis

166 3045 280 3084 noster,
298 3055 314 3075 e
333 3047 424 3082 regius
446 3045 596 3085 Princeps,
616 3047 786 3087 hdwardus,
808 3046 866 3078 Dei
884 3049 987 3088 gratia,
1010 3049 1075 3080 Rex
1095 3050 1224 3089 Augure,

166 3084 249 3114 nobis
270 3093 310 3114 tra
333 3085 337 3090 “
357 3084 455 3114 fecerit
476 3084 576 3115 litteras
595 3085 674 3124 suas,
708 3088 781 3117 inter
800 3096 901 3118 caetera
917 3089 1110 3128 continentes,
1130 3088 1223 3127 quod,

165 3133 219 3161 pro
243 3123 331 3152 tribus
353 3123 466 3153 milibus
487 3122 588 3153 libratis
602 3132 680 3154 terrae
691 3124 726 3155 ad
741 3126 892 3156 Turonen.
909 3136 976 3164 quas
989 3127 1082 3157 eidem
1096 3137 1223 3158 tenemur

165 3160 281 3192 affidere
294 3171 346 3198 pro
359 3161 386 3191 se
401 3162 434 3192 &
448 3160 650 3204 successoribus
664 3162 732 3202 suis,
748 3165 871 3195 remittat
888 3165 921 3195 &
944 3167 1105 3197 committat
1125 3166 1224 3203 nobis,

161 3199 318 3230 haeredibus
331 3201 365 3230 ὃ(
379 3198 580 3230 successoribus
593 3199 694 3230 nostris
706 3211 795 3232 omne
809 3203 870 3241 jus,
890 3203 968 3241 quod
988 3203 1099 3242 petebat
1119 3206 1152 3236 δε
1174 3214 1224 3241 pe-

165 3246 226 3268 tere
238 3246 346 3276 poterat
360 3239 390 3267 in
404 3246 463 3268 tota
476 3246 547 3268 terra
559 3238 732 3277 Caturcinii,
753 3251 838 3279 quam
854 3250 997 3281 tenuerat,
1015 3243 1096 3273 clarae
1111 3252 1224 3272 memo-

168 3275 395 3314 riae,carissimus
409 3286 520 3313 patruus
534 3276 629 3307 noster
642 3276 761 3308 Alfonus
773 3278 883 3310 Comes
897 3278 1031 3312 Pistaviae.
1043 3282 1079 3312 de
1094 3280 1223 3318 Tholos.;

168 3323 253 3352 prout
267 3314 330 3344 haec
342 3314 497 3358 in'litteris,
510 3314 589 3353 super
603 3325 671 3353 pace
684 3315 730 3346 seu
744 3319 953 3362 compositione
966 3322 1038 3351 inter
1052 3331 1105 3350 nos
1118 3322 1151 3352 ὃ(
1164 3319 1225 3350 dic-

167 3361 231 3384 tum
244 3352 360 3389 Regem
375 3361 441 3382 inita
456 3354 611 3391 confed‘cis,
629 3353 736 3391 plenius
750 3363 938 3387 continentur.

200 3390 349 3434 Nolumus
371 3390 449 3432 quod
464 3415 473 3429 ,
498 3401 548 3431 per
566 3391 725 3430 hujusmodi
747 3394 939 3425 remiffionem
959 3398 992 3428 ὃς
1012 3398 1224 3436 quittationem,

165 3428 245 3459 dieto
257 3438 313 3468 regi
327 3432 419 3459 verius
434 3429 635 3460 successoribus
649 3430 842 3468 praejudicium
856 3433 945 3464 ullum
958 3434 1020 3474 fiat,
1039 3437 1132 3466 donec
1150 3434 1225 3464 dieta

167 3469 218 3498 tria
232 3467 307 3497 milia
319 3467 415 3497 librata
427 3476 507 3497 terrae
520 3467 629 3507 eidem,
645 3468 714 3499 ficut
729 3468 898 3507 praedidtum
911 3472 970 3510 est,
982 3474 1097 3505 fuerunt
1109 3470 1224 3510 affessae,

168 3506 214 3536 sed
223 3531 232 3544 ,
250 3506 331 3536 dietis
343 3505 430 3536 tribus
445 3506 555 3536 milibus
569 3506 671 3537 libratis
685 3515 765 3538 terrae
777 3505 887 3547 eidem,
906 3519 937 3541 ut
946 3511 1057 3544 dictum
1069 3511 1127 3550 est,
1145 3510 1225 3541 ass'es-

168 3544 218 3584 sis,
237 3544 380 3582 praesentes
394 3544 494 3574 litterae
508 3554 611 3576 exrunc
627 3544 727 3576 nullius
739 3546 790 3576 sint
802 3547 911 3578 valoris.

14 3023 67 3048 An.
90 3027 134 3057 14·

16 3062 46 3086 E.
70 3067 93 3084 i.

15 3100 55 3123 Ex
69 3098 125 3122 Au-

13 3141 78 3171 togr.

203 3620 314 3653 Actum
328 3620 410 3652 Paris
429 3631 505 3652 anno
518 3621 641 3652 Domini
658 3621 740 3652 1286.
762 3621 864 3655 Mense
875 3624 1006 3666 Augusti.

166 3759 216 3792 D‘e
236 3760 319 3793 Clero
338 3758 517 3806 Eboracenfi
527 3761 689 3795 inducendo
702 3789 711 3804 ,
738 3761 820 3808 quod
833 3766 906 3811 Regi
916 3767 1069 3810 sblverent
1086 3766 1123 3799 id
1149 3765 1230 3814 quod

520 3815 547 3843 ei
555 3815 655 3858 gratis
665 3811 873 3857 promiserant.

25 3880 154 3919 AnnD.
236 3882 393 3932 Dwardus,
412 3894 470 3925 Dei
491 3896 592 3934 gratia,
618 3894 682 3925 Rex
706 3895 832 3934 Angliae,
860 3895 1006 3930 Dominus
1022 3899 1172 3933 Hiberniae
1193 3904 1227 3935 &

52 3927 135 3957 1286-
249 3930 319 3962 Dux
333 3931 508 3977 Aquitaniae,
524 3934 676 3977 venerabili
692 3935 723 3978 in¹
733 3933 850 3978 Christo
862 3934 953 3975 Patri,
966 3937 994 3975 J.
1014 3938 1073 3969 Dei
1087 3941 1174 3980 gratia
1186 3941 1228 3972 E-

27 3970 79 3994 An.
99 3976 140 4002 14.
173 3967 279 3998 borum
295 3969 535 4010 Archiepiscopo,
554 3972 664 4010 Angliae
677 3971 811 4011 Priman,
827 3972 951 4004 salutem.

25 4008 56 4032 Ε.
79 4014 102 4033 ι.
189 4044 194 4050 .
214 4005 318 4037 Adhuc
332 4008 471 4052 credimus
487 4012 652 4041 memoriter
667 4021 719 4041 vos
732 4020 843 4054 tenere,
861 4012 939 4049 quod
951 4023 1021 4052 1108,
1039 4025 1129 4054 nuper
1142 4018 1172 4047 in
1187 4018 1230 4048 ul-

25 4041 99 4108 ἔξω
174 4051 244 4076 tima
264 4045 442 4084 expeditione
460 4048 555 4081 nostra
580 4049 708 4088 Walliae,
727 4058 811 4082 totius
824 4049 922 4089 Regni
934 4051 1024 4084 nostri
1036 4055 1149 4094 negotia
1161 4064 1230 4094 pro-

1245 164 1722 210 PUBLICA.
2243 185 2294 224 15

1240 248 1384 287 sequentes
1399 275 1408 288 ,
1431 254 1621 284 venerabilem
1641 254 1755 286 Patrem
1775 253 2003 287 Canruariensem
2025 256 2295 298 Archiepiscopum,
2313 254 2388 285 Arm·
2399 254 2442 285 D-

1242 287 1276 330 ὃς
1290 288 1486 332 Suffraganeos
1501 293 1534 322 ὃς
1547 292 1665 322 Clerum
1681 295 1765 324 totius
1780 293 1938 325 Provinciae
1951 296 2020 333 suae,
2037 306 2086 336 per
2097 296 2209 327 nostros
2224 307 2296 327 nun-
2333 294 2416 324 1236-

1242 334 1301 354 cios
1322 326 1464 366 speciale83
1490 339 1622 371 necnon,
1649 331 1734 361 bonae
1755 334 1902 362 memoriae
1915 356 1923 371 ,
1949 333 2077 364 Eboruni
2099 334 2296 372 Archiepisco-
2313 333 2379 360 Edv-
2401 340 2427 361 1.

1242 373 1329 409 pum,
1355 364 1593 397 Praedecessorem
1611 368 1735 399 vestrum
1748 394 1758 407 ,
1784 371 1816 401 δε
1838 370 1862 400 Ε
1885 371 1992 409 iscopos
2013 372 2243 403 Dimolmensem
2262 375 2297 406 ὃς

1244 401 1465 447 karliolensem,
1478 405 1511 434 &
1523 405 1648 435 vestrum
1662 407 1696 437 &
1710 408 1833 444 ipsorum
1848 408 1967 440 Clerum
1981 420 2030 447 per
2044 412 2233 442 venerabilem
2249 422 2297 449 pa-

1242 446 1315 469 trem
1338 440 1498 485 Antonium
1518 452 1595 473 nunc
1614 443 1803 484 Episcopum,
1828 454 1896 476 tunc
1918 447 2158 480 Archidiaconum
2181 450 2296 480 Dunol-

1244 478 1387 517 mensem,
1406 479 1535 510 duximus
1544 482 1744 521 requirendos,
1761 492 1809 520 ut,
1830 494 1913 523 cum,
1932 486 1965 515 ad
1981 495 2118 517 tantarum
2140 498 2226 518 onera
2249 498 2298 518 ex-

1243 516 1389 552 pensarum
1405 542 1414 555 ,
1439 527 1540 556 quanta
1558 521 1713 562 requirebat
1734 523 1880 560 negotium
1898 523 2087 563 antedidtum,
2113 525 2217 556 iiostrx
2237 537 2299 557 non

1243 553 1402 599 sufficerent
1423 555 1580 596 facultates,
1607 559 1655 595 ipli
1676 569 1817 597 quorum,
1842 560 1910 590 sicut
1931 570 2097 593 caeterorum
2114 566 2191 603 regni
2210 564 2300 595 nostri

1243 602 1391 632 negotium
1403 595 1568 637 agebamus,
1583 596 1665 626 nobis
1678 597 1712 626 ad
1725 597 1943 638 supportandum
1960 600 2058 630 eadem
2071 611 2156 632 onera
2180 603 2300 633 liberali-

1243 639 1284 661 ter
1297 631 1481 662 subvenirent.

1279 668 1320 713 Et
1356 669 1423 700 licet
1443 671 1541 701 vestrae
1564 671 1707 710 Civitatis,
1724 674 1758 703 &
1779 672 1867 704 Dioc.
1887 674 1921 704 ὃς
1942 675 2100 707 Provinciae
2120 678 2218 709 Clerus
2233 689 2300 716 pro-

1245 693 1360 738 rnifiiset
1372 708 1579 747 habundanter,
1598 710 1676 748 quod
1692 712 1858 751 petivimus,
1875 713 1902 743 se
1917 713 2056 753 fasturos,
2070 715 2117 752 ipsi
2132 724 2225 746 tamen
2239 718 2299 747 hoc

1246 746 1337 775 facere
1352 746 1537 790 post-modum
1550 758 1607 778 non
1623 748 1854 786 curfiruntgunde
1868 753 2006 790 contigit,
2022 753 2099 791 quod
2115 754 2214 785 Clerus
2223 754 2301 785 Can-

1245 791 1313 826 tuar.
1333 783 1511 824 Provinciae,
1530 788 1578 824 qui
1596 788 1624 816 in
1644 787 1828 824 promiffione
1845 790 1974 820 inventus
1995 791 2084 821 fuerat
2105 792 2186 822 valde
2198 793 2302 832 durus,

1245 832 1274 865 iri
1295 821 1440 853 reddendo
1461 824 1628 861 promissum
1641 826 1728 855 extitit
1742 825 1873 865 liberalis,
1892 829 1925 858 ὃς
1940 828 2042 859 Clerus
2058 829 2166 868 vester,
2185 832 2232 868 qui
2246 842 2301 861 vo-

1247 867 1280 889 tis
1295 859 1396 890 nostris
1410 862 1557 892 verbaliter
1571 864 1667 893 annuit
1680 864 1768 903 prima
1782 866 1863 903 vice,
1881 866 1958 904 quod
1975 869 2152 907 promiserat,
2169 869 2302 906 postmo-

1246 897 1315 928 dum
1330 899 1447 943 implere
1460 900 1550 931 noluit
1564 901 1621 931 ullo
1634 901 1736 931 modo:

1287 936 1306 955 '⁴‘
1327 936 1472 975 roirca
1483 948 1534 969 vos
1549 949 1583 969 ro
1603 949 1695 976 amuS,
1714 941 1839 977 quatinus
1854 942 1950 973 habito
1965 943 2109 982 colloquio
2123 955 2191 976 cum
2213 945 2302 977 Clero

1248 973 1360 1017 vestro,
1381 976 1503 1006 eundem
1524 976 1558 1006 ad
1590 977 1745 1007 olvenduni
1765 979 1863 1017 nobis,
1881 981 1960 1018 quod
1980 984 2061 1021 gratis
2075 984 2217 1022 promilit‚
2234 995 2304 1014 curn

1248 1022 1302 1043 nos
1313 1012 1346 1056 id¹
1356 1014 1595 1053 compleverimus
1611 1025 1663 1052 pro
1678 1025 1736 1053 quo
1752 1018 1898 1053 promissio
1912 1019 1983 1048 faeta
2003 1020 2072 1057 fuit,
2091 1022 2184 1052 modis
2205 1023 2305 1060 quibus

1250 1050 1380 1090 expedire
1398 1052 1520 1096 videritis
1540 1053 1689 1083 inducatis:
1708 1054 1788 1084 Sicut
1808 1056 1885 1085 enim
1899 1056 2008 1086 donum
2023 1059 2038 1086 a
2052 1060 2189 1097 principio
2204 1062 2307 1096 gratui-

1249 1098 1314 1157 tsum
1327 1089 1390 1120 fore
1404 1089 1576 1129 dinoscitur,
1593 1091 1630 1121 fic
1644 1090 1751 1122 inducit
1764 1093 1992 1129 ingratitudinem
2006 1095 2078 1126 faeta
2091 1098 2235 1134 prorniffio
2248 1109 2307 1128 non

1260 1136 1359 1159 ervata.

2319 946 2451 983 ‘Il-339-

1289 1203 1379 1234 Teste
1392 1204 1498 1242 meipso
1511 1204 1585 1243 apud
1600 1205 1718 1244 Semoys
1741 1207 1767 1236 8.
1785 1206 1831 1237 die
1851 1207 1988 1248 Augusti,
2007 1219 2082 1239 anno
2103 1209 2201 1248 Regni
2221 1211 2310 1242 nostri

1252 1250 1352 1279 quarto
1366 1242 1488 1274 decimo.

1291 1317 1384 1357 Dorsb.
1410 1318 1551 1358 Episcopo
1569 1320 1715 1352 Dunolm.
1743 1322 1776 1353 &
1801 1321 2012 1353 Archidiacono
2032 1323 2167 1355 Richem.
2185 1313 2312 1355 scribitur

1255 1357 1333 1393 quod
1350 1367 1420 1387 cum
1435 1358 1501 1388 Rex
1514 1359 1550 1389 de
1564 1360 1764 1398 promissione,
1783 1361 1831 1390 s1bi
1845 1361 1918 1391 faeta
1930 1371 1979 1399 per
1993 1361 2112 1393 Clerum
2126 1363 2255 1394 Civitatis
2277 1365 2311 1395 &

1255 1394 1416 1426 Provinciae
1430 1395 1561 1427 Eborum
1575 1398 1636 1435 ipsis
1647 1400 1882 1441 procurantibus,
1901 1400 2009 1430 nullum
2019 1400 2111 1431 hucus
2128 1411 2162 1432 ue
2177 1411 2313 1432 commo-

1254 1433 1328 1478 dum‘
1345 1436 1519 1478 exportavit,
1546 1436 1624 1474 quod
1644 1437 1693 1474 ipsi
1716 1436 1817 1468 faciant
1840 1437 1918 1475 quod
1938 1438 2021 1476 illud,
2045 1449 2103 1477 quo
2142 1439 2313 1479 promissum

1255 1481 1358 1510 extitit,
1377 1473 1532 1510 impleatur.

1288 1599 1338 1630 De
1354 1596 1472 1643 Jezcobo
1489 1601 1565 1645 Rege
1586 1602 1763 1646 Majoricae,
1789 1602 1977 1647 consentiente
1994 1606 2025 1634 in
2045 1604 2177 1649 Ti‘engas
2184 1597 2289 1648 fallas

1504 1651 1584 1680 ‘inter
1600 1651 1689 1695 Reges
1705 1652 1836 1683 Francia
1851 1654 1887 1688 ⁴&
1904 1653 2073 1698 Aragoniae.

1256 1732 1294 1793 S
1304 1731 1475 1763 Erenissimo
1489 1732 1628 1772 Principi,
1647 1733 1779 1766 Domino
1794 1734 1953 1774 Edwardo,
1973 1736 2031 1766 Dei
2044 1738 2144 1775 uratia,
2162 1737 2238 1777 Regi
2253 1737 2315 1768 An-
2333 1741 2407 1771 Arin.
2422 1739 2463 1774 D.

1312 1771 1393 1810 glire,
1403 1771 1536 1815 Domino
1551 1772 1698 1804 Hiberniae
1712 1775 1744 1804 ὃ(
1754 1773 1833 1803 Duci
1848 1760 2062 1813 Aquitanniae‘j
2068 1776 2174 1806 a'cobi'is
2189 1785 2238 1813 per
2251 1786 2316 1806 ean-
2354 1781 2440 1810 1286.

1254 1809 1322 1839 dem
1344 1809 1410 1839 Rex
1430 1810 1563 1848 Majoric.
1591 1810 1701 1841 Comes
1722 1811 1873 1843 Ruffillon.
1900 1814 1933 1843 ὃς
1954 1812 2085 1843 Ceriton.
2112 1815 2146 1844 &
2169 1813 2314 1845 Dominus
2332 1823 2384 1847 Aa.
2403 1828 2447 1854 ¹4·

1258 1847 1371 1878 Montis
1384 1847 1540 1886 Peffiilani,
1559 1849 1673 1879 salutem
1689 1851 1721 1880 ὃ(
1735 1850 1880 1888 prosperos
1891 1851 1926 1880 ad
1940 1861 2006 1881 vota
2019 1852 2166 1882 successus.
2334 1862 2363 1885 Ε,
2386 1867 2410 1884 ι.

1293 1885 1474 1916 Excellentiae
1496 1886 1596 1917 vestrae
1616 1888 1717 1918 litteras
1737 1890 1893 1926 recepimus
1913 1891 2091 1920 continentes
2113 1890 2191 1928 quod
2205 1890 2315 1921 illustris
2333 1900 2387 1922 Rat.
2407 1895 2435 1922 do

1256 1924 1401 1968 Dominus
1421 1925 1487 1955 Rex
1507 1926 1648 1963 Franciae,
1667 1927 1700 1956 &
1720 1926 1851 1957 Alsonsus
1875 1927 1950 1958 Petri
1964 1928 2109 1966 quondam
2125 1929 2161 1958 de
2176 1930 2316 1968 Aragonia
2334 1937 2448 1969 Treuga‚

1259 1962 1345 2001 silius,
1363 1963 1397 1992 ad
1412 1974 1507 2000 preces
1522 1963 1640 2001 vestram,
1660 1965 1853 1995 concesserant
1867 1967 1948 1996 vobis
1959 1976 2086 2002 treugam
2100 1968 2171 1997 inter
2185 1968 2228 2006 se,
2247 1969 2317 1998 scili-
2337 1973 2392 2005 &a
2406 1980 2449 2005 ¹4·

1257 2009 1303 2045 cet
1322 2001 1413 2032 distus
1434 2002 1580 2032 Dominus
1604 2002 1669 2032 Rex
1689 2002 1831 2041 Franciae,
1849 2003 1870 2033 si
1889 2005 2002 2035 summo
2022 1999 2159 2036 ‘Pontifici
2185 2006 2317 2044 placuerit
2337 2015 2365 2038 Ε.
2380 2018 2467 2039 i.m.2.

1261 2040 1302 2077 (m
1316 2050 1369 2078 qua
1382 2049 1477 2077 treuga
1490 2041 1565 2070 idem
1578 2040 1724 2072 Dominus
1739 2042 1804 2072 Rex
1819 2042 1943 2073 Franciae
1959 2043 2049 2073 voluit
2068 2054 2138 2082 nos,
2156 2045 2189 2075 ὃ(
2211 2044 2318 2075 Vasial-

1258 2078 1316 2116 los,
1334 2080 1367 2109 ὅ(
1383 2078 1521 2109 Valitorffl
1532 2079 1658 2117 nostros,
1679 2079 1697 2109 si
1712 2081 1793 2110 nobis
1808 2081 1941 2118 placuerit
1956 2082 2172 2119 comprehendi)
2190 2084 2222 2113 &
2238 2083 2316 2121 quod

1259 2117 1396 2156 rogabatis
1410 2127 1462 2147 nos
1476 2126 1522 2155 ut,
1541 2118 1620 2155 super
1642 2118 1708 2156 hiis,
1727 2118 1939 2158 significaremus
1962 2121 2059 2158 vobis,
2079 2131 2129 2158 per
2149 2121 2256 2151 nostias
2273 2132 2320 2161 pa-

1260 2164 1350 2186 tentes
1364 2156 1481 2192 litteras,
1498 2156 1603 2187 nostrae
1617 2157 1824 2194 beneplacitum
1837 2158 1996 2188 voluntatis.

1299 2194 1388 2231 Super
1402 2195 1502 2232 quibus
1517 2196 1599 2225 vobis
1613 2196 1700 2225 taliter
1713 2196 1841 2225 duximus
1855 2196 1984 2234 respond.
2004 2197 2082 2234 qnod
2104 2197 2195 2228 dietus
2214 2197 2322 2229 Domi-

1259 2242 1312 2262 nus
1336 2232 1400 2262 Rex
1421 2233 1563 2271 Franciae,
1581 2243 1631 2271 per
1650 2233 1712 2263 suos
1733 2234 1891 2271 solempnes
1913 2234 2066 2273 Nuncios,
2091 2246 2143 2265 nos
2163 2239 2271 2275 rogavit
2290 2246 2321 2268 ut

1259 2271 1332 2302 velle
1350 2271 1517 2302 deberemus
1536 2282 1588 2302 nos
1611 2273 1638 2302 in
1661 2272 1736 2303 dieta
1756 2281 1854 2312 treuga
1876 2273 2098 2312 comprehendi,
2113 2275 2147 2305 &
2161 2275 2320 2308 concedere

1258 2309 1345 2348 ipsam
1357 2319 1493 2349 treugam.

1297 2347 1351 2386 Et,
1371 2359 1439 2378 cum
1454 2359 1506 2378 nos
1521 2349 1604 2379 simus
1618 2350 1647 2379 in
1662 2358 1759 2388 guerra
1774 2359 1842 2380 cum
1867 2349 1946 2380 dic‘to
1968 2349 2105 2389 Alfonso,
2123 2352 2230 2382 ratione
2252 2352 2322 2382 San-

1259 2387 1314 2416 &ae
1330 2387 1471 2417 Romanae
1486 2386 1635 2425 Ecclesiae,
1655 2390 1687 2418 δε
1702 2387 1770 2417 dieti
1785 2387 1907 2417 Domini
1923 2388 2012 2425 Regis
2029 2389 2168 2427 Franciae,
2188 2391 2245 2428 ejus
2258 2401 2321 2430 pre-

1260 2426 1339 2455 cibus
1359 2434 1528 2463 annuentes,
1546 2425 1734 2456 concessimus
1755 2424 1862 2455 diclam
1881 2434 2024 2466 treugam,
2044 2428 2078 2458 δε
2101 2429 2183 2458 vobis
2197 2429 2321 2460 iimiliter

1261 2463 1446 2493 concedimus
1459 2474 1507 2502 per
1522 2464 1675 2501 praesentes.

1299 2501 1338 2531 Et
1350 2502 1483 2532 volumus
1498 2512 1569 2540 nos,
1586 2504 1619 2533 &
1633 2503 1660 2533 V
1661 2503 1789 2540 alitores,
1807 2512 1840 2532 ac
1854 2501 1989 2533 Vaffallos
2004 2502 2116 2535 nostros
2130 2505 2159 2533 in
2173 2504 2228 2542 ipsa
2246 2512 2322 2540 treu-¹

1259 2549 1293 2608 {a
1315 2540 1535 2579 comprehendi,
1554 2541 1707 2571 secundum
1728 2542 1852 2571 formam
1873 2551 1922 2578 per
1945 2552 1997 2571 vos
2011 2551 2078 2571 cum
2092 2542 2171 2572 dieto
2187 2542 2321 2575 Domino

1294 2587 1346 2614 ege
1360 2578 1485 2608 Franciae
1499 2578 1622 2609 habitam
1637 2580 1670 2609 &
1682 2587 1843 2617 acceptam,
1863 2580 1896 2609 &
1910 2588 1994 2617 prout
2007 2579 2084 2610 idem
2097 2579 2243 2612 Dominus
2256 2582 2323 2614 Rex

1262 2616 1387 2647 Francia:
1401 2617 1551 2651 vobiscum
1566 2617 1671 2648 duxerit
1686 2617 1883 2648 ordinandum.

1298 2694 1365 2725 Dat.
1384 2696 1413 2724 in
1435 2694 1540 2724 Castris
1561 2696 1589 2724 in
1612 2695 1704 2726 Podio
1726 2695 1762 2725 de
1781 2695 1853 2725 Fato
1877 2695 1922 2725 die
1944 2694 2084 2726 Mercurii
2103 2697 2236 2736 proximo
2256 2706 2321 2730 ante

1262 2733 1378 2764 Festum
1391 2734 1463 2763 beati
1480 2732 1575 2765 Barth.
1594 2733 1742 2773 Apostoli,
1761 2744 1836 2764 anno
1852 2733 1975 2764 Domini
1991 2735 2074 2765 1286.

1386 2858 1493 2889 Litera
1513 2854 1600 2889 Erici
1619 2860 1691 2903 Regi
1711 2859 1895 2904 Norwegiae,
1920 2856 1957 2890 de
1973 2857 2192 2901 Ratificatione.

1341 2941 1469 2972 Niverfis
1492 2940 1600 2972 christi
1616 2941 1761 2980 fideiibus,
1778 2942 1923 2982 praesemes
1944 2942 2045 2973 imeras
2066 2943 2241 2985 inspeetun's,
2259 2945 2323 2976 Eri-
2342 2936 2416 2982 Am,
2429 2950 2470 2983 Ι),

1283 3020 1288 3024 ¹
1354 2990 1420 3017 ctu,
1439 2979 1496 3009 Dei
1509 2981 1612 3019 gratia,
1628 2981 1693 3011 Rex
1711 2980 1898 3020 Norwagiae‚
1916 2979 2029 3012 salutem
2042 2981 2072 3010 in
2092 2981 2226 3014 Domino
2249 2983 2322 3015 sem-
2360 2991 2445 3021 1286,

1262 3027 1414 3062 piternam..
1488 3057 1492 3062 Ι
1628 3060 1631 3062 ¹
2338 3034 2388 3057 An.
2409 3039 2452 3065 ¹4.

1301 3056 1429 3087 No‘verit
1446 3056 1606 3087 universitas
1626 3056 1717 3087 vestra
1733 3057 1827 3096 quod,
1847 3059 1911 3096 quia
1932 3057 2116 3090 intelleximus
2138 3060 2217 3098 quod
2234 3060 2321 3092 dilec-
2340 3072 2368 3095 E⁴
2392 3077 2414 3095 1.

1264 3103 1307 3125 tus
1331 3095 1444 3125 Consan
1466 3096 1561 3125 uineus
1583 3095 1677 3125 noster
1699 3096 1846 3127 Dominus
1869 3096 2001 3127 Oliverus
2021 3096 2057 3127 de
2076 3097 2187 3129 Monte
2215 3100 2302 3138 Spine
2315 3124 2324 3137 ,
2340 3105 2450 3142 L.A.f.

1263 3132 1374 3163 Comes
1387 3133 1422 3163 de
1458 3134 1596 3172 aresbuig.
1615 3135 1733 3164 nomine
1747 3134 1847 3165 nostro
1866 3135 1882 3164 ἐι
1896 3134 2057 3174 Magnifico
2070 3135 2204 3175 Principe
2218 3138 2324 3169 Domi-
2345 3143 2403 3178 178.
2417 3144 2443 3172 b.

1265 3181 1305 3201 no
1321 3170 1481 3210 Edwardo,
1498 3171 1556 3201 Dei
1572 3172 1673 3211 gratia,
1692 3173 1788 3203 illustri
1802 3173 1885 3212 Rege
1900 3173 2011 3213 Angli-ac
2025 3173 2083 3205 duo
2098 3175 2184 3206 millia
2208 3176 2323 3207 Merca·
2338 3189 2406 3219 penes
2416 3186 2471 3210 Ca-

1263 3219 1327 3239 rum
1351 3209 1572 3249 sterlingorum,
1600 3211 1659 3250 (13.
1682 3211 1770 3241 Solid.
1787 3212 1820 3242 ὃς
1840 3221 1960 3250 quatuor
1979 3212 2108 3242 Denariis
2128 3224 2181 3250 pro
2201 3215 2324 3252 qualibet
2340 3229 2435 3248 merar.
2466 3213 2471 3216 ’

1265 3247 1371 3278 Marca
1392 3249 1570 3286 computatis)
1593 3257 1694 3279 mutuo
1713 3251 1836 3288 recepit,
1855 3261 1888 3281 ac
1910 3261 1963 3281 nos
1981 3251 2014 3282 &
2034 3251 2171 3290 Regnum
2191 3252 2321 3284 nostrum

1264 3296 1316 3326 pro
1330 3286 1452 3324 ejusdem
1467 3287 1553 3316 debiti
1567 3287 1706 3317 solutione
1719 3288 1862 3327 obligavit.

1295 3324 1395 3362 Jpsum
1416 3325 1561 3362 debitum,
1581 3324 1678 3356 nostro
1699 3327 1819 3357 nomine
1837 3337 1886 3364 per
1906 3327 2016 3358 dictum
2033 3326 2182 3358 Comitem
2199 3328 2236 3358 sic
2251 3338 2323 3360 con-

1264 3364 1404 3401 tranum,
1429 3365 1462 3394 &
1482 3373 1583 3394 omnes
1604 3366 1808 3395 conventiones
1830 3367 1863 3396 ὃς
1885 3366 2090 3405 obligationes,
2114 3376 2167 3403 pro
2185 3366 2323 3398 solutione

1262 3401 1401 3432 distarum
1421 3401 1539 3432 duarum
1561 3401 1672 3432 milium
1691 3402 1855 3433 Marcarum
1874 3403 1973 3441 facias,
1992 3413 2077 3441 prout
2096 3405 2124 3433 in
2144 3404 2237 3434 litteris
2256 3405 2322 3437 inde

1265 3440 1403 3471 confeffis
1419 3441 1524 3478 plenius
1539 3441 1716 3478 continetur,
1734 3449 1834 3472 tenore
1846 3441 2208 3479 praesentium-ratificamus

1302 3477 1336 3508 In
1351 3479 1429 3518 cujus
1442 3480 1481 3509 rei
1495 3477 1690 3509 testimonium
1705 3479 1751 3509 has
1766 3480 1867 3511 litteras
1879 3481 1998 3511 fecimus
2013 3480 2071 3510 fieri
2085 3488 2217 3517 patentes.

1301 3555 1369 3586 Dat.
1387 3555 1459 3594 apud
1474 3554 1627 3585 Civitatem
1643 3554 1695 3585 Ber
1715 3555 1798 3586 esem.
1816 3557 1845 3586 in
1859 3555 1945 3586 Festo
1954 3556 2050 3586 Sanffl
2065 3555 2232 3595 Michaelis,
2247 3567 2324 3591 anno

1264 3593 1389 3624 Domini
1406 3594 1490 3624 1286.
1509 3602 1584 3623 anno
1597 3595 1666 3624 vero
1715 3596 1778 3634 egni
1790 3594 1878 3625 nostri
1890 3595 2017 3632 septimo.

1266 3730 1293 3757 δὲ
1320 3730 1409 3763 Bulla
1437 3731 1567 3762 Honoris·
1591 3732 1672 3776 Papae
1692 3729 1782 3775 sitper
1800 3732 1920 3777 Treuga
1934 3733 2011 3762 inter
2028 3728 2197 3779 Philippum
2213 3734 2323 3778 Regem
2339 3743 2470 3779 *11.340.

1431 3779 1579 3819 Franciae‚
1605 3781 1641 3815 ᾤ’
1663 3777 1848 3824 Alphonsum
1868 3782 1976 3825 Regem
1993 3780 2162 3826 Aragoniae.

1267 3864 1338 3925 H
1347 3863 1473 3905 Onorius
1487 3861 1659 3906 Episcopus,
1672 3862 1764 3907 servus
1780 3863 1926 3907 servorum
1937 3862 2014 3903 Dei,
2030 3864 2173 3898 cariffimo
2185 3875 2214 3895 ln
2227 3864 2325 3895 Chris-
2342 3827 2472 3896 Αιηέἷζὲὶ

1326 3943 1330 3947 ¹
1358 3911 1389 3946 to
1404 3900 1476 3930 Filio
1488 3899 1522 3939 E.
1543 3899 1620 3940 Regi
1632 3900 1743 3940 Angliae
1755 3901 1869 3940 illustri,
1886 3901 2000 3933 salutem
2014 3904 2048 3934 &
2062 3903 2262 3942 Apostolicam
2277 3903 2328 3932 be·
2340 3909 2390 3933 Aa.
2410 3915 2451 3940 ¹4·

1267 3941 1481 4018 Πεὲἓὶίἓὲίῖηωᾷε
1502 3987 1591 4014 nuper
1613 3986 1647 4007 ex
1668 3976 1762 4008 litteris
1788 3971 1903 4018 Regiis,
1922 3989 1989 4017 quas
2003 3981 2086 4011 nobis
2100 3979 2195 4009 dileffi
2209 3978 2257 4009 filii
2269 3978 2330 4009 Ra-
2341 3948 2417 4009 ΞΣ
2427 3978 2454 4017 f.

1270 4018 1406 4056 dulphus,
1424 4016 1514 4046 dietus
1534 4015 1704 4054 l'Alemant‚
1723 4015 1871 4056 Clericus,
1888 4017 1922 4048 &
1943 4017 2052 4050 Hanno
2070 4018 2107 4048 de
2121 4017 2216 4056 Joeies
2236 4016 2332 4055 miles,
2344 4018 2388 4044 88.
2404 4027 2432 4045 a.

1269 4064 1327 4089 tuae
1348 4053 1551 4095 Magnitudinis
1571 4053 1703 4121 Nuncii,
1719 4055 1887 4094 attulerunt,
1912 4065 1958 4095 te,
1982 4065 2014 4090 ut
2035 4065 2135 4089 caetera
2153 4057 2182 4087 in
2200 4055 2334 4129 ip'silsrssffi
2342 4060 2474 4122 gignas,
