2570 4261
1 255 47 276 nn.
60 243 99 275 D.

0 292 82 322 1293.

0 325 39 351 iv.
59 332 82 351 ι.

5 1268 111 1304 11.6i4.

680 161 790 206 ET
872 139 1137 208 AC‘TA

153 246 304 279 Proferunt
318 249 401 279 etiam
417 248 556 287 quandam
571 249 690 280 litteram
706 251 831 288 praedieti
846 251 968 282 Comitis
981 252 1016 282 de
1031 250 1169 293 Flandria,

113 294 180 322 quae
198 287 312 317 testatur
326 311 336 325 ,
363 288 438 325 quod
463 289 590 325 przedirfti
613 288 783 319 Vicecornes
805 291 837 320 &2
853 289 937 319 Razo
952 290 1012 320 sunt
1026 289 1167 319 Attornati

116 325 150 354 &
170 323 370 355 Procuratores
390 326 459 355 dicti
479 326 602 356 Comitis
624 327 660 356 de
670 327 808 368 ‘Fi-andria
821 351 830 365 ,
848 328 882 357 ad
895 328 1083 365 recipiendam
1096 335 1167 363 prae-

115 362 222 392 dietam
236 364 374 393 summarii
391 366 517 400 pecuniae
532 365 649 394 nomine
663 368 720 395 suo.
1110 403 1114 407 ι

155 399 192 430 Et
207 401 355 438 praedkstus
370 401 513 432 Dominus
527 402 593 431 Rex
605 403 744 440 requisivit
758 404 773 432 a
787 403 925 440 praediffls
939 402 1169 445 Procuratoribus

116 439 151 469 &
166 438 333 476 Attornatis,
353 439 372 468 fi
387 440 491 469 vellent
504 442 532 469 in
547 442 681 479 petitione
695 441 738 471 sua
754 441 905 471 secundum
918 442 989 480 leges
1003 443 1035 472 δε
1052 445 1170 471 conlue-

119 476 227 506 tudines
242 477 342 506 Terrae
358 477 524 514 adjudicari?

153 513 193 543 Et
207 514 332 551 praedieti
348 514 544 546 Procuratores
558 517 591 546 &
606 515 745 546 Attornati
758 517 872 555 dicunt,
891 517 971 555 quod
987 518 1064 547 nullo
1079 516 1169 546 modo

117 551 249 588 placitare
261 552 380 590 volunt,
395 563 449 583 nec
465 563 513 590 per
528 554 647 584 modum
664 555 811 591 placitandi
824 556 956 593 judicium
973 557 1112 593 recipere,
1124 554 1169 584 sed

117 597 218 627 petunt
231 599 265 619 ex
279 591 366 629 gratia
380 591 504 621 Domini
519 592 606 629 Regis
617 594 792 623 amicabilem
808 593 1023 631 responsionem.
1149 631 1153 636 ⁵

154 626 193 657 Et
215 627 294 666 super
315 629 372 658 hoc
395 629 539 659 Dominus
554 629 618 659 Rex
633 632 726 660 habuit
743 632 915 662 Consilium:
937 634 968 662 ὃς
985 633 1048 669 quia
1063 631 1170 674 Domi-

118 674 171 694 nus
186 664 251 696 Rex
264 666 342 703 super
358 667 414 697 hoc
430 668 519 698 voluit
534 668 678 698 consulere
691 678 758 699 cum
771 671 882 707 amicis,
901 671 933 700 &
948 670 1123 700 familiaribus
1137 670 1169 699 δε

117 704 276 740 parentibus
290 705 341 734 suis
355 705 388 735 &
404 705 576 743 consiliariis,
595 715 652 736 tam
674 709 702 736 in
724 708 842 746 Anglssi,
862 710 947 745 quium
968 710 995 737 in
1015 709 1072 738 aliis
1092 706 1171 749 Reg-

118 743 160 771 nis
186 744 453 781 commorantibu53
479 743 543 774 ideo
564 745 641 775 datus
662 745 702 774 est
714 745 769 775 dies
786 745 924 783 praedictffl
940 745 1171 776 procuratoribus

118 781 153 810 &
177 780 329 810 Attornatis
345 805 354 818 ,
373 782 452 818 quod
468 783 581 813 veniant
599 783 632 813 ad
646 785 807 820 proximum
822 784 1038 814 Parlizimentum
1052 782 1115 821 post
1129 792 1171 811 re-

118 817 209 848 ditum
223 818 292 848 dieti
307 819 429 848 Domini
448 819 536 859 Regis
549 822 564 850 a
578 823 699 859 partibus
720 822 828 861 Angliae
843 846 852 860 ,
870 822 1046 853 amicabilem
1060 822 1172 859 respon-

119 855 228 886 sionem
243 856 322 894 super
338 857 474 895 praedicta
488 860 623 897 petitione
637 859 785 890 admissuri.

156 931 329 964 Willielmus
340 934 376 965 de
391 934 510 974 Dufglas
523 936 670 967 atachiatus
685 937 735 967 fuit
747 936 780 967 ad
797 936 1021 975 respondendum
1040 937 1175 967 Domino

121 970 197 1010 Regi
218 971 254 1002 de
272 972 379 1003 Placito
393 998 403 1011 ,
432 985 516 1012 quare
531 999 539 1012 ,
564 976 632 1005 cum
655 975 751 1006 Ballivi
765 975 885 1005 Domini
899 976 985 1015 Regis
997 976 1033 1005 de
1048 975 1175 1019 Lanark,

119 1019 258 1040 venerunt
278 1021 327 1048 per
346 1022 520 1050 praeceptum
530 1013 752 1051 justiciariorum
767 1014 839 1051 apud
853 1014 987 1053 Dufglas,
1006 1013 1040 1043 ad
1057 1014 1175 1056 liberan-

118 1047 186 1078 dam
207 1048 329 1079 seismam
351 1050 440 1080 Matri
461 1051 585 1088 praedisti
598 1052 749 1081 Willielmi
765 1051 801 1082 de
814 1053 978 1089 quibusdam
992 1059 1175 1088 tenementis,

120 1096 221 1117 coram
234 1087 313 1118 dietis
323 1087 482 1126 justiciariis
495 1092 659 1127 recuperatis
668 1113 677 1128 ,
694 1090 785 1120 versus
798 1090 966 1128 praedidtum
975 1089 1175 1133 willielmum,

122 1124 157 1154 &
176 1124 210 1155 ad
229 1125 350 1165 dampna
368 1126 404 1157 de
425 1127 528 1158 eisdem
546 1129 712 1158 tenementis
727 1128 860 1166 levanda,
877 1129 916 1158 ibi
933 1130 1009 1159 venit
1025 1127 1174 1165 praedffitus

122 1162 296 1193 Willielmus
310 1187 319 1202 ,
344 1165 377 1195 &
399 1166 473 1203 cepit
488 1166 636 1204 praedid‘tos
654 1166 788 1204 Ballivos‚
806 1167 839 1197 &
856 1168 884 1196 in
897 1166 998 1196 Castro
1013 1167 1062 1196 suo
1081 1176 1129 1209 pet
1141 1176 1175 1196 u-

124 1211 192 1231 nam
214 1203 332 1232 noctem
356 1203 390 1233 &
409 1214 493 1234 unam
514 1204 591 1234 diem
609 1205 737 1243 retinuit,
756 1213 854 1235 contra
867 1205 1040 1248 voluntatem
1055 1204 1176 1248 Ballivj07

124 1249 189 1269 rum
211 1239 334 1270 Domini
350 1241 437 1281 Regis
450 1266 459 1279 ,
486 1244 519 1273 &
540 1242 636 1280 postea
654 1252 701 1272 eos
716 1243 839 1280 permisit
852 1243 978 1273 transire:
1000 1242 1037 1272 Et
1050 1242 1177 1280 praedicti

125 1277 221 1308 Ballivi
234 1280 420 1309 incontinenti
434 1280 534 1310 sestam
548 1281 673 1311 fecerunt
686 1280 704 1299 ²*
724 1281 808 1319 usque
821 1280 953 1310 Castrum
967 1281 1003 1311 de
1019 1280 1128 1324 Lanarl<
1140 1280 1176 1324 de

123 1316 385 1355 imprisinamento,
408 1318 499 1348 Unde
521 1318 666 1349 Dominus
687 1318 752 1348 Rex
773 1319 863 1356 dicit,
889 1319 968 1356 quod
988 1319 1046 1348 hoc
1063 1318 1129 1349 fecit
1147 1329 1176 1348 in

124 1354 256 1392 despeetu
269 1356 301 1385 &
316 1355 350 1384 ad
365 1356 519 1393 dampnum
531 1356 628 1395 suum,
647 1357 706 1387 &c
874 1395 878 1400 Ι
978 1395 986 1399 -

162 1393 201 1423 Et
220 1393 368 1430 praedidtus
390 1394 562 1425 Willielmus
584 1397 661 1425 venit
681 1395 714 1424 &
731 1395 802 1424 bene
816 1394 920 1436 dedicit
933 1394 1095 1438 delpeftum
1112 1394 1178 1438 Do-

126 1433 197 1461 mini
209 1430 311 1471 Regis:
331 1431 369 1462 Et
389 1432 423 1463 ad
444 1432 502 1464 hoc
523 1442 629 1471 paratus
644 1432 685 1464 est
697 1435 834 1471 aquietare
846 1436 873 1463 1e
888 1441 971 1471 prout
983 1432 1070 1463 Curia
1085 1437 1177 1463 consi-

124 1470 240 1501 detavit.

162 1508 243 1539 Dicit
261 1509 344 1539 etiam
361 1531 371 1548 ,
394 1508 473 1547 quod
496 1511 535 1540 rei
557 1511 655 1541 veritas
668 1509 726 1548 est,
744 1509 822 1548 quod
837 1509 970 1553 praediffl·
983 1508 1077 1551 Billivi
1092 1520 1179 1553 vene-

126 1555 190 1576 runt
202 1545 235 1576 ad
249 1546 416 1584 praediCtum
439 1547 572 1578 Castrum
592 1548 672 1579 suum
682 1573 691 1586 ,
708 1548 743 1578 ad
759 1548 922 1586 praediCtam
936 1548 1059 1578 seilinarn
1073 1548 1179 1577 delibe-

124 1584 238 1615 randam
251 1609 261 1623 ,
286 1586 319 1616 ὃς
341 1585 375 1616 ad
398 1585 519 1624 dampna
539 1586 634 1626 septies
654 1588 753 1626 viginti
769 1586 932 1617 Marcarum
944 1585 1075 1624 levanda,
1095 1595 1180 1623 prout

122 1623 314 1661 adjudicatum
329 1623 381 1654 fuit
396 1634 493 1654 coram
510 1625 652 1662 praedi-{tis
665 1624 840 1663 justiciariis:
879 1664 883 1668 Ι
906 1663 911 1668 .
1004 1665 1009 1669 ¹
1056 1664 1060 1668 ι
1086 1663 1091 1667 ”
1127 1664 1132 1668 ῃ

162 1661 201 1692 Et
214 1661 363 1700 praediCtus
377 1661 547 1692 Willielmus
571 1663 711 1700 praedictis
734 1662 841 1693 Ballivis
857 1663 942 1701 dixit,
961 1661 1040 1700 quod
1054 1672 1181 1700 injuriam

123 1700 151 1730 ei
164 1700 293 1731 fecerunt
306 1724 316 1738 ,
341 1701 405 1737 quia
425 1700 497 1730 adeo
511 1700 671 1731 festinanter
685 1700 847 1738 praedic‘lzam
861 1701 1000 1731 summam
1016 1701 1107 1731 levare
1121 1711 1181 1731 non

123 1746 299 1775 potuerunt,
324 1739 358 1769 &
372 1738 437 1768 ideo
448 1738 516 1768 dixit
530 1739 568 1768 eis
581 1739 659 1777 quod
674 1739 779 1769 ibidem
792 1739 926 1769 deberent
943 1749 1055 1769 moram
1072 1739 1180 1778 facere,

125 1775 159 1806 &
174 1777 210 1805 ita
224 1776 351 1806 fecerunt
366 1783 465 1806 contra
479 1776 655 1807 voluntatem
671 1787 779 1807 eorum.

162 1813 201 1844 Et
214 1822 398 1853 compertum
413 1813 454 1846 est
469 1825 518 1852 per
532 1816 756 1855 recognitionem
771 1815 839 1846 diCti
852 1815 1003 1846 Willielmi
1018 1839 1027 1853 ,
1043 1816 1123 1858 quud
1138 1817 1182 1860 in-

121 1851 196 1890 juste
216 1851 382 1884 desbrciavit
404 1852 558 1884 Ministros
576 1853 703 1885 Domini
722 1853 809 1893 Regis
829 1855 862 1885 &
881 1855 909 1884 in
932 1853 1025 1884 castro
1045 1858 1094 1884 luo
1108 1853 1182 1884 deti-

127 1898 203 1920 nuit:

163 1928 380 1959 Consideratum
399 1929 440 1960 est
450 1953 459 1968 ‚
481 1930 560 1969 quod
574 1931 771 1962 committatur
782 1929 917 1975 prisonae,
935 1931 968 1961 ὅ(
984 1930 1133 1961 redimetur
1147 1931 1181 1962 ad

126 1967 302 1998 voluntatem
319 1968 443 1999 Domini
456 1968 545 2006 Regis
560 1977 645 2007 prout
659 1970 819 2000 continetur
834 1979 863 1998 in
876 1968 987 1999 statuto.

161 2043 242 2074 Idem
256 2044 429 2075 VVillielmus
444 2046 598 2084 inculpatus
611 2056 660 2084 per
676 2045 842 2076 Dominum
857 2045 970 2085 Regem
985 2069 994 2082 ,
1014 2045 1094 2083 quod
1107 2047 1182 2086 cepit

124 2082 159 2112 ὅ(
173 2082 365 2120 imprisonavit
379 2091 431 2114 tres
445 2084 575 2115 homines
588 2084 665 2122 suos,
684 2085 712 2114 in
734 2084 845 2128 Castro,
860 2084 909 2114 suo
928 2084 964 2125 de
978 2083 1111 2127 Dufglas‚
1131 2095 1182 2114 an-

125 2129 239 2158 tequam
261 2120 314 2151 fuit
324 2120 405 2159 Rex,
423 2123 456 2153 &
470 2132 519 2153 eos
533 2123 651 2153 detinuit
665 2130 764 2152 contra
784 2122 898 2152 vadium
914 2147 923 2159 ,
942 2124 975 2152 ὃς
988 2122 1132 2166 plegium⁴2
1148 2124 1181 2153 &

125 2167 227 2188 contra
248 2158 320 2198 leges
341 2160 447 2190 usitatas
470 2162 499 2190 in
521 2160 628 2200 Regno
643 2161 767 2199 Scotiae,
787 2161 930 2198 quousque
945 2171 1019 2207 unus
1031 2170 1058 2189 in
1074 2164 1183 2203 prisona

126 2197 315 2234 moriebatur,
334 2198 367 2228 &
381 2198 466 2228 alium
478 2199 545 2230 fecit
557 2199 707 2237 decollari,
725 2209 758 2228 ac
773 2201 868 2230 tertius
882 2199 898 2228 a
912 2198 1024 2238 prisona
1039 2199 1181 2237 evasit,ad

127 2234 284 2275 dampnum
299 2235 422 2266 Domini
438 2236 524 2275 Regis
540 2238 616 2268 mille
631 2237 772 2267 librarum.
1003 2276 1008 2281 ι
1158 2277 1162 2281 ¹

162 2273 201 2304 Et
222 2273 371 2311 praediffiius
386 2275 558 2306 Willielmus
581 2277 684 2313 venit,
706 2276 739 2306 δε
755 2284 811 2304 non
833 2275 926 2313 potest
945 2274 1076 2306 dedicere
1090 2300 1099 2313 ,
1116 2286 1184 2313 quin

126 2313 205 2350 cepit
237 2312 367 2342 raediftos
383 2313 530 2352 homines,
548 2315 582 2345 ὃς
597 2324 645 2344 eos
659 2313 972 2351 imprisonavit,contra
986 2314 1058 2357 leges
1071 2315 1185 2358 &con-¹

124 2350 203 2381 suetu
226 2352 230 2356 '
254 2361 282 2381 es
296 2350 394 2390 Regni
407 2352 532 2391 usitatas,
550 2354 583 2384 δε
598 2352 688 2390 posuit
703 2352 729 2382 se
741 2351 775 2381 ad
790 2353 966 2383 voluntatem
980 2352 1048 2382 dieti
1061 2352 1185 2382 Domini

128 2388 178 2419 Re
199 2390 228 2419 is.

162 2399 233 2459 Iileo
254 2428 382 2466 expediat
402 2427 548 2466 quousque
570 2427 717 2459 Dominus
738 2427 803 2458 Rex
823 2427 1000 2459 voluntatem
1017 2427 1092 2458 suam
1107 2427 1185 2458 dixe-

127 2473 172 2496 rit.

161 2541 287 2579 Jacobus
305 2543 406 2575 Senior
431 2543 535 2575 Scotiae
554 2544 588 2575 &
605 2543 748 2582 Johannes
770 2543 806 2573 de
819 2543 917 2574 Soules
931 2550 1069 2586 venerunt
1084 2552 1183 2572 coram

127 2579 264 2612 Domino
278 2581 379 2621 Rege,
398 2583 431 2613 &
445 2582 575 2613 Consilio
589 2582 638 2612 suo
651 2584 679 2612 in
693 2582 879 2612 Parliamento
893 2583 941 2611 suo
950 2582 998 2624 ,ὃς
1013 2580 1106 2610 eidem
1121 2581 1185 2611 red—

125 2619 259 2649 diderunt
273 2629 375 2650 omnes
389 2629 472 2651 terras
487 2621 520 2651 &
534 2629 711 2659 tenementa,
731 2631 794 2658 quae
809 2623 955 2664 quondam
966 2624 1087 2662 'ruerunt
1102 2619 1183 2649 Bern.

125 2657 163 2686 de
175 2657 282 2688 Ballivo
297 2659 326 2688 in
340 2658 375 2689 N
378 2658 577 2698 aintstanthirl,
596 2659 741 2691 Avunculi
756 2658 881 2689 Domini
896 2658 985 2697 Regis
999 2682 1008 2696 ,
1032 2667 1110 2696 cujus
1123 2658 1184 2689 hae-

126 2705 170 2725 res
186 2695 242 2732 ipse
254 2695 311 2735 est3

161 2733 233 2764 Ideo
246 2734 347 2766 habeat
360 2735 428 2766 inde
440 2735 574 2767 seifinam.

163 2809 311 2841 Robertus
321 2810 357 2841 de
372 2810 457 2850 Brus,
476 2812 546 2842 filius
562 2811 687 2844 Roberti
700 2812 736 2844 de
751 2811 818 2844 Brus
833 2834 842 2850 ‚
868 2812 992 2843 Comitis
1014 2812 1050 2856 de
1066 2812 1185 2857 Karrile,

125 2851 205 2880 venit
218 2859 315 2879 coram
332 2849 467 2881 Domino
484 2850 567 2890 Rege
579 2853 608 2881 in
623 2850 814 2882 Parliamento
827 2851 876 2881 suo
890 2851 963 2881 aiud
979 2852 1128 2888 Strivelin,
1143 2852 1186 2881 di—

126 2897 194 2917 cens
205 2887 232 2917 se
247 2888 350 2918 habere
363 2889 579 2928 resignationem
595 2890 684 2921 Patris
699 2890 738 2920 sui
748 2913 758 2929 ,
774 2890 810 2920 de
821 2897 885 2920 toto
916 2889 1045 2933 ‘omitatu
1060 2890 1096 2919 de
1110 2890 1186 2920 Kar-

125 2925 205 2993 ripk,
214 2927 272 2993 s{tui
285 2926 337 2957 fuit
352 2925 388 2956 de
401 2927 560 2958 haereditate
576 2928 679 2959 Matris
695 2928 766 2966 suae,
784 2929 862 2967 cujus
876 2928 963 2958 haeres
979 2932 1033 2966 ipse
1046 2928 1102 2966 est,
1121 2938 1185 2967 quae

125 2971 153 2994 ta
164 2973 212 2993 ise
241 2987 246 2993 .

168 3001 329 3041 Magnifico
347 3003 381 3033 &
403 3002 500 3034 sereno
518 3002 644 3043 Principi
657 3029 667 3043 ,
692 3003 826 3035 Domino
845 3004 971 3043 Johanni
985 3028 994 3042 ,
1014 3005 1071 3049 Rei
1085 3005 1185 3044 gratia,

127 3039 226 3070 illustri
242 3039 272 3069 R
308 3041 316 3069 i
331 3039 454 3079 scotiae,
474 3041 621 3073 Robertus
635 3043 670 3073 de
684 3043 754 3074 Brus
769 3068 779 3082 ,
803 3043 914 3074 Comes
934 3044 970 3073 de
985 3042 1104 3074 Carrick
1117 3043 1185 3073 salu-

126 3087 204 3115 tem,
222 3079 252 3108 in
264 3078 290 3108 sa
303 3078 355 3108 utis
371 3080 495 3109 auetore.
1164 3121 1168 3126 Ι

164 3117 242 3155 Qiia
257 3126 310 3147 nos
326 3115 461 3148 Roberto
477 3117 511 3148 de
524 3117 594 3148 Brus
607 3117 666 3149 filio
678 3121 712 3151 &
727 3120 832 3151 haeredi
847 3120 946 3151 nostro
970 3127 1065 3150 totum
1080 3119 1184 3150 Comi-

123 3163 214 3186 tatum
228 3155 265 3185 de
279 3154 399 3185 Carrick
413 3165 480 3186 curn
493 3157 664 3194 pertinentiis
678 3158 728 3188 suis
737 3182 746 3196 ,
762 3160 796 3190 δε
811 3159 896 3190 etiam
908 3168 1009 3189 omnes
1022 3159 1084 3188 alias
1099 3168 1182 3188 terras

126 3203 194 3231 quas
214 3195 243 3223 in
263 3192 361 3224 Scotia
381 3194 477 3232 aliquo
498 3204 629 3232 tempore
649 3197 788 3227 tenuimus
803 3221 812 3235 ,
839 3197 886 3227 seu
909 3206 1006 3227 tenere
1019 3196 1184 3234 debuimus,

128 3233 236 3262 ratione
258 3231 429 3271 Margaretae
451 3232 599 3270 quondam
621 3231 780 3265 Comitiffae
798 3235 834 3265 de
850 3235 967 3273 Carrik‚
987 3235 1101 3273 Sponsie
1116 3245 1184 3278 nos-

126 3277 194 3307 trae,
217 3269 317 3299 Matris
337 3269 458 3306 ejusdem
478 3269 603 3302 Roberti
615 3294 625 3308 ‚
650 3279 784 3309 tanquam
801 3274 844 3310 ,ius
860 3274 893 3304 &
907 3273 1098 3316 licere-ditarem
1115 3273 1183 3311 ejus-

124 3307 192 3337 dem
207 3307 329 3338 Roberti
341 3308 389 3337 filii
403 3310 437 3340 δε
451 3309 569 3339 haeredis
582 3308 671 3339 nostri
687 3311 876 3342 concessimus
889 3313 922 3344 ὃ(
939 3313 1134 3351 resignavimus
1147 3311 1180 3342 &

127 3347 221 3385 quieta
236 3345 421 3376 clamavimus
436 3348 466 3376 in
481 3355 663 3384 perpetuum:

166 3383 295 3414 Vestram
312 3382 515 3414 Celsitudinem
528 3385 682 3415 affeetuose
720 3385 844 3417 raesentes
865 3390 1033 3426 requirimus
1055 3390 1088 3420 ἃ
1103 3397 1185 3427 roga-

125 3432 206 3460 mus,
225 3430 359 3460 quatenus
374 3421 542 3461 homagium
558 3423 686 3462 praediffi
700 3395 825 3454 Roberti
839 3425 888 3455 filii
903 3428 935 3457 δε
952 3427 1069 3457 haeredis
1084 3427 1183 3464 nostri,

125 3470 260 3499 tanquam
275 3460 335 3490 veri
347 3460 380 3490 ὃς
392 3460 510 3499 legitimi
522 3460 647 3491 Domini
661 3461 787 3499 praediffl
802 3462 982 3504 Comitatus,
1000 3466 1123 3504 benigne
1135 3465 1184 3495 ad-

129 3500 242 3530 mittere
256 3498 428 3535 dignemini:
859 3532 862 3536 ι

163 3536 202 3567 Et
216 3545 247 3567 ut
261 3537 319 3566 hoc
330 3536 426 3566 secure
441 3536 474 3567 ὃς
487 3535 632 3567 evidenter
648 3536 707 3568 fieri
719 3538 821 3577 poffit,
840 3539 943 3571 vestrae
958 3540 1011 3572 Ma
1032 3541 1182 3572 nificentiae

126 3576 272 3613 praesentes
290 3574 391 3605 litteras
415 3574 623 3606 tranfinittimus
641 3583 764 3614 patentes
779 3599 790 3616 ,
813 3579 847 3610 &
868 3578 957 3618 sigillo
970 3551 1070 3611 nostro
1088 3581 1184 3620 sigilla-

128 3623 178 3645 ras,

166 3689 234 3721 Dat.
252 3689 326 3729 apud
345 3689 491 3721 Berewick
510 3690 588 3729 super
602 3689 731 3729 Twede,
748 3690 794 3721 die
806 3691 962 3724 Dominica
976 3696 1104 3732 proxima
1118 3695 1184 3733 post

130 3727 246 3759 Festum
267 3729 363 3759 Santsti
387 3728 531 3759 Leonardi
552 3728 732 3759 Confefforis
745 3751 756 3768 ,
779 3739 856 3761 anno
883 3730 1008 3763 Domini
1030 3734 1182 3764 millesimo

128 3765 322 3798 ducentesimo
336 3767 519 3807 nonagesimo
532 3767 664 3798 secundo.

166 3840 205 3871 Et
224 3843 292 3878 petit
311 3843 390 3881 quod
411 3843 558 3875 Dominus
579 3843 645 3874 Rex
663 3845 754 3881 capiat
773 3843 940 3884 homagium
963 3846 1044 3878 suum
1060 3848 1097 3880 de
1111 3859 1183 3889 prae-

130 3878 211 3909 dieto
225 3879 381 3912 Comitatu.

166 3915 205 3947 Et
218 3918 282 3954 quia
295 3928 345 3955 per
358 3920 431 3961 leges
444 3920 542 3958 Regni
556 3919 661 3950 Scotice
674 3919 780 3951 usitatas
795 3929 926 3960 oportet,
943 3923 1024 3960 quod
1040 3922 1185 3956 Dominus

128 3954 194 3985 Rex
208 3954 331 3986 seisinam
342 3957 442 3990 habeat
454 3959 490 3989 de
503 3959 605 3990 eisdem
619 3960 697 3988 terris
709 3981 719 3997 ,
734 3966 885 3996 antequam
899 3960 1066 4000 homagium
1079 3964 1185 4001 capiat;

127 3993 195 4024 ideo
218 3993 367 4029 praedietus
385 3995 530 4028 Robertus
550 3996 587 4026 de
606 3996 674 4027 Brus
685 4019 695 4034 ,
711 3996 798 4034 silius,
816 3997 941 4028 seisinam
953 3999 1055 4038 talem,
1073 4001 1186 4038 qualem

127 4031 226 4064 habuit
241 4029 276 4060 de
290 4033 429 4100 pgaediffis
442 4038 537 4074 terris,
555 4037 585 4066 in
597 4035 726 4066 manibus
745 4035 816 4067 dicti
836 4034 961 4067 Domini
975 4035 1067 4077 Regis
1085 4039 1186 4070 libera-

171 4072 243 4102 Tom.
261 4072 287 4100 I.
331 4093 339 4100 .
357 4074 415 4103 ΙΙΙ.

1223 149 1691 214 PUBLICA.

1207 248 1263 286 vit,
1282 249 1315 279 ὃ(
1329 250 1435 282 invenit
1442 253 1572 320 (plegium
1585 255 1619 286 de
1634 256 1750 288 Relivio
1763 254 1812 289 suo
1834 258 1961 296 praediffi
1981 256 2145 288 Comitatfis
2159 281 2169 296 ‚
2187 257 2256 301 scili*

1212 293 1257 315 cet
1271 308 1280 322 7
1306 285 1438 318 Dovenil
1481 292 1628 323 Comitem
1651 295 1686 325 de
1702 295 1782 325 Mart
1795 321 1803 334 ,
1818 296 1961 334 jacobum
1975 297 2123 327 Seniorem
2137 296 2257 333 Scotiae,

1213 334 1336 361 quorum
1351 328 1533 367 unusquisque
1544 331 1650 368 obligat
1663 333 1689 363 se
1702 335 1730 362 in
1743 334 1870 364 solidum.

1253 361 1289 392 Et
1302 363 1410 406 insuper
1423 368 1529 398 invenit
1542 369 1661 406 plegium
1675 370 1708 401 ad
1725 371 1886 403 faciendum
1901 372 2067 403 Dominum
2082 372 2194 412 Regem
2208 370 2257 401 ha·

1214 399 1281 429 bere
1301 403 1433 438 scriptum
1452 405 1487 434 de
1503 407 1685 445 resignatione
1704 408 1790 439 Patris
1811 410 1849 440 sui
1863 411 1959 441 debito
1975 411 2065 441 modo
2079 411 2203 448 factum,
2220 409 2258 439 de

1214 437 1317 468 eodem
1339 440 1507 480 Comitatu3
1527 444 1630 475 scilicet
1665 446 1813 477 Comitem
1828 449 1864 478 de
1880 449 2028 487 Levenax,
2041 449 2205 487 Johannem
2220 448 2257 477 de

1213 476 1329 513 Soules,
1347 478 1379 507 &
1393 478 1553 511 Gilbertum
1568 483 1603 512 de
1617 469 1731 522 Carrik,
1749 486 1800 523 ita,
1818 488 1874 516 viz.
1893 487 1972 524 quod
1985 489 2055 517 intr-‘a
2069 488 2114 517 sex
2129 488 2258 524 septima-

1215 523 1278 552 nas,
1296 515 1359 552 post
1375 517 1525 548 adventum
1544 520 1627 550 Patris
1641 523 1679 552 sui
1696 524 1724 551 in
1741 523 1871 562 Angliam
1891 526 1934 555 vel
1956 526 1985 554 in
1998 526 2140 563 Scotiam,
2159 526 2258 554 libera-

1213 553 1255 582 bit
1268 553 1402 589 praedic'to
1418 555 1550 586 Domino
1566 558 1656 598 Regi,
1676 560 1841 597 praedietum
1857 562 1988 602 scriptum
2001 563 2036 593 de
2051 564 2240 602 resignatione.

1252 591 1270 610 ²*
1290 590 1466 636 Praefept¹.1ni
1481 596 1521 624 est
1533 595 1704 627 Vicecomiti
1718 598 1754 628 de
1770 599 1839 637 Aar,
1859 601 1937 638 quod
1953 602 2041 637 capiat
2053 602 2175 632 seisinam
2190 601 2259 631 dicti

1215 627 1376 659 Comitatus
1390 631 1425 660 de
1439 632 1574 670 Czirrick,
1594 637 1620 663 in
1635 645 1719 666 manu
1735 636 1856 667 Domini
1869 638 1966 676 Regis.

1250 666 1287 696 Et
1308 667 1416 698 dicftum
1440 670 1479 700 est
1501 674 1638 708 prsedifto
1658 673 1790 705 Roberto
1805 698 1814 714 ,
1837 676 1916 714 quod
1936 677 2026 707 veniat
2044 677 2078 707 ad
2092 676 2260 716 homagium

1213 703 1292 734 suum
1304 705 1463 746 faciendum
1479 733 1487 746 ,
1512 712 1551 750 ἃ,
1567 720 1657 747 portet
1671 712 1789 742 litteram
1807 713 2004 752 Vicecomitis,
2023 716 2100 752 quod
2116 716 2260 746 Dominus

1216 741 1281 771 Rex
1295 746 1416 774 seinnam
1431 746 1466 776 de
1479 750 1615 783 pineam-0
1631 749 1776 781 Comitatu
1791 752 1907 789 pacifice
1921 753 2027 783 habeat.

1252 779 1430 819 Praeceptum
1445 784 1485 813 est
1497 787 1578 815 etiam
1594 787 1764 819 vicecomiti
1781 789 1859 826 quod
1874 791 1983 821 extendi
2000 792 2080 821 faciat
2094 801 2193 821 omnes
2208 799 2262 820 ter*

1216 828 1255 847 ras
1270 819 1302 849 ἃ
1314 824 1735 866 tenementa,*qualitercunque
1751 837 1823 857 tenti
1839 853 1847 866 ,
1872 839 1928 859 tam
1943 832 1970 859 in
1985 830 2161 866 Dominico‚
2178 830 2262 866 quam

1215 856 1247 924 ὴὲ
1267 855 1385 924 Γςὲιὶείο
1399 882 1408 896 ‚
1425 861 1458 890 ἃ
1471 870 1554 891 etiam
1568 873 1668 893 onmes
1683 872 1765 894 terras
1777 876 1840 903 que
1855 867 1941 899 libere
1954 877 2083 899 tenentur
2099 868 2208 897 Coniiti
2230 868 2264 896 de

1248 904 1296 923 arri
1319 916 1325 924 .

2181 182 2253 213 121

1220 1014 1404 1060 Aaljornatio
1430 1022 1516 1066 Regis
1539 1025 1635 1055 Scotir
1652 1024 1695 1057 ad
1709 1025 1953 1071 respondendum,
1971 1029 2060 1074 fitper
2079 1032 2267 1076 appellatione

1411 1065 1542 1101 Abbasis
1558 1069 1593 1102 de
1614 1072 1752 1119 Radrhg,
1778 1073 1814 1106 a'e
1830 1086 1936 1121 negata
1949 1076 2080 1121 justitia.

1219 1148 1281 1208 R
1776 1157 1879 1206 Regni
1891 1157 1995 1203 Scotize
2004 1183 2013 1198 ,
2030 1161 2135 1205 dileeip
2150 1164 2183 1194 ὃς
2196 1163 2269 1195 fideli

1772 1195 1845 1226 Reor
1861 1200 1965 1228 §cotie
1980 1199 2092 1238 illustri,
2109 1202 2228 1231 salutem.

1257 1224 1350 1256 Fratre
1375 1227 1467 1271 Alano
1485 1228 1522 1271 de
1541 1230 1631 1261 Eston
1645 1255 1654 1269 ,
1680 1234 1713 1264 ὃς
1734 1223 1874 1274 Magistro
1896 1235 2023 1275 Hugone
2045 1237 2081 1267 de
2100 1239 2243 1270 Stamford
2257 1266 2266 1279 ,

1221 1260 1453 1305 Procuratoribus
1468 1291 1477 1303 ,
1496 1270 1552 1298 live
1566 1270 1719 1300 Attornatix
1736 1271 1943 1312 Religiosorum
1960 1275 2093 1305 Virorum
2205 1279 2267 1310 Ab—

1220 1299 1288 1342 batis
1301 1303 1334 1332 &
1349 1303 1520 1335 Conventus
1535 1307 1703 1339 Monasterii
1717 1309 1830 1350 Rading
1845 1312 1921 1350 quod
1936 1314 1972 1343 de
1992 1314 2149 1344 elemosinis
2161 1315 2268 1357 Progea·

1219 1347 1344 1369 nitorum
1366 1342 1530 1373 nostrorum
1545 1369 1554 1382 ,
1578 1345 1694 1386 Regum
1714 1348 1827 1386 Angliae
1841 1375 1850 1388 ,
1877 1351 1909 1381 &
1934 1350 2032 1382 nostris
2046 1352 2087 1382 est
2103 1354 2268 1393 fundatum,

1220 1381 1424 1422 exponentibus
1444 1384 1607 1420 accepimus
1625 1408 1634 1422 ,
1653 1385 1730 1422 quod
1745 1398 1828 1426 cum,
1849 1389 1964 1420 celebris
1978 1393 2140 1430 memoriae,
2160 1392 2268 1424 Domi-

1220 1424 1271 1457 nus
1283 1415 1377 1448 David
1398 1457 1402 1462 .
1415 1420 1557 1457 quondam
1573 1421 1637 1452 Rex
1651 1423 1771 1463 Scotiae,
1790 1425 1981 1458 Praedeceffor
1996 1429 2103 1468 vester,
2122 1431 2270 1463 Monaste-

1220 1462 1294 1483 rium
1317 1441 1486 1498 praedidium
1505 1460 1538 1489 &
1560 1459 1721 1492 Monachos
1733 1487 1742 1500 ‚
1769 1464 1875 1495 ibidem
1890 1474 1956 1496 tunc
1972 1466 2038 1497 Deo
2053 1468 2215 1508 servientes,
2234 1471 2268 1502 &

1220 1491 1405 1539 Succellores
1422 1495 1484 1525 suos
1505 1497 1540 1526 de
1559 1497 1686 1530 Prioratu
1706 1501 1742 1530 de
1763 1501 1851 1541 May,
1874 1513 1942 1535 cum
1957 1507 2172 1548 pertinentibus,
2193 1509 2271 1540 Dio-

1222 1532 1289 1574 celis
1310 1531 1406 1562 Sancti
1427 1533 1549 1565 Andreae
1561 1560 1571 1573 ,
1597 1537 1667 1568 infra
1683 1537 1819 1578 Regnum
1835 1541 1976 1581 vestrum,
1995 1554 2043 1581 per
2057 1555 2161 1577 cartam
2177 1548 2271 1587 suam,

1224 1578 1252 1597 in
1267 1569 1401 1614 liberam,
1419 1582 1534 1616 puram,
1551 1575 1586 1605 &
1599 1585 1761 1613 perpetuam
1776 1579 1957 1611 elemosinam
1970 1582 2123 1614 feoffasset:

1257 1605 1302 1650 ¹Ita
1318 1632 1327 1645 ,
1345 1609 1494 1652 videlicet,
1513 1612 1591 1650 quod
1610 1613 1694 1644 iidem
1710 1615 1851 1647 Monachi
1865 1620 1898 1649 &
1914 1620 2091 1651 Successor-es
2105 1623 2142 1652 sui
2157 1623 2272 1655 Priora—-

1223 1651 1266 1688 tui·
1282 1646 1441 1692 praedicto,
1467 1658 1515 1686 per
1535 1661 1641 1682 novem
1664 1653 1700 1683 de
1713 1653 1937 1687 Commonachis
1951 1659 2003 1689 suis
2018 1659 2196 1700 Sacerdotes,
2216 1674 2270 1700 pro

1223 1693 1316 1714 anima
1330 1686 1434 1731 prefati
1447 1686 1534 1727 Regis
1548 1688 1644 1720 David
1657 1713 1667 1728 ,
1685 1693 1718 1722 ὃς
1730 1694 1873 1725 animabus
1887 1695 2128 1728 Praedecessbrum
2141 1701 2253 1731 suorum
2262 1725 2272 1740 ,

1223 1720 1339 1765 Regum
1353 1724 1473 1764 beotise,
1491 1728 1587 1758 divina
1601 1729 1770 1761 celebr-antes
1790 1734 1997 1773 imperpetuum
2011 1758 2022 1774 ,
2045 1737 2168 1769 facerent
2183 1739 2272 1770 deser-

1225 1770 1294 1797 viri,

1260 1798 1297 1828 Et
1316 1800 1421 1845 praefati
1442 1801 1583 1847 Monaclii
1604 1804 1836 1846 Successoresque
1857 1808 1895 1840 sui
1914 1810 2073 1843 Prioratum
2086 1813 2271 1855 praediffitum,

1223 1845 1290 1866 cum
1312 1841 1445 1869 omnibus
1468 1843 1518 1872 suis
1540 1844 1741 1879 pertinentibus
1756 1869 1765 1883 ,
1789 1857 1838 1884 per
1858 1849 2072 1881 feoffamentum
2096 1854 2271 1892 hujusmodi,

1223 1874 1332 1912 semper
1351 1877 1466 1915 pacifice
1485 1881 1648 1920 tenuissent,
1667 1885 1810 1922 quousque
1825 1887 1939 1924 quidem
1956 1888 2101 1920 Robertus
2115 1892 2151 1921 de
2166 1892 2273 1922 Burah-

1223 1922 1286 1949 gate
1301 1938 1310 1952 ‚
1323 1953 1327 1958 ι
1342 1917 1547 1960 ΠαρθηΑϋὸειε
1567 1919 1736 1951 Monasteiii
1760 1925 1885 1960 praedicti
1901 1948 1910 1964 ,
1933 1926 2123 1959 Praedeceffor
2146 1924 2272 1967 praedicti

1224 1951 1341 1982 Abbatis
1356 1977 1365 1991 ,
1396 1954 1555 2001 Priofatum
1574 1959 1740 2001 praediQtum
1755 1985 1764 1998 ,
1789 1962 1965 1994 dissentiente
1985 1967 2091 2004 majore
2111 1968 2143 1998 δε
2165 1969 2271 1999 saniore

1224 1999 1301 2034 parte
1323 1990 1494 2036 Conventus
1513 1995 1552 2024 sui
1565 2019 1574 2032 ,
1598 1998 1734 2035 nobisque
1749 1999 1924 2040 inconsultis,
1941 2005 2090 2034 venerabili
2105 2005 2178 2036 Patri
2196 2008 2272 2037 Wil-

1223 2028 1338 2067 lielmo,
1357 2030 1499 2072 Episcopo
1514 2033 1608 2063 Sancti
1621 2036 1757 2074 Andreae,
1776 2038 1904 2070 alienavit
1918 2042 1945 2070 in
1961 2042 2049 2072 nostri
2063 2045 2275 2085 praejudicium‚

1224 2068 1257 2097 ὃς
1270 2067 1523 2101 exhaeredationem
1537 2071 1605 2102 dieti
1622 2073 1788 2105 Monasterii
1803 2078 1987 2109 manifestam.

1239 2144 1244 2149 ,
1261 2104 1397 2144 Cumque
1419 2108 1504 2139 iidem
1525 2109 1723 2143 Procuratores
1744 2114 1799 2144 live
1822 2116 1962 2148 Attornati
1975 2117 2008 2147 ad
2021 2118 2142 2150 vestram
2156 2120 2277 2161 praesen-

1225 2152 1293 2174 tiam
1306 2145 1479 2188 'ac-cesserint
1493 2170 1501 2185 ,
1526 2148 1559 2178 δι’
1579 2160 1631 2179 vos
1647 2151 1777 2182 instanter
1790 2154 1823 2183 ὃς
1858 2155 1937 2185 luries
1953 2158 2124 2194 requisierint
2140 2160 2217 2197 quod
2233 2162 2275 2201 ip-

1225 2182 1285 2220 sos,
1304 2193 1332 2212 in
1342 2193 1403 2221 Jure
1416 2186 1616 2228 praedffiorum
1632 2189 1747 2220 Abbatis
1767 2191 1800 2221 &
1871 2202 2008 2232 nventuS,
2026 2199 2154 2227 curaretis
2166 2198 2277 2237 audire,

1227 2221 1260 2252 &
1276 2221 1354 2264 super
1369 2225 1501 2266 petitione
1515 2225 1575 2263 sufi,
1592 2236 1678 2264 quam
1691 2228 1829 2259 faciebant
1848 2231 1884 2261 de
1898 2231 2024 2263 Prioratu
2038 2234 2190 2274 praediem,
2208 2246 2276 2268 cum

1226 2262 1428 2302 pertinentibus
1448 2263 1499 2292 sibi
1517 2263 1608 2295 facete
1615 2265 1676 2303 jus,
1695 2268 1729 2297 &
1741 2268 1854 2304 justitiae
1869 2271 2132 2310 complementum,
2150 2274 2276 2305 offeren-

1229 2305 1268 2327 tes
1287 2302 1312 2344 ¹⁴}
1336 2309 1443 2336 paratos
1463 2300 1583 2340 docere,
1602 2303 1638 2332 de
1652 2305 1789 2341 praedieto
1800 2307 1864 2342 jure
1877 2309 2000 2345 ipsorum
2015 2310 2131 2342 Abbatis
2146 2313 2179 2343 &
2193 2313 2276 2344 Con-

1226 2346 1346 2375 ventuS,
1364 2340 1392 2367 in
1405 2338 1499 2369 forma
1515 2339 1624 2379 debita,
1643 2351 1741 2373 coram
1757 2345 1854 2383 vobis,

1266 2374 1327 2405 Vos
1340 2399 1349 2413 ,
1373 2377 1469 2406 habito
1488 2379 1618 2414 processu
1637 2380 1748 2411 diutino
1771 2382 1850 2418 super
1870 2385 2014 2421 praemissis
2028 2386 2099 2416 inter
2114 2396 2202 2424 partes
2215 2398 2277 2421 me-

1228 2421 1346 2443 moratas
1359 2424 1456 2444 coram
1469 2417 1552 2446 vobis
1566 2425 1702 2454 praetextu
1715 2420 1856 2457 cujusdam
1870 2423 2057 2461 appellationis
2075 2426 2225 2466 confictae,
2241 2430 2279 2458 ab

1227 2450 1363 2482 audientia
1379 2452 1482 2495 ¹vestra
1508 2464 1558 2494 per
1587 2456 1734 2493 praefatum
1757 2457 1928 2497 Episcopum
1953 2461 1987 2491 ad
2009 2462 2112 2493 Sedem
2134 2465 2280 2502 Apostoli-

1227 2499 1291 2518 cam
1306 2491 1455 2528 interjec‘tae
1468 2516 1477 2530 ‚
1503 2493 1549 2522 cui
1565 2495 1658 2524 minus
1673 2497 1791 2533 provide
1802 2521 1811 2535 ,
1830 2506 1860 2528 ut
1871 2498 1989 2537 dicitur,
2007 2499 2157 2541 detulistis,
2175 2505 2226 2534 ini
2247 2505 2277 2535 so

1226 2529 1344 2570 negotio
1363 2529 1474 2560 ulterius
1492 2532 1646 2567 procedere
1666 2544 1726 2563 non
1747 2545 1873 2565 curantes
1886 2561 1896 2574 ,
1922 2537 2024 2567 eisdem
2045 2539 2225 2572 Procuratori
2247 2553 2280 2573 us

1228 2566 1460 2634 1¹y{·At[⁰m³[i⁵
1478 2568 1644 2600 audientiam
1665 2573 1694 2601 in
1718 2573 1770 2603 hac
1792 2583 1868 2611 parte
1883 2598 1892 2612 ,
1913 2584 2011 2606 contra
2021 2577 2171 2618 justitiam,
2189 2579 2278 2612 dene-

1248 2616 1261 2634 1.
1289 2615 1326 2643 is,

1227 2614 1245 2643 g
1266 2642 1386 2682 Propter
1401 2644 1479 2683 quod
1492 2646 1577 2677 iidem
1592 2647 1791 2680 Procuratores

1226 2682 1371 2713 diti-orum
1393 2684 1507 2714 Abbatis
1522 2687 1554 2716 &
1576 2685 1747 2719 Conventus
1762 2713 1772 2728 ,

1291 1148 1371 1188 EX,
1390 1151 1449 1182 &c
1469 1150 1591 1190 superior
1612 1155 1755 1187 Dominus

1298 1187 1364 1227 suo,
1378 1189 1522 1229 Johanni,
1540 1192 1639 1223 elidem
1651 1196 1752 1233 gratia,

1797 2674 1806 2689 ,
1825 2651 1870 2682 seu
1890 2651 2032 2684 Attornati
2045 2677 2055 2693 ,
2073 2656 2191 2687 nomine
2204 2666 2277 2697 prae-

1790 2690 1805 2718 a
1814 2691 1882 2728 juris
1896 2690 2007 2722 defeclu
2015 2715 2024 2730 ,
2043 2693 2088 2723 seu
2101 2694 2214 2732 justitiae
2228 2696 2278 2726 de-

1229 2723 1377 2760 negatione
1391 2746 1401 2760 ,
1426 2722 1443 2752 a
1464 2724 1546 2753 vobis
1558 2725 1591 2754 ad
1605 2735 1673 2763 nost,
1693 2735 1723 2756 ut
1736 2730 1769 2757 ad
1782 2727 1951 2766 superiorem
1968 2731 2048 2767 ipsius
2064 2730 2158 2771 Regni
2172 2734 2278 2765 Scotiae

1228 2758 1409 2798 Dominum,
1427 2761 1614 2800 appellarunt,
1631 2773 1754 2801 petentes
1776 2767 1809 2796 &
1824 2767 2004 2805 supplicantes
2019 2779 2068 2806 per
2083 2780 2151 2809 nos,
2170 2772 2200 2801 in
2213 2783 2276 2803 ves-

1229 2798 1262 2827 tri
1277 2798 1438 2837 defessum,
1457 2800 1506 2829 libi
1520 2800 1656 2838 justitiam
1676 2803 1816 2842 exhiberi,
1831 2806 1907 2843 juxta
1922 2807 1999 2843 quod
2009 2829 2019 2845 ,
2033 2809 2140 2838 ratione
2154 2809 2279 2846 superio-

1229 2837 1312 2867 ritatis
1329 2836 1462 2882 Dominii
1475 2860 1484 2876 ,
1510 2838 1588 2876 quod
1601 2841 1630 2869 in
1643 2841 1747 2872 eodem
1762 2841 1868 2882 Regno
1880 2844 2030 2883 habemus,
2048 2846 2081 2876 ad
2093 2856 2145 2877 nos
2158 2847 2281 2880 dinosci-

1228 2883 1273 2905 tur
1308 2884 1432 2906 ertinere.

1266 2885 1344 2943 dimi
1364 2915 1450 2951 igitur
1467 2914 1540 2952 justa
1558 2918 1718 2952 petentibus
1740 2928 1799 2949 non
1822 2919 1854 2949 sit
1869 2920 2045 2960 denegandus
2059 2921 2182 2962 auditus,
2201 2925 2235 2956 &
2248 2925 2278 2956 in

1228 2951 1384 2982 exhibenda
1395 2952 1498 2991 justitia
1514 2954 1597 2983 simus
1616 2957 1749 2986 omnibus
1763 2957 1919 2996 debitores,
1937 2970 1989 2990 vos
2007 2960 2184 2998 adjornamus
2197 2963 2278 3001 quod

1228 2990 1280 3020 sitis
1295 3013 1305 3028 ,
1329 3001 1425 3021 coram
1445 2992 1527 3021 nobis
1542 3015 1551 3029 ,
1578 2992 1593 3021 a
1615 2992 1660 3023 die
1681 2994 1776 3025 Sanffi
1799 2995 1939 3035 Martini,
1964 3000 2096 3035 proximo
2116 3000 2229 3040 futuro,
2247 3003 2278 3032 in

1227 3029 1391 3066 quindecim
1411 3029 1487 3067 dies,
1511 3030 1675 3069 ubicunque
1696 3041 1764 3063 tunc
1783 3033 1915 3065 fuerimus
1937 3036 1964 3065 in
1982 3036 2102 3075 Anglia3
2123 3037 2277 3077 responsuri

1228 3067 1369 3104 praedictis
1392 3068 1495 3098 Abbati
1516 3069 1548 3098 ὃ(
1570 3067 1737 3101 Conventus
1750 3072 1829 3109 super
1843 3073 2004 3113 praemiffis,
2025 3076 2057 3106 ὅ(
2072 3076 2172 3107 facturi
2187 3078 2220 3109 &
2234 3088 2278 3108 re-

1229 3107 1337 3143 cepturi
1353 3106 1430 3144 quod
1440 3105 1548 3148 justum
1562 3106 1659 3137 fuerit:

1265 3144 1365 3182 Qem
1385 3145 1461 3175 diem
1481 3145 1582 3174 eisdem
1604 3145 1708 3177 Abbati
1731 3147 1764 3177 &
1785 3147 1951 3180 Conventui
1973 3150 2167 3190 assignavimus
2181 3163 2278 3184 coram

1226 3183 1310 3212 nobis
1324 3207 1334 3220 ‚
1359 3182 1393 3212 ad
1414 3182 1574 3213 faciendum
1591 3183 1623 3214 δε
1642 3185 1837 3224 recipiendum
1859 3187 1999 3227 similiter,
2018 3190 2048 3219 in
2061 3189 2180 3230 eisdem,
2197 3193 2275 3230 quod

1223 3221 1327 3260 justitia
1340 3221 1469 3251 suadebit.

1265 3259 1298 3289 111
1312 3260 1407 3299 quuS,
1419 3262 1487 3293 &c

1263 3328 1353 3359 Teste
1369 3328 1451 3369 Rege
1465 3328 1536 3367 apud
1553 3328 1675 3360 Dunton
1689 3330 1813 3363 secundo
1827 3333 1873 3365 die
1887 3333 2067 3373 Septembris.

1229 3453 1250 3476 *
1273 3457 1348 3501 Regi
1365 3458 1464 3488 Scotiae
1477 3458 1654 3496 monitoria,
1677 3455 1713 3489 de
1729 3455 1833 3490 debiti}
1853 3462 1926 3506 Regi
1943 3460 2104 3508 Norwegiae
2115 3459 2276 3505 sblvendis0

1228 3539 1360 3600 REX
1374 3563 1383 3579 ,
1408 3543 1442 3572 &
1463 3540 1584 3577 superior
1606 3539 1750 3572 Dominus
1773 3540 1867 3582 Regni
1887 3541 2016 3589 Scotiae,
2039 3544 2143 3575 <lisceto
2157 3545 2190 3577 ὃς
2202 3543 2276 3578 fideli

1307 3578 1373 3616 suo,
1388 3579 1525 3617 Johanni,
1544 3578 1643 3609 eadem
1657 3581 1744 3618 gratia
1778 3580 1852 3620 Regi
1865 3581 1988 3619 Scotiae,
2005 3582 2117 3622 illustri,
2136 3583 2256 3615 salutem.

1265 3615 1344 3646 Cum
1358 3617 1504 3647 Dominus
1512 3615 1628 3656 Ericus,
1647 3615 1712 3648 Rex
1724 3603 1906 3658 bforwagiae,
1925 3630 2012 3657 nuper
2024 3623 2054 3651 in
2068 3621 2156 3664 Curia
2167 3622 2275 3666 nostra,

1227 3665 1326 3685 coram
1340 3656 1437 3693 nobis,
1455 3654 1525 3693 apud
1542 3654 1675 3697 Berewyk
1691 3657 1769 3695 super
1783 3657 1940 3696 Twedam,
1958 3668 2008 3695 per
2021 3660 2274 3692 considerationem

1229 3694 1351 3731 ejusdem
1373 3693 1467 3724 Curixe
1480 3715 1490 3731 ,
1516 3694 1701 3731 recuperasset
1714 3695 1834 3725 seisinam
1847 3696 1864 3725 s
1861 3705 1922 3725 uam
1935 3697 2027 3727 versus
2039 3698 2207 3729 venerabiles
2222 3699 2275 3730 Pa-

1227 3741 1281 3762 tres
1296 3732 1347 3762 W.
1366 3732 1461 3762 saneti
1484 3730 1606 3761 Andreae
1619 3756 1629 3770 ,
1654 3734 1687 3763 &
1709 3732 1907 3763 Glascuensem
1928 3733 2085 3773 Episcopos
2133 3746 2166 3767 ac
2186 3737 2276 3770 socios

1227 3771 1307 3807 flios,
1326 3779 1394 3801 tunc
1408 3768 1545 3799 Custodes
1562 3768 1659 3809 Regni
1672 3770 1793 3809 Scotiae,
1810 3771 1846 3801 de
1863 3772 2028 3809 quibusdam
2041 3759 2207 3814 redditibus,

1267 3810 1367 3847 Qnos,
1385 3809 1469 3838 bonae
1483 3809 1646 3846 memoriae,
1667 3809 1823 3839 Alexander
1843 3819 1880 3839 nu
1902 3819 1931 3839 er
1946 3809 2011 3841 Rex
2024 3812 2148 3852 Scotiae,
2167 3812 2278 3845 Praede-

1228 3848 1322 3877 cess‘or
1344 3846 1453 3884 vester,
1470 3844 1606 3876 concessit
1619 3847 1653 3877 δε
1667 3846 1810 3885 assignavit
1822 3857 1879 3887 prae
1892 3856 1938 3878 ato
1953 3848 2030 3887 Regi
2045 3849 2231 3890 Norwagiae,
2249 3855 2278 3882 in

1230 3886 1413 3923 Maritagium
1433 3894 1499 3914 cum
1519 3883 1677 3914 Maroareta
1691 3908 1701 3923 ,
1725 3884 1845 3916 e'usdem
1866 3884 2015 3918 Alexandri
2036 3887 2124 3926 Regis
2144 3889 2200 3921 filia
2213 3915 2223 3928 ‚
2249 3893 2279 3920 in

1229 3924 1408 3963 Ruscemay,
1425 3922 1578 3953 Moranien
1590 3932 1611 3952 is
1625 3895 1769 3962 Diocesijs,
1787 3924 1815 3953 in
1830 3922 1933 3967 3911in
1947 3925 1983 3955 de
2004 3925 2118 3965 Baneff,
2133 3929 2166 3959 &
2179 3929 2215 3958 de
2231 3928 2281 3958 Ba-

1228 3963 1347 4001 lehelwy
1365 3963 1394 3992 in
1416 3961 1626 3991 vicecomitatu
1646 3960 1683 3991 de
1704 3961 1863 3991 Aberdema
1878 3985 1888 3999 ,
1907 3963 1941 3994 &
1960 3963 1997 3994 de
2015 3964 2178 4004 Badkedde‚
2197 3968 2230 3997 ὃς
2244 3967 2282 3997 de

1229 4001 1353 4031 Rothon
1362 4023 1371 4038 ,
1388 4001 1417 4029 in
1431 3999 1643 4030 vicecomitatu
1654 3999 1690 4029 de
1704 3998 1893 4039 Edenburgh,

1267 4038 1426 4076 Habendos
1444 4036 1546 4069 eisdem
1563 4036 1639 4076 Regi
1658 4037 1825 4114 Νοττνόξὶπ
1839 4062 1848 4077 ‚
1867 4040 1900 4072 &
1917 4037 2103 4081 Margaretae,
2120 4042 2153 4073 &
2165 4040 2283 4110 haeregli—

2256 4089 2287 4110 us

2277 254 2352 284 Arm.
2362 249 2406 283 Da

2298 300 2382 332 1293-

2277 336 2345 361 Edv.
2359 341 2368 358 1
2377 352 2383 361 i

2281 603 2409 637 *iim-iu

2290 1171 2364 1201 Ann.
2376 1170 2421 1204 D.

2310 1219 2394 1248 1293.

2286 1253 2337 1276 Aa.
2354 1259 2398 1277 21⁴

2288 1291 2317 1313 E.
2340 1297 2363 1314 i.

2288 1332 2341 1355 Rot.
2353 1331 2417 1354 Scor,

2292 1369 2373 1393 21.E.
2386 1373 2407 1391 1.

2290 1417 2326 1434 m.
2346 1411 2370 1439 3·

2299 3475 2427 3505 *1.616.

2296 3560 2372 3592 Ann.
2385 3560 2427 3592 D.

2319 3608 2402 3639 1293.

2294 3642 2345 3667 An.
2366 3649 2410 3667 22.

2298 3682 2327 3703 E.
2346 3687 2368 3703 i.

2297 3719 2427 3742 Μηδία.

2300 3762 2342 3779 22.
2353 3755 2379 3780 E.
2394 3761 2415 3778 ι.

2299 3800 2334 3819 m.
2351 3798 2375 3826 3.
