2570 4261
775 201 886 243 ET
967 204 1233 246 ACTA

33 281 170 318 'AnnDa

57 323 140 354 1262.

7 384 9 389 π
37 368 100 392 Hm·
121 371 145 398 3·
343 387 463 418 Littera
477 387 551 430 Regi
564 395 620 430 pro
635 382 820 427 Monasterio
839 384 928 417 Silva
944 384 1091 431 Majoris.

2 508 3 512 ,
36 489 87 516 An„
97 485 144 520 4⁶·
192 473 403 537 SEreniffimo
425 472 560 503 Domino
574 471 722 509 Henrico,
739 471 797 502 Dei
807 474 909 512 gratia,
929 473 1002 504 Reoi
1022 475 1150 515 Angh'ae,
1168 475 1248 507 Duci

35 530 70 554 H·
87 534 114 560 3,
252 512 450 550 Aequitanniae
463 534 472 549 ,
502 511 583 541 frater
603 510 634 540 B.
663 510 830 542 Monasterii
847 512 931 543 silvae
952 500 1069 552 lvsajoris
1091 514 1223 545 Minister
1238 538 1248 553 ,

35 567 76 592 Ex
89 567 159 589 Bm-
191 561 260 582 cum
272 550 444 589 subjectione
457 551 490 580 δε
504 550 656 580 reverentia
672 549 764 579 debita
779 550 812 580 ὃς
825 550 935 581 devota.

22 621 25 627 ,
37 601 83 631 ω,
99 602 155 627 Lit-
226 589 307 619 Cum
322 588 531 619 Monasterium
543 587 670 618 nostrum
678 587 768 630 *Silvae
781 587 898 626 Maiori,
913 589 997 629 usque
1009 591 1043 621 ad
1057 599 1183 632 tempora
1195 591 1245 623 ista

6 653 23 668 ,
36 647 85 668 m,
99 644 166 666 tem·
191 638 207 658 a
221 626 467 667 praedecesloribus
475 627 609 658 vestris&
617 626 696 656 vobis
708 627 790 656 fuerit
802 627 896 657 multis
908 629 1055 669 privilegiis
1070 631 1227 669 insignitum
1236 653 1245 668 ‚

35 683 90 716 pm
105 680 168 714 ΗΞ,
190 667 360 698 libertatibus
383 666 416 696 &
441 666 561 696 donariis
581 664 745 707 decoratum
762 687 771 702 ‚
804 666 837 695 ὃς
855 666 904 696 sub
925 667 1024 697 vestrae
1047 669 1247 699 munificentiae

190 705 310 735 brachiis
331 705 538 734 incrementum
558 711 697 742 acceperit
718 703 853 733 laudabile
867 728 876 743 ,
900 705 933 735 &
953 706 1023 736 inter
1043 706 1128 737 vestri
1150 707 1246 746 Regni

193 743 366 774 Monasteria
376 742 534 772 defenfione
545 741 579 772 ὃς
595 741 771 781 protefflone
784 742 969 782 honoratum,

230 781 340 812 Vestrae
360 780 582 819 Magnificentiae
603 779 788 819 Magestatem
805 780 854 820 ea,
872 781 926 821 quii
939 781 1099 821 possumus,
1118 785 1151 814 &
1166 784 1248 813 nobis

191 820 301 851 licitum
315 820 374 857 est,
397 819 550 850 affefflone
564 817 746 858 deprecamur
761 827 893 858 quatenus
906 821 1145 858 praeclarissimum
1159 821 1248 851 filium

191 858 316 889 vestrum
337 857 500 888 Dominum
521 856 707 894 Edwardum,
721 858 770 897 qui
790 857 822 888 ad
845 860 960 897 praesens
974 869 1027 897 pro
1041 860 1123 889 vobis
1136 861 1166 889 in
1180 859 1250 889 Vas-

189 898 273 927 conia
293 896 455 926 dominatur
470 920 479 934 ,
502 895 658 934 dignemini
678 905 790 926 exorare
812 904 866 936 ut,
894 897 1103 928 Monasterium
1121 897 1250 928 nostrum

190 935 241 966 sub
265 935 443 974 protectione
464 936 497 965 &
518 933 680 964 defensione
700 934 849 978 specialiter
873 935 987 975 habeat,
1003 937 1032 965 in
1049 936 1101 966 hac
1114 944 1190 976 parte
1202 936 1252 966 de-

191 974 340 1004 votionem
359 973 482 1004 nostram
505 973 538 1003 ὃς
559 972 793 1010 praedeceflorum
814 973 972 1005 vestrorum
996 974 1138 1004 humiliter
1158 974 1253 1005 osten-

191 1012 307 1051 dendo,
319 1013 370 1050 &,
390 1012 462 1051 slqua
484 1010 602 1041 consilio
623 1010 852 1042 Consiliariorum
873 1013 1049 1051 aliquorum,
1068 1014 1253 1051 quaerentium

192 1051 284 1091 potius
304 1051 413 1081 lucrum
436 1051 601 1088 proprium,
617 1051 701 1089 quam
715 1060 746 1081 ea
757 1061 820 1090 quae
836 1051 898 1081 sunt
1005 1073 1015 1089 ‚
1033 1058 1132 1081 contra
1146 1050 1254 1090 Mona-

193 1089 307 1120 sterium
327 1088 386 1119 fieri
409 1089 596 1126 mandaverit,
612 1098 644 1119 ea
656 1089 685 1119 in
700 1090 810 1120 bonum
826 1088 993 1121 Monasterii
1004 1089 1134 1129 dignetur
1148 1090 1255 1120 immu-

190 1135 256 1159 tare.

228 1166 291 1197 Scit
305 1167 382 1197 enim
395 1166 485 1197 vestra
500 1165 714 1205 Magnificentia
728 1166 819 1205 quod,
835 1167 883 1197 nifi
896 1165 1027 1197 nostrum
1039 1164 1250 1196 Monasterium

195 1204 286 1236 vestra
308 1206 485 1243 protedtione
501 1205 632 1236 vallatum
652 1204 750 1243 fuerit,
769 1207 799 1235 in
819 1206 893 1236 nulla
906 1205 1085 1243 prosperitate
1099 1205 1200 1246 poterit
1215 1213 1257 1233 re—

196 1253 327 1283 manere,
340 1245 432 1274 immo
444 1243 609 1274 Conventui
623 1243 732 1273 neceffe
746 1244 826 1273 fuerit
837 1244 871 1274 ad
885 1244 935 1274 alia
951 1241 1126 1273 Monasteria
1138 1244 1164 1271 le
1171 1249 1258 1272 trans-

195 1283 281 1321 ferre,
297 1283 348 1322 &,
365 1283 401 1313 de
423 1293 482 1321 quo
504 1281 583 1313 valde
605 1281 760 1312 dolendum
782 1282 849 1319 erit,
868 1292 923 1322 pro
946 1280 1101 1311 necessariis
1114 1280 1258 1310 mendica-

198 1331 236 1351 re.

234 1360 287 1399 Et,
303 1360 381 1399 quod
393 1369 409 1390 a
421 1359 520 1396 vobis,
536 1357 581 1388 vel
603 1359 639 1388 ab
661 1357 765 1388 eodem
785 1356 920 1387 Domino
941 1356 1083 1388 Edwardo
1097 1356 1258 1387 ordinatum

199 1398 281 1429 fuerit
300 1400 329 1428 in
350 1399 402 1428 hac
418 1405 512 1436 parte,
531 1397 630 1434 nobis,
645 1397 665 1426 fi
698 1395 784 1433 lacet,
799 1396 955 1434 dignemini
970 1404 1019 1434 per
1034 1404 1157 1433 patentes
1170 1397 1258 1427 literas

199 1437 353 1505 Pedatam,
369 1437 402 1468 ὃς
422 1436 531 1467 Ballivis
546 1434 642 1466 vestris
684 1434 805 1465 asconiae
817 1433 981 1465 mandatum
993 1434 1072 1474 super
1087 1434 1144 1464 hoc
1157 1434 1260 1472 specia-

211 1486 234 1506 c.

236 1555 303 1585 Dat.
323 1553 429 1585 Remis.
447 1553 550 1584 Mense
566 1553 685 1594 Aprilis,
702 1564 780 1585 anno
795 1552 930 1584 Domino
946 1552 1094 1583 millefimo
1106 1552 1262 1584 ducentesi-

201 1603 253 1625 mo
265 1594 431 1633 sexagesimo
443 1593 576 1626 seeundo.

254 1675 290 1707 In
305 1674 419 1713 Dorso,

615 1750 789 1793 Illustrifflmo
803 1755 919 1783 Domino
933 1755 1000 1791 Regi
1007 1752 1132 1792 Angliae.

204 1887 324 1919 Littera
347 1883 501 1919 Ludovici
527 1886 617 1931 Regis
639 1886 791 1926 Francia,
817 1887 893 1931 Regi
914 1886 1050 1932 Angliae‚
1074 1884 1111 1919 de
1128 1883 1265 1932 homagio

469 1931 608 1968 Renaadi
625 1931 662 1965 de
683 1930 826 1967 Pontibus
840 1933 1016 1980 recipoendo.

11 2018 12 2024 ¹
50 2026 128 2059 Ann.
143 2025 185 2056 D.
206 2022 432 2087 LUdovicus‚
447 2023 505 2054 Dei
525 2022 625 2066 gratia,
644 2021 772 2053 Franciae
791 2021 872 2058 Rex,
896 2022 1038 2055 karissimo
1060 2024 1267 2063 consanguineo

70 2066 154 2097 1262.
262 2062 327 2093 ‘suo
350 2063 498 2101 I-lenrico,
515 2061 613 2092 eadem
632 2060 736 2100 gratia,
754 2061 829 2100 Regi
851 2061 962 2101 Angliae
985 2062 1104 2101 illustri,
1134 2063 1267 2093 Domino

51 2110 108 2133 An.
123 2114 170 2140 44.
208 2099 373 2140 Hiberniae,
391 2102 424 2132 ὃς
438 2100 520 2131 Duci
535 2100 714 2140 Aquitanniae
726 2122 736 2138 ,
750 2099 823 2130 fideli
839 2099 887 2130 suo
896 2125 906 2139 ,
924 2100 1039 2132 salutem
1051 2102 1085 2132 ὃς
1099 2101 1212 2132 sincerae
1225 2100 1268 2131 di-

50 2146 90 2173 H.
113 2152 138 2179 3.
208 2139 336 2170 lectionis
349 2139 494 2171 affeetum.

51 2187 92 2211 Ex
104 2186 172 2209 Run-
244 2177 416 2209 Mandarnus
436 2178 532 2216 vobis,
558 2184 690 2217 tanquam
711 2176 791 2208 Duci
814 2177 1010 2216 Aequitanniae
1025 2201 1036 2217 ‚
1057 2186 1189 2218 quatenus
1208 2176 1269 2207 Re-

52 2221 100 2250 del.
112 2221 169 2248 Lit-
206 2217 300 2248 nando
321 2218 356 2248 de
377 2217 516 2247 Pontibus
539 2217 572 2247 &
586 2217 642 2254 ejus
655 2216 753 2254 uxori,
768 2215 848 2257 super
863 2215 997 2256 homagio
1009 2217 1087 2256 quod
1100 2218 1182 2248 vobis
1194 2214 1269 2246 offe-

4 2259 10 2291 ᾖ*
52 2266 99 2289 rer,
113 2267 176 2285 tem·
207 2264 272 2286 runt
291 2255 328 2286 de
348 2255 498 2286 Genciaco
517 2256 551 2287 δε
564 2255 619 2292 ejus
633 2254 820 2292 pertinentiiS,
841 2264 950 2286 certum
966 2255 1041 2286 diem
1054 2258 1087 2288 ὃ(
1102 2264 1213 2287 certum
1226 2255 1270 2286 lo-

4 2293 9 2299 ”
48 2303 105 2333 pore
120 2300 186 2334 H.3.
205 2304 274 2325 cum
288 2294 424 2334 assignetis
437 2295 467 2324 in
481 2293 652 2332 Wasconia‚
669 2294 702 2324 &
716 2292 784 2324 illud
799 2293 966 2333 homagium
981 2294 1026 2325 seu
1039 2296 1095 2332 ejus
1109 2294 1268 2325 fidelitatem

6 2335 8 2338 ’
204 2334 343 2373 recipiatis
361 2334 426 2372 ibi,
448 2333 493 2364 vel
513 2333 597 2372 recipi
614 2332 717 2363 faciatis
732 2355 742 2371 ‚
763 2331 919 2364 secundum
939 2333 1016 2374 quod
1038 2333 1270 2365 Procuratoribus

205 2369 302 2402 vestris
318 2380 367 2411 per
380 2373 420 2410 jus
433 2372 486 2403 fuit
502 2373 532 2402 in
545 2371 632 2403 Curia
645 2370 740 2402 nostra
755 2370 874 2402 dictum.

244 2408 415 2448 Litterasque
428 2410 529 2441 vestras
543 2418 646 2448 apertas
659 2410 752 2440 eidem
768 2409 908 2441 Renaudo
923 2410 957 2441 &
971 2413 1027 2449 ejus
1039 2411 1119 2441 uxori
1129 2409 1270 2440 sufficien-

205 2456 247 2478 tes
258 2447 295 2478 de
306 2449 450 2479 conduftu
458 2449 569 2486 ,eundo
581 2448 616 2478 ad
630 2447 742 2478 dietum
749 2448 827 2478 diem
840 2449 873 2479 ὃ(
887 2447 995 2479 dietum
1010 2450 1108 2480 locum
1115 2471 1125 2487 ‚
1139 2458 1171 2479 ac
1184 2449 1270 2479 etiam

206 2487 347 2517 morando
362 2486 471 2517 ibidem
484 2494 597 2525 propter
611 2485 687 2523 hoc,
706 2486 739 2516 &
754 2487 820 2516 inde
832 2486 984 2517 redeundo.

242 2523 351 2556 Praetea
371 2524 529 2556 Senescallis
547 2524 643 2556 vestris
661 2524 808 2555 Vasconiae
835 2525 868 2555 &
883 2524 1089 2566 petragoricen.
1105 2535 1154 2566 per
1167 2524 1269 2556 vestras

205 2563 341 2594 mandetis
354 2563 460 2602 literas,
476 2572 508 2594 ut
520 2562 601 2593 testes
611 2562 648 2593 de
662 2565 762 2593 eorum
775 2562 941 2594 Senescalliis
948 2587 958 2603 ,
978 2574 1048 2602 quos
1062 2563 1138 2594 idern
1147 2563 1262 2594 Renau-

205 2600 258 2631 dus
278 2602 313 2632 δε
336 2602 392 2640 ejus
412 2610 483 2632 uxor
503 2600 552 2631 sibi
564 2601 787 2640 nominaverint,
804 2600 888 2640 usque
902 2602 937 2633 ad
953 2602 1107 2640 duodecim
1123 2601 1267 2640 personas,

206 2649 306 2670 coram
323 2640 405 2671 nobis
427 2639 573 2679 adjornent
592 2639 627 2671 ad
639 2638 788 2670 instantem
838 2639 987 2671 uindenam
1002 2639 1219 2678 Penthecostes,
1234 2639 1269 2670 ad

205 2678 352 2709 ferendum
380 2678 575 2709 testimonium
589 2679 620 2707 in
634 2677 728 2716 causa,
766 2687 831 2708 uam
867 2679 1055 2710 abentdierus
1070 2677 1221 2709 Renaudus
1236 2679 1269 2709 &

207 2719 265 2755 ejus
277 2727 349 2748 uxor
360 2725 460 2748 contra
473 2726 524 2747 vos
539 2725 636 2747 coram
650 2716 744 2746 nobis:
791 2716 865 2747 aliter
879 2717 968 2756 ipsum
982 2717 1151 2754 Renaudum
1165 2718 1199 2748 &
1214 2717 1271 2754 ejus

207 2765 326 2786 uxorem
344 2755 379 2786 de
393 2754 531 2795 praedieto
542 2754 717 2795 expedientes
728 2754 864 2794 homagio
878 2756 948 2786 infra
960 2756 1124 2795 praedictam
1138 2755 1272 2795 Quinde-

210 2803 277 2824 nam
301 2792 519 2831 penthecostes,
537 2803 574 2824 ne
591 2792 670 2830 super
689 2793 767 2823 causa
780 2792 950 2834 Bregeriaci‚
968 2805 1053 2835 quam
1067 2803 1165 2826 contra
1180 2803 1231 2826 vos
1242 2795 1272 2824 in

208 2832 302 2863 nostra
314 2832 433 2864 babeant
448 2829 534 2863 Curia
543 2855 554 2870 ‚
572 2831 682 2863 valeant
696 2830 833 2870 impediri.

244 2912 315 2943 Dat.
334 2913 381 2944 die
391 2913 473 2951 Jovis
485 2920 550 2943 ante
567 2911 677 2945 Laetare
685 2910 774 2951 jerus.

247 2996 365 3024 Littera
402 2994 434 3023 de
444 2994 716 3034 recommg’ndatione‚
737 2995 804 3034 Regi
816 2990 946 3034 AngEae,
963 2990 1001 3024 ab
1015 2997 1086 3035 Rege
1098 2996 1223 3026 Francia
1241 3005 1276 3026 ex

209 3039 294 3070 parte
308 3034 363 3070 Epi
377 3035 431 3070 copi
443 3031 594 3062 Hibernia.

10 3192 11 3199 ,
63 3168 80 3185 ³
95 3167 197 3203 1745-
319 3162 347 3189 ἕ
370 3166 491 3198 Littera
510 3168 598 3213 Regis
619 3168 750 3200 Francia
761 3178 818 3214 pro
839 3165 988 3202 Nicholao
1005 3166 1041 3201 de
1057 3171 1183 3207 senooz,

66 3260 142 3291 Am,
157 3258 199 3289 D.
272 3251 426 3284 Udovicus
464 3253 522 3284 Dei
535 3252 637 3294 gratia,
654 3253 781 3286 Franciae
795 3255 876 3296 Rex,
893 3254 1016 3299 Egregio
1027 3256 1167 3296 Principi,
1177 3252 1280 3287 kariffi-

83 3298 168 3329 1262
293 3301 344 3335 mo
364 3276 575 3336 consanguineo
596 3292 645 3337 suo
667 3292 815 3338 Henrico,
836 3296 935 3327 eadem
957 3297 1062 3337 gratia,
1091 3295 1184 3326 illustri
1204 3294 1280 3333 Regi

64 3342 118 3368 An.
131 3347 179 3373 44,
219 3330 348 3369 Angliae,
363 3328 500 3374 *Dor-nino
510 3330 659 3368 Ybermae,
675 3331 710 3362 &
726 3330 806 3363 Dum
825 3333 1019 3374 Aquitanniae,
1037 3334 1112 3365 fideli
1126 3334 1194 3372 suo,
1210 3333 1280 3364 salu—

65 3381 100 3404 H.
121 3385 146 3413 3,
221 3377 280 3400 tem
294 3368 329 3400 &
341 3368 522 3399 dilectionem
539 3369 681 3400 sinceram.

65 3419 106 3442 Ex
120 3419 189 3442 eun·
255 3406 313 3437 Pro
328 3406 362 3437 N
365 3407 492 3445 icholao,
506 3406 588 3438 dieto
600 3407 637 3438 de
649 3407 782 3445 Senooz,
798 3404 873 3439 Cive
887 3410 985 3442 nostro
1000 3411 1177 3450 Rothomag.
1192 3410 1278 3441 latore

66 3453 114 3482 del.
130 3454 186 3480 Lit-
219 3445 398 3485 praesentium
412 3455 464 3475 vos
479 3453 606 3485 rogantes
619 3454 753 3485 quatenus
764 3446 892 3478 debitum
906 3450 1016 3480 bonurn
1028 3451 1062 3481 &-
1077 3450 1214 3490 legale,in
1220 3458 1278 3488 quo

67 3498 114 3519 zer.
124 3498 187 3518 tem·
219 3485 269 3515 fibi
283 3485 417 3515 tenemini
457 3483 526 3515 sicut
539 3485 625 3523 dicit,
654 3485 804 3524 cognitum
814 3494 862 3517 aut
875 3486 1027 3525 probatum
1042 3489 1136 3519 eidem
1149 3487 1226 3518 reddi
1242 3487 1282 3518 faa

68 3533 164 3565 porefl.
175 3539 201 3567 3.
220 3524 311 3561 Ciati5‚
325 3531 407 3562 atque
432 3522 502 3553 olvi.

255 3603 324 3636 Aet.
345 3603 418 3643 apud
434 3602 610 3642 Gisortium,
628 3601 787 3634 Dominica
801 3605 832 3636 in
844 3605 964 3638 octabis
976 3604 1100 3638 Paschae.

435 3741 597 3790 Ejusmodi
616 3744 736 3776 Littera
753 3753 809 3789 pro
828 3742 926 3794 Helya
947 3745 974 3778 le
990 3749 1059 3780 Ber.

74 3840 151 3872 Αῃῃ,
166 3839 208 3870 D,
225 3832 453 3894 LUdovicus,
469 3832 528 3863 Dei
541 3832 644 3871 gratia,
659 3830 684 3862 F
685 3831 786 3863 ranciae
798 3831 881 3871 Rex,
895 3830 1016 3873 Egregie
1029 3832 1155 3876 principi
1164 3833 1285 3875 ‚kariss-

94 3880 179 3910 1262.
301 3882 353 3903 mo
366 3867 574 3911 consanguineo
587 3871 655 3910 suo,
679 3870 721 3901 H.
738 3870 835 3901 illustri
848 3870 924 3912 Regi
940 3871 1069 3913 Angliae,
1094 3874 1230 3905 Domino
1244 3874 1287 3904 Y-

72 3923 124 3947 An.
137 3918 185 3955 45·
224 3907 347 3979 {32³5ss
356 3910 497 3980 &effug
517 3910 731 3949 Aequitanniae‚
749 3907 824 3939 fideli
843 3908 909 3948 suo,
925 3910 1038 3942 salutern
1057 3914 1092 3944 ὃς
1113 3912 1226 3944 sincerae
1246 3913 1287 3943 di-

71 3962 179 4025 ᾕξάῖῥη,
262 3983 319 4016 Pro
341 3960 460 4027 Helyass¹
479 3973 558 4018 didio
579 3986 605 4017 le
626 3985 694 4024 Ber,
719 3984 851 4024 Burgenfi
872 3984 971 4017 nostro
990 3986 1183 4028 Rotomagen.
1199 3990 1288 4020 latore

221 4023 416 4090 praesentium,
435 4036 568 4070 quatenus
581 4026 673 4070 debita
688 4024 764 4054 bona
778 4025 812 4055 &
827 4023 920 4067 legalia
929 4047 943 4068 ,⁵
959 4033 1023 4065 quae
1037 4026 1088 4070 fibi
1100 4027 1238 4072 debentur
1247 4028 1285 4071 ab

230 4061 377 4104 iaeredibus
388 4063 524 4100 Johannis
540 4065 667 4103 Flaming
681 4064 922 4092 commorantibus
937 4072 966 4092 in
982 4063 1098 4102 Anglia‚
1113 4066 1184 4096 sicut
1198 4065 1265 4097 d1C1t
1275 4089 1285 4104 ,

221 4099 314 4131 eidem
335 4101 413 4132 reddi
431 4102 536 4134 faciatis
558 4103 640 4141 (dum
660 4111 754 4134 tamen
767 4102 880 4141 cognita
892 4101 995 4133 fuerint
1008 4111 1055 4133 aut
1070 4104 1200 4142 probata)
1222 4113 1282 4136 tan-

1317 202 1790 256 PussrioA.
2285 222 2335 269 71

1290 299 1351 335 tum
1361 291 1439 335 super
1453 294 1510 325 hoc
1524 297 1627 328 facietis
1641 307 1777 338 quantum
1788 301 1896 333 velletis
1908 302 1985 342 quo!
1999 311 2051 341 pro
2063 302 2145 332 vobis
2158 303 2187 332 in
2199 301 2260 332 casu
2267 312 2338 332 con-
2355 302 2431 332 Ann.
2449 294 2492 332 D>

1290 330 1369 360 ilsmh
1381 335 1539 364 taceremus.
2378 342 2461 370 1262.

2360 385 2423 407 Heu.
2441 389 2464 415 3v

1290 411 1394 482 cisDat.
1410 412 1483 451 apud
1502 413 1620 445 Vicenas
1633 437 1644 453 ,
1669 415 1826 449 Dominica
1845 419 1910 457 post
1929 421 2124 452 inventionem
2143 418 2245 452 sanc'lzae
2266 419 2343 450 Cru-

1383 586 1503 617 Littera
1521 582 1560 617 ab
1581 583 1710 629 [sabella
1729 589 1864 620 Domina
1883 589 2014 622 Credoun
2026 591 2127 636 Jbrore
2144 592 2242 636 Regis.

1288 671 1343 732 E
1355 671 1581 717 Xcellentii'fimo
1594 674 1658 718 viro
1680 674 1827 718 Domino,
1847 678 1897 715 &‚
1916 678 1934 708 si
1949 678 2038 717 placet
2051 702 2060 716 ,
2086 678 2134 708 suo
2151 679 2225 709 fratri
2239 678 2342 709 kariffi-
2361 678 2437 709 Ann.
2454 678 2494 708 Da

1324 751 1327 754 .
1353 711 1563 755 mo'Henrico,
1582 712 1640 743 Dei
1652 722 1750 752 gratia,
1768 715 1879 755 Angiiae
1897 716 1944 746 Re
1964 716 2189 755 ipotentiffimo,
2209 718 2342 748 Domino
2382 718 2464 746 1262.

1287 748 1453 787 Hiberniae,
1471 752 1502 780 ὃς
1520 752 1597 782 Duci
1613 751 1809 789 Aequitanniae
1823 777 1832 791 ,
1857 754 1940 784 Isabel
1952 766 1967 785 a
1983 756 2110 786 Domina
2130 756 2284 794 Credoun,
2300 756 2343 786 so-
2361 759 2413 783 Απ-
2426 758 2474 790 46·

1289 797 1334 816 ror
1349 787 1392 817 sua
1407 789 1518 818 hum1lis
1538 791 1570 820 ὃς
1585 790 1688 820 devota
1703 813 1712 828 ,
1734 791 1864 830 salutem,
1880 794 1899 824 si
1919 794 2024 833 placet,
2041 796 2074 824 δε
2093 794 2291 834 paratissimum
2304 795 2345 824 fa·
2361 799 2396 822 H.
2419 803 2443 829 3.

1290 826 1436 855 mularum.
2367 837 2406 859 Ex
2427 836 2497 858 Run-

1328 862 1507 907 Eitcellentiae
1520 866 1618 896 vestrae
1632 866 1756 906 supplico
1790 877 1903 900 uatenus
1921 870 1957 900 de
1970 870 2040 901 statu
2061 869 2172 908 vestr0,
2189 880 2274 909 quem
2293 870 2347 900 ser-
2367 870 2412 897 del.
2424 871 2480 896 Lit-

1293 911 1371 932 venti
1383 902 1517 946 desiderio
1531 905 1587 934 effe
1602 908 1633 935 ὃς
1648 906 1754 946 semper
1779 916 1828 936 ore
1842 908 2006 946 prosperum
2019 910 2051 939 ὃς
2070 909 2191 939 faelicem
2200 931 2210 947 ,
2224 918 2271 939 me
2285 918 2346 939 ves·
2366 916 2412 936 ter.
2433 914 2498 933 tem*

1292 942 1326 971 tri
1340 949 1423 978 gratia
1436 950 1541 971 certam
1556 943 1678 973 reddatis.
2365 949 2463 984 ponii.
2475 953 2501 980 3.

1330 978 1466 1009 Praeterea
1477 1003 1487 1018 ,
1513 990 1581 1023 cum
1597 991 1651 1020 ego
1664 982 1697 1012 ad
1717 982 1833 1021 praesens
1846 984 2003 1015 neceffitate
2016 986 2185 1022 permaxima
2204 985 2254 1014 sim
2267 994 2351 1015 com-

1295 1017 1368 1060 pulsa
1382 1027 1464 1054 cum,
1482 1027 1588 1060 ratione
1604 1021 1736 1057 maritagii
1749 1021 1888 1057 cujusdam
1900 1022 1963 1051 filiae
1976 1032 2062 1059 meae,
2079 1032 2162 1060 quam
2174 1022 2284 1053 cuidam
2299 1032 2353 1052 no·

1295 1056 1344 1085 bili
1360 1056 1394 1085 de
1409 1055 1546 1085 Concilio
1560 1058 1718 1087 amicorum
1732 1068 1861 1088 meorum
1875 1059 1940 1089 dedi
1956 1061 1983 1090 in
1995 1070 2110 1090 uxorem
2120 1084 2130 1099 ,
2148 1061 2183 1090 dc
2197 1070 2255 1100 quo
2267 1061 2352 1090 mari-

1295 1095 1370 1133 tagio
1385 1093 1514 1124 nondum
1528 1094 1608 1125 dic‘to
1622 1095 1713 1125 nobili
1726 1096 1856 1134 satisfeci,
1870 1107 1937 1127 cum
1957 1107 2069 1137 propter
2082 1100 2171 1129 varios
2184 1099 2273 1136 casus,
2291 1108 2352 1128 cre*

1296 1133 1371 1163 brius
1386 1140 1573 1172 emergenteS,
1587 1143 1709 1172 quorum
1722 1135 1868 1164 occasione
1883 1144 1999 1173 magnos
2014 1136 2136 1174 sumptus
2150 1138 2245 1177 saepius
2262 1136 2353 1174 facio,

1297 1172 1330 1201 &
1345 1170 1436 1201 adhuc
1447 1171 1555 1202 saffira
1573 1171 1633 1202 suni
1647 1172 1809 1211 ampliores,
1826 1174 1859 1203 &
1872 1182 1927 1211 ego
1943 1174 2091 1211 quamdam
2110 1174 2245 1204 summam
2267 1185 2352 1212 pecu-

1297 1210 1351 1239 niae
1365 1219 1380 1238 a
1395 1210 1475 1239 vobis
1490 1210 1523 1240 &
1538 1209 1632 1240 vestris
1646 1211 1754 1249 singulis
1772 1212 1850 1241 annis
1868 1212 1969 1242 consue
1990 1213 2059 1242 erim
2073 1214 2211 1250 recipere,
2226 1213 2353 1248 videlicet

1296 1247 1446 1286 quamdam
1459 1257 1566 1286 partem
1579 1258 1611 1278 ex
1625 1249 1743 1288 benigna
1756 1249 1917 1288 largitudine
1930 1260 1966 1280 ve
1991 1260 2035 1290 ra,
2053 1251 2086 1281 ὃς
2101 1251 2181 1280 aliam
2193 1258 2297 1289 partem
2312 1260 2355 1280 ra-

1299 1288 1376 1317 tione
1392 1286 1554 1316 haereditatis
1567 1287 1718 1317 liberorum
1734 1297 1865 1317 meorum
1884 1288 2023 1319 existentis
2043 1290 2071 1318 in
2128 1290 2213 1318 rtibus
2229 1288 2356 1327 Angliae,

1298 1334 1314 1356 a
1326 1326 1461 1356 solutione
1476 1325 1553 1363 cujus
1566 1326 1693 1365 pecuniae
1708 1336 1755 1364 per
1769 1326 1891 1356 multum
1905 1329 2036 1364 temporis
2049 1337 2093 1357 cei
2107 1336 2183 1357 itum
2196 1326 2253 1365 est,

1337 1364 1540 1395 Excellentiam
1554 1364 1673 1394 vestram
1690 1364 1839 1395 humilibus
1858 1365 1987 1402 precibus
2002 1366 2177 1403 interpellero
2192 1364 2297 1394 dictam
2310 1374 2359 1402 pe-

1301 1404 1430 1441 cuniam,
1447 1403 1524 1440 cnjus
1537 1401 1606 1433 lator
1619 1403 1794 1443 praesentium
1811 1405 1892 1434 novit
1906 1403 2062 1442 summam,
2077 1404 2123 1433 vel
2136 1404 2227 1434 saltem
2240 1403 2360 1440 aliquam

1302 1450 1408 1481 partem
1418 1464 1427 1478 ,
1444 1440 1477 1470 ad
1492 1439 1592 1471 vestiae
1605 1442 1748 1472 arbitrium
1762 1441 1927 1480 voluntatis,
1945 1442 2021 1481 quod
2032 1443 2197 1480 egestatem,
2215 1451 2298 1480 quarn
2313 1450 2363 1481 pa-

1302 1483 1375 1517 tior,
1392 1480 1591 1518 aliquantulum
1606 1481 1693 1510 valeat
1706 1480 1838 1519 respicere
1852 1504 1862 1518 ,
1886 1482 1916 1510 in
1932 1481 2014 1511 vestri
2033 1476 2117 1521 gratia
2133 1504 2143 1520 ,
2169 1489 2264 1511 amore
2287 1479 2364 1519 Dei,

1302 1520 1371 1551 solvi
1386 1519 1488 1549 faciatis
1502 1518 1535 1548 δε
1547 1519 1692 1549 transmitti
1707 1528 1756 1558 per
1771 1519 1947 1555 praesentium
1961 1528 2134 1558 portitorem.

1341 1557 1437 1587 Valeat
1451 1555 1621 1588 Excellentia
1632 1556 1721 1589 vestra
1735 1558 1764 1587 in
1778 1556 1910 1587 Domino
1924 1558 2030 1597 semper
2042 1583 2052 1596 ,
2078 1559 2110 1589 &
2132 1559 2240 1588 utinam
2255 1556 2364 1588 valeant

1302 1606 1398 1638 preces
1413 1604 1494 1626 meae.

1341 1677 1416 1707 Data
1432 1677 1462 1706 in
1476 1675 1561 1706 Festo
1575 1675 1670 1708 Sanc'n
1688 1677 1781 1708 Marci
1795 1675 1982 1716 Evangelistae
1993 1700 2004 1716 ,
2029 1687 2104 1709 anno
2118 1676 2242 1708 Domini
2255 1675 2366 1707 millefi-

1304 1724 1355 1748 mo
1367 1716 1560 1746 ducentesimo
1575 1716 1740 1756 sexagefimo
1756 1716 1886 1746 recundo.

1399 1851 1518 1882 Littera
1535 1849 1675 1894 Galfridi
1688 1848 1725 1882 de
1740 1852 1894 1897 Lezignizc
1907 1860 1962 1895 pro
1975 1847 2113 1894 prediHa
2132 1844 2272 1893 Isabella.

1372 1937 1599 1969 Xcellenriffimo
1614 1938 1746 1969 Domino
1761 1938 1809 1969 suo
1825 1962 1834 1977 ,
1858 1937 1898 1969 H.
1916 1937 1974 1968 Dei
1987 1936 2090 1977 gratia,
2107 1936 2202 1967 illustri
2215 1934 2263 1966 Re
2285 1937 2290 1942 '
2306 1930 2367 1965 An·
2386 1928 2460 1958 Ann-
2476 1920 2518 1958 13³

1373 1978 1450 2016 glise,
1468 1977 1601 2008 Domino
1614 1977 1781 2015 Hiberniae,
1799 1979 1832 2008 δε
1846 1977 1924 2007 Duci
1939 1976 2087 2013 Aequitan.
2103 1974 2244 2005 Galfridus
2277 1984 2293 2004 e
2310 1973 2364 2003 Le·
2405 1968 2487 1996 1262-

1305 2017 1381 2056 zign.
1399 2015 1481 2047 frater
1497 2017 1573 2053 suus,
1591 2016 1610 2046 si
1624 2016 1731 2054 placet,
1750 2016 1860 2046 salutem
1881 2017 1913 2046 ὅ(
1934 2023 2053 2053 paratam
2071 2013 2104 2043 ad
2126 2013 2299 2053 beneplacita
2313 2021 2365 2042 vo·
2385 2010 2434 2033 ³1¹-
2454 2005 2501 2040 4⁶⁴·

1306 2055 1440 2085 luntarem
1450 2078 1458 2093 ‚
1472 2064 1538 2084 cum
1552 2056 1634 2084 omni
1646 2063 1747 2093 genere
1761 2056 1940 2091 reverentiae,
1957 2054 2056 2084 servitii
2068 2054 2101 2084 ἃ(
2115 2054 2245 2095 lionoris,¹
2388 2049 2419 2088 H3
2441 2055 2465 2079 3-

1346 2096 1362 2111 *
1378 2092 1458 2123 Cum
1473 2093 1612 2123 karissima
1626 2092 1702 2122 soror
1716 2093 1805 2124 vestra
1821 2093 1975 2124 Nuncium
1991 2092 2070 2122 suum
2089 2091 2123 2122 ad
2137 2101 2189 2121 vos
2209 2096 2300 2121 mittat
2312 2097 2365 2126 pro
2381 2083 2484 2109 Ibhlss’m-
2501 2113 2506 2117 ,

1307 2133 1425 2170 negotiis
1442 2131 1510 2170 suis,
1528 2132 1766 2163 Dominationem
1783 2132 1903 2163 vestram
1919 2130 2070 2162 affectuose
2087 2140 2215 2170 rogamus
2242 2128 2318 2168 quod
2338 2129 2368 2171 in
2384 2122 2403 2140 '¹⁵
2420 2122 2442 2148 1·
2456 2119 2518 2155 74⁶¹

1309 2171 1426 2210 negotiis
1444 2170 1495 2201 suis
1515 2169 1690 2210 expediendis
1705 2194 1715 2209 ,
1737 2172 1766 2200 in
1781 2180 1844 2202 toto
1862 2170 1908 2201 vel
1930 2171 1959 2199 in
1978 2178 2054 2210 parte
2067 2192 2077 2208 ,
2102 2169 2263 2205 confilium,
2282 2166 2369 2197 nostri

1309 2209 1409 2249 gratia,
1426 2211 1592 2248 apponatis3
1614 2208 1715 2240 scimus
1732 2210 1810 2240 enim
1825 2209 1901 2248 quod
1922 2217 2020 2246 urgens
2040 2207 2180 2238 necessitas
2193 2207 2280 2245 ipsam
2291 2214 2373 2238 com-

1308 2249 1386 2288 pellit
1402 2248 1436 2278 ad
1451 2259 1501 2279 vos
1516 2250 1627 2279 mittere
1638 2257 1690 2286 pro
1705 2250 1822 2289 negotiis
1833 2247 2001 2286 supradictis.

1346 2286 1408 2318 Diu
1423 2288 1457 2319 ὃς
1473 2288 1545 2318 bene
1558 2287 1656 2319 valete.
1678 2308 1682 2310 v

1311 2373 1314 2377 ’
1347 2368 1463 2398 Littera
1479 2371 1546 2407 Regi
1559 2366 1672 2406 Angliae
1692 2377 1712 2397 a
1726 2369 1852 2398 Beatrice
1873 2376 1957 2398 uxore
1976 2369 2088 2397 Domini
2102 2365 2242 2405 Johannis
2257 2366 2371 2398 Britan.

1301 2405 1382 2445 steper
1394 2408 1483 2437 eadem
1495 2411 1607 2446 negotio.

1433 2549 1551 2579 Littera
1567 2559 1587 2579 a
1607 2547 1730 2592 Duciſja
1745 2549 1903 2580 Britanniis
1920 2545 1956 2579 de
1972 2549 2084 2593 negotio
2104 2543 2260 2580 antedith

1314 2630 1367 2690 A
1557 2635 1695 2666 Tressiaut
1717 2635 1835 2673 Seignor
1879 2645 1895 2665 e
1913 2645 1927 2665 a
1949 2635 1997 2665 lon
2016 2634 2170 2665 Treschere
2185 2633 2265 2665 Piere
2279 2658 2288 2672 ,
2312 2635 2333 2667 fi
2354 2635 2373 2666 li
2394 2635 2468 2668 Ann.
2485 2635 2525 2667 D„

1377 2673 1467 2711 plest,
1487 2672 1595 2712 Henri,
1614 2675 1697 2712 paria
1709 2683 1790 2713 grace
1804 2658 1931 2711 debeu,
1951 2673 2016 2704 Roe
2031 2673 2235 2712 d'Engleterre‚
2252 2672 2372 2705 Se'onor
2414 2675 2498 2705 1262.

1313 2713 1349 2744 de
1365 2709 1501 2752 Lyrland,
1519 2722 1536 2741 e
1550 2712 1619 2743 Duc
1635 2711 1849 2752 d’Acquitaigne
1864 2735 1874 2750 ,
1895 2712 2036 2751 Beatrice,
2054 2712 2078 2742 sa
2091 2713 2194 2743 devote
2207 2711 2270 2752 file,
2311 2722 2374 2745 eme
2394 2716 2500 2749 An.462

1312 2762 1328 2782 a
1343 2759 1412 2782 mon
1425 2750 1469 2781 sor
1483 2750 1575 2788 Jehan
1587 2750 1787 2790 deBretaigne,
1805 2751 1888 2789 salut,
1906 2761 1923 2781 e
1936 2760 2015 2781 amor
2038 2760 2104 2781 cum
2126 2761 2142 2781 a
2162 2750 2212 2781 son
2230 2750 2297 2782 cher
2316 2751 2375 2782 Sei-
2394 2758 2428 2781 H.
2452 2763 2478 2788 3·

1314 2800 1387 2830 gnor
1398 2813 1406 2828 ,
1424 2800 1439 2819 a
1453 2789 1500 2819 soe
1513 2790 1639 2829 aparellie
1653 2801 1667 2820 a
1680 2791 1736 2820 fere
1744 2791 1769 2820 sa
1782 2790 1894 2820 volente
1907 2799 1942 2819 en
1951 2798 2023 2820 tores
2037 2788 2141 2819 choses.
2391 2792 2497 2821 Ibidem,

1346 2829 1382 2867 Je
1396 2838 1447 2859 vos
1461 2828 1506 2858 faz
1519 2839 1534 2858 a
1548 2828 1658 2866 savoer,
1678 2829 1742 2866 sire,
1760 2838 1815 2867 que
1829 2826 1960 2866 m'Ante‚
1978 2829 2003 2858 la
2010 2827 2105 2858 Dame
2117 2828 2152 2858 de
2159 2826 2260 2858 Croon
2269 2852 2278 2867 ‚
2294 2829 2375 2860 rn'est

1314 2877 1406 2898 venue
1418 2876 1487 2897 voer
1496 2890 1505 2905 ,
1522 2876 1539 2896 e
1553 2876 1599 2897 ma
1612 2868 1671 2904 prie
1685 2877 1740 2907 que
1753 2869 1778 2906 J'e
1798 2876 1847 2898 ves
1862 2866 1974 2907 priaise‚
1992 2876 2047 2904 que
2060 2876 2111 2897 vos
2125 2867 2144 2896 li
2167 2867 2306 2898 bendefies
2321 2876 2377 2900 une

1313 2905 1395 2944 dete,
1411 2915 1466 2944 que
1478 2914 1530 2935 vos
1546 2905 1564 2934 li
1578 2906 1679 2941 deues3

1355 2943 1381 2974 E
1396 2943 1511 2981 sacha,
1526 2943 1592 2982 sire,
1610 2944 1701 2982 qu’ele
1721 2953 1758 2974 en
1775 2955 1790 2975 a
1808 2944 1865 2974 ben
1886 2943 1980 2974 mestit
2000 2953 2052 2981 por
2066 2952 2120 2973 une
2135 2942 2196 2973 sene
2210 2943 2264 2974 fille
2278 2955 2293 2975 a
2306 2950 2381 2976 mar:-

1316 2984 1373 3021 rie3
1392 2992 1445 3021 por
1459 2992 1514 3020 que
1529 2982 1553 3019 je
1568 2992 1618 3012 vos
1631 2984 1689 3021 pri,
1707 2982 1774 3020 sire,
1791 2992 1846 3020 que
1865 2992 1931 3019 VOS,
1951 2982 1969 3012 si
1986 2991 2037 3011 vos
2051 2981 2140 3020 plese,
2155 2983 2175 3012 li
2190 2982 2292 3013 bendes
2312 2983 2383 3014 iceld

1316 3024 1395 3059 dete,
1413 3031 1430 3051 e
1443 3031 1493 3051 vos
1507 3021 1565 3060 pri,
1588 3021 1637 3050 sire
1653 3044 1662 3059 ,
1688 3031 1743 3059 que
1756 3030 1807 3051 vos
1826 3021 1956 3051 enfacerz
1970 3029 2029 3051 tant
2044 3030 2097 3060 por
2111 3031 2163 3052 nos
2175 3021 2210 3052 de
2225 3021 2301 3052 ceste
2313 3022 2385 3053 cho-

1317 3064 1360 3099 se,
1378 3058 1468 3099 qu‘ele
1480 3059 1514 3089 s’a
1535 3069 1653 3089 arcoeve
1669 3069 1724 3098 que
1741 3069 1800 3090 mes
1815 3058 1956 3090 Prieresli
1968 3067 2012 3090 aet
2025 3059 2106 3097 valu,

1354 3096 1380 3129 E
1394 3098 1489 3129 nostre
1502 3069 1550 3128 ἐξ
1563 3108 1613 3128 vos
1627 3106 1695 3138 gart.

1417 3240 1465 3273 De
1477 3239 1689 3288 proclamando
1706 3239 1788 3287 quod
1801 3243 1866 3273 Rex
1881 3253 1900 3274 a
1910 3237 2288 3288 juramentisabfilvimr.

2400 3329 2476 3365 Ann.
2493 3328 2536 3366 D,

1431 3377 1509 3407 Cum
1525 3386 1610 3415 nuper
1623 3377 1695 3413 apud
1710 3376 1860 3408 Oxoniutn
1870 3402 1879 3416 ,
1897 3387 1945 3418 per
1965 3379 2138 3409 voluntatem
2159 3373 2300 3408 Baronum
2316 3383 2381 3408 ηομ
2418 3373 2505 3403 1262'·

1321 3424 1429 3445 trorum
1443 3440 1453 3454 ,
1479 3415 1701 3445 ordinationibus
1718 3417 1751 3446 &
1767 3417 1885 3447 consiliis
1905 3427 2004 3446 eorum
2023 3417 2051 3447 sn
2073 3417 2242 3454 posuerimus
2257 3426 2326 3454 nos,
2344 3418 2378 3448 δε
2397 3415 2450 3440 ²¹²²·
2461 3413 2510 3447 4⁶·

1323 3453 1424 3484 statum
1438 3455 1617 3490 negotiorum
1637 3453 1799 3484 nostrorum
1813 3478 1822 3493 ‚
1846 3457 1879 3486 ὃς
1895 3455 1990 3493 Regni
2011 3460 2062 3485 noi
2078 3456 2099 3485 ri
2115 3478 2125 3492 ,
2150 3456 2198 3485 iub
2218 3454 2380 3493 quibusdam
2402 3455 2434 3477 H.
2458 3459 2483 3487 3-

1323 3485 1532 3560 εῖῐῑῑάἰῑίοηῖὗυε
1547 3492 1579 3522 ὅ(
1597 3490 1824 3531 promissionibus
1845 3494 1927 3524 nobis
1950 3493 2026 3524 facitis
2040 3517 2049 3532 ,
2076 3503 2142 3531 quas
2163 3493 2280 3523 minime
2298 3495 2382 3524 ‘nobis
2400 3484 2536 3554 glans-45⁶

1323 3540 1343 3561 o
1373 3539 1515 3561 ervarunt·
2430 3549 2434 3554 ·
2458 3536 2482 3563 3¹

1360 3569 1406 3599 Ac
1422 3569 1469 3606 ipsi
1485 3553 1668 3608 postmodum
1680 3568 1775 3607 plura,
1794 3570 1824 3599 in
1838 3566 2031 3609 praejudicium
2053 3568 2181 3599 nostrum
2193 3591 2202 3607 ,
2225 3570 2259 3601 &
2273 3564 2385 3608 depres-
2403 3575 2439 3593 ¹⁷³·
2453 3575 2462 3592 ¹
2472 3574 2493 3591 ¹-
2510 3559 2536 3597 *ἢ

1325 3606 1430 3637 sionem
1446 3606 1584 3644 potestatis
1592 3605 1709 3645 Regiae,
1727 3617 1780 3637 nec
1794 3617 1852 3637 non
1870 3609 1898 3637 in
1913 3607 2070 3647 dampnum
2085 3607 2259 3638 subditorum
2273 3608 2388 3640 nostro-

1325 3654 1388 3675 rum
1404 3647 1437 3676 &
1451 3645 1561 3674 suorum
1576 3667 1586 3682 ,
1611 3653 1773 3684 attemptare
1794 3646 2036 3686 praesumpl‘crint3
2060 3646 2092 3676 δε
2106 3645 2297 3685 colligationes
2316 3649 2388 3679 inter

1325 3685 1352 3714 se
1364 3683 1500 3721 fecerint,
1527 3693 1590 3720 quae
1606 3684 1635 3712 in
1654 3683 1848 3721 praejudicium
1869 3684 1901 3714 &
1923 3684 2131 3723 derogationem
2149 3685 2212 3722 juris
2232 3685 2335 3726 Regii,
2354 3688 2388 3718 ὃς

1326 3722 1513 3752 turbationem
1535 3722 1608 3758 pacis
1628 3720 1730 3751 nostrce
1747 3721 1846 3752 cedere
1867 3722 2064 3761 perpendimus
2078 3722 2222 3753 manifeste
2238 3733 2245 3753 τ
2274 3734 2387 3765 propter

1328 3759 1404 3798 quod
1414 3783 1423 3798 ,
1441 3770 1473 3802 ex
1489 3759 1580 3789 forma
1593 3758 1696 3789 nostrae
1716 3759 1902 3791 concessionis
1910 3783 1920 3799 ‚
1937 3761 1975 3790 eis
1989 3761 2101 3791 ulterius
2114 3761 2148 3791 ad
2162 3760 2389 3794 observationem

1328 3799 1532 3839 praemissorum
1548 3807 1607 3827 non
1619 3805 1755 3827 tenemur.

1364 3836 1401 3867 Et
1416 3846 1483 3867 cum
1491 3859 1501 3874 ‚
1520 3835 1604 3865 bonae
1617 3836 1781 3874 memoriae,
1798 3835 1952 3867 Alexander
1966 3836 2042 3874 Papa
2064 3845 2174 3876 quartus
2187 3862 2196 3877 ,
2221 3848 2273 3870 nos
2287 3840 2323 3870 ab
2335 3836 2391 3870 oba

1329 3875 1479 3906 servatione
1494 3874 1577 3905 diestae
1590 3874 1774 3904 concessionis
1787 3874 1890 3905 nostrae
1906 3874 2090 3915 postmodum
2104 3877 2263 3908 absolverit:
2285 3878 2317 3908 &
2327 3877 2392 3907 Do³

1329 3915 1421 3944 minus
1437 3913 1511 3950 Papa
1529 3912 1681 3951 Urbanus,
1700 3913 1747 3950 qui
1764 3923 1840 3943 nunc
1855 3912 1897 3942 est
1909 3937 1918 3951 ,
1941 3913 2009 3944 dieti
2043 3914 2228 3946 raedecessoris
2243 3915 2281 3945 sui
2297 3915 2392 3946 adhae⁴

1329 3962 1391 3983 rens
1403 3951 1539 3990 vestigiis,
1557 3961 1608 3981 nos
1621 3961 1637 3981 a
1647 3952 1825 3990 juramentis,
1842 3952 1875 3982 δε
1889 3953 1962 3990 aliis,
1980 3952 2009 3983 di
2041 3964 2067 3985 as
2080 3953 2264 3984 ordinationes
2277 3952 2321 3983 seu
2337 3953 2391 3984 sta-¹

1332 3999 1390 4021 tuta
1405 3988 1648 4029 contingentibuS,
1665 3989 1801 4020 absolutos
1821 3989 1999 4030 denunciari,
2015 3992 2050 4024 &
2070 3990 2156 4023 dictas
2170 3991 2392 4031 Colligationes,

1331 4029 1526 4060 Ordinationes
1540 4027 1583 4058 seu
1599 4027 1703 4058 statuta
1715 4027 1826 4058 dissolvi
1841 4029 2029 4069 mandaverit,
2046 4030 2123 4071 quod
2139 4041 2187 4068 per
2204 4030 2392 4060 venerabilem

1350 4076 1435 4098 atrem
1452 4065 1671 4097 Norwicensem
1691 4065 1862 4106 Episcopum
1876 4090 1886 4105 ‚
1910 4069 1942 4099 &
1957 4068 2106 4099 discretum
2126 4070 2218 4099 virum
2229 4067 2392 4107 Johannem

1371 4105 1441 4136 ansel
1453 4105 1585 4136 ThesaurA
1601 4103 1748 4142 Eborum,
1766 4105 1835 4136 dieti
1857 4107 1980 4139 nuntiati
1996 4113 2171 4145 executores,
2189 4108 2392 4174 intervensientt}

2283 4153 2311 4174 m
2324 4150 2381 4175 lmu

1395 3337 1420 3370 E
1430 3338 1460 3369 X
1479 3338 1651 3369 Vicecomiti
1665 3335 1836 3370 Eboracensi
1849 3334 1973 3370 salutem.
