2570 4261
0 299 38 318 111.
52 286 91 318 D.

0 336 74 365 :301-

5 377 18 392 &
25 386 29 392 .
42 375 64 393 Ι.

0 2267 109 2299 ¹11.888.

0 2767 60 2799 liin.
76 2766 116 2798 D.

1 2812 92 2847 1301.

0 2851 39 2874 ¹1n.
52 2855 96 2879 29-

0 2889 16 2912 3.
31 2896 38 2912 i
56 2890 115 2913 Pae.

0 2932 34 2957 ¹9.
52 2929 81 2951 E.
94 2936 116 2953 i.

0 2944 79 2999 vil-15.

0 3377 63 3409 hin.
78 3377 118 3409 D.

9 3427 93 3457 1301.

0 3459 40 3482 4η.
53 3467 97 3492 29.

0 3517 28 3559 Eis
48 3516 120 3570 brig·

661 196 770 239 ET
833 197 1102 239 ACTA
1161 192 1623 238 PUBLICA.

110 279 341 320 Northumbriae,
355 280 519 321 Cumbiiae,
535 283 567 312 δε
588 281 829 312 Westmerlandiai:
847 306 855 321 ,
879 283 974 320 Regni
997 281 1082 312 nostri
1107 281 1167 311 An—

110 318 191 356 gliae,
207 329 382 356 congregato
397 322 503 357 ingenti
518 322 638 350 exercitu
648 343 656 358 ,
680 320 809 350 hostiliter
829 331 874 358 per
890 321 915 350 se
931 324 964 351 &
980 320 1038 350 suos
1055 319 1165 350 invasit:

108 358 235 393 Stragem
251 359 422 387 innumeram
438 359 585 388 hominum
601 358 755 388 nostrorum
765 358 907 396 ,incendia
924 358 1168 394 Monasteriorum,

111 390 312 433 Ecclesiarum,
327 396 360 426 &
378 396 509 426 Villarum
527 397 707 426 inhumaniter
724 396 917 433 perpetrando:
935 397 968 426 &
986 395 1101 425 Patriam
1117 404 1169 424 uri-

111 432 195 470 dique
211 433 421 470 depopulando:
446 434 564 463 infantes
581 435 610 463 in
627 435 722 471 cunis,
746 435 870 473 mulieres
894 435 922 462 in
947 433 1096 470 Puerperio
1119 432 1168 462 de-

112 471 274 500 cumbentes
289 471 485 501 inmisericordi
501 472 533 501 δε
548 473 633 501 atroci
647 471 747 501 sevitia
763 471 1006 509 trucidarunt3&‚
1022 470 1095 508 quod
1121 480 1169 499 au-

112 509 171 538 ditu
187 509 356 539 horrendum
373 509 413 538 est
422 520 454 547 ,a
473 510 608 539 nonnullis
622 509 778 539 mulieribus
795 508 924 539 mamillas
941 510 1067 539 atrociter
1084 507 1170 537 absci-

113 547 226 576 derunt:
245 556 342 583 parvos
358 545 528 585 Clericulos,
552 548 649 584 primas
665 547 760 577 litteras
775 548 808 577 ὃ(
825 548 1004 583 gramaticam
1027 546 1169 576 addiscen-

113 593 170 622 tes,
185 584 218 614 ad
237 594 383 615 numerum
400 586 506 615 circiter
522 585 722 622 ducentorum,
738 586 766 614 in
782 585 869 615 Scolis
885 584 1045 623 existentes,
1061 583 1169 614 obstru-

115 621 167 652 Ctis
182 621 277 652 hostiis
292 622 434 653 Scolarum
449 625 515 660 igne
530 622 664 660 supposito
681 623 899 653 concremarunt.

154 659 288 698 Nosque,
304 669 442 691 cernentes
458 670 498 691 tot
514 661 651 699 dampna,
666 661 819 698 obprobia,
843 661 981 698 facinora,
997 661 1030 691 &
1047 660 1170 699 injurias,

113 700 143 728 in
160 698 406 729 exhaeredationem
423 698 542 728 nostram
559 721 568 737 ,
591 700 623 729 ὅ(
651 698 864 729 ἀε1ὶωὲὶίοι1ε111
890 699 983 736 populi
1008 699 1102 735 Regni
1118 708 1170 727 no-

115 735 181 774 stri,
198 736 413 774 proditionaliter
427 737 556 773 irrogari:
583 737 649 767 Nec
667 737 804 775 volentes,
820 738 924 766 ratione
935 738 1097 774 juramenti,
1114 745 1171 772 quo

115 774 150 804 ad
168 774 402 805 conservationem
414 775 517 813 jurium
533 773 656 805 Corona:
674 774 769 811 Regni
784 774 868 805 nostri
883 774 971 804 sumus
988 774 1170 812 astricti,tam

116 812 284 851 execranda,
307 812 481 851 detestanda,
498 813 531 843 ὃς
548 813 662 843 nefanda
684 813 805 843 facinora
828 813 936 843 ulterius
959 813 1069 842 tolerare
1087 823 1092 841 :
1118 820 1170 840 nec

113 851 174 889 jura
189 850 280 880 nostra
296 850 446 888 relinquere
462 850 615 889 indefensa,
631 860 697 882 cum
714 851 788 881 idern
802 850 939 890 johannes
955 852 987 881 &
1005 850 1084 880 Gens
1100 849 1171 890 Sco-

118 897 229 926 torum,
245 887 329 918 nostri
350 888 466 927 subditi,
489 899 536 926 per
559 890 632 925 leges
656 888 681 918 se
704 888 841 927 justificari
864 890 980 918 minime
996 887 1173 928 permisillent

116 927 177 964 ipso
193 926 298 963 Regno
315 926 434 964 Scotiae,
472 927 525 957 uod
535 950 544 966 ,
561 928 576 957 {i
593 926 757 964 longissimis
772 927 958 965 temporibus,
974 926 1041 956 sicut
1057 926 1173 963 superius

117 964 292 1002 exprimitur,
308 966 388 995 nobis
406 965 438 995 &
480 966 681 1002 rogenitoribus
696 965 792 995 nostris
808 965 912 995 feudale
936 965 1039 1002 estitit,

158 1001 200 1032 Ex
217 1003 299 1032 causis
315 1002 455 1040 praemissis
472 1006 627 1042 commoti,
643 1003 743 1033 deinde
759 1003 850 1041 bello,
870 1005 945 1041 quta
961 1002 1034 1039 leges
1050 1002 1082 1032 &
1104 1009 1175 1029 con-

118 1039 268 1070 suetudines
285 1040 380 1079 Regni
395 1040 497 1079 nostri,
513 1051 608 1072 contra
621 1041 729 1080 eos,de
746 1042 859 1072 consilio
876 1049 1021 1078 procerum
1039 1041 1072 1070 &
1088 1037 1174 1074 Mag-

119 1087 214 1108 natum
231 1078 387 1109 nostrorum
402 1102 411 1118 ‚
437 1079 560 1118 indicto,
587 1089 682 1110 contra
699 1079 806 1110 dicstuin
827 1080 982 1118 johannem
999 1079 1032 1108 ὃς
1050 1077 1175 1119 Gentem

119 1116 270 1147 Scotorum
287 1119 356 1147 vires
374 1118 502 1155 potentii:
519 1118 619 1148 nostrae
634 1118 910 1156 extendimus,prout
927 1117 962 1146 de
975 1118 1034 1154 jure
1048 1116 1128 1145 nobis
1143 1114 1176 1143 li-

119 1156 195 1193 cuit,
211 1156 243 1186 &
260 1155 438 1193 proceffimus
453 1166 548 1187 contra
563 1157 651 1195 ipsos,
667 1165 796 1195 tanquam
811 1157 919 1186 notorie
937 1154 1088 1193 proditores
1105 1162 1175 1182 con-

119 1201 240 1224 tumaces
265 1194 298 1225 &
313 1194 439 1232 publicos
453 1194 543 1225 hostes
565 1194 680 1225 nostros
1102 1229 1106 1233 Ι
1151 1229 1156 1233 ,

158 1216 281 1262 Subicio
296 1233 386 1271 itaque
410 1232 516 1270 Regno
539 1232 641 1263 Scotiae
666 1233 723 1269 jure
747 1232 913 1270 proprietatis
936 1229 1035 1261 nostrae
1058 1228 1177 1265 ditioni,

120 1269 246 1308 praefatus
258 1269 396 1309 johannes
413 1270 474 1300 Rex
491 1271 594 1301 Scotiae
618 1270 707 1308 ipsum
732 1270 867 1308 Regnum
892 1271 995 1300 Scotiae
1011 1291 1022 1307 ,
1049 1276 1177 1305 quatenus

121 1308 158 1338 de
172 1307 249 1338 frusto
266 1310 369 1347 tenuit,
382 1308 478 1346 sponte
514 1310 580 1346 pure
596 1309 629 1338 &
646 1309 766 1338 absolute
790 1308 908 1339 reddidit
932 1310 961 1337 in
985 1315 1101 1337 manum
1121 1314 1177 1348 *no-

123 1347 221 1377 stram:
242 1347 407 1385 proditiones
423 1347 456 1377 &
484 1347 571 1376 celera
587 1354 740 1377 memorata
757 1357 854 1377 coram
873 1347 953 1376 nobis
970 1346 1003 1376 &
1021 1343 1179 1382 proceribus

122 1384 219 1421 Regni
233 1384 318 1415 nostri
335 1383 447 1421 publice
464 1383 677 1415 recognoscens,

159 1423 230 1461 Qio
269 1422 362 1452 eradio
378 1421 503 1461 Praelati,
521 1422 668 1460 Comites,
686 1421 821 1460 Berones,
839 1420 959 1452 Nobiles
984 1421 1016 1450 ὃ(
1036 1418 1179 1461 Commu-

123 1461 216 1490 nitates
263 1461 329 1496 egni
346 1460 450 1490 Scotiae
466 1483 476 1499 ,
502 1471 570 1499 quos
595 1460 628 1491 ad
666 1470 746 1490 acem
771 1460 893 1490 nostram
918 1458 1042 1495 Regiam
1063 1457 1179 1500 suscepi·

123 1508 203 1536 mus,
218 1497 406 1536 subsequenter
419 1498 552 1536 homagia
568 1500 601 1530 ὃ(
619 1498 637 1529 fi
657 1499 756 1529 elitates
773 1499 871 1536 nobis,
885 1506 1015 1535 tanquam
1033 1495 1180 1538 immedia-

122 1545 153 1567 to
170 1536 211 1603 1*Ξᾶ
220 1539 332 1574 proprio
349 1536 482 1568 Domino
499 1537 621 1577 ejusdem
639 1536 734 1575 Regni
752 1537 873 1575 Scotiae,
892 1535 1016 1566 fecerunt
1039 1544 1072 1565 ac
1096 1541 1179 1563 etiam

143 1584 179 1604 rae
207 1583 312 1606 iterunt.

122 1584 142 1612 p
158 1613 204 1643 Ac
219 1635 230 1651 ‚
255 1614 364 1645 redditis
389 1615 471 1645 nobis
485 1615 607 1653 ejusdem
626 1614 721 1652 Regni
740 1614 922 1652 Civitatibus,
938 1611 1036 1649 Villis,
1061 1608 1182 1647 Castris,

124 1649 346 1691 Munitionibus,
360 1663 394 1683 ac
410 1656 514 1684 caeteris
531 1653 599 1684 locis
614 1654 763 1692 omnibus,
781 1653 814 1683 ad
833 1652 942 1682 dffitum
961 1650 1097 1686 Regnum
1123 1648 1182 1685 spe-

124 1689 418 1733 crantibusfflfficiales
434 1692 541 1722 nostros
558 1693 590 1723 &
609 1691 752 1722 Ministros
763 1691 798 1722 ad
814 1691 957 1728 Regimen
970 1688 1093 1727 ejusdem
1102 1686 1181 1723 Reg-

124 1738 153 1758 ni
170 1727 275 1759 Scotioe
293 1729 468 1767 praefecimus
483 1731 543 1768 jure
560 1728 663 1760 nostro.
1023 1759 1026 1762 ,
1103 1765 1108 1769 ,
1161 1764 1165 1769 ,

162 1765 314 1806 Cumque,
326 1769 387 1806 jure
401 1768 474 1805 pleni
489 1768 638 1806 Dominii‚
653 1769 681 1798 in
697 1766 862 1810 possessione
877 1765 999 1804 ejusdem
1014 1764 1182 1808 Regnilexi-

124 1803 194 1834 stete
211 1804 542 1844 dinoscamur,omittere
559 1816 617 1836 nori
635 1806 777 1844 possumus
794 1815 848 1835 nec
866 1805 1094 1843 debemus,quin
1109 1801 1180 1832 inso-

122 1841 235 1873 lentiam
250 1842 419 1874 subditorum
434 1843 592 1875 nostrorum
611 1843 802 1882 rebellium,si
823 1854 891 1882 quos
909 1843 1182 1879 invenerimus‚pre-

121 1881 274 1924 eminentia
289 1882 400 1921 Regia,
415 1891 495 1921 prout
505 1882 612 1921 justum
635 1883 732 1922 fuerit,
754 1883 787 1914 ὃς
809 1881 938 1920 expedire
954 1880 1121 1917 viderimus,
1138 1888 1180 1908 re-

121 1929 283 1958 primamus.

163 1958 240 1996 Quia
258 1960 348 1998 vero,
362 1968 397 1989 ex
414 1959 557 1998 praemiffis
574 1961 607 1991 &
625 1958 811 1998 aliis,coristat
826 1958 1025 1996 evidenter,&
1040 1957 1182 1987 notorium

123 1996 214 2026 existit
229 1997 307 2035 quod
342 1998 493 2029 raelibatum
511 1999 646 2035 Regnum
667 1998 789 2036 Scotiae,
805 2006 863 2028 tarn
879 1998 982 2034 ratione
998 1996 1184 2034 proprietatis,

124 2035 212 2072 quam
228 2008 455 2075 poffesskionisstd
478 2046 528 2068 nos
546 2038 661 2075 pertinet
678 2036 762 2074 pleno
776 2037 850 2075 jure:
871 2045 925 2066 nec
942 2035 1092 2075 quicquam
1107 2032 1184 2062 fece-

124 2074 210 2104 rimus
228 2074 272 2104 vel
291 2076 464 2114 caverimus,
487 2076 588 2113 scripto
610 2075 654 2108 vel
671 2075 747 2105 faeto
760 2097 771 2113 ,
795 2074 873 2104 sicuti
888 2083 941 2104 nec
960 2073 1117 2111 pollemus,
1135 2080 1183 2108 per

125 2121 189 2149 quae
203 2112 257 2150 juri
271 2122 317 2144 aut
331 2112 489 2151 possessioni
500 2114 637 2152 praedietis
654 2113 751 2144 debeat
765 2112 911 2151 aliqualiter
926 2111 1072 2148 derogari,
1082 2146 1092 2156 Α

163 2149 305 2181 Sanctitati
318 2151 416 2182 vestrae
434 2152 574 2183 humiliter
589 2152 772 2190 supplicamus
794 2152 936 2189 quatinus,
957 2149 1095 2187 praemissa
1119 2155 1183 2190 pro}

127 2187 194 2231 yida
210 2189 377 2220 mediatione
412 2190 548 2229 ensantes,
562 2200 595 2221 ex
610 2191 660 2220 illis
681 2189 762 2221 vestri
785 2198 898 2220 motum
918 2189 1004 2219 animi
1026 2187 1185 2228 dignemini

127 2226 278 2257 informare
296 2227 384 2266 sugge
409 2230 518 2260 ionibus
535 2230 675 2260 contrariis
687 2227 851 2258 aemulorum
865 2250 875 2266 ,
898 2228 928 2256 in
946 2227 998 2256 hac
1014 2234 1087 2264 parte
1104 2224 1186 2253 vobis

128 2264 223 2303 factis,
235 2264 336 2305 fidem,
354 2267 373 2297 fi
392 2267 496 2305 placet,
507 2267 656 2298 nullatenus
674 2267 693 2286 ³¹²
712 2265 885 2304 adhibendo;
909 2266 1068 2303 quinimmo
1088 2261 1187 2292 statum

128 2302 271 2342 nostrum,
285 2305 319 2334 &
334 2304 394 2342 jura
411 2305 502 2336 nostra
518 2305 610 2342 Regia
626 2304 778 2343 supradicta
796 2304 896 2334 habere
914 2303 1021 2342 velitis,
1042 2302 1062 2332 si
1081 2300 1189 2340 placet,

129 2343 247 2380 paternis
260 2341 405 2374 affedfibus
424 2344 626 2374 commendata.

171 2379 321 2411 Conservet
334 2391 384 2411 vos
398 2381 553 2421 altiffimus,
570 2381 605 2412 ad
622 2382 750 2420 regimen
768 2379 901 2412 Ecclefiae
919 2380 973 2412 suae
997 2378 1099 2410 sanetae
1110 2399 1121 2417 ,
1140 2386 1188 2415 per

129 2426 255 2457 tempora
272 2417 397 2458 prospera
415 2420 448 2451 δε
465 2420 596 2458 longeva.

168 2494 235 2525 Dat.
252 2496 324 2533 apud
343 2495 494 2537 Kemeseye
512 2495 632 2534 septimo
647 2496 697 2527 die
714 2495 804 2535 Maii,
818 2495 903 2527 Anno
920 2494 1042 2525 Domini
1059 2502 1131 2533 1301
1141 2491 1190 2531 ,&

133 2531 230 2571 Regni
242 2533 328 2564 nostri
341 2535 475 2566 vicesimo
488 2545 574 2566 nono.
948 2554 949 2557 =
975 2555 978 2557 Δ

2217 206 2262 238 ῙῘ

1361 349 1409 379 De
1421 347 1621 393 proditoribus
1641 350 1783 383 Civitatis
1801 353 1911 383 Baiana
1930 347 2102 393 arcstandisi

1208 410 1296 464 RE
1309 411 1339 442 X
1364 412 1471 443 dileetis
1488 415 1521 444 ὃ(
1541 413 1665 445 fidelibus
1690 414 1741 444 suis
1754 437 1764 453 ,
1794 414 1910 446 Barrano
1927 415 1962 446 de
1984 416 2088 447 Sescars
2109 412 2215 457 Militi,
2232 417 2266 448 &

1281 450 1422 486 Magistro
1441 451 1521 481 Petro
1538 452 1650 482 Arnaldi
1665 452 1701 482 de
1717 452 1793 483 Vico
1812 453 1946 493 Clerico,
1959 454 2056 484 locum
2068 454 2147 484 suum
2165 456 2194 484 in
2215 465 2264 485 eo-

1209 488 1276 518 dem
1290 488 1401 518 Ducatu
1413 491 1582 529 tenentibus,
1593 500 1626 520 ac
1645 489 1765 520 Pascasio
1782 491 1817 521 de
1838 490 1928 530 Villa,
1948 492 2053 530 Majori
2071 491 2200 523 Civitatis
2214 492 2266 523 Ba-

1208 528 1283 556 ionze
1292 549 1301 565 ,
1315 526 1434 556 silutem.

1249 564 1290 594 Ex
1305 564 1386 594 relatu
1400 565 1605 601 fidedignorum
1621 563 1802 595 intelleximus
1816 566 2054 606 suspicionem,ex
2069 569 2150 598 certis
2167 569 2200 599 &
2215 578 2265 600 ve-

1208 602 1363 632 risimilibus
1382 603 1481 641 caulis,
1497 603 1556 632 fore
1574 603 1711 633 subortam
1726 603 1800 641 quod
1818 605 1931 641 quidam
1946 605 2031 636 Cives
2044 606 2166 644 ejusdem
2182 605 2265 637 Civi-

1209 641 1286 678 tatis,
1302 648 1431 678 tanquam
1449 641 1597 674 degeneres
1615 641 1648 681 8ς
1665 640 1720 670 zeli
1737 651 1769 670 ac
1788 641 1938 680 fidelitatis,
1957 653 2025 681 quos
2040 655 2138 674 eorum
2158 644 2266 681 Proge-

1209 679 1310 707 nitores
1326 678 1359 707 ad
1377 688 1426 707 nos
1441 679 1473 709 ὃς
1483 678 1698 708 Praedecessores
1712 678 1818 708 nostros
1837 679 1965 710 hasterius
1981 681 2186 720 habuerunt,&
2203 683 2265 713 suo-

1210 726 1272 745 rum
1288 716 1373 746 etiam
1392 718 1566 754 propriorum
1581 717 1889 754 juramentorum,quae
1906 717 1941 747 de
1959 718 2084 750 fidelitate
2100 722 2180 751 nobis
2198 721 2266 752 fide-

1210 753 1270 784 liter
1284 753 1453 795 observanda
1467 754 1614 791 spontanee
1629 754 1825 797 praestiterunt,
1842 757 2040 794 immemores,

1246 790 1279 820 In
1297 791 1436 821 laelionem
1455 792 1556 822 nostrae
1573 791 1724 829 MaJestatis
1743 793 1779 822 sic
1805 794 1929 831 nequiter
1951 794 2157 834 conspirarunt,
2180 803 2209 827 ut
2229 796 2264 828 ad

1210 828 1388 858 auferendum
1405 830 1484 859 nobis
1500 830 1673 860 Dominium
1689 829 1817 860 Civitatis
1832 831 1992 871 praedi&ae,
2017 833 2116 871 quibus
2138 833 2266 874 possunt,

1211 866 1309 896 dolosis
1323 868 1574 898 machinationibus
1589 867 1710 897 studium
1728 869 1908 906 interponant.

1247 903 1377 934 volentes
1403 908 1491 943 itaque
1516 906 1601 944 quieti
1620 916 1654 935 ac
1673 905 1747 935 saluti
1766 907 1860 943 populi
1883 916 2045 938 memoratae
2072 908 2218 947 Civitatis,
2234 911 2268 940 &

1211 942 1312 972 nostrae
1328 942 1521 980 indempnitati
1543 942 1700 980 consulere,
1715 943 1747 973 ὃς
1763 944 1959 980 praedieiomm
1984 945 2103 977 Civium
2119 948 2270 985 nephandis

1213 981 1395 1018 conceptibus
1413 982 1544 1019 obviare,
1568 982 1648 1011 vobis
1664 980 1776 1010 firmiter
1793 982 1965 1019 injungendo
1979 985 2159 1024 mandamus,
2181 986 2267 1023 quati-

1215 1028 1265 1048 nus
1283 1018 1372 1048 ἀίέὶοε
1391 1018 1492 1056 Cives,
1509 1029 1628 1056 quorum
1643 1020 1760 1048 nomina
1777 1018 1873 1056 scripta
1893 1020 1951 1051 sunt
1966 1021 2092 1053 secretius
2106 1024 2136 1052 in
2152 1023 2270 1061 cedula,

1214 1056 1388 1094 praesentibus
1404 1056 1566 1094 interclusa,
1584 1056 1639 1085 sine
1654 1057 1783 1086 dilatione
1803 1058 1921 1094 qualibet
1943 1060 2023 1096 (cum
2042 1061 2147 1091 cautela
2163 1070 2270 1100 tamen,

1215 1105 1278 1131 quse
1295 1094 1375 1124 vobis
1392 1093 1467 1131 super
1486 1094 1542 1123 hoc
1562 1093 1716 1124 adhibenda
1735 1094 1882 1131 videbitur)
1909 1098 2037 1135 capiatis,
2056 1099 2088 1129 ὃ(
2108 1108 2201 1137 captos
2218 1110 2269 1130 cu-

1215 1132 1310 1163 stodiri
1323 1132 1408 1162 taliter
1428 1132 1550 1170 faciatis,
1569 1131 1644 1169 quod
1663 1141 1696 1161 ex
1714 1142 1811 1162 eorum
1826 1132 1906 1163 facitis
1923 1135 1967 1163 vel
1985 1136 2102 1166 consiliis
2117 1137 2271 1168 fraudulen-

1214 1172 1248 1201 tis
1264 1171 1420 1207 dampnum
1440 1170 1534 1206 nobis,
1550 1180 1595 1199 aut
1611 1168 1727 1199 Civitati
1744 1170 1904 1210 praedistae,
1920 1181 1978 1201 nori
1996 1173 2076 1209 poffit
2092 1176 2272 1212 quomodoli-

1215 1210 1261 1239 bet
1275 1210 1403 1246 evenire,
1421 1207 1465 1237 vel
1481 1208 1592 1237 eosdem
1613 1207 1699 1238 Cives
1715 1217 1831 1246 omnes,
1844 1218 1889 1239 aut
1905 1209 1964 1239 illos
1981 1220 2015 1242 ex
2031 1211 2108 1249 ipsis,
2123 1213 2157 1242 de
2174 1214 2272 1251 quibus

1215 1248 1296 1277 vobis
1314 1245 1524 1284 videbitur,sub
1540 1246 1615 1276 bona
1629 1246 1662 1277 &
1678 1245 1734 1276 fida
1753 1246 1879 1277 custodia
1895 1248 1976 1278 nobis
1995 1249 2025 1278 in
2041 1250 2174 1286 Angliam
2189 1261 2273 1282 trans-

1217 1293 1341 1315 mittatis:
1403 1312 1406 1314 ,

1256 1323 1274 1343 *²
1296 1322 1434 1352 Volumus
1449 1330 1542 1352 tamen
1561 1321 1799 1360 quod,praesentis
1818 1323 1938 1354 mandati
1956 1333 2106 1364 praetextu,
2124 1325 2272 1358 nullatenus

1217 1362 1367 1399 omittatis,
1382 1361 1449 1398 quin
1463 1360 1540 1398 super
1548 1360 1710 1399 praemissis,
1728 1362 1760 1391 &
1775 1371 1806 1391 ea
1821 1363 2065 1401 contingentibus,
2075 1363 2179 1394 faciatis
2187 1365 2274 1404 quod,

1219 1410 1269 1438 pro
1281 1399 1420 1430 securitate
1434 1397 1561 1429 Civitatis
1573 1399 1716 1436 praedictae
1724 1422 1735 1438 ,
1752 1399 1850 1430 vestrae
1870 1400 2128 1438 circumsped'cionis
2142 1403 2274 1435 industria

1220 1439 1310 1473 magis
1323 1437 1422 1467 viderit
1438 1437 1573 1474 expedire.

1255 1475 1399 1505 Caeterum
1419 1474 1496 1512 super
1511 1485 1545 1504 eo
1569 1473 1643 1512 quod
1666 1475 1840 1513 requisivistis
1853 1498 1864 1514 ,
1889 1484 1919 1506 ut
1935 1475 2055 1515 aliquem
2077 1477 2225 1510 discretum
2241 1481 2275 1511 &

1220 1513 1372 1552 idoneum,
1391 1513 1424 1543 ad
1440 1512 1590 1543 tenendum
1611 1512 1709 1542 locum
1732 1513 1857 1544 nostrum
1874 1515 1904 1544 in
1920 1514 2073 1554 Vasconis,
2088 1518 2273 1549 mitteremus:

1220 1552 1339 1582 vestram
1368 1551 1525 1581 fidelitatem
1547 1549 1675 1581 volumus
1702 1561 1761 1581 nori
1783 1552 1863 1581 latere
1877 1575 1887 1590 ,
1909 1553 2005 1590 quod,
2028 1555 2133 1585 ratione
2154 1555 2277 1586 instantis

1221 1600 1328 1627 guerrae
1343 1589 1443 1620 nostrie
1464 1589 1586 1626 Scotiae,
1604 1589 1634 1618 in
1655 1588 1710 1627 qua
1727 1599 1875 1627 procerum
1894 1591 1927 1621 ὃς
1944 1591 2058 1622 Militiae
2074 1591 2170 1630 Regni
2189 1594 2276 1625 nostri

1221 1627 1364 1666 praesentia
1383 1627 1561 1668 indigemus,
1580 1627 1737 1664 hujusmodi
1758 1627 1919 1658 missionem
1937 1629 2019 1668 usque
2040 1629 2073 1660 ad
2089 1639 2198 1669 tempus
2211 1643 2276 1670 pro-

1220 1666 1341 1698 vidimus
1354 1665 1544 1696 differendam.

1259 1705 1405 1735 Fidelitatis
1425 1703 1521 1734 vestrae
1542 1699 1727 1734 constantiam
1741 1711 1841 1736 attente
1861 1711 2001 1744 rogantes,
2024 1708 2147 1745 quatinus
2162 1708 2278 1740 moleste

1220 1744 1383 1774 dilationem
1398 1742 1555 1781 hujusmodi
1570 1752 1628 1772 non
1642 1741 1773 1781 ferentes,
1792 1743 1825 1774 ad
1847 1745 2082 1775 conservationem
2098 1754 2228 1777 terrarum
2244 1748 2278 1778 &

1218 1783 1324 1820 jurium
1338 1780 1495 1811 nostrorum
1509 1781 1538 1810 in
1552 1779 1690 1817 praediffis
1705 1781 1841 1819 partibus,
1858 1792 1926 1812 cum
1940 1783 2022 1812 omni
2035 1782 2179 1821 diligentia
2188 1807 2199 1824 ,
2221 1785 2278 1825 qu&

1222 1821 1359 1859 poteritis,
1374 1819 1522 1849 adhibeatis
1536 1828 1623 1856 opem
1639 1819 1672 1849 &
1685 1829 1800 1856 operam
1814 1819 1951 1850 efficaces.

1261 1858 1325 1888 Nos
1342 1859 1419 1888 enim
1428 1880 1438 1895 ,
1465 1856 1526 1894 post
1549 1855 1701 1893 regress'um
1717 1856 1843 1888 nostrum
1858 1858 1892 1888 de
1912 1858 2026 1897 Scotia,
2043 1858 2078 1890 de
2101 1857 2146 1890 tali
2163 1860 2281 1895 discreto

1222 1897 1254 1927 &
1273 1896 1375 1926 idoneo
1394 1897 1454 1926 viro
1471 1894 1504 1926 ad
1519 1895 1662 1932 praedictas
1675 1903 1776 1933 partes,
1785 1898 1929 1935 quamcito
1943 1898 2098 1928 commode
2112 1901 2282 1938 poterimus,

1221 1934 1400 1972 destinando,
1417 1933 1559 1964 auxiliante
1578 1932 1662 1972 Deo,
1680 1935 1862 1972 proponimus
1879 1935 2023 1975 ordinare,
2047 1936 2083 1967 de
2101 1947 2158 1975 quo
2173 1946 2280 1975 reputa<

1221 1983 1250 2004 re
1265 1973 1400 2004 debebitis
1415 1981 1465 2004 vos
1483 1979 1635 2003 contentos.

1260 2053 1325 2085 Dat.
1345 2053 1416 2092 apud
1436 2052 1620 2086 Kenilworth.
1639 2040 1733 2092 primo
1751 2054 1796 2085 die
1809 2053 1895 2093 Junii.

1309 2208 1313 2212 -
1486 2189 1544 2220 Pro
1562 2179 1721 2220 Nobilibus
1742 2190 1779 2225 &⁴
1805 2185 2024 2233 Stipendiariis.

1300 2276 1364 2308 EX
1381 2273 1513 2307 omnibus
1531 2274 1661 2319 Baiifivis,
1679 2274 1874 2315 Ministris‚&
1892 2274 2016 2307 fidelibus
2030 2276 2082 2307 suis
2095 2299 2106 2316 ,
2124 2278 2154 2308 in
2168 2271 2282 2308 Ducam

1311 2316 1487 2354 Aquitanniae
1505 2313 1676 2357 constitutis,
1694 2314 1728 2344 ad
1749 2325 1834 2354 quos,
1851 2315 1911 2346 &c.
1930 2315 2051 2346 salutem.
2259 2349 2261 2351 ‚

1266 2353 1345 2384 Cum
1360 2363 1411 2384 nos
1429 2352 1538 2383 diversis
1555 2352 1709 2382 Nobilibus
1728 2352 1761 2383 δε
1780 2353 1955 2391 Stipendariis
1979 2353 2049 2384 dieti
2076 2353 2203 2384 Ducati‘is
2217 2377 2229 2392 ,
2252 2354 2283 2384 in

1229 2393 1310 2422 certis
1327 2393 1360 2423 &
1379 2391 1488 2422 diversis
1506 2391 1688 2433 pecuniarum
1702 2390 1818 2420 summis
1833 2414 1844 2430 ,
1871 2391 1920 2421 sub
1944 2391 2110 2421 testimoniis
2133 2392 2282 2422 litterarum

1229 2430 1324 2460 dilecti
1342 2431 1375 2461 ὃς
1393 2429 1478 2459 fidelis
1495 2428 1605 2466 nostri,
1629 2427 1770 2458 Guidonis
1789 2429 1868 2459 Ferre
1885 2428 1986 2459 Militis
1999 2451 2009 2467 ,
2036 2430 2132 2461 locum
2158 2429 2283 2460 nostrum

1229 2466 2162 2544 ῗέῗῧὲοῗὲοᾱὲἓέιξὶἒὲῗξὲώάἧζοξέἓῗέἳεωεῗὲὲῗιῐοωὲυ
2177 2467 2285 2537 Ξῖἓῗὲῗε

1230 2544 1396 2575 eorumdem
1412 2542 1595 2574 diversimode
1606 2550 1760 2573 teneamur:
2085 2528 2095 2544 ³

1269 2582 1414 2620 [idemque
1432 2581 1552 2612 Nobiles
1566 2581 1599 2611 &
1622 2580 1785 2618 stipendarii
1809 2581 1859 2612 sint
1884 2580 2004 2619 pluribus
2024 2582 2082 2612 aliis
2108 2581 2288 2614 creditoribus

1174 2641 1181 2643 >
1230 2622 1260 2651 in
1279 2621 1398 2658 pluribus
1413 2619 1513 2650 debitis
1521 2618 1652 2656 obligati:

230 2678 279 2712 De
293 2682 452 2728 recipiendo
467 2686 565 2717 Scotos
581 2679 626 2717 ad
633 2695 738 2731 pacem
752 2687 788 2723 ὠ·
805 2684 990 2717 voluntatem
1002 2686 1097 2731 Regis.

135 2755 220 2815 RE
231 2756 409 2802 X‘omnibus
440 2760 474 2791 ad
491 2771 575 2800 quos,
589 2762 649 2793 &c.
667 2762 787 2794 salutem.

212 2795 326 2842 'Sciatis
347 2783 426 2836 quod
441 2799 568 2830 dedimus
586 2800 745 2837 potestatem
764 2801 870 2832 dilecto
887 2802 920 2833 «Sc
938 2799 1014 2831 fideli
1030 2799 1124 2831 nostro
1143 2799 1193 2840 Jo-

135 2833 219 2864 hanni
231 2834 460 2879 cle-Kingeston,
473 2837 684 2869 Constabulario
699 2838 789 2870 Castri
804 2839 890 2870 nostri
901 2840 937 2870 de
958 2838 1144 2878 Edeneburg,

174 2872 343 2917 Recipiendi
356 2875 390 2906 ad
403 2886 502 2913 pacem
519 2877 552 2907 &
572 2876 742 2908 voluntatem
758 2878 880 2909 nostram
893 2878 1020 2908 homines
1038 2877 1194 2908 mediocres

135 2909 171 2940 de
203 2913 302 2943 artibus
314 2913 436 2956 Scotiae‚
451 2917 499 2953 qui
511 2915 544 2945 ad
558 2915 716 2953 hujusmodi
731 2926 830 2954 pacem
842 2917 936 2946 venire
949 2916 1102 2946 voluerint:

148 2987 154 2992 .
201 2958 276 2980 atum
289 2951 409 2994 babituri
422 2953 455 2983 &
469 2953 582 2984 firmum
598 2954 732 2992 quicquid
753 2954 830 2984 idem
841 2954 978 2993 Johannes
999 2953 1077 2991 super
1098 2962 1195 2991 recep-

135 2994 212 3017 tione
224 2988 372 3032 bominum
387 2990 556 3029 hujusmodi,
569 2992 602 3022 ad
616 3003 714 3030 pacem
728 2992 850 3023 nostram
864 2992 902 3023 sic
915 2993 1012 3024 venire
1024 2991 1177 3023 volentium
1185 3014 1196 3030 ,

134 3024 242 3055 duxerit
256 3037 372 3057 nomine
386 3028 482 3058 nostro
496 3029 663 3062 Faciendum.

170 3063 205 3094 In
220 3066 311 3104 cujus,
324 3066 384 3096 &c.
397 3067 530 3105 quamdiu
543 3069 624 3099 nobis
635 3069 768 3108 placuerit
780 3069 927 3100 duraturas.

172 3152 261 3188 Teste
275 3155 354 3197 Rege
368 3156 440 3195 apud
460 3156 613 3199 Kemeseye
629 3169 673 3200 13.
685 3159 732 3191 die
747 3159 830 3191 Maii.

267 3288 374 3319 Litera
392 3289 478 3335 Regis
492 3290 621 3321 Francia
638 3298 694 3334 pro
713 3289 850 3336 Epiftopo
875 3288 1059 3332 Abrincerfi.

137 3374 268 3443 INclito
285 3374 412 3413 Principi
425 3374 579 3414 Edwardo,
600 3376 658 3406 Dei
677 3376 776 3408 Gratia
793 3377 869 3415 Regi
892 3377 1006 3415 Angliae
1019 3400 1029 3416 ,
1055 3377 1194 3408 cariffimo

184 3413 258 3443 fratri
270 3413 364 3443 nostro
379 3414 522 3452 Philippus
538 3415 638 3445 eadem
656 3414 769 3454 Gratia,
784 3416 906 3447 Franciae
919 3418 951 3447 &
966 3415 1099 3446 Navarra:
1115 3416 1193 3455 Rex,

135 3451 246 3481 salutem
263 3452 297 3482 &
313 3451 505 3482 dilectionem.

174 3489 320 3525 Rogamus
336 3499 387 3519 vos
404 3491 527 3527 quatinus
540 3489 715 3528 possessiones
730 3491 881 3523 Abrincen.
899 3492 1049 3530 Ecclefiae,
1067 3492 1097 3521 in
1108 3493 1194 3530 terris,

137 3527 303 3566 redditibus,
318 3528 351 3558 &
368 3527 505 3566 decimis,
520 3538 584 3565 quas
600 3528 802 3559 Predeceffores
816 3529 965 3570 Episcopi,
980 3531 1027 3568 qui
1048 3540 1123 3560 nunc
1137 3529 1194 3568 est,

136 3567 166 3596 in
186 3565 279 3596 Infulis
295 3566 331 3596 de
350 3565 489 3606 Gerseyo,
509 3566 591 3604 usque
608 3567 641 3597 ad
661 3577 746 3605 pauca
765 3576 906 3606 tempora,
927 3569 1054 3606 pacificas
1071 3568 1194 3598 habuisse

136 3604 268 3634 dicuntur
282 3626 292 3642 ,
321 3604 357 3634 ab
382 3604 587 3642 impedimento
612 3615 791 3643 quocumque
814 3607 904 3636 minus
932 3606 1007 3645 justo
1027 3606 1134 3636 liberari
1152 3606 1193 3637 fa-

138 3643 425 3682 ciatis3permittentes
443 3642 550 3673 easdem
568 3643 603 3673 ab
621 3643 679 3680 ipsa
696 3643 819 3673 Ecclesia
837 3643 952 3681 pacifice
967 3644 1103 3682 poffideri.

174 3680 227 3719 Et,
241 3682 260 3711 si
273 3680 306 3710 ad
320 3680 427 3710 dietam
439 3679 629 3711 liberationem
645 3691 692 3718 per
709 3682 785 3711 viam
801 3683 976 3719 judiciariam
994 3683 1024 3712 sit
1041 3692 1191 3720 opusvpro-

135 3719 251 3787 efflere,
267 3718 349 3750 breve
362 3719 525 3757 patens,sub
538 3718 626 3756 sigillo
641 3719 732 3750 vestro
741 3742 751 3757 ,
764 3720 856 3749 eidem
869 3719 1009 3759 Episcopo
1022 3721 1109 3751 velitis
1123 3731 1193 3751 con-

133 3766 152 3787 c
189 3768 248 3788 ere·

175 3781 284 3826 Virti’ite
301 3795 377 3833 cujus
389 3793 469 3831 possit
483 3793 693 3825 Procuratorem
706 3793 751 3825 seu
764 3795 939 3826 Attornatum
952 3794 986 3828 ad
1005 3796 1113 3828 dietam
1125 3807 1190 3836 pro-

137 3831 325 3872 secutionem,
337 3834 366 3862 in
379 3832 561 3863 Parliamento
574 3833 680 3871 vestro,

175 3870 229 3900 Vel
245 3871 310 3901 alibi
324 3870 488 3902 constituere
501 3881 597 3900 coram
611 3870 702 3901 vestro
717 3868 820 3901 Ballivo
831 3870 867 3901 de
882 3870 965 3902 dietis
976 3871 1085 3903 Infulis:

176 3907 231 3937 Vel
248 3919 344 3940 coram
363 3908 457 3939 nostro
477 3908 582 3939 Ballivo
604 3908 806 3939 Constantienii
823 3919 833 3946 ·,
857 3909 931 3946 quod
943 3932 953 3948 ,
982 3919 1093 3949 propter
1111 3909 1192 3950 ipsius

138 3944 271 3984 Episcopi
282 3947 478 3978 relevationem
492 3947 629 3986 aliquam,
648 3946 714 3977 esset
728 3947 845 3983 amplius
860 3948 942 3978 nobis
955 3957 1074 3985 gratum-

174 4011 283 4044 Datum
295 4016 368 4054 apud
378 4015 515 4049 Sanctum
527 4015 703 4050 Germanum
719 4017 748 4048 in
763 4015 852 4057 Laya,
868 4015 914 4048 die
929 4025 978 4055 27.
994 4016 1078 4051 Maii.

194 4095 266 4124 Tom.
283 4096 308 4125 I.
326 4096 359 4126 P.
374 4098 422 4129 IV.

1268 2657 1458 2696 Volumusque
1475 2657 1552 2695 super
1570 2657 1626 2687 hoc
1645 2658 1810 2688 eorumdem
1828 2657 1981 2688 Nobilium
2000 2658 2034 2689 ὃς
2051 2658 2287 2696 Stipendarioruin

1233 2697 1439 2735 gravaminibus
1456 2696 1490 2726 &
1508 2696 1702 2726 incommodis
1719 2706 1881 2735 occurrere,
1906 2697 1940 2728 &
1958 2706 2056 2727 eorum
2079 2698 2182 2736 quieti,
2201 2707 2288 2736 quan⁴

1233 2745 1295 2767 tum
1311 2735 1382 2773 juste
1397 2734 1556 2772 poffumuS,
1575 2734 1733 2772 providere:

1269 2773 1464 2804 Conceffimus
1479 2772 1582 2802 eisdem
1596 2771 1750 2803 Nobilibus
1763 2773 1796 2803 &
1810 2771 1984 2810 Stipendariis
2003 2781 2050 2811 ut,
2073 2772 2106 2804 ad
2121 2772 2288 2805 solutionem

1233 2812 1433 2851 praedidfflrum
1451 2811 1629 2848 debitorum,
1651 2811 1733 2849 usque
1752 2811 1785 2841 ad
1806 2810 1916 2841 Festum
1937 2810 2050 2842 Paschae
2071 2813 2201 2850 proximo
2214 2812 2288 2842 futu·-

1234 2861 1315 2889 rum,
1327 2849 1475 2880 nullatenus
1489 2848 1706 2887 compellanturz,
1721 2849 1771 2879 nisi
1782 2850 1892 2879 interim
1906 2848 1941 2878 de
1954 2848 2068 2887 debitis,
2083 2852 2112 2879 in
2127 2851 2224 2888 quibus
2237 2859 2288 2881 nos

1234 2889 1295 2928 ipsis
1310 2887 1462 2919 Nobilibus
1474 2887 1507 2918 δί
1526 2887 1702 2925 Stipendariis
1715 2895 1855 2925 tenemur,
1869 2887 1919 2916 sibi
1932 2886 2012 2916 fucrit
2025 2887 2198 2918 satisfaCtum.

1270 2927 1365 2966 Qare
1384 2926 1464 2956 vobis
1490 2928 1652 2955 mandamus
1672 2925 1745 2963 quod
1763 2924 1888 2963 praefatos
1906 2924 2026 2955 Nobiles
2044 2925 2077 2955 &
2104 2926 2289 2963 Stipendarios

1233 2965 1266 2996 ad
1286 2965 1451 2996 solutionem
1463 2963 1623 2992 debitorum
1637 2963 1835 3000 praeditstorum
1844 2985 1853 3000 ,
1866 2964 1895 2992 in
1910 2963 2007 3000 quibus
2020 2963 2078 2993 sunt
2092 2964 2149 2993 aliis
2160 2963 2211 2993 suis
2225 2973 2287 2994 cre-

1233 3003 1366 3034 ditoribus
1385 3001 1520 3038 obligati,
1534 3008 1630 3030 contra
1649 3001 1805 3040 hujusmodi
1823 3000 2007 3031 conceffionis
2024 3001 2125 3033 nostrae
2146 3001 2289 3040 formam,

1233 3053 1291 3111 noi]
1307 3040 1476 3109 ωςμίεῐεὲίἒ,
1495 3037 1659 3076 distringatis
1674 3040 1704 3070 in
1716 3040 1825 3079 aliquo,
1838 3038 1882 3069 seu
1897 3040 2024 3077 gravetis,

1285 3091 1304 3110 n
1319 3088 1409 3117 quuS,
1459 3087 1485 3107 c.

1268 3137 1357 3171 Teste
1370 3135 1452 3175 Rege
1465 3133 1537 3174 apud
1551 3133 1734 3168 Kenilworth.
1754 3145 1782 3166 2.
1801 3135 1847 3166 die
1857 3134 1943 3174 Junii.

1908 3217 1961 3246 Per
1977 3213 2060 3256 ipfhm
2078 3217 2182 3254 Regem.

1233 3355 1478 3386 procuratorium
1502 3352 1587 3396 Regis
1608 3348 1724 3394 mtffium
1754 3347 1797 3381 ad
1821 3349 1946 3380 Curiam
1975 3351 2142 3380 Romanam
2161 3374 2170 3390 ‚
2197 3349 2290 3395 fhper'

1374 3398 1553 3445 expeditione
1566 3400 1650 3443 pacis
1667 3400 1782 3430 virtute
1798 3395 2145 3442 compromtffisipedic'ii.

1251 3488 1445 3520 *Ancfitiffimo
1464 3488 1493 3516 in
1509 3483 1622 3515 Christo
1647 3483 1744 3523 Patri,
1770 3483 1902 3514 Domino
1928 3484 1958 3514 B.
1983 3484 2077 3514 divina
2101 3485 2290 3526 providentia,

1292 3529 1353 3559 &a
1369 3524 1532 3562 Edwardus,
1551 3524 1612 3554 &c.
1629 3523 1730 3553 devora
1748 3522 1851 3560 pedum
1868 3522 1959 3552 oscula
1977 3523 2129 3553 beatorum.

1269 3566 1355 3603 Super
1373 3563 1547 3602 expeditione
1560 3562 1669 3598 negotii
1698 3560 1899 3590 reformationis
1918 3561 2084 3598 pacis‚inier
2104 3560 2287 3598 magnificum

1233 3603 1394 3642 Principem
1408 3623 1525 3632 .....
1543 3599 1657 3636 Regem
1674 3583 1802 3639 ³Francia:⁴
1822 3598 1854 3628 &
1870 3608 1919 3627 nos
1935 3620 1945 3635 ,
1961 3599 2036 3635 juxta
2056 3597 2176 3630 formam
2192 3599 2288 3631 vestrae

1232 3640 1482 3680 pronunciationis,
1496 3638 1595 3668 virtute
1609 3636 1821 3674 compromissi‚
1838 3645 1884 3673 per
1896 3635 2006 3666 dictum
2020 3635 2134 3672 Regem
2147 3637 2180 3667 &
2195 3647 2244 3668 nos
2257 3639 2286 3668 in

1232 3690 1282 3710 vos
1296 3680 1378 3716 facti,
1392 3677 1499 3743 duduigi
1514 3676 1615 3706 habitae
1629 3674 1674 3705 seu
1695 3675 1816 3712 probatae
1825 3696 1834 3711 ‚
1847 3683 1940 3711 nunc,
1954 3674 2065 3704 austere
2084 3673 2232 3715 Domino,
2253 3676 2286 3707 fi-

1231 3718 1326 3749 naliter
1339 3718 1474 3748 terminan
1495 3715 1524 3752 i,

1550 3760 1680 3791 Dile&os
1694 3759 1726 3789 &
1739 3757 1831 3789 fideles
1845 3757 1966 3797 nostros,

1231 3824 1379 3855 Walterum
1399 3816 1605 3857 coventrenftm
1627 3816 1666 3854 &
1685 3814 1897 3856 Lichfeldensem
1913 3815 2086 3856 Epifiopum,

1612 3897 1648 3930 Et
1666 3895 1786 3929 Nobiles
1804 3895 1903 3934 Viros,

1268 3981 1422 4014 Amadeum
1437 3982 1561 4010 Comitem
1575 3976 1737 4015 sabaudiae,

1268 4025 1396 4051 ottonem
1411 4020 1442 4049 de
1457 4017 1621 4056 Grandisono
1637 4015 1775 4051 Militem,
1792 4010 1830 4048 ἀ

1270 4059 1422 4089 Gerardum
1435 4056 1664 4088 archidiaconum
1682 4052 1881 4083 Richemundiae
1888 4073 1900 4090 7

1690 4091 1750 4123 Ba
2220 4088 2290 4123 ΡινοΕ

2284 286 2359 321 Ami.
2371 286 2413 321 ὓς

2304 338 2388 367 13011

2281 368 2347 394 Edu.
2362 377 2384 393 ι;

2283 408 2389 438 A11.29;

2287 446 2315 468 E.
2339 448 2363 468 1.

2284 482 2338 506 ιω.
2356 476 2413 515 Vas-

2283 525 2389 550 con.29.

2285 558 2416 587 Limnai»

2290 1324 2424 1367 *ΙΙ.889.“

2303 2285 2377 2318 Ann-
2389 2284 2429 2317 D,

2323 2335 2405 2365 1301.

2305 2368 2356 2392 An.
2370 2374 2415 2399 29.

2308 2408 2334 2429 E.
2348 2412 2370 2430 1.

2307 2445 2365 2468 Pas.
2387 2442 2434 2476 291¹

2304 2483 2331 2506 Ε.
2355 2487 2378 2505 1.

2302 2525 2391 2546 m.12‹
2421 2525 2423 2527 ’

2331 3538 2414 3568 1301.

2310 3571 2362 3594 Aa,
2379 3577 2423 3601 29.

2311 3610 2338 3632 Ε.
2360 3614 2385 3636 1.

2310 3648 2363 3671 Rot.
2378 3643 2442 3671 Ale⁵

2307 3692 2376 3709 man.
2394 3691 2442 3716 29.

2307 3724 2443 3756 E.i.m.7‚-
