2570 4261
664 161 775 203 ET
858 164 1124 207 ACTA
1207 162 1669 210 PUBLICA..

0 239 53 261 um.
69 229 109 259 D.

0 268 82 298 1282.

0 309 41 336 dv.
53 315 76 334 1.

0 520 24 544 'n.
41 524 82 543 10.

0 575 4 581 .
25 563 47 581 ι.

0 589 83 628 .A.f.

0 639 36 667 ..3.
49 638 75 658 a·

0 1214 100 1249 [1215.

0 3090 67 3120 Ann.
83 3089 125 3120 D.

13 3129 98 3158 1282.

0 3170 43 3196 dn.
57 3177 98 3195 10.

0 3209 22 3232 Ε.
45 3216 68 3233 1.

0 3247 63 3271 Penes

0 3285 126 3310 Camerar.

120 337 226 368 Litera
247 336 460 380 wstimonialis
482 340 517 372 de
546 341 696 373 commissu
721 345 916 375 Matrimonii
933 355 985 389 per
1017 343 1110 378 verba
1135 343 1170 376 dc

160 384 318 429 prasenti,
347 389 423 418 inter
450 389 611 433 Alfonfhm
636 394 772 436 Aragon.
797 394 834 428 (ῤ’
856 392 1032 425 Alienornm
1053 394 1170 440 Angliae

163 435 277 479 Regum
292 438 512 479 primogenitos.

118 520 322 580 UNiversis
342 521 446 553 Christi
469 522 592 555 fidelibus
637 526 670 556 ad
688 536 758 565 quos
771 528 914 567 praesentes
926 529 1024 559 litterae
1038 537 1172 566 pervene—

169 600 174 604 ¹
205 567 276 602 mnf)
292 558 384 590 Infans
394 561 533 601 Jacobus,
551 549 660 594 illustris
676 565 763 603 Regis
780 565 901 605 Aragon.
917 567 1015 605 Filius,
1031 567 1171 605 Jacobus,

117 599 175 642 Dei
190 605 292 642 gratia,
307 597 410 642 Oscen.
425 600 594 639 Episcopus,
615 602 677 632 Aco
690 603 725 632 de
740 603 844 642 Fossis,
861 605 1037 635 Guilabertiis
1050 605 1084 634 de
1093 604 1170 634 Cru-

116 636 188 667 dilus
202 657 212 673 ,
230 634 410 667 Guillielmus
428 639 463 669 de
477 638 583 669 Sancto
599 640 750 671 Vincentio
792 641 889 672 Petrus
905 643 1019 673 Martini
1033 645 1068 672 dc
1084 644 1171 673 Arce-

118 675 168 705 son
185 673 284 711 Justic.
306 675 430 719 Araffon3
448 676 601 719 Ferrandus
617 678 692 708 Petri
709 680 744 709 de
759 664 851 719 I'yna,
867 681 964 711 Blasius
980 682 1115 711 Elisimini
1133 682 1169 711 de

118 711 344 756 AerbaQBlasius
357 698 432 744 Retri
447 715 563 753 milites,
584 715 719 755 Magister
734 718 869 747 Arnaldus
882 719 917 749 de
931 720 1023 750 Turre
1033 743 1041 756 ,
1062 720 1169 749 Domi-

119 761 148 782 ni
165 751 255 787 Regis
267 751 390 790 Aragon.
406 751 559 784 Cancellar.
573 754 682 784 salutem
699 756 727 784 in
744 755 884 786 Domino.

153 789 301 819 Noveritis
322 790 397 827 quod
416 790 553 821 hodierna
572 792 617 821 die
632 817 640 830 ,
666 793 771 823 scilicet
785 795 830 824 die
842 795 954 825 Sabbati
976 796 1005 824 in
1021 794 1102 824 Festo
1121 794 1172 824 As-

116 827 280 865 sumptionis
301 828 389 857 beatae
404 827 506 858 Mari-e
522 830 659 869 Virginis,
678 831 785 861 illustris
802 832 965 863 domicellus
979 834 1124 870 Alfonsus,
1139 833 1172 862 il-

115 865 205 895 lustris
219 865 305 904 Regis
320 867 441 903 Aragon.
457 868 660 906 primogenitus
674 891 684 907 ,
709 872 846 900 contraxit
864 872 1073 902 matrimonium
1089 894 1099 908 ,
1124 881 1173 908 per

120 904 204 934 verba
219 903 253 933 de
268 904 409 942 praesenti,
427 915 496 934 cuin
512 906 607 936 illustri
625 907 749 937 Domina
758 908 887 939 ⁴Alienora
901 909 1007 939 illustris
1021 910 1104 947 Regis
1115 910 1173 939 An-

117 942 181 981 gliae
196 942 382 981 primogenita
396 955 405 980 ·,
427 944 459 973 «St
475 944 606 975 Domino
623 945 752 983 johanne
768 946 802 976 de
817 947 887 977 Vesc
919 970 929 986 ‚
952 948 1094 987 praedit-‘tm
1110 947 1173 977 Do—

115 981 204 1010 minae,
217 979 356 1010 Alianorae
370 991 570 1020 procuratore,
589 985 705 1013 nomine
717 984 796 1021 ipsius
817 995 872 1015 con
887 987 1024 1022 entiente,
1042 985 1119 1016 versa
1134 986 1175 1014 vi-

116 1027 166 1061 ce?
183 1019 216 1049 &
230 1019 410 1053 contrahente
423 1022 631 1051 matrimonium
646 1031 694 1059 per
708 1023 804 1052 eadem
819 1024 902 1053 verba
914 1023 949 1053 de
962 1023 1103 1061 praesenti,
1122 1033 1175 1053 no-

116 1066 195 1086 mine
208 1059 404 1094 procuratorio
418 1059 539 1095 ejusdem
555 1059 691 1089 Dominae
707 1083 716 1098 ,
740 1070 807 1090 cum
828 1061 906 1091 dieto
923 1061 1055 1092 Domino
1070 1061 1173 1091 Alfon-

118 1094 163 1132 so,
176 1096 205 1124 in
220 1095 360 1135 praesentia
378 1096 611 1130 Reverendorum
633 1097 748 1128 Parrum
769 1100 799 1128 in
815 1099 932 1130 Christo
947 1123 957 1138 ,
978 1099 1173 1129 Dominoriim

116 1131 248 1163 Rei-nardi
272 1134 329 1165 Dei
345 1134 429 1172 gratia
442 1158 451 1173 ,
476 1136 634 1173 Terragon.
658 1136 866 1178 Archiepiscopi
881 1160 891 1176 ,
909 1138 1027 1176 Jasberti
1041 1161 1050 1175 ‚
1074 1137 1172 1167 eadem

118 1171 225 1210 grati-31,
243 1171 373 1212 Episcopi
387 1173 502 1203 Valenc.
519 1176 551 1205 ὃς
566 1173 674 1212 nostrt'i3

156 1210 175 1228 *ἶ
200 1210 231 1240 In
258 1212 334 1248 cujus
358 1212 395 1241 rei
418 1212 631 1242 Testimonium
651 1212 827 1249 praesentibus
852 1213 948 1244 litteris
964 1213 1059 1252 Sigilla
1082 1212 1175 1243 nostra

118 1248 249 1278 duximus
261 1250 433 1289 apponenda.

154 1286 220 1316 Dat.
235 1287 319 1318 Oscae
333 1289 378 1318 die
391 1287 503 1317 Sabbati
518 1287 692 1327 supraditfto,
711 1297 786 1321 armo
805 1288 928 1320 Domini
943 1290 1108 1329 millesimo,
1122 1289 1176 1320 du-

116 1326 286 1365 centesimo,
303 1326 478 1364 oitogesimo
493 1325 623 1355 secundo.

120 1459 229 1490 Litera
254 1467 274 1488 a
296 1455 452 1503 Radulpho
473 1460 676 1490 Romanorum
697 1462 773 1506 Rege
797 1457 833 1491 de
860 1460 965 1491 Morte
988 1460 1177 1490 Hartmanni

155 1504 218 1549 filii
227 1503 281 1548 siti
297 1532 308 1548 ,
344 1509 380 1543 (ῤ’
399 1505 681 1540 recommendatoria
699 1519 753 1554 pro
780 1505 960 1541 Grimoardo
982 1505 1017 1538 de
1040 1506 1176 1550 Altifhi—

165 1563 236 1585 nel-5·

127 1641 342 1704 MAgnifico
362 1644 395 1675 ὅ(
415 1646 521 1683 potenti
537 1644 662 1687 Principi
675 1669 684 1684 ,
708 1644 842 1676 Domino
862 1645 896 1676 E.
914 1644 988 1684 Regi
1006 1644 1132 1683 Angliae,
1149 1643 1181 1673 il-

210 1681 304 1719 lustri,
322 1682 430 1714 Amico
451 1685 498 1714 suo
518 1684 676 1722 karissimo,
696 1685 832 1714 Radulsus
846 1706 856 1721 ‚
878 1684 936 1714 Dei
950 1683 1052 1723 gratia,
1070 1682 1182 1726 Roma-

124 1728 227 1750 norum
241 1719 307 1751 Rex
317 1720 425 1759 semper
432 1721 590 1761 Augustus,
609 1724 722 1753 sincerae
734 1723 891 1753 diletstionis
905 1723 1073 1752 continuum
1089 1730 1181 1751 incre-

124 1764 263 1788 mentum.

164 1794 247 1827 Licet
264 1796 420 1828 Parentclae
438 1798 587 1830 vinculum
603 1822 612 1837 ,
640 1800 710 1830 inter
731 1799 855 1829 inclitam
871 1799 991 1829 domum
1012 1797 1132 1828 vestram
1150 1798 1183 1828 &

125 1833 252 1865 nostram
277 1837 458 1867 contratstum
473 1860 483 1876 ,
511 1847 559 1875 per
579 1847 702 1868 mortem
727 1837 837 1868 illustris
859 1837 1003 1877 quondam
1027 1836 1076 1866 filii
1093 1835 1181 1878 nostri

126 1871 296 1904 Hartmanni
310 1873 433 1906 Comitis
447 1875 568 1906 infausto
582 1878 678 1907 omine
694 1876 726 1906 sit
738 1876 858 1906 solutum
872 1888 882 1915 3
904 1876 947 1905 lex
959 1883 1052 1905 tamen
1069 1874 1182 1903 indisto-

124 1911 215 1942 lubilis
229 1913 360 1943 amicitiae
371 1915 444 1944 inter
456 1924 508 1944 nos
519 1914 653 1953 disrumpi
666 1925 725 1945 non
740 1915 841 1954 poterit
856 1938 865 1952 ,
885 1914 930 1944 sed
948 1912 1094 1944 vobiscum
1107 1913 1180 1942 illam

125 1949 232 1987 semper
243 1952 411 1990 servabimus
425 1952 566 1983 illibatam.
1167 1989 1172 1994 ,

164 1989 255 2029 Qod
269 1998 363 2021 autem
382 1991 492 2022 dudum
505 1990 584 2029 super
605 2001 641 2021 eo
657 1991 738 2021 vobis
755 2002 816 2022 non
835 1990 988 2029 scripsimus
1003 2012 1012 2028 ,
1036 1988 1114 2019 causa
1133 1988 1186 2032 fuit

128 2026 233 2057 doloris
246 2029 421 2068 inmenfflas,
457 2030 483 2059 ui
497 2052 507 2067 ,
532 2039 565 2059 ex
583 2029 744 2068 hujusmodi
759 2030 821 2060 casu
834 2030 944 2068 lugubri
958 2052 968 2067 ,
991 2028 1078 2060 nosti-i
1093 2027 1186 2058 cordis

128 2066 273 2097 intrinseca
287 2069 394 2106 ingenti
407 2040 522 2098 vrilnere
536 2065 683 2106 sauciavit,

168 2103 223 2143 Et,
244 2107 307 2143 quia
318 2105 400 2136 dolor
413 2106 454 2136 est
466 2107 622 2137 meminisse
636 2106 783 2145 dolorem,
801 2116 869 2144 nos,
882 2104 1039 2143 hujusmodi
1053 2103 1187 2134 maestuo-

128 2141 184 2171 sam
200 2145 342 2174 materiam
356 2144 405 2174 sub
418 2144 596 2182 breviloquio
608 2144 790 2182 transeuntes,
805 2146 872 2174 scire
883 2154 933 2173 vos
946 2144 1078 2173 volumus
1091 2143 1184 2181 quod,

127 2189 178 2219 per
188 2183 302 2220 gratiam
317 2183 417 2212 summi
433 2182 537 2222 Regis,
555 2184 656 2213 cundia
670 2183 764 2213 nostra
778 2184 889 2222 negotia
907 2181 1063 2221 diriguntur
1083 2182 1115 2211 ad
1132 2191 1186 2211 vo-

126 2227 206 2257 tum,
224 2232 288 2250 nam
307 2220 459 2250 venerabili
473 2220 616 2262 Coloniensi
630 2220 829 2261 Archiepiftopo
844 2245 854 2258 ,
874 2228 923 2258 pro
946 2219 1042 2249 honore
1062 2222 1185 2258 Imperii,

124 2256 223 2296 sincere
237 2257 274 2293 ὠ
290 2262 392 2297 integre
405 2258 497 2298 vestra*
510 2260 605 2296 gratia}
619 2258 782 2299 refirmato,
801 2263 829 2288 in
838 2262 913 2297 pacis
928 2256 965 2293 ᾤ’
981 2257 1185 2298 tranquilitatis

129 2300 288 2326 amoenitate
302 2299 435 2337 respirant
447 2301 536 2327 omnia
553 2297 647 2338 nostrae
662 2299 765 2328 credita
775 2297 917 2338 potestati:

170 2334 316 2366 Caeterum
328 2347 381 2374 pro
396 2336 570 2367 Grimoardo
582 2337 618 2367 de
637 2337 707 2367 Altis
727 2336 822 2367 Vineis
838 2359 847 2374 ,
874 2333 987 2365 Clerico
1002 2334 1108 2364 devoto
1121 2343 1188 2365 nos-

130 2379 176 2402 tro
188 2372 309 2413 dilecto,
329 2374 532 2405 Celsitudinem
547 2374 668 2415 Regiam
685 2384 814 2412 rogamus
830 2397 839 2412 ,
864 2372 1022 2410 plenissimo
1037 2381 1104 2402 cum
1119 2371 1188 2403 affe-

132 2410 181 2441 <stu
191 2434 200 2450 ,
214 2421 364 2451 quatenus,
382 2412 484 2442 nostrae
499 2413 638 2450 petitionis
653 2414 752 2443 intuitu
761 2435 771 2451 ,
789 2413 876 2450 ipsum
893 2412 972 2441 vobis
987 2411 1088 2441 habere
1102 2412 1189 2441 velitis

131 2450 321 2481 favorabiliter
336 2450 573 2487 recommissum,
595 2453 629 2483 &
642 2452 679 2481 sic
697 2452 747 2481 sibi
760 2450 844 2481 vestri
861 2449 965 2478 favoris
981 2450 1014 2480 ὃς
1029 2450 1123 2487 gratiae
1137 2449 1188 2478 be-

131 2488 315 2519 nivolentiam
330 2488 465 2526 impertiri
479 2510 489 2525 ,
512 2488 589 2526 quod
604 2513 613 2527 .,
640 2489 675 2519 de
690 2498 807 2526 precum
824 2487 981 2517 nostrarum
997 2487 1169 2517 adminiculo
1179 2509 1189 2525 ,

131 2526 352 2557 consolationem
365 2528 379 2557 ὲ
395 2526 475 2558 vobis
488 2525 513 2556 se
527 2527 641 2566 gaudeat
656 2526 795 2565 recepisse.

133 2654 149 2675 a
169 2606 244 2686 Dat5
260 2608 289 2637 in
310 2606 416 2638 Castris
439 2607 520 2638 Auce
541 2608 575 2640 &
601 2607 738 2647 Annegge
753 2607 780 2637 6.
800 2606 865 2638 Kal.
889 2606 964 2644 Sept.
985 2604 1080 2645 Regni
1104 2604 1191 2634 nostri

150 2655 210 2676 nno
247 2668 253 2674 .

172 2725 334 2766 Magnifico
346 2728 379 2758 ὃ(
395 2726 509 2758 Potenti
522 2726 660 2766 Principi,
675 2725 811 2757 Domino
822 2724 856 2756 E.
871 2724 946 2765 Regi
956 2724 1069 2764 Angliae
1079 2722 1196 2762 illustri,

134 2766 228 2796 amico
244 2765 342 2797 nostro
355 2765 509 2796 kariffimo.

139 2901 214 2933 Duae
230 2899 340 2932 Cedulae
358 2900 503 2943 facientes
525 2902 701 2932 mentionem
719 2898 755 2932 de
775 2900 867 2932 Rullis
879 2925 888 2941 ‚
917 2901 1017 2932 Carris
1032 2925 1042 2941 ‚
1075 2900 1112 2935 ὠ·
1130 2900 1198 2930 aliis

188 2951 327 2980 Munim.
355 2950 482 2980 inventis
509 2951 539 2980 in
555 2946 759 2993 Thefimraria
786 2951 866 2995 Regis
881 2951 980 2980 Scoriae
995 2945 1077 2994 apud
1096 2946 1197 2980 Eden-

183 2993 289 3042 burgh.

142 3083 276 3145 ANno
295 3083 419 3114 Domini
438 3083 583 3115 millefimo
595 3108 604 3122 ,
628 3085 819 3117 ducentesimo
834 3109 843 3125 ‚
867 3085 1043 3126 orfitogesimo
1056 3084 1195 3125 secundo,

208 3122 254 3152 die
268 3122 366 3152 Sanc'h
380 3121 545 3161 Michaelis,
561 3124 614 3154 visa
628 3125 688 3155 sunt
701 3124 883 3156 Munimenta
905 3126 938 3156 &
956 3125 1055 3162 scripta
1071 3124 1194 3155 Domini

141 3160 228 3200 Regis
242 3162 273 3191 in
285 3161 463 3191 Thesauratia
475 3163 547 3200 apud
560 3161 715 3202 Edinburg.
729 3173 763 3194 ex
798 3172 920 3203 raecepto
933 3163 973 3193 R.
988 3173 1036 3201 per
1047 3163 1195 3203 Magistros

139 3200 287 3269 {horfnam
301 3199 337 3230 de
350 3198 500 3239 Carvoco,
517 3199 702 3238 Radulplium
720 3201 756 3232 de
776 3173 883 3241 gesto,
901 3203 934 3233 δε
948 3201 1140 3233 Willielmum
1159 3202 1195 3232 de

175 3248 210 3269 un
225 3248 246 3268 r.

373 3319 412 3358 B
497 3320 540 3360 U
617 3319 656 3359 L
740 3320 781 3360 L
866 3321 967 3369 QAE.

465 3418 502 3449 In
510 3418 619 3461 primis
639 3416 726 3449 Bullae
740 3418 872 3463 Papnles.

199 3505 267 3537 Ulla
281 3503 504 3542 HonoriiPapae
516 3526 526 3541 ‚
551 3504 628 3548 quod
648 3504 781 3536 Ecclesiae
802 3505 959 3538 Scoticanae
971 3509 1128 3539 immediate
1147 3507 1198 3537 sint

162 3584 167 3589 ι
195 3545 335 3615 ἓὶίῇζεᾶὶπ.
345 3538 457 3574 summo
478 3542 627 3582 Pontifici,
645 3544 679 3575 ὅτ,
697 3543 886 3579 Confirmatio
908 3545 1124 3587 Privilegiorum
1137 3545 1198 3576 Re-

160 3593 181 3613 ls
274 3594 289 3613 C
308 3593 346 3612 nl.

138 3589 159 3622 g
179 3621 268 3660 Item,
286 3592 388 3651 §inuiis
400 3620 477 3651 Bulla
490 3619 637 3651 Celestini.

174 3659 246 3691 Item
255 3683 265 3698 ,
285 3659 386 3691 Similis
400 3659 561 3689 Innocentii
573 3660 651 3689 tertii.

177 3697 267 3737 Item,
285 3698 362 3729 Bulla
376 3697 538 3728 Innocentii
552 3698 639 3735 quarti
654 3719 663 3732 ,
689 3695 724 3727 de
737 3696 913 3735 protectione
926 3699 959 3731 δι’,
981 3699 1198 3731 confirmatione

136 3735 248 3775 Jurium
260 3737 294 3768 &
310 3736 483 3766 Libertaturn
497 3735 586 3773 Regis
598 3736 631 3766 ὃς
647 3734 752 3774 Regni.

177 3773 269 3814 Item,
287 3775 388 3805 Similis
400 3774 477 3804 Bulla
490 3773 641 3803 Alexandri
657 3774 756 3811 quarti.

181 3810 269 3851 Item,
288 3813 363 3843 Bulla
383 3812 544 3843 Innocentii
558 3812 645 3851 quarti
660 3821 696 3842 ne
710 3810 820 3841 Praelati
838 3813 1000 3851 perturbent
1017 3814 1152 3846 libertates
1165 3815 1198 3845 &

139 3849 201 3889 jura
215 3849 339 3881 Domini
353 3850 449 3890 Regis.

181 3887 271 3926 Item,
289 3889 364 3920 Bulla
383 3889 542 3920 Innocentii
555 3889 644 3927 quarti
658 3887 888 3926 Conservatoria,
906 3898 943 3919 ne
954 3889 1053 3922 feratur
1067 3891 1200 3922 sententia

141 3928 440 3958 excommunicationis
453 3929 483 3958 in
499 3927 645 3967 personam
658 3927 733 3964 Reg¹

181 3963 270 4002 Item,
284 3964 361 3995 Bulla
374 3966 536 3997 Innocentii
551 3966 638 4005 quarti
651 3964 810 4002 dupplicata
820 3987 830 4002 ‚
846 3974 882 3994 ne
895 3964 983 3996 causae
997 3966 1180 3998 Elefflonum
1189 3990 1199 4005 ,

145 4001 197 4069 vels
204 4002 264 4069 αΙΙΞῐιξ
277 4005 465 4071 examiisientur
477 4013 553 4036 extra
570 4004 706 4044 Regnum
722 4003 828 4036 Scotiae
840 4025 850 4042 ,
875 4002 909 4035 ὃς
921 4005 1063 4044 praecipue
1079 4006 1110 4038 in
1125 4005 1201 4037 Dio-

145 4049 180 4072 ce
192 4052 200 4069 1
260 4049 362 4071 Osaces]
373 4053 391 4072 1.

181 4081 253 4110 Tem.
267 4081 292 4109 Ι.
309 4081 342 4109 Ρ.
361 4082 403 4111 Π.

2179 188 2261 224 209

1248 248 1337 287 Item,
1356 249 1431 296 Bulla
1438 251 1597 284 Iiinocentii
1610 255 1701 292 quarti
1715 253 1751 286 de
1763 254 1911 293 partitione
1922 265 1990 288 cum
2005 258 2262 292 excommunicatis,

1247 286 1343 317 *Item
1352 287 1425 318 Buila
1434 289 1593 322 Innocentii
1607 294 1693 330 quarti
1703 293 1872 333 dupplicata,
1890 306 1927 325 ne
1941 298 1999 334 quis
2007 296 2133 327 Clericus
2146 299 2189 327 vel
2199 298 2266 329 Lai-

1211 334 1261 392 19⁰5
1278 324 1313 354 de
1329 325 1436 363 Regno
1456 328 1562 359 Scotice
1583 330 1702 361 trahatur
1716 340 1789 362 extra
1811 333 1949 371 Regnum
1966 344 2014 374 per
2032 333 2119 365 literas
2138 334 2264 374 Aposto-

1221 372 1285 392 icas.

1251 399 1322 430 Item
1331 424 1340 438 ‚
1360 401 1435 432 Bulla
1448 403 1567 440 ejusdem
1575 401 1734 436 Innocentii
1747 408 1824 445 super
1837 409 1891 439 isto
1904 412 2023 446 negotio
2036 411 2245 443 conservatoria.

1234 476 1239 481 .
1252 438 1340 482 Item,
1359 440 1433 484 Bulla
1448 441 1607 485 Innocentii
1622 446 1709 482 quarti
1723 446 1758 476 de
1771 446 1850 476 Alex.
1863 448 1920 478 filio
1933 449 2010 486 Reg.
2028 450 2105 488 quod
2118 450 2200 489 possit
2215 450 2272 482 au?

1212 475 1271 506 dire
1284 477 1378 508 divina
1393 489 1421 508 in
1436 479 1504 509 locis
1518 480 1675 511 interdictis.

1250 514 1336 553 Item,
1355 516 1431 546 Bulla
1445 517 1593 561 Alexandri
1606 522 1694 556 quarti
1708 520 1916 554 confirmatoria
1928 523 2084 555 libertatum
2100 525 2172 566 Reg.

1213 591 1232 620 t'
1252 552 1339 592 Item,
1359 553 1436 585 Bulla
1448 555 1530 586 Lucu
1550 555 1635 594 Papae
1649 559 1856 590 confirmatoria
1871 562 2026 593 libertatum
2046 563 2177 595 Eccleiiae
2192 565 2264 596 Sco·-

1225 600 1323 621 icanae.

1238 628 1337 672 Item,
1355 630 1431 661 Bulla
1445 631 1579 662 Celestini
1593 632 1676 669 Papae
1689 642 1719 664 ut
1734 634 1868 675 Regnum
1884 636 1986 668 Scotiae
2006 649 2064 668 non
2080 640 2161 677 possit
2181 642 2267 671 inter-

1215 666 1271 697 dici
1282 691 1291 704 ,
1307 669 1339 698 &
1354 668 1431 706 quod
1445 669 1577 700 Ecclesiae
1593 671 1749 702 Scoticaiiae
1766 675 1929 705 immediate
1943 678 1993 707 sint
2014 678 2144 715 subjeciae
2162 678 2266 709 Eccle—

1216 705 1262 734 siae
1279 706 1438 750 Romanae,
1457 710 1489 738 ἀ
1502 709 1577 746 quod
1595 710 1684 739 nullus
1696 711 1849 748 alienigena
1864 713 1895 743 fit
1910 713 2032 752 Legatus
2047 717 2075 745 in
2089 715 2200 755 Scotia,
2216 718 2268 747 nisi

1214 752 1298 781 quem
1313 744 1454 774 Dominus
1471 746 1543 788 Papa
1556 747 1590 777 ad
1603 748 1659 778 hoc
1674 748 1709 778 dc
1725 759 1845 789 corpore
1858 751 1906 781 luo
1919 754 2065 790 specialiter
2079 754 2265 786 destinaverit.

1253 780 1341 825 Item,
1353 782 1435 826 *Bulla
1445 783 1483 827 ‘de'
1500 786 1626 815 fidelitate
1644 786 1679 816 ab
1692 786 1838 827 Episcopis
1851 789 1983 822 Domino
2002 792 2081 828 Regi
2094 793 2266 831 praestanda,

1215 828 1277 862 quae
1290 820 1398 850 dimissa
1412 821 1463 864 fuit
1477 832 1511 864 in*
1521 823 1638 867 quadam
1652 833 1735 868 parva
1754 827 1844 865 pixide
1864 838 1932 858 cum
1952 830 2116 869 quibusdam
2134 829 2192 861 aliis
2205 832 2268 861 lite-

1215 867 1266 895 ris,
1285 858 1353 888 sicut
1365 865 1438 896 patet
1453 870 1481 890 in
1495 864 1721 900 luperlcripttone
1734 864 1815 901 iplius
1826 866 1930 904 pixidis.

2028 902 2051 912 x

1253 935 1489 976 Memorandum,
1506 940 1583 977 quod
1592 941 1735 973 Dominus
1742 943 1913 976 Willielmus
1927 947 1962 977 de
1970 947 2075 977 Dunfr.
2089 948 2172 986 dicit,
2190 948 2269 987 quod

1218 974 1258 1004 est
1273 977 1402 1021 quaedam
1418 976 1494 1007 Bulla
1508 980 1710 1021 conservatoria
1723 984 1751 1011 in
1762 983 1887 1020 deposito
1907 986 1978 1022 apud
1993 985 2118 1023 [vich-os,
2136 997 2219 1026 quam
2235 987 2268 1016 il-

1215 1012 1263 1042 luc
1286 1023 1405 1050 portavit
1423 1014 1566 1045 Dominus
1584 1017 1691 1055 Symon
1706 1018 1804 1057 frater,
1828 1022 1895 1051 sicut
1913 1023 1987 1052 idem
2007 1024 2114 1063 Symon
2130 1024 2270 1054 confessus

1217 1051 1267 1080 fuit
1276 1074 1285 1088 ,
1300 1053 1330 1081 in
1343 1053 1436 1090 vigilia
1450 1053 1545 1083 Sancti
1561 1053 1708 1098 Michaelis
1722 1068 1818 1088 coram
1829 1059 1946 1090 consilio
1961 1061 2081 1091 Domini
2095 1062 2199 1100 Regis,
2217 1073 2271 1093 an‘

1219 1099 1276 1127 no,
1295 1090 1355 1121 &c.
1369 1091 1468 1128 offitog.
1482 1092 1619 1130 secundo,
1638 1095 1742 1130 pixidis.

1254 1169 1343 1214 Item,
1357 1170 1426 1215 dicit
1440 1172 1516 1211 quod
1530 1174 1634 1205 audivit
1648 1183 1662 1203 a
1677 1173 1819 1211 Magistro
1833 1175 1899 1207 Ric.
1913 1176 1948 1206 de
1963 1176 2080 1207 Lanark.
2091 1187 2275 1216 procuratore

1219 1207 1341 1244 Reg.1n
1358 1209 1442 1239 Curia
1455 1233 1465 1247 ‚
1489 1212 1565 1248 quod
1588 1212 1629 1242 est
1645 1213 1774 1249 quaedam
1796 1213 1871 1244 Bulla
1891 1216 1919 1244 in
1939 1214 2024 1244 Curia
2046 1216 2175 1247 Romana
2216 1217 2276 1248 uod

1219 1245 1284 1275 Rex
1296 1257 1355 1290 non
1370 1256 1479 1278 tenetur
1497 1250 1610 1281 reddere
1624 1250 1767 1289 Episcopis
1785 1252 1883 1289 Regni
1896 1253 1933 1283 sui
1955 1254 2031 1283 bona
2047 1254 2134 1293 aliqua
2150 1254 2186 1285 de
2232 1258 2276 1295 pi<

1217 1283 1388 1323 scopatibus,
1405 1294 1553 1326 antequam
1566 1290 1592 1319 ei
1607 1289 1723 1320 fecerint
1737 1289 2004 1322 fidelitatem—cat.

1238 1405 1242 1410 .
1257 1364 1347 1436 ltetgt,
1362 1367 1474 1434 ilnyenta
1489 1368 1529 1399 est
1543 1370 1670 1410 quaedam
1683 1363 1760 1401 Bulla
1772 1378 1870 1402 contra
1884 1370 2002 1402 Clerum
2015 1370 2120 1402 Scotiae
2135 1371 2214 1411 super
2226 1372 2276 1402 de«

1218 1414 1298 1435 cimis
1355 1416 1369 1435 a
1381 1415 1419 1434 iis.

1257 1441 1346 1481 Item,
1362 1443 1439 1474 Bulla
1446 1444 1606 1477 Innocentii
1617 1447 1705 1485 quarti
1719 1447 1754 1477 de
1767 1447 2006 1486 redemptionibus
2018 1456 2151 1479 votorum
2166 1450 2194 1479 in
2204 1448 2277 1479 Sco«

1220 1483 1274 1517 tia,
1293 1492 1352 1511 non
1367 1482 1494 1513 obstante
1509 1485 1688 1515 concessione
1700 1485 1770 1516 fa&a
1786 1485 1862 1523 Regi
1877 1487 1999 1523 Angliae.

1258 1518 1328 1549 Item
1338 1543 1347 1557 ,
1366 1519 1443 1552 Bulla
1458 1522 1536 1552 Alex.
1553 1524 1642 1561 quarti
1655 1523 1690 1553 de
1705 1524 1874 1561 indulgentia
1889 1524 2018 1555 concessa
2032 1524 2156 1563 Capellae
2168 1525 2246 1563 Reg.

1257 1557 1344 1595 Item,
1360 1557 1446 1589 Bullae
1458 1569 1576 1598 quatuor
1591 1562 1666 1599 quod
1681 1561 1745 1592 Rex
1763 1562 1845 1601 possit
1865 1562 1958 1594 secum
1973 1563 2075 1594 habere
2087 1563 2158 1594 duos
2172 1564 2281 1594 Fratres·

1221 1596 1436 1635 Praedicatores‚
1455 1609 1488 1628 ac
1499 1599 1568 1629 duos
1583 1599 1711 1630 Minores
1724 1601 1882 1640 equitantes.

1259 1634 1331 1678 Item
1341 1657 1353 1678 ,⁴
1368 1634 1445 1666 Bulla
1460 1637 1536 1674 quod
1553 1637 1626 1676 Papa
1643 1638 1733 1668 voluit
1748 1639 1824 1676 quod
1835 1639 1977 1677 johannes
1992 1639 2027 1670 de
2043 1639 2168 1671 Chiham
2185 1650 2280 1680 quon«

1225 1672 1456 1717 damhpiscopus
1468 1675 1616 1714 Glasguen.
1632 1676 1770 1714 praestaret
1784 1677 1916 1708 fidelitatis
1927 1678 2128 1709 sacramentum
2144 1679 2277 1710 Domino

1224 1711 1299 1780 ReIgi
1313 1720 1461 1750 antequam
1477 1714 1514 1744 ab
1526 1724 1562 1744 eo
1577 1716 1709 1755 reciperet
1720 1716 1888 1755 temporalia.

1277 1759 1333 1780 tem
1343 1773 1352 1788 ,
1370 1750 1445 1780 Bulla
1452 1751 1550 1783 Innoc.
1566 1754 1655 1790 quinti
1670 1753 1705 1783 de
1718 1754 1897 1784 concessione
1909 1754 2028 1785 decimae
2036 1754 2142 1793 Papalis
2158 1755 2186 1786 'm
2200 1754 2282 1795 Reg«

1226 1798 1266 1818 no
1283 1789 1361 1818 Scot.
1376 1788 1508 1819 Domino
1521 1791 1611 1830 Regi,
1628 1792 1647 1822 si
1661 1791 1779 1822 voluerit
1793 1792 1910 1823 Terram
1924 1793 2045 1823 sanctam
2060 1794 2142 1824 adire.

1262 1826 1354 1864 Item,
1373 1828 1502 1864 quaedam
1521 1828 1597 1860 Bulla
1617 1840 1680 1869 quae
1699 1832 1788 1860 innuit
1804 1841 1820 1861 a
1836 1832 1976 1861 contrario
1996 1832 2072 1862 sensu
2086 1854 2096 1869 ,
2119 1830 2196 1871 quod
2214 1830 2281 1860 Rex

1226 1865 1308 1902 possit
1325 1865 1425 1895 habere
1439 1867 1553 1897 mobilia
1573 1868 1791 1907 Episcopatuum
1811 1869 1873 1907 post
1894 1878 2016 1900 mortem
2036 1869 2243 1910 Episcoporum
2260 1868 2280 1898 fi

1226 1904 1281 1933 hoc
1295 1903 1393 1933 habeat
1407 1915 1422 1934 a
1435 1905 1644 1936 consuetudine.

1261 1941 1430 2010 Jteffliallunt
1444 1943 1472 1972 iii
1487 1944 1612 1982 quodam
1624 1944 1716 1975 saculo
1728 1955 1777 1986 per
1788 1944 1830 1984 se,
1847 1954 1945 1986 praeter
1959 1945 2037 1985 istas,
2057 1944 2186 1985 quaedam
2194 1943 2281 1975 Bullae

1228 1990 1319 2010 mIHUS
1333 1991 1352 2012 V
1378 1989 1460 2011 entes.

1521 2065 1651 2112 Mgotia
1665 2069 1817 2113 tangentia
1835 2066 1994 2114 Anglinnh

1228 2161 1353 2223 LItera
1369 2160 1455 2201 Regis
1469 2161 1585 2194 Ricardi
1605 2162 1781 2200 promissoria
1801 2162 1876 2202 Regi
1898 2162 2004 2193 Scotiae
2025 2160 2101 2201 quod
2119 2160 2240 2192 restituet
2259 2160 2287 2192 ei

1291 2200 1386 2230 omnia
1398 2201 1457 2238 jura
1470 2201 1531 2239 sua,
1549 2202 1588 2232 set
1603 2203 1647 2231 vix
1663 2209 1774 2238 apparet
1788 2201 1914 2240 sigillum.
2176 2238 2181 2243 -
2269 2236 2272 2237 ⁷

1224 2270 1227 2273 ,
1266 2238 1341 2269 Item
1356 2261 1366 2276 ,
1392 2238 1479 2269 Carta
1497 2239 1617 2277 ejusdem
1638 2239 1723 2278 Regis
1743 2240 1857 2271 Ricardi
1878 2239 1914 2269 de
1930 2238 2103 2269 restitutione
2122 2237 2234 2276 jurium
2252 2237 2286 2268 δε

1224 2276 1411 2315 Castrorum,
1430 2277 1606 2308 Libertatuni
1619 2278 1653 2308 &
1666 2278 1824 2308 Literarum
1839 2278 1926 2317 Regis
1939 2278 2051 2308 Scotiae.
2076 2314 2081 2319 .
2197 2315 2202 2320 ⁸

1266 2315 1357 2354 Item,
1373 2314 1465 2346 Litera
1472 2315 1560 2355 Regis
1568 2315 1686 2346 Heni-ici
1700 2316 1736 2346 de
1751 2317 1905 2347 redditione
1918 2315 2061 2346 honorum
2074 2324 2103 2344 m
2111 2312 2285 2356 Huntintun.

1267 2354 1357 2393 Item,
1377 2353 1469 2384 Litera
1483 2354 1522 2384 R.
1533 2354 1669 2392 Johannis
1682 2355 1759 2394 quod
1772 2365 1832 2385 non
1852 2353 1935 2394 posfit
1948 2353 2079 2384 Castrum
2093 2352 2194 2382 firmari
2206 2356 2284 2390 super

1231 2401 1343 2429 poi-tum
1357 2392 1392 2421 de
1406 2392 1590 2423 Twedmuth.

1266 2430 1355 2468 Item,
1373 2429 1465 2460 Litera
1481 2428 1521 2460 H.
1538 2430 1584 2460 Re
1610 2454 1615 2459 .
1630 2429 1743 2468 Angliae
1763 2429 1800 2461 de
1820 2429 1976 2468 Maritagiis
1993 2429 2119 2460 sororum
2133 2428 2207 2469 Reg.
2226 2427 2288 2459 An-

1230 2468 1297 2505 gliae
1309 2470 1342 2499 ὃς
1356 2467 1482 2498 sororum
1497 2468 1569 2508 Reg.
1603 2470 1696 2499 cotiae.

1266 2503 1355 2542 Item,
1374 2505 1464 2536 Litera
1479 2506 1598 2537 Henrici
1612 2507 1687 2544 Reg.
1704 2505 1818 2543 Angliae
1832 2505 1908 2544 quod
1929 2505 2114 2546 compositio,
2132 2505 2200 2535 inita
2216 2505 2287 2535 inter

1231 2543 1328 2581 Reges
1340 2544 1412 2580 apud
1428 2544 1553 2575 Novum
1567 2544 1697 2575 Castrum
1711 2545 1748 2574 de
1760 2544 1830 2584 Tyn
1842 2567 1852 2582 ,
1873 2554 1932 2574 non
1947 2544 2107 2583 pi-aejtidicat
2125 2542 2204 2580 Regi
2216 2543 2289 2574 Sco«

1231 2583 1277 2612 tiae
1293 2583 1321 2612 in
1336 2581 1491 2618 Maritagiis
1504 2583 1589 2613 libere
1602 2583 1742 2613 faciendis.

1268 2619 1357 2658 Item,
1377 2619 1468 2650 Litera
1488 2620 1563 2658 Reg.
1576 2621 1728 2658 Johannis,
1745 2620 1779 2650 ad
1794 2619 1986 2658 recipiendum
2007 2619 2112 2661 septem
2128 2619 2185 2649 mil.
2198 2619 2232 2651 δὲ
2244 2618 2284 2649 D.

1233 2657 1375 2727 Marcei&
1388 2669 1458 2695 opus
1471 2658 1546 2697 Reg¹
1562 2660 1676 2698 Angliae
1694 2668 1749 2700 pro
1769 2659 1893 2698 quodam
1914 2658 1969 2689 fine
1982 2682 1992 2698 ,
2015 2661 2048 2690 δε
2067 2658 2102 2689 de
2119 2658 2227 2689 residuo
2245 2667 2289 2688 re-

1231 2706 1331 2728 mitten
1351 2708 1378 2728 o.

2282 245 2356 276 Ann.
2369 244 2411 277 D,

2303 286 2392 315 1282.

2282 326 2347 351 Edi.
2372 333 2395 350 11

2283 366 2297 378 ⁸
2309 361 2414 390 li.2i6.

1271 2735 1342 2766 Item
1359 2759 1368 2774 ‚
1389 2734 1482 2765 Litera
1497 2734 1647 2766 monitoria
1663 2735 1764 2776 Episco
1785 2735 1793 2765 i
1814 2735 1903 2766 Elien.
1920 2735 2092 2779 Apostolicae
2105 2734 2173 2766 sedis
2186 2713 2298 2773 Legati¹

1233 2774 1266 2805 ad
1280 2773 1444 2805 solvendum
1458 2774 1596 2814 quandam
1609 2776 1739 2812 pecuniae
1764 2784 1891 2804 ummam
1906 2774 1982 2811 Regi
2000 2774 2121 2811 Angli-ae.

1270 2811 1360 2852 Item,
1379 2811 1470 2842 Litera
1486 2811 1564 2849 Regi
1578 2812 1692 2850 Angli-az
1705 2812 1740 2842 de
1752 2813 1797 2843 die
1812 2812 1914 2842 statuto
1927 2811 1999 2850 apud
2014 2811 2157 2842 Norliam.

1272 2851 1345 2881 Item
1355 2874 1364 2890 ‚
1380 2850 1473 2881 Litera
1486 2851 1564 2888 quod
1579 2861 1638 2881 non
1652 2851 1770 2881 trahatur
1785 2853 1814 2881 in
1829 2851 2055 2890 consequentiam
2069 2850 2202 2880 adventus
2210 2846 2288 2886 Reg.

1235 2889 1340 2920 Scotiae
1355 2889 1388 2920 ad
1403 2889 1618 2920 coronationem
1634 2890 1723 2927 Regis
1738 2889 1867 2928 Angliae,
1885 2899 1939 2919 nec
1952 2899 1999 2929 per
2020 2889 2077 2918 hoc
2096 2888 2289 2928 praejudicium

1256 2937 1389 2959 enereturi

1234 2938 1254 2966 g
1271 2967 1344 2998 Item
1359 2990 1368 3006 ,
1393 2967 1491 2997 ultima
1512 2963 1727 3002 Confoederatio
1740 2965 1812 2996 faeta
1833 2965 1904 2996 inter
1925 2964 2084 2996 Henricum
2099 2965 2215 3002 Regem
2229 2962 2291 2995 An-

1236 3005 1301 3042 gliae
1314 3007 1347 3036 &
1363 3005 1443 3036 Alex.
1457 3004 1572 3042 Regem
1591 3004 1696 3036 Scotiae
1714 3016 1730 3034 a
1750 3004 1788 3034 ud
1809 3003 1934 3034 Novum
1957 3003 2091 3034 Castrum
2109 3004 2145 3048 de
2160 3003 2237 3047 Tyn.
2257 3003 2291 3033 ὃς

1236 3044 1314 3082 quod
1332 3044 1421 3074 nullus
1439 3044 1549 3073 illorum
1568 3045 1697 3074 movebit
1749 3052 1856 3072 uerram
1875 3051 1974 3073 contra
1990 3043 2076 3073 alium
2095 3042 2145 3072 nisi
2160 3041 2195 3071 ad
2211 3041 2293 3079 lpsius

1236 3083 1446 3119 defensionem
1464 3083 1514 3112 ubi
1527 3092 1586 3111 non
1599 3081 1660 3113 sunt
1675 3081 1757 3121 sigilla
1769 3079 1923 3111 Comitum
1935 3080 2102 3111 Gloverinae
2122 3081 2155 3112 &
2170 3079 2294 3110 Herfor-

1235 3121 1307 3159 dire,
1324 3131 1377 3151 nec
1391 3121 1520 3151 videntur
1535 3119 1616 3149 fuiffe
1630 3121 1753 3160 appensa.
2114 3158 2119 3163 .

1270 3158 1359 3197 Item,
1378 3159 1472 3190 Litera
1486 3158 1720 3189 Conventionalis
1731 3158 1802 3189 fausta
1816 3157 1888 3189 inter
1902 3157 2018 3195 Regem
2034 3156 2148 3195 Angliae
2162 3157 2195 3188 ὃς
2213 3154 2292 3193 Reg.

1236 3198 1315 3229 Scot.
1327 3197 1405 3238 super
1422 3197 1553 3233 Maritag.
1568 3195 1737 3234 Margaretae
1751 3197 1814 3227 filiae
1830 3197 1921 3233 Regis
1936 3196 2057 3233 Angliae.
2096 3233 2101 3239 ι
2183 3232 2188 3239 .

1275 3236 1346 3267 Item
1383 3236 1475 3266 Litera
1490 3234 1568 3271 Regi
1581 3234 1693 3272 Angliae
1707 3235 1743 3265 de
1754 3235 1842 3265 feodo
1856 3234 2012 3274 praestando
2025 3234 2102 3271 Regi
2110 3233 2231 3271 Scotiae,
2249 3231 2294 3263 vel

1237 3275 1274 3306 de
1285 3259 1432 3305 condutstu
1468 3274 1500 3304 &
1513 3273 1553 3302 est
1566 3272 1731 3317 dupplicata.
1764 3312 1768 3318 Ι
1897 3311 1902 3318 ι
1926 3312 1931 3318 ι
2209 3309 2213 3315 Ι

1277 3314 1295 3333 *
1315 3312 1386 3345 Item
1399 3335 1409 3351 ,
1434 3297 1528 3342 [itera
1547 3311 1651 3354 arbitrii
1666 3311 1783 3342 Ottonis
1803 3310 1904 3349 Legati
1923 3319 1995 3341 inter
2015 3310 2108 3349 Reges
2128 3308 2241 3346 Angliae
2259 3308 2292 3340 &

1239 3351 1344 3383 Scotiae
1359 3351 1436 3390 super
1451 3350 1602 3387 Arremgus
1616 3350 1651 3379 de
1664 3350 1791 3381 ducentis
1803 3351 1905 3380 libratis
1920 3358 2008 3392 terrae.
2162 3386 2167 3392 .
2260 3385 2264 3391 ι

1275 3389 1348 3420 Item
1363 3412 1372 3428 ,
1397 3389 1490 3419 Litera
1512 3387 1550 3417 R.
1573 3388 1686 3424 Angliae
1708 3389 1785 3426 quod
1805 3398 1864 3418 non
1882 3387 2076 3429 praejudicetur
2086 3385 2169 3429 ¹Regi
2188 3384 2293 3429 Scotiae

1239 3429 1317 3468 quod
1330 3428 1405 3458 venit
1417 3427 1499 3458 semel
1515 3428 1544 3456 in
1558 3425 1692 3464 Angliam
1711 3427 1768 3458 line
1788 3426 1933 3458 conductu
1945 3449 1955 3464 ,
1979 3425 2028 3456 ubi
2045 3424 2164 3463 ligillum
2182 3433 2229 3454 vrx
2243 3434 2293 3461 ap-

1258 3475 1322 3497 aret.

1238 3478 1256 3508 p
1278 3504 1349 3535 Item
1363 3527 1373 3544 ,
1398 3503 1481 3534 Carta
1504 3502 1581 3538 Regi
1604 3502 1648 3533 An
1672 3502 1716 3533 liae
1735 3502 1772 3533 de
1791 3501 2034 3533 Advocationibus
2051 3498 2239 3530 Ecclesiarum
2257 3499 2294 3531 de

1240 3543 1369 3575 Penteth.
1383 3543 1417 3573 ὃς
1431 3543 1466 3572 de
1480 3513 1674 3572 Cumbirlanff.
2039 3577 2044 3582 ¹
2119 3576 2124 3581 ·
2192 3577 2197 3582 ι

1277 3582 1368 3650 steni?
1387 3579 1471 3648 Carkt‘a
1484 3580 1519 3610 de
1534 3578 1726 3620 Langwatbii,
1744 3579 1804 3610 &c.
1816 3578 1850 3609 &
1865 3578 1901 3609 de
1915 3576 2094 3618 quadraginta
2107 3575 2212 3607 libratis
2218 3575 2293 3609 Ter-

1255 3631 1278 3651 ae
1295 3631 1322 3650 in
1361 3629 1437 3650 enrct
1460 3641 1465 3646 .

1240 3632 1253 3652 r
1277 3658 1364 3696 Item,
1382 3656 1474 3687 Litera
1486 3654 1617 3687 Edwardi
1629 3654 1665 3685 de
1678 3654 1805 3686 succursu
1815 3653 1937 3694 petendo
1952 3654 1968 3683 a
1980 3652 2062 3692 Rege
2069 3651 2190 3692 Scotiae,
2204 3652 2238 3684 &
2253 3651 2294 3684 est

1262 3709 1276 3727 u
1288 3708 1297 3720 τ
1319 3697 1405 3727 licata.

1240 3699 1258 3729 d
1280 3707 1369 3803 ltlgm(z
1381 3730 1531 3800 ,LiterfiR
1546 3730 1655 3770 Angliae
1671 3741 1723 3770 pro
1735 3730 1854 3770 Rogero
1866 3729 1956 3770 Bygot
1968 3728 2004 3760 de
2022 3728 2149 3769 deposito
2162 3738 2214 3768 pro
2227 3728 2294 3761 Ma-

1257 3776 1262 3781 '
1313 3775 1317 3779 '
1417 3773 1450 3800 r's
1493 3771 1557 3801 eois.

1241 3782 1478 3850 n[elizeum,orltjitlera
1493 3794 1752 3839 (fonfoederationis
1763 3805 1879 3837 Ricardi
1894 3805 2042 3836 Marscalli.
2254 3844 2259 3849 .

1278 3850 1366 3888 Item,
1385 3847 1601 3878 Confoederatio
1616 3846 1686 3876 inter
1693 3845 1806 3885 Regem
1813 3844 1918 3875 Scotiae
1932 3844 2091 3875 &Barones
2098 3842 2209 3883 Angliae
2222 3843 2293 3874 olim

1269 3891 1321 3920 eta.
2248 3918 2252 3924 ¹

1242 3890 1267 3921 fa
1282 3927 1352 3958 Item
1386 3923 1552 3961 adjudicatio
1569 3921 1721 3953 Terrarum
1740 3920 1963 3952 Northumbriae
1976 3944 1985 3959 ‚
2009 3921 2042 3952 δε
2060 3918 2297 3956 Cumbirlandiae,

1246 3967 1278 3998 &
1292 3948 1534 3996 Weskmerlandiae
1545 3970 1593 4001 per
1607 3960 1725 4004 Barones
1734 3960 1866 4004 Angliae‚
1884 3959 1960 3999 Regi
1972 3959 2087 4003 Scotiae.

1282 4004 1371 4041 Item,
1386 4001 1478 4031 Litera
1490 3999 1721 4030 Conventionalis
1732 4006 1802 4029 inter
1816 3997 1931 4037 Regem
1938 3998 2044 4031 Sconae
2057 3998 2090 4030 δί
2104 3995 2222 4029 Baiones
2235 3993 2296 4025 An-

1244 4044 1327 4085 gliae,
1343 4041 1420 4080 super
1433 4037 1595 4079 quibusdam
1609 4036 1810 4070 Matrimoniis.

1768 4074 1800 4106 D
1808 4073 1827 4105 d
2208 4067 2280 4102 Item
2286 4089 2296 4107 ,

2312 3297 2443 3333 *11.2i7:
