2570 4261
696 147 809 189 ET
892 148 1160 192 ACTA

249 322 297 353 De
317 317 564 353 Procuratoribus
582 323 612 351 in
633 322 727 353 Curia
742 322 879 352 Romana
898 319 1067 364 constitutis.

0 402 115 437 aan.
182 403 353 435 Aneriffimo
370 404 399 433 in
419 402 536 434 Christo
557 403 631 434 Patri
652 403 784 434 Domino
798 403 956 435 Alexandro
973 428 982 444 ,
1007 406 1066 436 Dei
1087 404 1189 445 gratia,

5 451 89 482 1257.
200 442 352 473 universalis
370 442 504 472 Ecclesiae
525 441 637 472 summo
660 441 794 472 Pontifici
809 466 818 480 ,
839 442 995 482 Henricus,
1014 444 1112 475 eadem
1129 453 1189 483 gra-

0 486 36 511 in.
50 491 97 518 4¹·
142 482 196 520 tia,
215 480 280 511 Rex
297 480 423 519 Angliae,
442 480 586 510 Dominus
606 479 767 518 Hiberniae,
785 480 855 511 Dux
873 482 1016 512 Norman.
1037 484 1069 513 ὃς
1084 482 1191 521 Aequi-

0 526 22 549 i.
44 530 70 557 3.

0 562 26 586 ix
47 562 124 586 Cam.

0 596 44 625 ·ell.

144 528 198 551 tan.
217 519 250 549 &
265 517 373 548 Comes
386 518 556 558 Andegaviae
565 542 574 557 ,
589 519 702 548 salutem
715 528 783 548 cum
797 522 949 551 reverentia
963 523 995 552 δε
1011 521 1127 551 honore.

181 556 325 587 Sanfflrari
340 556 438 587 vcstrae
452 556 634 596 significamus
646 557 723 596 quod
740 567 791 587 nos
805 557 921 589 diledms
935 560 1061 597 nostros,
1077 559 1191 589 Rober·

145 602 206 625 tum
218 595 253 626 de
268 594 355 633 Baro,
374 595 397 625 F
399 596 504 625 inarum
518 594 554 624 de
566 595 714 634 Fuligmo,
728 596 762 626 &
776 594 893 627 Petrum
904 597 940 627 de
952 598 1105 628 Ranconio
1120 597 1189 628 Cle-

141 634 234 664 ticum
245 633 387 670 nostrum,
404 633 598 664 Procuratores
610 632 720 663 nostros
737 633 948 673 constituimu83

176 672 286 703 Dantes
299 673 352 710 eis,
368 673 401 703 &
414 681 514 701 eorum
527 672 658 709 cuilibet,
676 671 842 710 potestatem
856 674 887 704 &
899 674 1013 714 speciale
1027 674 1190 704 mandatum

139 711 323 751 impetrandi,
341 710 568 748 contradicendi,
585 710 707 749 agendi,
729 711 895 741 defendendi
920 714 954 743 &
976 713 1124 752 specialiter
1147 715 1190 742 in-

0 751 3 760 “
17 747 41 778 1.
52 746 117 773 620·
138 749 279 789 pugnandi
294 748 489 787 messionem,
504 758 568 788 quae
580 749 682 778 dicitur
697 749 752 779 esse
764 749 836 791 faeta
852 751 881 780 in
895 749 1016 781 Ecclesia
1031 757 1046 768 *‘

137 802 747 812 ————-———————————
765 788 884 825 ejusdem
897 788 1047 826 Ecclesiae,

174 824 283 856 Ratum
298 824 448 855 habentem
463 824 496 855 ὃς
512 824 627 854 firmum
640 824 773 863 quicquid
788 835 836 865 per
851 827 921 864 ipsos
932 829 966 859 ὃς
980 837 1079 858 eorum
1092 836 1192 866 quern—

134 863 204 906 libet
223 863 300 903 super
321 862 465 900 praemissis
1030 865 1127 903 fuerit,
1145 865 1191 895 seu

134 910 219 932 etiam
237 910 425 941 procuratum.

173 939 208 971 In
229 941 308 979 cujus
321 941 359 970 rei
374 939 518 970 testimon.
535 938 713 980 praesentibus
727 938 855 980 Sigillum
867 942 995 972 nostrum
1007 942 1192 972 duximus——

172 1016 239 1047 Dat.
254 1016 327 1057 apud
341 1016 468 1047 Westm.
488 1017 582 1054 primo
595 1015 639 1046 die
652 1015 753 1055 Aprilis
762 1040 771 1055 ,
788 1027 863 1048 anno
877 1019 955 1058 regni
972 1018 1060 1049 nostri
1073 1028 1122 1057 41.

139 1143 188 1175 De
208 1141 336 1174 emendis
355 1141 446 1189 stipor
466 1142 720 1191 interceptionibus
735 1153 837 1176 contra
857 1145 990 1189 Treugas
1007 1152 1074 1174 cum
1093 1142 1193 1174 Fran-

645 1204 705 1226 cia.

0 1275 63 1307 an.
78 1273 118 1305 D.
143 1275 230 1338 RE
241 1275 271 1306 X
286 1278 436 1315 omnibus,
451 1278 511 1309 &c.
526 1277 648 1308 salutem.

8 1323 92 1354 1257.
244 1315 340 1345 Sciatis
355 1317 432 1354 quod
445 1315 638 1345 constituimus
650 1315 837 1345 venerabilem
852 1312 982 1350 Patrem,
1008 1312 1041 1342 P.
1060 1310 1197 1342 Herefor-

0 1357 42 1381 4η.
56 1364 104 1389 4¹·
146 1352 259 1383 densem
272 1353 458 1394 Episcopum,
476 1353 646 1392 Magistrum
658 1353 828 1383 Bernardum
842 1352 936 1392 Aysun
947 1350 1196 1381 Constabularium

0 1397 25 1420 H.
46 1401 74 1431 3.
147 1390 265 1431 Burdeg.
284 1394 317 1422 ὃς
333 1392 369 1422 Μ
387 1391 503 1422 vistrum
517 1391 632 1422 Petrum
648 1391 804 1430 Francum,
824 1390 1022 1421 Procuratores
1037 1388 1148 1419 nostros
1162 1388 1196 1419 ad

0 1435 47 1458 3²at.
62 1440 108 1466 4¹.
147 1430 337 1469 tractandum,
351 1441 367 1461 a
405 1432 429 1460 ic
448 1430 561 1460 Paschae
581 1430 712 1470 proximo

0 1473 26 1496 H.
50 1479 74 1505 3.
147 1477 214 1498 curn
234 1470 445 1499 continuatione
464 1469 590 1507 dierum,
606 1469 679 1506 apud

0 1517 16 1535 ι.
34 1516 76 1543 ¹4-

754 1431 889 1467 raeterito,
908 1430 937 1459 in
952 1438 1042 1458 unum
1054 1428 1178 1457 mensem
1188 1450 1197 1465 ,

742 1476 820 1498 oram
841 1468 876 1498 de
889 1467 1027 1506 Coynak,
1041 1476 1109 1496 cum
1122 1474 1198 1504 parte

146 1506 256 1537 illustris
268 1507 355 1546 Regis
369 1507 391 1537 F
393 1509 493 1538 ranciae
506 1508 613 1538 ibidem
626 1513 757 1545 ventura,
773 1507 850 1546 super
863 1505 1111 1546 interceptionibus
1125 1513 1200 1534 treu-

145 1554 261 1585 garum,
271 1547 341 1576 inter
353 1545 441 1584 ipsum
462 1546 574 1585 Regem
589 1546 622 1576 &
638 1556 689 1575 nos
700 1547 848 1584 initarum3

182 1583 221 1614 Et
241 1583 274 1615 ad
292 1584 471 1623 faciendum,
490 1586 523 1615 &
544 1584 754 1624 recipiendum,
771 1594 824 1624 pro
844 1591 918 1622 parte
940 1581 1052 1619 nostra,
1070 1580 1201 1624 emendas

142 1621 379 1661 interceptionum
397 1623 566 1662 earundem,
581 1623 736 1654 secundum
758 1623 880 1653 formam
898 1630 1057 1661 treugarum
1083 1619 1202 1660 praedic-

142 1668 252 1700 tarum,

180 1699 219 1730 Et
239 1699 274 1730 ad
293 1699 527 1738 recolligendum,
546 1700 581 1731 ad
603 1698 743 1738 praemiffa
764 1698 906 1735 facienda,
923 1697 1017 1735 diem,
1034 1697 1079 1727 vel
1101 1696 1160 1727 dies
1174 1706 1202 1727 a-

142 1737 211 1776 lios,
226 1738 245 1767 fi
268 1747 340 1775 opus
360 1738 458 1776 fuerit·‚
478 1746 569 1769 ratum
590 1737 709 1768 habituri
732 1738 765 1767 &
786 1737 900 1766 firmum
922 1736 1055 1776 quicquid
1075 1735 1203 1775 praedicti

141 1784 210 1813 tres,
227 1774 303 1814 duo,
322 1776 367 1807 vel
379 1786 449 1806 unus
462 1787 579 1814 eorum,
598 1786 685 1816 quos,
709 1775 756 1805 vel
772 1784 857 1812 quem
870 1773 997 1805 interesse
1009 1775 1159 1814 contigerit
1173 1775 1204 1804 in

140 1813 302 1882 Ρτῇηῑὶίῖᾗς,
320 1814 388 1884 1εὲςζο
400 1814 505 1854 nostri,
521 1825 556 1846 ex
570 1824 648 1855 parte
663 1812 759 1845 nostra
773 1814 899 1844 duxerint
915 1813 1085 1844 faciendum.
1129 1824 1135 1830 ·

223 1862 318 1891 Cujus,
369 1863 395 1883 c.

177 1928 268 1959 Teste
282 1928 365 1968 Rege
380 1929 453 1969 apud
464 1929 558 1961 West.
583 1938 616 1969 13
631 1931 678 1961 die
691 1929 801 1968 Aprilis.

1239 152 1723 199 PUBLICA.
2229 173 2281 213 25

1226 335 1308 379 Papa
1322 335 1359 372 (ῤ’
1377 334 1589 369 Cardinalibus
1607 335 1642 370 de
1653 347 1727 383 pace
1744 350 1814 372 cum
1829 342 1906 386 Rege
1919 342 2069 383 Francia,
2105 350 2139 374 ut
2156 341 2186 375 in
2197 340 2284 387 saffo

1534 385 1639 418 Sicilia
1647 386 1772 430 felicius
1783 387 1973 434 procedatur.

1270 466 1390 511 Uri-mo
1404 466 1536 500 Pontifici
1582 479 1616 499 ac
1632 470 1787 502 Venerabili
1802 472 1901 505 Coetui
1915 472 2127 514 cardinalium,
2154 475 2196 506 H.
2216 471 2283 507 Rex
2303 486 2370 519 An„
2394 490 2435 521 D<

1288 505 1418 550 Angliae,
1437 507 1497 551 &o
1518 492 1646 552 salutem,
1666 518 1734 552 cum
1752 514 1901 542 reverentia
1912 514 1945 545 δε
1960 513 2077 544 honore.
2322 537 2357 557 12
2375 514 2379 519 ’
2428 509 2435 521 ’

1266 543 1343 583 Qua
1361 554 1507 590 negotium
1526 546 1620 586 Regni
1645 547 1747 578 Siciliae
1775 549 1928 587 plurimum
1947 552 2044 582 residet
2066 551 2145 583 cordi
2165 552 2279 592 nostro,
2299 570 2341 594 An
2361 537 2406 594 ἵζ’

1227 582 1352 613 volentes
1366 593 1396 614 ut
1411 584 1532 615 Faelicem
1547 585 1686 616 sortiretur
1699 594 1852 626 eventum,
1869 599 1938 619 ecce
1956 590 1961 619 l
1983 590 2058 630 quod
2071 592 2142 629 juxta
2155 591 2278 622 vestrum
2301 609 2329 631 H
2347 577 2383 602 '4
2405 588 2412 594 '

1227 621 1261 650 &
1281 620 1414 653 Ecclesiae
1435 623 1577 654 Romanae
1598 624 1761 663 consilium,
1811 627 1860 657 rati
1878 627 1970 658 sumus
1992 637 2061 659 cum
2084 629 2182 660 illustri
2195 629 2278 670 Rege
2299 614 2384 670 Pa't3'
2398 646 2423 669 ι·

1228 658 1403 691 Francorum
1416 662 1484 692 inire
1496 671 1595 702 pacem
1609 662 1642 693 ὃς
1654 672 1763 693 concor
1784 664 1855 703 iam,
2300 685 2327 708 H
2352 652 2393 715 '34
2413 663 2421 669 ”

1266 696 1314 728 Ut
1328 708 1375 737 per
1390 699 1464 737 hoc,
1487 701 1581 731 vestro
1593 702 1677 731 etiam
1691 702 1831 733 mediante
1846 704 1979 743 confilio,
2004 705 2105 736 auxilio
2120 706 2153 737 &
2165 707 2279 746 favore,
2301 703 2333 746 „J
2346 703 2382 744 8..
2392 719 2419 744 in

1227 736 1375 772 praefatum
1392 739 1536 783 negotium
1547 762 1556 776 ,
1573 739 1607 769 ad
1621 739 1762 770 honorem
1777 740 1852 780 Dei,
1871 743 1904 773 &
1920 743 2054 775 Ecclesiae
2068 744 2231 785 Romanae,
2246 756 2281 778 ac
2305 755 2437 785 scindulis„

1227 774 1523 851 ηοξξυςιὶιῶςρῑεέζὲεῑιε
1534 777 1700 809 succeffibus
1712 780 1893 812 convalescat.

1399 837 1408 852 ,
1481 839 1487 844 .

1264 888 1352 920 Teste
1365 899 1396 921 ut
1409 890 1495 929 supra.

1230 1034 1280 1066 De
1305 1029 1362 1063 hiis
1377 1035 1431 1077 qui
1444 1032 1569 1078 profeefli
1582 1033 1656 1077 sitnt
1677 1047 1745 1067 cum
1762 1036 1893 1069 Ricardo
1915 1042 1946 1070 in
1960 1043 2068 1086 Regem
2086 1045 2290 1077 Romanorum

1276 1079 1397 1122 Elusio,
1422 1084 1453 1112 in
1484 1080 1703 1115 Alemanniam
1723 1109 1733 1124 ‚
1765 1088 1802 1122 (ῤ’
1837 1083 1945 1118 habent
1966 1091 2174 1133 proteflionem
2203 1096 2291 1139 Regis

1278 1140 1348 1161 cum
1367 1127 1515 1173 clausula.

1232 1220 1443 1299 WJZIterus
1456 1222 1488 1251 de
1500 1222 1679 1262 Baskervile‚
1697 1235 1715 1254 a
1721 1224 1790 1264 festo
1803 1227 1898 1256 Sanffl
1912 1226 2072 1266 Michaelis,
2089 1241 2160 1261 anno
2174 1231 2289 1273 &c.41.
2313 1231 2390 1263 Ann.
2406 1230 2448 1268 D„

1360 1271 1388 1290 er
1404 1272 1485 1291 unum
1498 1272 1607 1291 armum.
1674 1303 1678 1308 ⁵
2333 1279 2418 1310 1257.

1233 1299 1366 1328 Andreas
1382 1299 1413 1329 de
1429 1299 1597 1340 Baskervyle
1606 1309 1656 1339 per
1669 1301 1738 1330 idem
1751 1308 1860 1340 tempus.
2312 1314 2364 1338 An.
2381 1319 2429 1346 4¹.

1233 1336 1365 1383 Robertus
1383 1338 1414 1367 de
1435 1336 1583 1384 Molinouse
1600 1340 1728 1379 quamdiu
1744 1339 1830 1378 fuerit
1850 1342 2005 1382 inservitur
2016 1346 2143 1382 praedieli
2156 1346 2245 1379 Elem
2259 1352 2289 1380 in
2311 1352 2346 1375 H·
2369 1357 2394 1384 3-

1267 1376 1394 1414 partzbus
1406 1375 1590 1407 Alemanmae.
2314 1391 2372 1414 Par.
2386 1390 2435 1422 412

1234 1413 1380 1453 Johannes
1394 1416 1426 1444 de
1437 1414 1601 1456 Turbervyle
1616 1426 1635 1444 a
1641 1414 1713 1455 festo
1727 1418 1821 1449 Sand't'i
1836 1420 2000 1461 Michaelis,
2016 1433 2087 1453 anno
2101 1422 2161 1460 &a
2180 1434 2229 1465 41,
2242 1433 2294 1465 per
2315 1429 2349 1452 H-
2371 1433 2398 1461 3-

1237 1463 1355 1522 Τῶἴέιζξ
1364 1463 1581 1521 ἴῖἷὲἴὶῖἱηΐοκ
1589 1514 1599 1530 ,
1610 1499 1659 1530 per
1671 1492 1741 1522 idem
1755 1500 1865 1534 tempus.
2283 1476 2291 1484 ι
2316 1473 2340 1492 ⁷1.
2349 1463 2375 1490 6·
2383 1462 2410 1491 d.

1237 1529 1368 1560 Robertus
1379 1529 1543 1570 Turbervyle
1551 1553 1561 1569 ,
1574 1538 1624 1568 per
1638 1530 1705 1560 idem
1717 1538 1826 1571 tempus.

1238 1572 1354 1606 Rogerus
1369 1570 1401 1599 de
1415 1572 1559 1609 Aumary,
1573 1577 1622 1607 per
1634 1570 1703 1599 idem
1719 1577 1829 1610 tempus.

1240 1606 1404 1637 Herebertus
1418 1609 1449 1637 de
1462 1606 1571 1648 Nevyle
1579 1631 1589 1646 ,
1603 1615 1652 1646 per
1662 1609 1732 1638 idem
1745 1616 1856 1648 tempus.

1241 1647 1331 1675 Hamo
1345 1645 1369 1675 le
1384 1649 1470 1684 Gros,
1488 1657 1506 1675 a
1512 1645 1719 1685 praedic‘iosesto
1734 1650 1827 1679 Saani
1841 1648 2002 1689 Michaelis,
2015 1659 2064 1689 per
2079 1653 2243 1684 Triennium.

1242 1684 1377 1731 Pisiliopus
1390 1685 1423 1752 olle
1438 1688 1465 1714 E
1462 1696 1496 1726 ye
1504 1683 1625 1753 ,dffisto
1639 1686 1733 1715 Sanni
1746 1687 1894 1718 Michaelis
1901 1689 2033 1726 praedidlo
2041 1714 2051 1729 ‚
2075 1693 2203 1730 quamdiu
2209 1692 2301 1732 fuerit

1242 1730 1645 1801 flbilhlhiltdeulillcihfhanspton,
1664 1764 1791 1802 quamdiu
1797 1762 1888 1802 fuerit
1901 1767 1930 1795 in
1939 1765 2066 1804 partibus
2075 1770 2223 1806 praedidlis.

1242 1804 1275 1831 R.
1293 1800 1480 1841 Coventrenffi
1501 1798 1539 1834 &
1559 1800 1653 1840 Lichf.
1672 1800 1800 1841 Elec‘lus,
1813 1814 1831 1832 a
1839 1801 1910 1842 festo
1931 1805 2025 1836 santii
2036 1807 2198 1846 Michaelis,
2216 1812 2308 1848 anuo,

1279 1839 1340 1874 &a
1356 1849 1404 1877 41.
1419 1847 1468 1877 per
1484 1850 1566 1868 unum
1579 1850 1690 1870 annum.

1244 1877 1402 1908 {Villielmus
1417 1878 1448 1907 de
1460 1877 1646 1920 Munechenefi
1654 1901 1663 1917 ,
1672 1887 1722 1917 per
1735 1879 1803 1908 idem
1815 1885 1923 1918 tempus.

1243 1916 1389 1955 Johannes
1403 1917 1434 1946 de
1451 1917 1610 1955 Warenna,
1621 1925 1672 1956 per
1686 1917 1755 1946 idem
1769 1924 1879 1955 tempus.

1244 1953 1423 1985 Baldewinus
1435 1955 1467 1984 de
1482 1955 1628 1995 Akynmy,
1640 1963 1689 1994 per
1703 1956 1773 1985 idem
1788 1962 1899 1994 tempus.

1192 2016 1196 2019 .
1244 1995 1324 2031 Hugo
1340 1994 1372 2023 de
1386 1992 1518 2033 Heyvill,
1530 2001 1580 2032 per
1595 1994 1664 2023 idem
1680 2000 1789 2032 tempus.

269 2056 318 2087 De
332 2053 540 2088 Diei-atoribus
548 2054 640 2102 super
650 2054 796 2102 praediffiis
813 2050 1081 2100 interceptionibus.

0 2150 72 2181 Ann-
88 2149 129 2180 D,
147 2135 268 2193 REX
281 2140 432 2178 omnibus,
450 2141 512 2171 &c.

17 2197 100 2227 1257·
238 2176 334 2207 Sciatis
353 2180 429 2217 quod
454 2178 654 2210 constituimus
673 2178 792 2209 dileftos
812 2179 845 2209 ὃ(
861 2176 953 2207 fideles
967 2174 1207 2219 nostros-Petrum

0 2232 46 2256 Aa.
58 2238 104 2264 4¹·
148 2213 184 2243 de
202 2213 320 2255 Burdeg.
341 2217 522 2247 Amauneum
543 2217 578 2248 de
594 2217 727 2258 Varreys,
742 2218 775 2248 &
790 2216 906 2247 Petrum
920 2214 1034 2253 Caylon
1046 2214 1207 2244 Dlsstatores

0 2271 29 2294 H.
51 2276 76 2302 3·
148 2262 182 2282 ex
202 2261 277 2291 parte
296 2254 406 2294 nostra,
421 2256 455 2285 ad
468 2256 545 2285 diem
561 2264 676 2296 captum
692 2258 765 2286 inter
777 2264 882 2294 partem
898 2254 1007 2284 illustris
1021 2253 1108 2292 Regis
1122 2252 1208 2282 Fran-

0 2305 96 2334 [bidem.
149 2292 217 2330 ciae,
231 2292 265 2322 &
287 2302 392 2331 partem
414 2294 558 2333 nostram,
576 2305 592 2325 a
613 2294 658 2325 die
684 2294 798 2325 Paschae
810 2293 942 2332 proximo
956 2292 1114 2330 praeteiito,
1132 2292 1208 2334 in'u-

149 2339 220 2360 num
239 2332 380 2370 mensem,
397 2333 469 2372 apud
488 2332 604 2363 Moram
621 2333 657 2363 de
679 2332 817 2374 Coynak,
832 2341 900 2363 cum
918 2331 1131 2360 continuatione
1149 2329 1209 2360 die-

148 2378 230 2413 rum,
248 2369 326 2409 super
341 2371 589 2409 interceptionibus
604 2379 762 2412 treugarum
771 2394 780 2410 ‚
795 2372 864 2402 inter
879 2369 969 2407 ipsum
985 2369 1098 2408 Regem
1110 2369 1143 2400 &
1157 2377 1209 2399 nos

147 2416 294 2445 mnarum3

181 2444 219 2514 {ii
235 2446 445 2516 adfaciegcdum
453 2470 463 2486 ,
479 2449 540 2479 &o
560 2456 591 2478 ut
603 2448 680 2489 stupra
693 2449 724 2478 in
738 2447 817 2477 brevi
834 2444 1018 2484 praecedente.

232 2494 328 2523 cujus,
381 2495 408 2516 c.

181 2559 270 2590 Teste
282 2569 313 2591 ut
326 2560 411 2601 supra.

145 2685 207 2717 Pro
234 2683 459 2730 Archiepisiopo
489 2684 656 2730 Aseffnnen.
680 2682 716 2716 de
741 2684 882 2717 Plenaria
896 2681 1034 2729 potestate
1051 2681 1096 2716 ad
1109 2686 1212 2716 omnia

351 2731 531 2779 expedienda
542 2758 553 2774 ‚
587 2736 619 2764 in
636 2735 764 2779 Negatio
781 2735 875 2779 Regni
889 2732 1003 2768 Sicilia.

0 2821 76 2853 Ann.
93 2822 135 2853 D.

19 2870 102 2900 1257.

0 2902 50 2928 An.
66 2911 113 2936 4¹·

154 2818 333 2880 DOmino
353 2816 454 2858 Papae,
471 2816 535 2847 Rex
554 2816 686 2857 salutem,
700 2827 770 2849 cum
789 2819 872 2848 omni
891 2817 1044 2849 reverentia
1067 2818 1101 2849 &
1119 2817 1214 2848 hono-

240 2867 269 2887 re

192 2895 339 2926 sanctitati
365 2893 464 2925 vestrae
493 2894 527 2925 ad
552 2895 699 2933 gratiarum
726 2894 890 2934 assurgimus
916 2896 1068 2926 uberrimas
1091 2893 1214 2926 aCtiones

155 2933 232 2972 quod
253 2935 337 2963 talem
357 2932 390 2963 δε
407 2941 515 2963 tantum
535 2935 645 2971 virum,
664 2934 759 2972 utique
772 2934 1026 2974 circumspechim,
1041 2934 1159 2964 summae
1172 2944 1215 2964 re-

0 2979 58 3004 Pat.
72 2960 119 3013 ζμ.
156 2972 176 3001 li
196 2972 266 3001 ionis
293 2971 327 3002 &
355 2971 509 3009 prudentiae
563 2971 755 3002 venerabilem
814 2982 887 3003 trem
904 2972 932 3011 J.
959 2972 1214 3011 Archiepiscopum

0 3018 36 3042 H.
56 3025 82 3051 3,
157 2980 315 3052 fiestanen.
331 3008 414 3039 vestri
425 3019 458 3040 ac
471 2994 559 3040 nostri
572 3011 688 3041 honoris
702 3010 773 3041 fervi
793 3021 843 3041 um
857 3011 1010 3041 zelatorem
1028 3034 1038 3050 ,
1059 3021 1112 3048 pro
1126 3021 1214 3051 nego-

1 3061 28 3079 η.
42 3053 68 3081 d,
156 3055 199 3077 tio
219 3047 316 3087 Regni
328 3047 447 3085 Siciliae,
462 3048 497 3078 ad
516 3058 569 3078 nos
587 3049 723 3079 destinare
742 3051 868 3088 curavit3
884 3060 970 3089 quem
990 3049 1024 3080 ad
1038 3050 1214 3089 benignitatis

156 3084 257 3115 vestrae
279 3085 469 3124 praesentiam,
494 3086 530 3116 de
548 3087 666 3117 consilio
685 3087 843 3119 Procerum
865 3089 899 3119 ὃς
919 3089 1038 3119 aliorum
1059 3088 1215 3118 Nobilium

156 3123 251 3162 Regni
271 3123 376 3162 nostri,
391 3124 564 3161 remitimuS,
579 3134 663 3163 prout
679 3127 778 3158 melitis
797 3127 832 3158 ad
854 3127 990 3158 Ecclefiae
1012 3126 1157 3157 Romanae
1180 3128 1213 3159 &

156 3162 287 3193 nostrum
302 3161 492 3206 commodum
506 3163 539 3194 &
553 3163 693 3194 honorem
707 3167 850 3203 potuimus
864 3166 982 3196 feliciter
993 3165 1162 3206 expeditum.

193 3200 229 3231 In
251 3201 392 3239 praesentia
411 3201 524 3240 quidem
537 3202 626 3244 „ipsius
644 3203 839 3243 tradiavimus,
857 3205 891 3236 &
912 3204 1065 3235 efficaciter
1075 3204 1215 3234 ordinavi-

158 3248 221 3269 mus
239 3240 274 3283 de
297 3239 455 3277 capitaneo
473 3239 578 3278 nobili,
594 3241 686 3279 probo
704 3242 737 3272 δε
757 3243 886 3282 strenuo,
900 3253 933 3274 ac
954 3244 1010 3274 aliis
1023 3243 1214 3281 solempnibus

156 3277 285 3308 Nuncus
330 3287 398 3308 curn
417 3287 517 3317 magna
536 3279 645 3308 summa
664 3282 791 3316 pecuniae
805 3305 815 3320 ,
839 3281 872 3312 ad
896 3282 1013 3313 vestram
1036 3281 1215 3312 clementiam

159 3300 343 3354 destinanciis‚
359 3315 523 3346 habentibus
542 3317 694 3357 plenariam
714 3319 879 3357 potestatem
901 3320 1021 3351 faciendi
1043 3321 1140 3350 omnia
1152 3329 1216 3362 quae

159 3364 212 3384 nos
231 3355 280 3392 ipsi
301 3355 455 3385 faceremus
479 3355 499 3384 fi
518 3354 665 3392 praesentes
679 3357 813 3396 essemusz,
829 3368 914 3398 prout
928 3360 1004 3390 idem
1022 3358 1217 3398 Archiepilco-

160 3402 211 3430 pus
222 3392 385 3423 beatitudini
398 3392 498 3423 vestrae
512 3393 618 3433 plenius
633 3393 748 3425 reserare
758 3400 860 3435 poterit
872 3399 936 3428 viva
952 3408 1034 3428 voce.

195 3430 304 3475 Vestrae
317 3432 403 3470 igitur
414 3431 549 3461 sanctitati
563 3441 631 3461 cum
643 3431 765 3473 affeetu,
783 3445 841 3474 quo
854 3436 1014 3475 possumus,
1035 3435 1218 3476 supplicamus

161 3478 288 3539 guatmus
303 3478 500 3514 ⁴memoratum
519 3471 680 3510 negotium,
706 3482 759 3512 pro
777 3483 836 3513 quo
853 3482 897 3505 tot
914 3474 1077 3506 sustinuistis
1096 3474 1218 3512 labores,

173 3516 288 3552 umptus
301 3508 496 3539 mumerabiles
510 3507 656 3547 faciendo,
679 3519 858 3542 manutenere
871 3513 961 3544 velitis
970 3536 979 3553 ,
995 3514 1028 3544 δε
1043 3512 1141 3544 vestrae
1154 3523 1218 3543 mu-

162 3546 316 3578 mficentiae
335 3548 452 3586 gratiam
474 3547 652 3585 affluentem,
673 3558 756 3616 auam
773 3549 808 3581 de
826 3552 964 3588 praeditfto
985 3553 1091 3591 Regno
1110 3552 1139 3581 in
1159 3551 1219 3581 Ed-

164 3585 274 3617 mundo
291 3585 432 3616 kariffimo
443 3594 510 3616 nato
525 3583 623 3615 nostro
637 3596 672 3616 ve
700 3597 727 3617 ra
737 3587 878 3620 liberalitas
891 3591 973 3621 nobis
988 3593 1003 3608 ⁹*
1018 3591 1084 3621 fecit
1093 3612 1103 3628 ,
1123 3590 1219 3620 favore

163 3624 299 3655 benivolo
318 3625 482 3656 continuare
500 3625 618 3661 curetis,
636 3625 741 3655 nullam
762 3629 869 3665 negotii
891 3629 1019 3667 praediffi
1034 3629 1219 3658 mutationem

162 3663 209 3695 vel
221 3663 435 3732 iginovationem
443 3685 453 3702 ,
471 3663 538 3695 citra
552 3661 695 3693 dictorum
706 3663 894 3698 Nunciorum
907 3666 1058 3700 adventum
1066 3690 1076 3706 ,
1086 3666 1219 3706 aliquate-

163 3711 216 3733 nus
249 3711 289 3732 en
301 3709 440 3742 patientes.

197 3777 286 3812 Teste
298 3777 381 3818 Rege
392 3777 465 3816 apud
483 3777 611 3810 Merton.
629 3778 674 3809 die
687 3787 723 3809 10
737 3778 818 3812 Maii.

0 3602 32 3628 'Q
44 3602 68 3631 1.
82 3602 146 3632 621.

201 3854 255 3883 Sub
277 3856 369 3885 eadem
381 3854 494 3895 forma,
513 3859 628 3886 mutatis
651 3857 803 3896 mutandis,
817 3855 949 3898 scribitur
967 3858 1121 3891 venerabili
1143 3862 1221 3891 coetui

166 3892 368 3933 cardinalium,
377 3902 428 3933 per
442 3894 548 3926 litteras
571 3893 631 3925 clau
643 3904 683 3925 as.

211 4080 283 4112 Tom-
301 4082 328 4112 1.
343 4083 376 4112 P.
393 4086 440 4121 Π,

1244 2035 1360 2069 Rogerus
1379 2032 1411 2062 de
1430 2031 1459 2061 la
1483 2033 1618 2071 Lauade,
1637 2033 1799 2062 duraturam
1811 2033 1938 2073 quamdiu
1951 2032 2041 2074 ficirit
2055 2046 2112 2067 cum
2121 2036 2251 2076 praedic‘lo
2265 2037 2307 2066 E-

1282 2070 1349 2100 Ιεέῖο
1363 2074 1392 2101 in
1401 2070 1528 2109 partibus
1538 2072 1686 2109 praedielis.

1245 2111 1324 2149 Hugo
1337 2107 1361 2138 le
1375 2108 1471 2148 Sauser
1483 2109 1644 2139 duraturam
1652 2132 1662 2147 ,
1680 2115 1711 2138 ut
1717 2109 1811 2149 supra.

1249 2148 1382 2194 Robertus
1395 2148 1426 2178 de
1441 2145 1543 2187 Osgod,
1562 2149 1724 2179 duraturam
1736 2160 1755 2178 a
1768 2147 1873 2188 Pascha
1883 2171 1894 2189 2
1911 2159 1983 2180 anno
1994 2172 2004 2188 ,
2028 2148 2089 2186 ὠς.
2108 2160 2158 2190 41.
2170 2159 2221 2190 per
2235 2152 2309 2183 bien-

1284 2197 1368 2217 mum.
1573 2211 1577 2215 .
2204 2212 2208 2215 .

1248 2226 1346 2256 Adam
1361 2224 1386 2254 le
1403 2224 1510 2265 Waleys
1539 2234 1589 2265 per
1602 2226 1672 2256 idem
1683 2232 1793 2265 tempus.

1247 2264 1360 2304 Egidius
1367 2263 1446 2305 filius
1460 2249 1615 2304 Willielmi,
1631 2273 1682 2303 per
1698 2265 1767 2295 idem
1780 2271 1889 2302 tempus.

1247 2302 1363 2333 Thomas
1385 2303 1418 2332 de
1435 2301 1464 2331 la
1487 2302 1580 2342 Pulle,
1598 2315 1616 2333 a
1628 2302 1700 2343 sesto
1722 2304 1817 2334 SanC‘t'i
1828 2301 1996 2347 'Michaeliss
2012 2314 2101 2345 anno,
2118 2305 2179 2342 ἀι.
2195 2315 2244 2345 41.
2257 2314 2308 2345 per

1321 2353 1338 2370 u
1377 2353 1396 2370 a
1436 2352 1453 2370 u
1483 2366 1489 2371 .

1247 2353 1334 2410 GuliZ'o
1339 2353 1534 2448 ῃὲαῇῗιηῖιῗρν
1546 2380 1615 2411 idem
1628 2387 1736 2420 tempus.

1248 2419 1411 2486 ReginalZlus
1432 2422 1539 2487 Foydegt-ff,
1557 2420 1721 2450 duraturam
1741 2419 1869 2459 quamdiu
1877 2418 1972 2460 fuerit
1991 2423 2021 2451 in
2033 2420 2153 2459 servitio
2173 2421 2266 2453 Elecli
2285 2426 2314 2454 in

1302 2461 1360 2487 arti
1372 2468 1408 2486 *us
1441 2468 1477 2488 rae
1497 2461 1506 2486 i
1535 2461 1566 2487 is.

1249 2466 1331 2527 Itepm.
1351 2465 1466 2526 Thurias
1479 2497 1511 2526 de
1525 2495 1553 2525 la
1568 2494 1645 2524 Pulle
1655 2495 1801 2533 praedil't'us
1806 2494 1951 2537 similiter,
1973 2499 2104 2538 quamdiu
2108 2498 2201 2538 fuerit
2213 2504 2242 2530 in
2247 2501 2309 2540 ser-

1288 2538 1359 2564 vitio
1375 2534 1463 2563 Elecli
1477 2538 1505 2564 isa
1520 2533 1641 2564 curtibus
1648 2534 1796 2571 praediciis.

1251 2572 1410 2603 Wllielmus
1424 2564 1544 2602 Blundel
1550 2597 1559 2611 ‚
1578 2571 1694 2602 Clericus
1702 2573 1829 2609 praedilli
1842 2571 1950 2612 Elem,
1965 2585 1984 2603 a
1996 2573 2061 2614 festo
2072 2575 2166 2606 Sanc‘li
2183 2575 2311 2606 Michae-

1287 2610 1338 2650 lis,
1355 2617 1442 2648 anno,
1462 2609 1522 2645 dvc.
1540 2621 1589 2649 41.
1626 2621 1654 2639 er
1669 2617 1785 2650 quatuor
1798 2622 1889 2641 annos.

1250 2652 1329 2687 Hugo
1342 2649 1366 2679 le
1380 2649 1540 2690 Dcspenfir,
1557 2662 1576 2680 a
1580 2619 1653 2689 ,76ιῇίο
1669 2649 1762 2679 Simili
1775 2648 1939 2689 Michaelis,
1955 2660 2047 2689 anno,
2072 2648 2132 2686 &a
2154 2649 2204 2691 41.
2217 2660 2268 2691 per
2281 2664 2314 2683 u⁸⁵

1288 2699 1352 2718 nun?
1365 2700 1473 2718 lunium.

1254 2728 1352 2765 Adam
1368 2727 1400 2757 de
1413 2730 1519 2757 Dotton
1527 2735 1576 2765 per
1591 2725 1658 2755 idem
1670 2732 1780 2764 tempus.
1943 2752 1945 2755 .

1254 2764 1416 2796 Wllielmus
1435 2765 1564 2803 Talehot,
1581 2765 1744 2794 duraturam
1762 2765 1889 2805 quamdiu
1901 2764 1993 2805 fuerit
2014 2768 2043 2796 in
2054 2766 2175 2807 servitio
2185 2767 2313 2807 praedicffi

1290 2803 1380 2834 Elec‘ii
1395 2808 1424 2834 in
1434 2804 1559 2843 partibus
1571 2803 1718 2842 praedislis.
1894 2810 1899 2812 ·

1252 2843 1384 2872 Ricardus
1396 2844 1428 2873 de
1440 2842 1596 2873 Colewurch
1613 2840 1706 2882 afesto
1720 2843 1814 2873 Sanczi
1828 2842 1991 2882 Michaelis,
2008 2854 2098 2883 anm,
2115 2842 2178 2881 &c.
2203 2854 2252 2885 41.
2265 2853 2316 2885 per

1289 2893 1371 2911 ununl
1384 2893 1495 2911 arliltlnl.

1253 2919 1391 2950 Gilbertus
1407 2921 1439 2949 de
1452 2918 1603 2959 Ellesseld,
1616 2927 1666 2958 per
1680 2919 1749 2949 idem
1762 2925 1871 2957 tempus.

1252 2958 1368 2989 Thomas
1381 2958 1404 2988 le
1417 2957 1514 2988 Blund
1520 2981 1530 2996 ,
1541 2966 1589 2996 per
1606 2958 1674 2987 idem
1688 2965 1798 2996 tempus.

1252 2997 1375 3035 Jacobus
1390 2998 1421 3027 de
1435 2995 1607 3034 Anddeger,
1616 2997 1745 3034 peridem
1759 3002 1868 3034 tempus.

1255 3035 1397 3065 Walterus
1411 3037 1441 3065 de
1456 3035 1485 3064 la
1499 3037 1611 3072 Graue,
1624 3043 1674 3073 per
1689 3035 1758 3064 idem
1771 3041 1881 3072 tempus.

1254 3078 1369 3112 Rogerus
1386 3078 1502 3111 Crawe,
1519 3081 1568 3112 per
1583 3073 1652 3102 idem
1668 3079 1778 3111 tempus.

1254 3114 1385 3143 Ricardus
1401 3114 1431 3143 de
1447 3110 1651 3151 Amundeuyle,
1670 3119 1720 3149 per
1733 3111 1802 3140 idem
1816 3116 1925 3148 tempus.

1255 3152 1275 3172 ἶ*
1294 3151 1444 3181 Nicholaus
1456 3152 1487 3181 de
1501 3149 1653 3186 Meulinger
1661 3172 1671 3188 ,
1683 3157 1733 3187 per
1746 3149 1815 3179 idem
1828 3156 1938 3189 tempus.

1255 3192 1372 3227 Rogerus
1391 3191 1424 3219 de
1436 3194 1588 3226 Somerton,
1602 3196 1652 3226 per
1666 3188 1736 3217 idem
1749 3193 1858 3226 tempus.

1255 3228 1370 3258 Thomas
1385 3229 1417 3258 de
1431 3226 1583 3295 Herel‘ord,
1595 3233 1644 3265 per
1658 3227 1725 3256 idem
1740 3232 1850 3264 tempus.

1255 3267 1354 3306 Joceus
1368 3266 1441 3306 filius
1456 3269 1495 3296 Ro
1514 3269 1584 3303 erti,
1596 3272 1646 3303 per
1660 3265 1729 3295 idem
1743 3271 1853 3303 tempus.

1256 3305 1372 3334 Thomas
1389 3306 1420 3335 de
1438 3303 1558 3343 Pavely,
1575 3311 1622 3341 per
1637 3303 1705 3332 idem
1721 3310 1829 3342 tempus.

1255 3343 1403 3383 Johannes
1416 3344 1447 3373 de
1460 3343 1559 3372 Saudo
1575 3340 1710 3380 Walerio‚
1722 3350 1772 3380 per
1786 3343 1856 3372 idem
1870 3347 1979 3378 tempus.

1256 3382 1406 3420 Stephanus
1422 3382 1453 3411 de
1468 3380 1588 3420 Chendyt
1596 3403 1606 3419 ,
1616 3388 1665 3419 per
1677 3381 1746 3410 idem
1759 3387 1869 3418 tempus.

1258 3420 1420 3450 lVillielmus
1427 3417 1505 3459 filius
1520 3418 1659 3458 Johannis
1673 3419 1706 3449 de
1717 3417 1870 3458 Stotevyle‚
1881 3426 1930 3457 per
1944 3416 2013 3446 idem
2028 3419 2136 3452 ternpus.

1257 3459 1402 3498 Johannes
1417 3460 1448 3488 de
1461 3456 1615 3498 Stotevyle,
1648 3467 1676 3487 er
1689 3457 1758 3486 idem
1771 3464 1882 3495 tempus.

1257 3500 1349 3527 Hamo
1361 3497 1392 3527 de
1407 3498 1527 3533 Gatton,
1540 3504 1590 3534 per
1602 3498 1612 3524 i
1631 3507 1670 3525 em
1683 3502 1793 3533 tempus.

1258 3538 1356 3566 Petrus
1372 3536 1403 3565 de
1418 3533 1527 3574 Anefr,
1544 3535 1709 3565 duraturam
1721 3533 1847 3573 quamdiu
1854 3531 1944 3571 fuerit
1953 3556 1963 3570 ,
1988 3533 2015 3560 in
2027 3527 2153 3567 partibus
2160 3527 2318 3569 praediffis,

1296 3577 1325 3605 in
1334 3573 1453 3615 servitio
1461 3573 1601 3611 praedido.

2337 3158 2352 3175 ⁴⁸
2369 3158 2393 3188 1.
2405 3157 2469 3186 622'.

1259 3715 1379 3748 Littera
1405 3711 1532 3746 Ricardi
1554 3715 1640 3759 Regis
1665 3715 1871 3745 Romanorum
1896 3707 1932 3741 dc
1956 3704 2130 3751 Succeffihus
2145 3710 2182 3746 (ῤ’
2194 3709 2323 3755 sblemni

1330 3763 1521 3795 Coronatione
1530 3761 1591 3806 sua
1608 3764 1639 3793 in
1658 3759 1733 3794 Sede
1747 3759 1848 3794 Caroli
1864 3759 1993 3804 Magni,
2030 3756 2231 3804 Aqussgrani.

1261 3855 1454 3917 RIcardus,
1472 3853 1529 3884 Dei
1547 3852 1651 3893 gratia,
1668 3853 1869 3884 Romanorum
1888 3851 1953 3882 Rex
1973 3850 2082 3890 semper
2096 3850 2320 3891 AugustusAEd-
2340 3861 2416 3893 Am·
2431 3860 2471 3891 D,

1342 3893 1457 3931 wardo,
1475 3892 1584 3922 illustris
1605 3892 1692 3931 Regis
1711 3891 1822 3931 Angliae
1836 3891 2045 3932 primogenito,
2061 3890 2202 3922 cariffimo
2213 3890 2247 3920 N
2250 3900 2319 3931 epo-
2357 3908 2440 3938 1257-

1262 3935 1285 3965 ti
1299 3933 1363 3970 su0,
1380 3931 1492 3962 salutem
1508 3932 1541 3961 &
1556 3930 1649 3961 felices
1660 3930 1693 3960 ad
1708 3939 1775 3961 vota
1789 3929 1933 3960 successus.
2334 3943 2387 3967 An.
2401 3949 2450 3974 4¹-

1301 3970 1436 4001 Libenter
1454 3971 1567 4001 votivos
1578 3970 1615 4002 ὃς
1631 3969 1752 4000 celebres
1767 3968 1870 3999 nostrae
1883 3968 2018 3999 felicitatis
2031 3976 2146 3999 eventus
2158 3967 2194 3998 ad
2207 3965 2319 3997 nostro-
2336 3983 2370 4006 Η,
2391 3986 2417 4013 3-

1262 4019 1330 4040 1um
1350 4008 1506 4049 specialium
1525 4008 1684 4038 amicorum
1705 4007 1791 4039 corda
1812 4008 2016 4044 transferimus,
2032 4008 2066 4038 &
2081 4007 2116 4037 ad
2130 4015 2205 4036 aures
2217 4007 2317 4045 praeci-

1268 4049 1325 4086 pue
1347 4047 1446 4078 vestrae
1465 4046 1622 4079 dilectionis
1642 4046 1702 4085 (cui
1721 4046 1759 4078 fic
1774 4055 1826 4076 nos
1838 4045 1964 4079 identitas
1975 4046 2111 4086 sanguinis
2124 4045 2252 4077 counivit
2258 4051 2316 4087 „ut

1781 4083 1814 4123 D
2276 4091 2323 4120 ¹1>=
