2560 4261
729 209 841 250 ET
921 208 1187 250 ACTA

0 299 73 332 Αῃῃ,
96 299 137 331 D.
151 295 203 327 hiis
215 302 326 334 autem,
347 304 411 334 quae
424 293 556 335 praedieta
567 293 644 332 sunt,
662 295 696 326 δε
712 295 740 324 in
753 305 807 333 qua
821 303 897 333 parte
910 305 962 325 vos
976 295 1065 325 velitis
1086 293 1211 324 declina-

27 348 111 379 1203.
155 345 202 372 re,
225 343 271 364 aut
292 334 382 364 versus
402 333 570 369 Remenscs,
589 341 636 363 aut
655 333 746 363 versus
769 333 973 364 Cameriacens.
998 333 1159 363 festinanter
1178 332 1212 361 ὃς

155 372 267 403 indilate
278 373 360 403 nobis
372 382 418 409 ea,
438 381 501 409 quse
514 371 640 401 vestrum
659 372 767 407 potiora
789 372 872 408 eliget
892 372 1055 409 consilium,
1073 370 1212 413 dignemi-

155 413 185 441 ni
207 411 381 450 iignificare;
406 411 485 447 quia,
510 408 645 446 quicquid
664 410 746 439 nobis
763 410 927 448 consuletis,
953 410 1109 440 voluntarie
1128 408 1214 439 facie-

154 459 227 480 mus.

193 489 231 519 Su
253 497 283 517 er
297 485 380 517 donis
393 493 487 515 autem
501 485 535 516 &
549 484 677 522 ludicris,
696 486 724 515 in
741 486 841 524 quibus
853 486 943 516 vestra
958 496 1009 516 nos
1023 485 1142 515 visitavit
1155 493 1217 523 gra-

153 527 206 564 tia,
225 498 301 564 (guae
321 523 471 563 gratiffima
489 524 629 559 tenemus)
652 524 685 554 ὃς
707 525 839 554 maximas
852 524 997 554 dileffioni
1012 524 1111 554 vestrae
1127 531 1216 562 grates

152 565 311 600 referimus,
337 569 450 599 quantas
476 561 622 601 possumus
642 563 675 592 δε
697 570 810 599 quantas
832 562 985 600 debemus,
1008 563 1173 599 suscepimus
1194 562 1214 581 ²*

154 611 248 633 autem
268 600 304 630 de
321 600 433 630 ludicris
454 599 551 630 vestris
570 601 609 629 60
625 610 744 638 cuppas,
761 602 794 632 &
807 610 828 639 4
842 610 977 639 corrigas,
995 602 1029 632 &
1046 601 1062 631 8
1078 601 1213 638 firmaria,

153 643 188 673 &
206 640 241 670 18
258 639 384 669 annulos.

190 678 280 715 Super
294 677 345 707 hiis
356 685 468 714 autem,
486 677 519 707 &
533 675 612 713 super
632 676 714 706 bonis
734 686 798 714 quae
817 675 907 706 vestra
927 677 1011 716 gratia
1033 677 1151 707 contulit
1171 676 1213 706 di-

150 717 229 748 lecto
242 716 276 747 ὃς
289 715 364 745 fideli
377 715 477 745 nostro
493 715 526 744 &
540 714 637 744 vestro
650 715 689 745 T.
708 723 796 759 grates
811 715 893 744 vobis
906 716 1050 750 referimus
1067 716 1212 746 multimo-

152 755 199 786 das
213 763 312 794 praeter
326 755 406 792 haec,
423 753 489 784 duas
500 751 610 791 pelves,
629 754 662 784 &
678 762 692 792 3
705 752 791 792 justas
806 753 938 783 scutellas.

5 577 54 605 ³1.
72 587 134 616 ¹34·

344 889 439 921 Carta
457 888 568 934 Reginae
585 884 713 932 Islzbellae
721 887 811 931 fagi-a
828 886 863 920 de
880 891 958 922 Dote
967 890 1039 934 sita.

8 978 84 1010 Ann.
96 977 137 1008 D.
193 976 344 1017 Ohannes,
363 977 421 1008 Dei
436 977 553 1015 Gratia,
572 978 632 1008 δίε.

35 1025 120 1055 1203.
223 1017 318 1047 Sciatis
333 1027 386 1047 nos
406 1016 511 1047 dediffe
545 1014 712 1046 concessisse
730 1016 764 1047 &
785 1016 911 1057 praesenti
930 1016 1015 1047 Carta
1039 1013 1218 1046 confirmasse

7 1059 60 1085 An.
68 1065 96 1091 5.
157 1054 268 1085 dilect-x
282 1055 380 1085 Uxori
392 1054 497 1085 nostrae
511 1041 650 1091 l’sabellae,
663 1054 760 1084 eadem
776 1056 860 1093 gratia
876 1055 996 1094 Reginae
1009 1054 1119 1092 Angliae
1128 1077 1137 1090 ,
1155 1053 1219 1097 &c

6 1093 72 1133 Joh.
161 1095 238 1131 (quae
253 1094 282 1123 in
295 1093 396 1133 Anglia
410 1093 446 1123 de
459 1094 609 1124 communi
620 1092 724 1123 assensu
737 1093 770 1123 &
785 1093 925 1123 concordi
940 1093 1084 1123 voluntate
1099 1091 1220 1121 Archie-

7 1136 83 1159 Cart·
93 1140 121 1166 5-
157 1131 339 1170 piscoporum
353 1157 363 1170 ,
386 1131 597 1170 Episcoporum
612 1155 622 1168 ,
647 1131 799 1162 Comitum
814 1156 824 1169 ,
842 1131 1002 1168 Baronum,
1020 1128 1098 1159 Cleri
1112 1131 1146 1160 δε
1160 1129 1220 1160 Po-

7 1169 109 1208 Johan-
158 1170 216 1214 puli
230 1171 316 1201 totius
324 1171 419 1210 Regni
433 1172 461 1201 in
475 1171 618 1211 Reginam
633 1170 745 1210 Angliae
759 1169 800 1200 est
814 1169 960 1205 coronata)
975 1169 1073 1198 omnia
1085 1167 1221 1205 subscrip-

9 1210 139 1245 m's‚n.33·
158 1218 185 1241 ta
195 1219 225 1239 m
238 1208 338 1241 dotem
348 1234 357 1248 ,
376 1209 490 1241 Scilicet
504 1234 513 1248 ,

200 1257 224 1277 1.
244 1246 279 1278 In
292 1247 427 1279 Devonia
442 1247 595 1279 Civitatem
608 1245 797 1278 Exoniensem
812 1255 880 1276 cum
895 1245 962 1275 feria
976 1244 1098 1284 ejusdem
1111 1244 1221 1275 Civita-

161 1286 210 1324 tis,
230 1286 413 1325 Lestagium,
433 1288 466 1318 &
480 1287 658 1326 Stallagium,
676 1286 709 1315 ὃς
724 1284 891 1321 Listonam;
907 1293 992 1321 quam
1006 1283 1178 1313 Willielmus
1186 1283 1223 1313 de

161 1324 304 1354 Garesden
324 1327 357 1356 ὃς
378 1325 480 1362 Agath.
496 1325 583 1355 Uxor
596 1324 640 1352 sua
655 1322 807 1360 tenebunt,
826 1321 887 1352 tota
901 1321 959 1352 vitzi
972 1321 1033 1359 sua,
1052 1321 1222 1360 responden-

161 1362 202 1393 do
216 1363 251 1393 de
263 1363 374 1394 servitio
387 1364 457 1394 illius
471 1372 552 1393 terra:
566 1361 650 1390 dictae
666 1361 799 1397 Reginae,
819 1359 883 1397 post
898 1369 1022 1397 quorum
1039 1369 1164 1390 mortem
1179 1370 1224 1390 re-

163 1410 289 1432 vertetur
308 1412 378 1433 rerra
398 1401 443 1432 illa
464 1402 492 1430 in
515 1398 848 1441 Dominicum'ejusdem
870 1397 1014 1437 Reginae,
1039 1399 1073 1430 &
1094 1407 1226 1437 praeterea

163 1439 331 1470 Kentonam
348 1441 382 1471 &
396 1438 601 1475 Ailricheston,
618 1437 652 1468 &
665 1436 764 1467 Wike.

201 1488 229 1508 2.
249 1478 282 1508 Iri
296 1478 454 1515 somerset,
472 1475 632 1507 Ivelcestre.

201 1516 236 1546 In
252 1516 376 1546 Wiltsire
390 1515 525 1554 Wilton,
543 1514 735 1552 Maumesbir,
751 1513 918 1551 Betesdum,
936 1523 1022 1552 quam
1035 1513 1178 1544 Heriricus
1192 1513 1229 1544 de

164 1554 307 1586 Bernavall
327 1563 426 1593 tenet,
453 1555 502 1592 qui
522 1552 702 1591 respondebit
726 1552 820 1583 eidem
842 1551 965 1592 Reginae
985 1553 1022 1583 de
1035 1553 1145 1583 servitio
1158 1553 1229 1592 ejus-

164 1593 231 1624 dem
244 1602 342 1631 terrae,
360 1594 393 1624 ὃς
408 1592 628 1623 Wilteressawe.
1160 1631 1165 1635 .

204 1641 229 1671 3.
249 1631 400 1663 In'Sussex
423 1630 579 1662 Civitatem
603 1629 750 1660 Cicestriae
764 1654 773 1668 ,
791 1629 863 1660 salva
876 1638 974 1660 tenura
988 1630 1112 1661 Simonis
1128 1629 1229 1660 Cic&-

165 1671 226 1701 triae
247 1670 330 1700 eleffi
352 1670 387 1701 de
406 1678 465 1701 tota
478 1669 522 1700 illa
535 1669 675 1706 Civitate,
694 1679 761 1699 cum
777 1670 947 1706 pertinentiis
964 1679 1013 1706 per
1026 1670 1170 1706 antiquam
1182 1667 1229 1698 fir-

166 1718 243 1739 mam
279 1709 348 1739 sicut
359 1711 388 1739 in
399 1708 483 1739 Carta
498 1707 608 1746 nostra,
628 1717 713 1745 quam
725 1706 791 1738 inde
804 1708 906 1746 habet,
924 1709 1096 1739 continetur.

203 1757 233 1787 4.
249 1733 287 1777 ²Iti
303 1747 430 1778 London
465 1746 595 1777 Hetham
613 1746 743 1785 Reginae.

166 1794 232 1855 νῷ.
251 1785 286 1816 In
300 1785 401 1825 Effex‚
419 1772 525 1816 Villam
538 1784 575 1815 de
591 1784 756 1824 Waltham,
774 1794 861 1823 quarn
875 1783 971 1814 Abbas
987 1784 1020 1815 δε
1037 1784 1178 1816 Canonici
1194 1784 1230 1815 de

213 1824 316 1855 altham
328 1832 426 1855 tenent
438 1823 472 1855 ad
485 1824 605 1855 firmam.

205 1864 233 1894 6.
254 1862 288 1893 In
308 1862 501 1894 Hertfordfire
514 1888 524 1902 ,
548 1864 693 1894 honorem
715 1862 752 1893 de
772 1861 973 1892 Berkhamsted
988 1886 997 1900 ,
1016 1871 1084 1892 cum
1097 1861 1233 1892 omnibus

167 1903 341 1941 pertinentiis
354 1902 404 1932 suis
414 1925 423 1940 ‚
440 1903 500 1933 tam
514 1904 543 1932 in
559 1902 723 1933 Dominicis
737 1901 825 1939 quam
845 1900 952 1939 feodis3
969 1902 1003 1932 ὃς
1017 1909 1152 1938 praeterea
1167 1899 1233 1930 Co-

168 1941 300 1971 mitatum
314 1939 351 1970 de
363 1939 508 1970 Roteland
517 1964 527 1979 ‚
545 1942 579 1971 &
594 1940 699 1970 Villam
712 1938 749 1969 de
764 1938 960 1977 Rokingham.

206 1989 231 2013 7.
252 1979 290 2009 Et
310 1979 339 2008 in
362 1978 547 2009 Normannia
571 1978 656 2008 Faleis
676 1979 709 2009 ὃς
723 1977 869 2008 Danfront
884 1987 952 2007 cum
968 1979 1156 2016 pertinentiis,
1175 1977 1234 2008 Bo-

171 2027 240 2048 nam
259 2017 364 2047 Villam
383 2017 463 2055 super
483 2016 602 2048 Tokam
617 2029 627 2055 3
654 2017 688 2048 &
709 2025 842 2054 praeterea
855 2017 953 2046 omnia
965 2017 1031 2055 alia,
1047 2027 1111 2055 quae
1124 2017 1236 2047 dilectae

172 2055 263 2088 Matri
281 2055 385 2085 nostrae
405 2056 441 2085 Α.
461 2056 582 2095 Reginae
598 2055 709 2094 Angliae
731 2056 761 2084 in
783 2054 882 2084 dotem
896 2054 1000 2085 fuerint
1014 2055 1159 2094 affignata,
1175 2055 1236 2085 tam

171 2095 241 2125 citra
260 2103 338 2125 mare
373 2104 459 2131 quam
474 2094 560 2132 ultra,
579 2095 629 2132 &,
648 2093 668 2123 li
682 2092 750 2130 quid
762 2092 829 2122 inde
842 2092 926 2122 fuerit
939 2093 1113 2124 subtraetum
1126 2093 1172 2124 vel
1186 2094 1237 2123 ab-

171 2133 261 2164 latum
282 2143 332 2171 per
345 2118 482 2162 XR'erram
503 2132 549 2164 vel
560 2132 654 2170 aliter,
673 2131 805 2162 volumus
820 2131 899 2168 quod
914 2131 940 2161 ei
953 2140 1121 2169 competens
1133 2133 1166 2163 ὃς
1180 2132 1237 2162 suf-

172 2171 269 2202 ficiens
290 2170 356 2200 inde
375 2170 422 2201 fiat
444 2170 616 2202 escambium
637 2172 667 2201 in
682 2169 800 2210 Anglia,
816 2170 873 2200 sine
886 2170 1113 2202 contradictione
1129 2170 1177 2203 vel
1189 2170 1239 2201 ali-

172 2219 230 2249 qua
245 2209 441 2239 diminutione.

212 2248 311 2287 Qiare
330 2247 464 2279 volumus
483 2248 517 2278 δε
538 2247 655 2279 firmiter
675 2250 855 2287 praecipimus
877 2249 956 2288 quod
980 2248 1113 2287 praediCta
1126 2249 1240 2281 IsabelIa

176 2286 305 2326 Regina,
323 2287 411 2318 Uxor
423 2285 536 2325 nostra,
554 2288 582 2317 iri
596 2287 703 2327 Regno
723 2287 834 2328 Angliae
849 2288 908 2318 tam
932 2287 1112 2326 solempniter
1124 2297 1155 2320 ut
1168 2299 1240 2327 prae-

177 2325 289 2357 dietum
311 2325 352 2356 est
367 2350 376 2364 ,
395 2327 424 2355 in
439 2326 582 2365 Reginam
595 2326 709 2366 Angliae
722 2335 871 2364 coronata,
891 2327 990 2356 habeat
1004 2328 1039 2358 ὃς
1052 2335 1162 2366 teneat,
1179 2336 1239 2359 tota

174 2366 232 2395 vita
244 2365 304 2403 sua,
323 2365 419 2394 omnia
432 2364 579 2402 praedieta,
596 2374 665 2395 cum
679 2366 814 2396 omnibus
827 2366 998 2403 pertinentiis
1016 2365 1067 2395 suis
1080 2391 1089 2404 ,
1108 2367 1242 2397 libertati-

177 2403 230 2433 bus
247 2404 281 2434 &
302 2403 393 2433 liberis
414 2402 662 2434 consuetudinibus
674 2428 684 2442 ,
716 2403 789 2434 adeo
814 2404 888 2434 bene
906 2404 940 2435 &
958 2405 987 2434 iri
1009 2414 1079 2442 pace
1100 2405 1187 2436 libere
1206 2407 1241 2437 &

200 2442 273 2471 uiete
287 2465 296 2479 ,
319 2443 427 2510 integre
446 2442 480 2473 &
494 2441 618 2480 plenarie
631 2442 702 2473 sicut
716 2442 813 2481 aliquis
827 2441 1064 2480 praedecessorum
1076 2443 1242 2474 nostrorum

212 2490 297 2519 egum
397 2481 429 2509 ’τε
443 2504 454 2519 ‚
476 2481 524 2510 vel
544 2490 598 2510 nos
610 2489 749 2518 umquam
762 2480 880 2518 melius,
897 2481 1007 2519 plenius
1018 2482 1052 2512 &
1065 2481 1179 2513 liberius
1193 2483 1243 2513 ha-

179 2519 293 2549 buimus
307 2529 337 2548 ea
349 2519 379 2548 in
392 2529 478 2549 manu
493 2518 596 2549 nostra.

215 2556 405 2587 Prohibemus
426 2559 510 2587 etiam
530 2567 568 2587 ne
586 2558 647 2595 quis
665 2556 837 2596 Justiciarius
873 2557 1063 2597 Vicecomae,
1081 2559 1127 2589 vel
1142 2559 1244 2590 Fores-

180 2595 281 2632 tarius,
298 2595 345 2625 vel
356 2595 452 2632 aliquis
466 2595 533 2625 alius
548 2595 667 2626 Ballivus
690 2596 826 2633 (exceptis
870 2596 956 2626 allivis
970 2597 1052 2634 ipsius
1067 2597 1199 2638 Reginae)
1217 2599 1245 2627 iri

181 2632 317 2672 praedicita
339 2642 457 2662 manum
479 2634 570 2663 mittat
583 2656 593 2671 ,
610 2634 657 2663 vel
670 2633 706 2663 de
720 2634 815 2672 aliquo
828 2633 855 2664 se
868 2634 934 2665 inde
947 2636 1131 2674 intromittat,
1149 2637 1199 2666 nifi
1211 2636 1248 2667 de

183 2671 332 2704 voluntate
344 2672 377 2702 &
391 2670 498 2701 assensu
512 2671 594 2709 ipsius
607 2671 738 2712 Reginae.

221 2708 252 2739 Si
272 2719 343 2739 vero
363 2719 409 2739 ma
429 2711 449 2739 is
470 2710 500 2738 in
518 2718 704 2746 augmentum
718 2710 807 2740 Dotis
827 2710 912 2741 dietae
926 2710 1048 2751 Reginae
1060 2711 1170 2744 Uxoris
1182 2723 1250 2744 nos-

183 2755 253 2786 trae,
271 2746 307 2777 de
320 2746 406 2778 Cons
419 2748 449 2777 io
465 2746 591 2778 fidelium
605 2748 786 2787 nostrorum,
801 2749 1028 2788 affignaverimus
1039 2775 1048 2787 ,
1064 2751 1198 2783 volumus
1214 2754 1248 2784 &

185 2786 304 2818 firmiter
326 2786 505 2824 praecipimus
525 2786 604 2824 quod
626 2787 693 2817 illud
714 2788 824 2826 integre
843 2789 943 2818 habeat
968 2788 1002 2819 &
1023 2788 1147 2826 plenarie
1158 2799 1252 2822 teneat

186 2824 246 2856 tota
265 2823 324 2855 vita
344 2824 410 2862 sua,
427 2834 478 2862 per
496 2824 606 2855 easdem
627 2825 766 2859 libertates
779 2827 813 2859 ὃς
828 2827 1037 2866 immunitates,
1052 2838 1103 2867 per
1115 2839 1182 2868 quas
1201 2830 1253 2861 alia

187 2862 347 2904 praescripta
360 2863 386 2894 ei
400 2862 598 2898 conceffimus.

187 2944 324 2976 Testibus
338 2945 490 2987 Dominis,

191 3026 226 3055 P.
246 3025 420 3056 Dunolmenz
561 3052 566 3057 .
626 3052 630 3058 .

192 3065 234 3093 H.
252 3067 368 3103 Sarum,
393 3026 436 3068 s,
461 3026 488 3106 ξ
511 3048 651 3089 Eptfiopts.

193 3104 292 3131 Fratre
313 3105 340 3132 E
338 3107 469 3143 ymerico,
489 3103 622 3143 Magistro
644 3108 704 3134 Mi·-

230 3138 300 3169 Iitiae
312 3141 413 3180 Templi
432 3145 460 3171 in
475 3141 600 3180 Anglia,

195 3176 254 3208 Gal
266 3179 323 3208 rido
334 3179 397 3220 filio
419 3182 511 3217 Petri,
531 3183 631 3209 comite
650 3183 705 3210 Es-

246 3226 297 3253 ex,
315 3223 378 3247 tunc
394 3218 440 3256 Ju
464 3221 556 3248 iciam
575 3218 706 3258 Angliae,

194 3257 297 3283 Comite
311 3256 410 3292 Rogero
435 3268 448 3285 e
462 3260 560 3294 Bigot,

196 3291 341 3323 Wllielmo
355 3296 455 3322 Comite
469 3294 625 3333 Arundell,

195 3335 239 3361 A.
258 3331 290 3361 de
305 3333 369 3360 Veer
382 3335 482 3362 Comite
501 3336 597 3371 Oxon,

741 3032 857 3098 Ηεκνιὶο
877 3031 909 3061 de
930 3030 1024 3061 Bohun
1046 3032 1148 3062 Comite
1167 3033 1254 3062 Here-

792 3080 821 3099 or

743 3068 890 3138 IVrtc'lliesmo
905 3109 937 3138 de
953 3111 1058 3146 Braor,

743 3146 858 3175 Roberto
869 3145 932 3188 filio
946 3149 1057 3185 Rogeri‚

745 3184 891 3214 Willielmo
905 3187 1014 3214 Briwer
1023 3209 1033 3223 ‚

745 3224 857 3259 Hugone
872 3224 903 3253 de
915 3223 1032 3261 Nevill,

745 3261 861 3291 Roberto
875 3263 906 3291 de
921 3262 1053 3301 Tresgoz,

746 3299 862 3329 Roberto
876 3300 907 3329 de
923 3303 1011 3330 Veteri
1028 3303 1130 3340 Ponte,

747 3337 882 3376 Stephano
895 3338 926 3368 de
941 3338 1072 3369 Tornhill.

196 3450 198 3452 Ι
236 3411 304 3444 Dat.
321 3423 372 3452 per
386 3423 503 3444 manum
516 3413 544 3444 S.
564 3413 712 3446 Cicestriae
725 3416 825 3456 electi,
842 3419 916 3456 apud
930 3419 1072 3450 Porcestr.
1093 3429 1109 3460 5
1122 3421 1168 3452 die
1175 3421 1259 3452 Maii.

199 3449 288 3482 Anno
302 3452 399 3496 Regni
415 3451 501 3483 nostri
517 3461 542 3490 5.

236 3489 284 3520 Ad
304 3501 350 3520 ma
360 3501 443 3521 orem
466 3498 560 3520 autem
581 3489 771 3531 securitatem,
789 3495 823 3526 &
846 3496 934 3534 majus
956 3496 1035 3535 hujus
1048 3497 1115 3528 fasti
1130 3498 1260 3529 testimo-

50 3541 68 3561 *
83 3542 108 3569 1.
120 3548 149 3578 ¹3
154 3546 181 3576 5.
199 3529 296 3567 nium,
314 3528 343 3559 su
366 3530 474 3567 scripti,
494 3530 512 3548 ²*
535 3529 594 3558 tiim
615 3529 733 3561 ordinati
751 3532 781 3561 in
805 3534 895 3563 verbo
909 3536 1045 3573 veritatis,
1064 3538 1150 3574 quatri
1164 3537 1242 3566 Laici

195 3567 359 3605 juramento
378 3567 519 3606 corporali
539 3566 680 3604 praestito,
699 3571 796 3599 omnia
820 3571 953 3608 pra-dicta
968 3573 1085 3605 fideliter
1097 3576 1131 3606 &
1144 3561 1262 3606 firmite}

201 3604 373 3635 observanda
386 3616 441 3643 pro
454 3606 533 3644 poffe
548 3605 597 3635 suo
611 3606 827 3650 concesserunt,
844 3611 878 3641 &
893 3610 1057 3650 Sigillorum
1077 3613 1193 3646 suorum
1213 3623 1262 3652 ap-

200 3642 342 3681 positione
356 3644 576 3682 roboraverunt,
594 3642 720 3683 Scilicet,

242 3727 376 3755 Dominus

242 3766 357 3831 ‘ZZZ‘
371 3762 533 3794 Dunolmen.
553 3762 592 3799 ῤ’
631 3776 656 3826 }
692 3783 810 3823 Epiftopi
819 3788 1018 3823 praenominati.

242 3826 387 3879 Galfriosus
393 3840 472 3881 filius
487 3843 566 3870 Petri
579 3844 668 3870 comes
679 3839 777 3879 Effix,

243 3881 335 3907 Comes
349 3882 466 3916 Rogerus
478 3880 510 3908 de
521 3882 601 3916 Bigot
609 3903 618 3917 ‚

243 3917 291 3945 W.
310 3920 398 3945 Comes
417 3917 571 3955 Arundell,

245 3957 290 3983 A.
306 3955 337 3983 de
351 3957 415 3984 Veer
430 3959 519 3985 Comes
531 3960 619 3986 Oxon.

246 3992 287 4021 H.
306 3992 338 4020 de
355 3993 453 4022 Bohun
471 3998 560 4024 Comes
576 3996 609 4025 de
626 3993 768 4034 Herqford.

249 4027 408 4060 Wllielmus
424 4031 447 4060 le
460 4035 563 4071 Braos,

248 4066 382 4096 Robertus
393 4068 471 4108 filius
488 4073 600 4110 Rogeri,

244 4106 293 4144 vIV.
312 4106 441 4144 Briwer,

283 4146 356 4175 Tom.
374 4146 399 4174 Ι.
418 4146 451 4175 Ρ.
471 4148 497 4175 Ι.

1268 206 1744 259 PUBLICA.

1290 295 1368 330 Hugo
1387 294 1418 323 de
1436 294 1552 333 Nevill,

1290 335 1325 361 G.
1347 334 1464 362 W‘nton.
1484 332 1641 373 Epfiopur,

1288 373 1315 398 S.
1332 371 1452 401 Bathon.
1475 371 1633 411 Epifiopm,

1289 407 1421 438 Rohertus
1437 411 1469 439 de
1486 410 1618 450 Resgoz,

1288 447 1417 476 Robertus
1435 448 1466 477 de
1485 450 1574 478 Veteri
1593 451 1697 488 Ponte,

1290 485 1441 523 Stephanus
1458 487 1490 515 de
1506 486 1654 517 Turnham.

2256 231 2308 274 43

2329 301 2404 333 Ann.
2413 300 2455 332 D.

2348 348 2433 377 1204.

1250 620 1301 652 De
1318 617 1495 664 Epiftopatu
1515 621 1704 665 Carleolensi‚
1715 620 1759 653 ad
1773 619 1944 664 instantiam
1960 625 2121 657 Innocentii
2137 629 2220 673 Papae
2238 632 2306 662 Ar-

1518 667 1689 715 chiepifiopo
1709 669 1897 716 Ragusinestfi
1909 671 2037 715 concesso.

1252 754 1375 814 Rex
1389 756 1448 786 επ.
1468 757 1618 788 venerabili
1631 759 1700 795 pam·
1713 759 1742 787 in
1756 756 1875 788 Christo
1888 759 1922 790 ὃς
1933 758 2022 790 Fratri
2041 760 2185 793 icariffimo
2205 762 2310 795 Gaiffi-
2331 759 2409 789 Ann-
2419 756 2459 788 D.

1267 831 1271 834 ι
1335 793 1374 822 do
1389 793 1446 823 Dei
1461 796 1562 833 gratia,
1581 795 1713 827 Eborum
1728 796 1948 835 Archiepiscopo
1978 798 2120 835 Johannec
2133 801 2234 831 eadem
2249 811 2310 841 gra-
2352 806 2439 836 1204..

1252 830 1290 859 tia
1304 830 1369 873 Rex
1382 831 1509 871 Angliae,
1528 833 1675 865 Dominus
1687 834 1853 873 Hiberniae,
1871 834 1941 866 Dux
1991 840 2147 869 ormanniae
2165 840 2199 871 &
2220 840 2311 878 Aqui-
2336 840 2386 863 An.
2401 846 2431 871 5·

1252 876 1372 911 tannae,
1391 870 1557 913 &Comes
1578 872 1749 912 Andegaviae
1770 872 1903 904 Salutem.
1942 874 2062 906 Litteras
2082 877 2206 908 Domini
2227 878 2313 917 Papae
2335 874 2398 911 Joh.

1256 905 1422 943 suscepimus
1435 918 1464 938 in
1480 910 1541 940 haec
1554 911 1648 940 verba.
2336 916 2393 940 Par.
2414 920 2443 946 5·

1295 943 1477 987 innocentius
1498 947 1669 987 Episcopus,
1688 949 1780 980 servus
1800 949 1946 981 servorum
1966 951 2041 991 Dei,
2059 953 2164 985 dileeto
2184 955 2244 986 silio
2263 956 2318 995 Jo-
2338 949 2436 988 J'ffiffl‘

1260 982 1345 1011 hanni
1359 983 1455 1027 illustri
1469 985 1544 1024 Regi
1559 986 1669 1025 Angliae
1678 987 1793 1017 salutem
1808 989 1842 1018 &
1856 988 2052 1025 Apostolicam
2075 993 2316 1024 benedictionem.
2338 989 2468 1020 ”ibn-¹¹·

1281 1019 1343 1062 *Ad
1359 1020 1594 1062 'supplicationem
1613 1024 1762 1055 instantem
1785 1027 1949 1056 venerabilis
1968 1028 2068 1059 Fratris
2087 1031 2176 1061 nostri
2197 1032 2320 1063 Archie-

1259 1056 1366 1099 piscopi
1378 1058 1512 1095 Ragusin.
1532 1070 1599 1090 eum
1614 1062 1649 1090 ab
1663 1072 1731 1091 cura
1744 1063 1777 1092 ὃς
1789 1063 1990 1102 sollicitudine,
2009 1078 2061 1104 qua
2080 1070 2226 1100 tenebatur
2260 1070 2319 1102 Ec-

1260 1095 1351 1125 cleliae
1365 1095 1498 1135 Ragusm.
1515 1097 1646 1128 duximus
1658 1099 1878 1138 absolvendum,
1896 1111 1932 1131 eo
1948 1102 2079 1135 videlicet
2099 1107 2177 1145 quod
2199 1095 2243 1139 ibi'
2258 1119 2320 1140 non

1259 1141 1370 1178 poterat
1388 1134 1484 1166 secure
1504 1137 1626 1174 morari,
1645 1137 1678 1168 &
1699 1137 1720 1167 sl
1741 1138 1885 1169 acceffum
1899 1139 1984 1170 habet
1996 1141 2030 1171 ad
2044 1143 2135 1183 illam,
2150 1148 2250 1178 mortis
2269 1148 2321 1179 sibi

1260 1172 1420 1210 periculum
1433 1175 1609 1205 imminebat.

1298 1210 1352 1241 Ne
1372 1221 1442 1242 vero
1463 1212 1540 1243 idern
1561 1213 1795 1251 Archiepiscopus
1815 1215 1846 1244 in
1867 1217 2039 1254 vituperium
2058 1218 2202 1260 ministerij
2215 1224 2304 1254 nostri

1261 1249 1408 1280 defectum
1423 1251 1451 1280 in
1472 1252 1674 1289 temporalibus
1692 1254 1826 1290 patiatur,
1841 1252 2043 1292 Episcopatum
2065 1257 2190 1288 Karleol.
2209 1262 2242 1291 &
2264 1250 2323 1292 Ec:

1261 1288 1374 1318 clesiam
1394 1288 1431 1319 de
1452 1289 1626 1328 Meleburn,
1644 1300 1713 1321 cum
1734 1291 1869 1322 omnibus
1890 1295 2061 1329 pertinentiis
2072 1306 2193 1335 eorum,
2210 1297 2246 1328 de
2260 1309 2324 1329 mu-

1262 1326 1404 1357 nificentia
1418 1337 1451 1358 ac
1470 1329 1632 1360 liberalitate
1645 1337 1706 1367 tua,
1724 1339 1757 1360 ac
1773 1330 1956 1361 conceffione
1970 1334 2136 1364 venerabilis
2150 1334 2239 1366 fratris
2252 1336 2326 1367 Gal-

1263 1365 1329 1395 fridi
1342 1365 1476 1396 Eborum
1488 1367 1717 1405 Archiepiscopi,
1735 1369 1761 1397 ei
1774 1368 1898 1408 benigne
1910 1370 2018 1402 collatis
2027 1396 2037 1409 ,
2055 1371 2090 1402 de
2102 1372 2180 1403 Sedis
2199 1373 2328 1412 Aposto-

1264 1403 1326 1434 licae
1341 1404 1512 1443 benignitate
1525 1405 1711 1437 concedimus
1723 1405 1757 1435 ad
1773 1407 1854 1444 ipsius
1869 1407 2053 1440 indicentiam
2069 1410 2274 1443 sublevandam.

1302 1442 1487 1474 Serenitatem
1507 1444 1630 1484 Regiam
1652 1452 1803 1475 monentes
1824 1448 1972 1486 attentius,
1988 1449 2021 1479 ὃ(
2039 1449 2180 1480 hortantes
2195 1459 2332 1489 quatenus

1265 1481 1389 1511 eundern
1406 1481 1677 1522 Archiepiscopum,
1696 1482 1855 1513 nostrarum
1870 1495 1990 1522 precum
2008 1486 2147 1526 obtentu,
2165 1490 2198 1520 ὃ(
2220 1489 2333 1521 officia-

1265 1520 1295 1549 lii
1310 1519 1482 1551 Pontificalis
1498 1522 1614 1559 intuitu,
1633 1521 1900 1553 recommendatum
1912 1523 1980 1554 velis
2000 1524 2117 1556 habere·
2138 1527 2195 1565 ejus
2214 1529 2334 1559 necesti-

1266 1560 1314 1588 tati
1334 1560 1511 1603 compatietis
1533 1561 1567 1591 &
1588 1560 1669 1598 ipsius
1683 1560 1850 1591 subvenietis
1864 1564 2034 1601 paupertati,
2052 1550 2175 1595 &dona
2187 1567 2332 1603 praesentia

1287 1607 1316 1626 er
1332 1597 1468 1628 illustrem
1489 1597 1712 1629 munificentiam
1731 1598 1849 1630 reddatis
1868 1601 2020 1639 ampliora,
2041 1611 2072 1632 ut
2094 1613 2144 1640 per
2154 1604 2217 1635 haec
2255 1605 2332 1646 Regi

1267 1607 2201 1715 &gesasiralaeeg‘ssrr‘iatrzffisirata-inffatam
2216 1629 2333 1712 {affie-

1272 1714 1277 1719 .
1308 1697 1313 1703 .
1392 1714 1397 1718 ¹
1512 1701 1521 1714 ,
2062 1703 2071 1717 ,
2107 1691 2116 1709 i
2164 1691 2217 1718 pro
2231 1692 2247 1712 e
2272 1692 2333 1714 atur

1269 1712 1406 1750 impendi.

1309 1751 1421 1782 Datum
1434 1751 1457 1782 F
1458 1759 1544 1782 erent.
1564 1751 1628 1783 ldus
1640 1752 1728 1791 Maii,
1747 1752 1932 1785 Pontificatsis
1945 1754 2034 1786 nostri
2048 1766 2124 1787 anno
2137 1757 2224 1789 sexto.

1309 1789 1378 1819 Nos
1398 1799 1510 1829 autem,
1525 1791 1602 1828 juxta
1621 1793 1788 1829 petitionem
1811 1791 1936 1823 Domini
1958 1793 2042 1832 Papae
2064 1796 2267 1836 praescriptam,
2286 1799 2337 1837 ipfi

1273 1828 1497 1867 Archiepiscopo
1518 1828 1563 1859 Ra
1584 1829 1651 1860 usin.
1670 1829 1840 1867 praedictum
1860 1830 2063 1869 Episcopatum
2077 1833 2202 1865 Karleol.
2221 1836 2258 1866 de
2271 1846 2337 1867 mu-

1271 1865 1412 1897 nificentia
1432 1869 1466 1900 &
1485 1867 1571 1898 libera
1583 1869 1646 1899 itate
1667 1869 1755 1912 regia,
1781 1870 1807 1898 ei
1829 1870 2043 1908 concessimus,
2066 1872 2228 1904 mandantes
2256 1876 2340 1905 vobis

1273 1915 1407 1973 quatientis
1421 1907 1447 1936 ei
1459 1914 1593 1944 tanquam
1614 1906 1739 1944 Pastori,
1755 1907 1788 1938 &
1809 1906 1953 1946 Episcopo
1976 1907 2071 1938 vestro
2092 1910 2122 1939 in
2140 1912 2274 1942 omnibus
2295 1915 2340 1944 in-

1280 1953 1329 1975 ten
1349 1953 1407 1975 atis.

1277 2025 1561 2103 dig-'Izitealqomino
1581 2026 1714 2058 Cantuar.
1733 2025 1972 2067 Archiep'iscopo,
1989 2029 2062 2067 apud
2083 2028 2208 2061 Merleb.
2226 2030 2343 2063 decimo

1369 2075 1407 2094 lu
1438 2075 1464 2095 ll.

1279 2197 1307 2224 ²³?
1332 2202 1450 2235 Litterae
1473 2196 1628 2245 Johannis
1656 2202 1745 2247 Regis
1760 2200 1898 2246 universo
1916 2199 2070 2250 Pbeerniae
2090 2203 2198 2246 Clero;
2216 2201 2252 2236 de
2266 2201 2345 2249 Subf
2368 2214 2418 2250 ss.
2434 2214 2496 2251 136.

1415 2247 1495 2292 fidia
1502 2245 1563 2290 fibi
1583 2247 1780 2293 concedendo),
1807 2260 1910 2282 contra
1929 2252 2038 2298 Regem
2054 2253 2197 2286 Franciae.

1283 2337 1416 2398 REX,
1439 2339 1499 2371 &c.
1526 2337 1768 2377 Archiepiscopis,
1794 2338 1959 2379 Episcopis,
1984 2339 2162 2381 Abbatibus,
2187 2342 2349 2385 Prioribus,
2370 2361 2396 2391 Α
2455 2359 2499 2390 D·

1356 2376 1570 2409 Archidiaconis
1591 2379 1625 2408 ὃς
1645 2378 1776 2408 universo
1795 2378 1893 2418 clero,
1913 2388 1964 2416 per
1983 2378 2154 2412 Hiberniam
2174 2382 2350 2424 constitutis,
2396 2370 2457 2429 ἔως)
2489 2383 2496 2389 '

1283 2416 1416 2449 Salutem.
1455 2416 1524 2447 Satis
1538 2415 1644 2454 nostis,
1663 2416 1732 2447 sicut
1746 2417 1779 2448 &
1794 2425 1870 2448 totus
1883 2415 2021 2456 mundus,
2040 2419 2157 2457 qualiter
2172 2420 2239 2451 Rex
2264 2421 2351 2453 Fran·
2369 2443 2395 2466 A
2413 2409 2430 2430 ²
2452 2408 2483 2454 4.

1286 2457 1339 2486 ciae
1361 2463 1462 2486 contra
1483 2454 1602 2492 Deum,
1619 2455 1653 2485 &
1672 2456 1828 2493 rationem,
1846 2456 1880 2486 ὃς
1897 2463 2001 2498 *contra
2020 2456 2138 2489 Cartam
2157 2458 2234 2490 suam
2256 2462 2291 2492 ὃς
2305 2462 2352 2500 ju-
2369 2449 2421 2514 7ἴῆ
2455 2459 2462 2465 “
2473 2468 2480 2474 ’

1284 2503 1446 2562 ωῐὲεηωῑη
1468 2503 1521 2524 nos
1542 2503 1675 2532 warrare,
1693 2495 1727 2526 &
1746 2494 1993 2525 exheredationem
2006 2495 2133 2527 nostram
2149 2507 2277 2536 quaerere
2290 2509 2350 2530 non
2370 2497 2436 2542 Car}
2453 2518 2483 2549 5⁷

1286 2542 1321 2563 ce
1346 2541 1382 2563 at.

1325 2571 1394 2601 Nos
1414 2580 1524 2610 autem,
1543 2580 1659 2610 propter
1679 2571 1752 2611 hoc,
1770 2572 1900 2603 venimus
1913 2573 1941 2603 in
1956 2572 2073 2614 Anglia,
2092 2574 2190 2606 Gratia
2205 2575 2279 2614 Dei,
2296 2576 2352 2607 sani
2371 2552 2472 2619 {zhass

1287 2611 1320 2641 δε
1335 2610 1511 2647 incolumes,
1529 2611 1578 2640 ubi
1591 2621 1707 2648 omnes,
1725 2611 1762 2641 de
1775 2621 1863 2650 regno
1877 2611 2003 2650 Anghae,
2020 2622 2072 2642 nos
2094 2612 2255 2645 honorifice
2273 2625 2352 2646 rece·
2376 2640 2386 2657 ι
2419 2612 2426 2623 ’
2441 2612 2502 2664 dds

1287 2657 1389 2686 perurit
1403 2648 1473 2678 sicut
1487 2648 1669 2687 Dominum3
1689 2650 1737 2687 qui
1750 2650 1898 2680 liberaliter
1912 2651 1945 2681 &
1960 2651 2096 2691 benigne,
2115 2652 2207 2682 habita
2221 2653 2352 2684 conside-
2391 2639 2419 2666 5'
2497 2647 2505 2655 ⁴

1289 2688 1397 2717 ratione
1416 2686 1450 2717 ad
1470 2686 1696 2726 urgentissimam
1710 2689 1858 2728 negotium
1871 2688 2018 2727 nostrum,
2036 2690 2119 2719 nobis
2134 2689 2235 2721 efficax
2245 2691 2352 2723 faciunt

1289 2725 1424 2756 auxilium
1438 2750 1448 2763 ,
1470 2734 1529 2756 tam
1550 2726 1580 2755 in
1598 2725 1740 2756 veniendo
1759 2726 1940 2764 corporaliter
1960 2728 1989 2757 in
2008 2727 2151 2759 servitium
2170 2729 2304 2761 nostrum
2324 2732 2354 2761 in

1291 2764 1489 2802 Normannia,
1508 2773 1594 2802 quam
1607 2763 1643 2794 de
1657 2765 1792 2795 militibus
1807 2766 1840 2796 &
1854 2766 1982 2803 pecunia.

1333 2804 1411 2846 Qia
1431 2803 1513 2842 igitur
1532 2802 1615 2833 instat
1634 2802 1683 2833 ista
1703 2802 1864 2842 neceffitas,
1883 2803 1938 2842 qu&
1959 2814 2106 2842 nunquam
2118 2806 2202 2837 nobis
2215 2808 2307 2846 major
2326 2817 2357 2838 e-

1294 2845 1387 2872 meriit
1401 2849 1447 2871 aut
1461 2850 1606 2881 emergere
1619 2843 1741 2880 poterit,
1757 2852 1826 2880 vos,
1845 2852 1904 2872 non
1918 2841 2159 2875 consuetudinarie
2171 2845 2210 2876 set
2221 2847 2357 2876 amicabi-

1294 2881 1372 2919 liter,
1391 2889 1523 2920 rogamus
1550 2881 1694 2917 quatinus,
1712 2880 1783 2911 sicut
1802 2880 1839 2910 de
1856 2880 1938 2911 vobis
1959 2879 2144 2921 confidimus,
2163 2884 2197 2914 &
2217 2883 2286 2915 ficut
2304 2894 2359 2915 nos

1293 2921 1327 2950 δε
1341 2919 1484 2949 honorem
1498 2917 1628 2948 nostrum
1643 2918 1768 2987 diligitis,
1787 2918 1887 2949 efficax
1900 2920 1982 2949 nobis
1996 2920 2129 2950 auxilium
2142 2921 2245 2952 faciatis
2257 2923 2286 2952 in
2298 2922 2359 2954 hoc

1294 2957 1457 2988 neceffitatis
1476 2956 1580 2987 nostrae
1601 2957 1668 2987 artic
1699 2967 1719 2988 0
1731 2981 1741 2994 ‚
1773 2956 1842 2987 ficut
1862 2956 1958 2988 dileffl
1979 2959 2013 2989 &
2035 2957 2128 2988 fideles
2150 2957 2240 2990 nostri
2256 2960 2358 2998 Justic.

1293 2995 1461 3034 Hiberniae,
1479 2995 1532 3025 W.
1552 2995 1589 3025 de
1602 2995 1707 3034 Lascy,
1726 2994 1951 3026 Archidiaconus
1971 2994 2114 3034 Stafford,
2131 2997 2165 3028 &
2183 2997 2228 3028 alii
2245 2998 2282 3028 N
2283 3001 2362 3030 uncii

1294 3034 1384 3065 nostri
1405 3044 1473 3064 cum
1492 3035 1546 3071 eis,
1571 3032 1605 3063 ad
1625 3043 1677 3063 vos
1698 3034 1860 3070 venientes,
1879 3033 1963 3063 vobis
1982 3032 2077 3064 dicent
2097 3043 2132 3064 ex
2152 3043 2231 3073 parte
2247 3037 2360 3077 nostra,

1293 3074 1339 3103 vel
1358 3073 1443 3111 aliqui
1464 3082 1497 3102 ex
1520 3071 1587 3108 illis,
1606 3071 1626 3101 fi
1645 3081 1747 3102 omnes
1762 3070 1891 3101 intereffe
1905 3080 1964 3101 non
1979 3071 2100 3111 poffint3
2119 3073 2153 3104 &
2177 3082 2273 3105 tamen
2293 3076 2359 3108 inde

1295 3112 1427 3143 facientes
1443 3110 1521 3149 quod
1536 3110 1618 3139 vobis
1637 3110 1764 3177 pe‘ffimi
1783 3117 1929 3139 teneamur
1946 3109 2136 3149 obnoxiores,
2155 3113 2190 3144 &
2211 3113 2290 3152 quod
2310 3114 2360 3144 de-

1297 3152 1412 3181 beamus
1428 3159 1480 3180 vos
1494 3149 1599 3179 merito
1613 3157 1680 3178 exau
1703 3149 1707 3153 '
1726 3157 1741 3177 e
1755 3148 1784 3176 in
1796 3148 1916 3187 negotiis
1936 3146 2050 3186 vestris,
2068 3159 2138 3181 cum
2157 3161 2210 3182 nos
2228 3153 2359 3190 requisie-

1297 3191 1362 3220 ritis

1335 3227 1372 3257 Et
1391 3225 1544 3257 certiffime
1565 3225 1668 3261 sciatis,
1687 3223 1765 3261 quod
1786 3234 1933 3262 nunquam
1944 3225 2026 3255 nobis
2041 3226 2077 3257 ab
2091 3226 2139 3257 illo
2153 3227 2283 3258 auxilium
2299 3227 2360 3258 fieri

1296 3265 1500 3334 pokstulabimus
1514 3288 1524 3302 ‚
1554 3264 1602 3303 qui
1622 3263 1704 3294 nobis
1723 3264 1753 3294 in
1769 3262 1822 3295 hac
1842 3271 1917 3296 tanta
1934 3263 2094 3295 necessitate
2116 3265 2248 3296 auxilium
2271 3264 2358 3296 dene-

1298 3315 1332 3344 ga
1354 3313 1382 3335 it.

1336 3383 1426 3416 Teste
1442 3383 1549 3421 meipso
1561 3382 1634 3421 apud
1650 3381 1810 3423 Nottingh.
1832 3392 1868 3414 10
1882 3383 1927 3414 die
1941 3383 2090 3414 Februarii.

1300 3519 1420 3551 Litterae
1449 3527 1525 3562 quas
1547 3515 1623 3558 mifit
1650 3519 1716 3549 Rex
1744 3516 1861 3561 Angliae
1887 3512 1991 3559 obſsffis
2002 3513 2067 3558 sitis
2087 3516 2119 3545 in
2138 3512 2238 3557 Castro
2254 3515 2364 3550 Ande.

1789 3565 1870 3595 liaci.

1338 3653 1470 3691 Oannes,
1495 3651 1554 3683 Dei
1571 3652 1685 3689 Gratia,
1710 3651 1775 3681 Rex
1796 3648 1925 3688 Angliae‚
1944 3649 2090 3681 Dominus
2108 3650 2273 3692 Hibemiae‚
2291 3652 2363 3684 Dux
2381 3657 2455 3688 Ann.
2469 3657 2509 3687 D.

1350 3691 1544 3722 Normanniae
1568 3692 1601 3721 &
1620 3690 1646 3718 A
1669 3690 1795 3724 uitaniae,
1816 3686 1925 3717 Comes
1945 3688 2134 3728 Andegaviae‚
2152 3690 2260 3722 dileetis
2280 3693 2314 3722 δε
2327 3691 2362 3721 fi-
2407 3705 2491 3734 ¹204·

1304 3730 1412 3760 delibus
1430 3730 1481 3760 suis
1502 3729 1630 3758 Rooerio
1649 3700 1686 3756 de
1705 3726 1815 3756 Cestria
1834 3725 2052 3769 Constabulario
2069 3751 2078 3765 ‚
2107 3729 2141 3760 &
2159 3729 2216 3760 aliis
2233 3729 2361 3761 fidelibus
2382 3739 2433 3762 An.
2447 3738 2474 3761 6.

1305 3770 1356 3800 suis
1390 3769 1420 3797 in
1435 3766 1527 3798 castro
1543 3752 1685 3795 Kndeliaci
1699 3765 1943 3794 commorantibus
1978 3765 2101 3796 salutem.
2381 3772 2442 3812 J0h.

1347 3792 1457 3836 Gratias
1464 3805 1546 3836 vobis
1560 3803 1703 3833 referimus
1717 3802 1796 3839 super
1808 3802 1889 3845 bono
1898 3789 2012 3832 &fideli
2023 3803 2134 3846 servitio
2141 3805 2253 3844 vestro,
2262 3808 2295 3838 &
2309 3817 2362 3837 vos

1308 3854 1452 3913 {figaffifo
1460 3841 1562 3911 &0333
1574 3840 1827 3908 ἔξαὲῧῗέἓέἔὶοώ
1839 3841 2213 3913 ςὲἲῗέῖέῑῗῗῑὲῗὲἓὲἐῗέἒ
2229 3854 2363 3913 ἓὲἃῖῧὲἓς

1309 3896 1345 3953 δῖ
1359 3892 1457 3957 gobis,
1476 3920 1509 3949 &
1521 3916 1733 3960 omnibus,·qui
1746 3917 1764 3946 fi
1786 3889 1880 3961 exuli&
1891 3916 2076 3949 devotionem
2091 3894 2291 3959 vestramuerga
2311 3908 2363 3950 nos

1312 3959 1465 3994 audierint,
1483 3955 1566 3994 digne
1580 3953 1682 3984 laudari
1694 3955 1825 3985 debeatis.

1349 3997 1379 4026 Si
1392 3996 1480 4031 vero,
1499 3992 1576 4030 quod
1589 3992 1672 4031 absit,
1691 3995 1719 4023 in
1733 4002 1791 4024 tam
1810 3992 1890 4023 msto
1902 3993 2007 4026 fueritis
2038 3996 2114 4034 ositi,
2133 3996 2213 4035 quod
2226 4006 2278 4026 vos
2292 3997 2364 4027 ulte-

1311 4035 1368 4065 rius
1387 4042 1482 4063 tenere
1502 4040 1561 4060 non
1578 4029 1684 4067 possitis
1721 4040 1788 4062 tunc
1802 4031 1906 4062 faciatis
1920 4033 1998 4070 quod
2034 4035 2106 4065 'edri
2117 4036 2151 4067 &
2168 4034 2261 4065 fideles
2275 4035 2365 4065 nostri

1312 4072 1410 4113 Petrus
1431 4069 1467 4099 de
1485 4068 1607 4111 Pratellis
1627 4070 1661 4100 &
1679 4056 1838 4113 Crulielmus
1856 4068 1892 4099 de
1912 4069 2115 4106 Mortuomare
2127 4096 2137 4111 ‚
2160 4074 2195 4106 ὃς
2213 4072 2307 4113 Hugo
2328 4072 2365 4103 de

1314 4108 1423 4140 Huellis
1438 4106 1566 4139 Clericus
1577 4107 1674 4140 noster
1687 4109 1769 4141 vobis
1781 4107 1961 4176 mafindabunt.

1853 4154 1871 4176 2

2278 4148 2366 4181 ¹3⁸1»-
