2570 4261
11 312 66 334 mn.
80 297 112 333 D
119 326 124 334 .

11 349 88 381 1254.

12 387 50 407 en.
74 389 99 416 3.

15 419 39 445 1.
51 426 118 454 520.

688 219 799 265 'ET
883 222 1152 263 ACTA

135 308 203 339 dit‘ti
219 308 307 349 Regis
320 309 449 340 Castellae
461 309 494 340 &
509 308 641 347 Legionis
656 308 763 346 sorore,
781 309 814 338 &
829 308 861 338 ad
877 318 909 338 ea
925 309 943 328 ³*
957 310 1053 338 omnia
1068 307 1189 346 agenda,

137 358 200 385 quae
215 349 244 378 in
257 349 411 379 absentium
425 348 609 377 matrimoniis
622 347 817 377 contrahendis
831 347 936 376 fuerint
947 347 1111 383 necessaria,

176 387 304 417 Firmiter
325 387 518 424 promittentes
534 396 585 415 nos
603 395 692 415 rarum
715 387 748 416 &
768 384 881 414 firmum
900 385 1041 415 habituros
1056 383 1190 422 quicquid

133 425 214 463 super
229 425 283 454 hoc
298 425 414 454 nomine
429 423 527 452 nostro
541 424 648 453 duxerit
662 422 831 453 faciendum.

173 463 217 493 Ad
233 463 310 499 cujus
333 463 370 490 rei
390 461 564 492 securitatem
579 484 587 498 ,
614 462 723 497 plenam
745 461 842 490 damus
861 461 955 490 eidem
976 460 1140 500 potestatem
1159 460 1190 489 in

132 502 254 531 animam
267 499 392 530 nostram
408 499 554 538 praestandi
570 500 714 536 cuiussibet
729 500 835 536 generis
850 498 1051 529 sacramentum
1064 522 1074 536 ,
1097 498 1189 538 quod-

135 548 245 578 cunque
260 538 341 567 fuerit
356 538 535 568 necessarium
556 538 590 567 ad
610 538 781 577 praemiffum
802 539 948 576 negotium
968 537 1189 576 prosequendum

132 578 166 608 &
179 577 390 613 complendum.

165 614 234 645 Etsi
250 615 338 653 forte,
359 615 437 652 quod
452 614 538 651 absit,
558 613 857 651 praediCtusJohannes
878 613 985 643 Mansel
999 637 1008 651 ,
1032 615 1114 654 patris
1133 623 1187 643 no-

130 652 179 684 stri
190 653 372 690 Secretarius,
390 654 418 683 in
431 653 475 682 via
488 652 613 690 deficiat,
631 653 696 682 loco
709 653 748 681 sui
762 651 899 682 diledtum
913 653 945 682 δε
960 652 1103 689 specialem
1120 650 1187 682 Cle-

133 693 224 721 ricum
235 691 396 730 Johannem
416 690 517 721 Clarell
531 690 737 727 substituimus,
763 690 855 720 eidem
873 692 902 720 in
923 691 1055 720 omnibus
1070 691 1187 722 eandem

108 730 226 760 ‘dantes
252 729 417 768 potestatem
432 751 441 767 ,
475 731 548 759 circa
573 729 740 768 praedidtum
763 731 909 766 negotium
942 729 1162 767 prosequendum
1178 752 1187 767 ,

0 1347 55 1367 inn.
73 1336 113 1367 D.

0 1384 85 1414 1254.

2 1419 31 1442 Cn.
54 1418 96 1450 30'.

0 1474 36 1518 ait.
49 1491 92 1527 38.

0 2580 64 2611 inn.
76 2579 117 2610 D.

9 2627 92 2656 1254.

0 2661 40 2685 1η.
57 2658 100 2694 38.

0 2700 21 2723 1.
42 2705 66 2732 3.

0 2734 45 2761 Lib.
61 2738 91 2761 Β.

0 2771 30 2800 bl.
42 2782 90 2798 212
98 2794 104 2799 .

0 2819 16 2838 ι.
28 2816 95 2846 penes

0 2858 120 2875 ,ameriam

0 2890 101 2915 i'caccar.

0 3286 119 3322 ⁸I.521.

0 3418 64 3450 Qun.
80 3420 119 3453 D.

8 3468 90 3498 1254.

0 3500 40 3524 in.
60 3501 104 3534 38.

0 3539 24 3562 ῑ.
44 3545 69 3571 3·

0 3576 48 3601 ΓΜ.
62 3575 118 3611 Vas-

0 3620 96 3647 '‘m-37,

0 3648 80 3683 [RH.
96 3660 121 3687 3.

0 3688 100 3721 n.7.d.

0 3735 14 3752 r.
29 3733 56 3752 2.

130 778 216 806 quam
231 767 368 807 praedidto
376 767 500 805 Johanni
517 767 632 797 Mansell
648 767 775 797 dedimus
788 768 821 797 ὃς
841 767 1050 807 praescripsimus
1064 768 1113 797 sub
1130 767 1188 797 for-

133 817 181 837 ma
193 807 312 843 superius
327 806 479 843 declarara3

167 844 257 883 Cujus
270 845 377 874 fanum
393 867 402 881 ,
428 845 457 873 in
473 843 614 881 praemiffo
631 844 747 881 negotio
763 844 879 873 nomine
901 844 999 873 nostro
1020 845 1188 882 prosequen-

131 882 191 920 do,
216 890 310 912 tenere
332 882 447 912 firmiter
468 883 644 920 promisimus
664 883 696 913 &
711 882 856 912 observare
870 905 880 920 ,
900 892 933 912 ac
955 882 1032 920 super
1047 882 1103 911 hoc
1115 904 1124 918 ,
1145 881 1187 910 in-

130 919 227 960 speeiis
241 922 274 952 &
288 921 366 951 tatffi‘s
379 920 569 959 sscrosantstis,
587 921 730 958 corporale
744 920 922 960 praestitimus
934 921 1147 951 sacramentum.

130 1001 134 1005 '
169 995 236 1027 Dat.
251 997 323 1035 apud
338 997 474 1028 Sandrum
495 996 656 1027 Macarium
673 997 719 1027 die
734 997 814 1035 Jovis
830 998 858 1026 in
875 996 997 1028 crastino
1016 997 1105 1026 beatae
1121 994 1188 1025 Ma-

130 1036 179 1065 riae
196 1035 390 1074 Magdalenae,
408 1046 482 1066 anno
497 1035 697 1067 Incarnationis
716 1036 896 1074 Dominicae,
915 1035 1061 1065 millesimo
1081 1034 1187 1064 ducen-

130 1074 230 1104 tesimo
244 1075 472 1114 quinquagesimo
487 1082 593 1115 quarto.

129 1201 178 1232 De
203 1196 390 1244 Juramemo
415 1199 507 1245 fitper
535 1200 738 1278 Matrissonio
761 1196 896 1244 pradilia
913 1207 968 1243 per
993 1195 1188 1230 Edwardum

584 1249 655 1292 praes
667 1251 722 1280 ito.

218 1333 338 1364 Overint
351 1331 486 1371 universi,
503 1330 647 1369 praesentes
662 1331 761 1362 litteras
778 1331 925 1368 inspecturi
941 1353 950 1369 ‚
974 1330 1051 1370 quod
1065 1340 1116 1361 nos
1130 1330 1189 1361 Ed-

218 1371 342 1409 wardus,
357 1371 466 1401 illustris
482 1370 568 1408 Regis
585 1369 694 1409 Angli-,e
714 1371 805 1407 primo
826 1371 914 1399 enitus
931 1371 963 1400 ὃ(
979 1370 1066 1399 haeres
1080 1392 1089 1407 ,
1113 1370 1189 1399 bona

133 1407 188 1438 fide
208 1412 395 1448 promittimus
409 1432 418 1448 ,
441 1409 474 1439 &
495 1410 580 1438 etiam
599 1408 678 1446 super
696 1407 785 1438 saneta
836 1409 860 1438 ei
881 1407 959 1437 Evan
981 1408 1031 1438 elia
1048 1408 1189 1445 juramus,

133 1448 210 1484 quod
224 1459 276 1478 nos
289 1458 355 1478 cum
368 1448 470 1486 inclyta
484 1446 632 1484 Alienora,
651 1447 833 1485 praecellentis
848 1446 933 1485 Regis
976 1446 1078 1476 asteilae
1092 1447 1124 1476 ὅ(
1135 1446 1190 1475 Lea·

131 1485 221 1523 gionis
236 1486 345 1523 roi-oie,
364 1485 602 1516 matrimonialiter
622 1485 818 1515 contrahemus
833 1507 842 1522 ,
868 1486 901 1515 δε
923 1492 956 1514 ex
971 1494 1048 1514 nunc
1067 1485 1096 1514 in
1111 1494 1171 1514 eam
1182 1508 1191 1522 ,

151 1533 265 1554 uantum
279 1525 307 1554 in
322 1525 404 1554 nobis
417 1523 474 1560 est,
492 1531 621 1562 tanquam
633 1525 662 1553 in
679 1533 795 1553 uxorem
813 1523 965 1562 legitimam
984 1522 1191 1561 consentimus,

130 1533 163 1591 gt
175 1563 233 1592 hoc
247 1563 331 1592 etiam
348 1572 396 1601 per
415 1562 616 1592 sacramentum
630 1561 782 1598 praestitum
796 1561 1012 1600 confirmamus,
1029 1561 1192 1592 dummodo

130 1599 185 1637 ipsa
200 1602 230 1631 in
244 1611 295 1631 nos
309 1601 462 1631 consentiat
475 1623 484 1638 ,
508 1602 593 1637 usque
607 1600 641 1630 ad
663 1600 789 1630 mensem
804 1600 867 1638 post
889 1599 1003 1629 Festum
1019 1600 1113 1630 Sandti
1131 1599 1192 1629 Mi-

130 1637 232 1669 chaelis
246 1640 378 1676 proximo
392 1640 519 1676 venturi,
539 1638 575 1668 Et
588 1639 645 1669 hoc
656 1638 772 1669 facimus
791 1639 827 1668 de
847 1637 950 1668 assensu
967 1639 1000 1668 &
1013 1638 1190 1679 beneplaclto

130 1677 256 1716 praedieti
271 1677 393 1707 Domini
408 1677 495 1715 Regis
509 1677 620 1716 Angliae
643 1678 724 1716 patris
740 1676 827 1707 nostri
843 1699 852 1715 ,
877 1677 910 1707 &
928 1676 1112 1707 illustriffimae
1126 1677 1191 1707 Do-

129 1717 217 1746 minae
233 1715 373 1746 Alienorae
388 1718 479 1746 matris
494 1715 606 1745 nostrae.

168 1753 206 1784 Et
219 1754 298 1792 super
310 1754 367 1784 hoc
380 1755 464 1784 etiam
480 1754 634 1791 mittimus,
654 1763 721 1783 cum
738 1753 838 1784 nostris
859 1753 958 1790 literis,
978 1761 1189 1793 procuratorem

130 1791 260 1822 nostrum
272 1791 382 1822 dietum
400 1792 563 1831 johannem
585 1790 717 1830 Mansell,
734 1792 919 1830 Praepositum
937 1791 1094 1830 Beverlaci,
1111 1793 1191 1826 patris

132 1830 220 1861 nostri
235 1831 439 1869 Secretarium,
458 1839 488 1862 ut
503 1840 571 1861 cum
589 1830 665 1860 dici-a
688 1830 818 1861 Alienora
833 1853 842 1868 ,
865 1830 958 1860 sorore
978 1831 1082 1868 praefati
1102 1829 1193 1867 Regis

133 1867 265 1899 Castellae
279 1871 312 1900 ὃς
329 1869 477 1908 Legionis,
496 1869 613 1899 nomine
631 1868 728 1899 nostro
744 1869 958 1900 matrimonium
977 1869 1122 1900 contrabat
1143 1879 1191 1909 per

135 1908 222 1938 verba
234 1908 269 1938 de
282 1908 421 1945 praesenti:

171 1945 228 1975 Cui
242 1946 325 1976 etiam
338 1945 464 1976 dedimus
477 1945 600 1976 nostram
614 1945 764 1985 plenariam
780 1945 943 1983 potestatem
962 1945 1145 1976 contrahendi
1159 1945 1191 1976 &

134 1984 218 2014 etiarn
233 1983 362 2014 firmandi
376 1985 588 2014 matrimonium
599 1984 798 2021 supradiffirum.

170 2021 209 2052 Et
224 2021 403 2060 praestitimus
415 2024 500 2053 etiam
517 2023 662 2062 corporale
682 2024 870 2059 juramentum
890 2023 994 2053 servare
1014 2023 1110 2052 omnia
1128 2032 1191 2061 quse

135 2071 185 2100 per
201 2061 368 2098 praedit‘tum
382 2060 616 2101 Procuratorem,
636 2063 753 2091 nomine
767 2062 862 2091 nostro
875 2084 884 2098 ,
911 2062 938 2091 in
955 2061 1102 2092 contractu
1120 2070 1192 2100 prae-

136 2099 204 2129 dieti
220 2099 392 2129 matrimonii
403 2099 475 2129 faita
489 2099 606 2136 fuerint,
625 2099 669 2129 vel
685 2101 769 2130 etiam
784 2100 917 2130 ordinata.

174 2136 229 2175 Et,
247 2138 277 2166 in
292 2137 482 2168 testimonium
497 2139 631 2168 omniurn
644 2138 859 2177 praedictorum,
877 2140 925 2175 ὃς,
943 2137 976 2167 ad
992 2138 1126 2176 majorem
1141 2137 1192 2167 hu-

130 2176 240 2243 jusvnrei·
251 2175 498 2206 confirmationem
513 2198 522 2214 ,
543 2176 709 2213 praesentem
725 2176 840 2207 Cartam
855 2177 941 2216 sigillo
960 2175 1058 2206 nostro
1073 2177 1193 2207 fecimus

134 2220 183 2253 ngr
204 2224 251 2244 τιτι.

178 2290 285 2322 Aetam
308 2291 380 2331 apud
401 2292 535 2324 Sanctum
556 2291 717 2323 Macarium
731 2316 741 2332 ,
768 2292 814 2322 die
828 2291 908 2330 jovis
925 2293 953 2322 in
968 2291 1089 2322 crastino
1104 2292 1193 2321 beatae

137 2327 240 2373 Maria}
255 2330 431 2369 Magdalenae
444 2355 454 2370 ,
479 2342 554 2362 anno
572 2331 771 2363 Incarnationis
791 2330 957 2362 Dominicae
976 2331 1123 2361 millesimo
1141 2330 1193 2361 du-

136 2373 290 2399 centenmo
304 2370 534 2409 quinquagesimo
548 2378 656 2410 quarto.

218 2492 401 2536 Conceffiones
422 2497 549 2528 Henrici
565 2498 651 2542 Regis
668 2494 823 2529 Edwardo
832 2495 897 2540 filio
911 2498 1116 2541 primogenito.

138 2576 354 2637 HEnricus,
372 2577 429 2607 Dei
442 2580 543 2617 gratia,
563 2579 629 2610 Rex
642 2579 770 2618 Angiiae,
787 2579 930 2610 Dominus
943 2577 1109 2617 Hiberniae,
1125 2579 1194 2609 Dux

220 2615 413 2646 Normanniae
429 2618 462 2647 ὃς
475 2618 651 2656 Aquitaniae,
670 2618 703 2647 &
717 2617 825 2648 Comes
838 2618 1026 2659 Andegaviae,
1042 2619 1195 2656 omnibus,

137 2651 170 2681 ad
183 2661 259 2697 quos.
269 2655 411 2694 praesentes
422 2655 517 2685 litterae
532 2656 722 2693 pervenerint,
740 2656 861 2687 salutem.

175 2691 273 2722 Sciatis
286 2692 362 2730 quod
377 2694 579 2732 concessimus,
595 2695 628 2725 &
642 2695 717 2724 bona
733 2693 788 2725 fide
801 2695 974 2732 promisimus
983 2693 1124 2725 Edwardo‘
1137 2693 1195 2724 filio

140 2728 238 2760 nostro
252 2731 459 2770 primogenito,
475 2732 552 2770 quod
573 2733 641 2763 nulli
656 2733 760 2763 viventi
775 2734 805 2762 in
824 2732 934 2763 mundo
954 2733 1056 2770 aliquas
1076 2733 1195 2763 Wardas

139 2767 267 2811 conferre
280 2769 413 2806 possimus
429 2769 522 2800 donec
537 2770 629 2800 eidem
642 2770 784 2801 Edwardo
814 2772 966 2802 rovidimus
982 2772 1010 2800 in
1027 2771 1114 2800 tribus
1129 2771 1195 2801 mil-

139 2805 209 2851 libus
223 2808 348 2837 marcatis
361 2815 442 2837 terrae
457 2809 487 2838 in
501 2809 597 2845 primis
612 2808 728 2839 Wardis
742 2810 774 2840 &
816 2810 907 2840 scaetis
926 2809 1042 2847 nostris,
1059 2809 1095 2839 ad
1111 2819 1194 2839 com-

138 2843 292 2883 pletionem
310 2845 471 2884 quindecim
491 2847 612 2877 millium
628 2856 813 2878 marcatarutn
832 2857 933 2886 terrae,
959 2849 986 2877 in
1000 2848 1099 2887 quibus
1114 2849 1138 2878 ei
1155 2857 1195 2879 te-

137 2883 274 2914 nebamur
289 2893 337 2920 pet
351 2882 466 2914 Cartam
481 2885 606 2915 nostram
641 2886 675 2916 ad
690 2885 919 2917 sustentationem
934 2887 1020 2916 suam.

175 2920 245 2951 Nec
260 2923 392 2965 volumus
406 2923 482 2959 quod
498 2923 586 2961 aliqua
599 2908 712 2954 Escaeta
726 2926 754 2954 in
768 2925 920 2955 Wasconia
935 2927 959 2954 ei
971 2933 1151 2962 computetur
1164 2926 1193 2956 in

136 2957 243 2989 summa
258 2959 408 2997 praedirsta,
423 2961 460 2989 set
475 2961 528 2990 illas
545 2963 647 2999 quietas
661 2962 760 2993 habeat
774 2964 896 2993 omnino
912 2964 948 2994 de
960 2963 1038 2993 dono
1054 2963 1161 2993 nostro.

137 2995 213 3064 tegpe
223 2998 301 3034 cujus
314 2999 354 3027 rei
371 2997 564 3030 testimonium
577 3000 624 3031 has
643 3001 742 3032 litteras
758 3001 865 3033 nostras
885 3003 912 3032 ei
930 3002 991 3032 fieri
1005 3001 1125 3032 fecimus
1145 3011 1194 3040 pa-

214 3045 233 3064 s.

174 3110 264 3141 Teste
279 3112 384 3156 meipso
401 3114 473 3158 apud
495 3113 701 3158 Bpurdegaliam,
719 3116 854 3149 vicesimo
873 3117 979 3148 ottavo
996 3118 1043 3149 die
1056 3117 1193 3159 Augusti,

135 3159 211 3179 anno
223 3150 319 3189 Regni
333 3151 420 3183 nostri
437 3156 574 3185 tricesimo
588 3155 701 3186 oestavo.

136 3279 163 3306 ᾖ
188 3281 235 3313 De
253 3280 503 3326 interceptionibus
525 3286 556 3315 in
579 3287 705 3330 Treugis
730 3297 798 3319 cum
822 3289 933 3320 Comite
956 3286 1079 3333 Tholofi
1096 3301 1191 3321 emen-

601 3331 719 3366 dandis.

137 3414 352 3474 UNiversis
363 3413 468 3445 Christi
491 3416 616 3462 fidelibus
633 3416 666 3447 ad
688 3426 758 3456 quos
776 3420 893 3463 praesens
909 3421 1040 3461 scriptum
1057 3432 1192 3467 pervene-

137 3463 250 3520 minorit
263 3453 422 3493 Hernicus,
442 3454 498 3484 Dei
518 3464 620 3494 gratia,
637 3455 702 3485 Rex
716 3457 846 3497 Anghae,
865 3461 923 3490 &c.
945 3461 1056 3491 salutem
1075 3472 1104 3492 in
1125 3461 1192 3491 Do-

174 3516 322 3561 Noveritis
342 3531 418 3570 quod
438 3541 490 3561 iios
503 3555 511 3569 ,
535 3532 568 3561 &
592 3529 720 3562 Alfonsus
737 3532 807 3565 filius
829 3535 915 3566 Reois
935 3536 1060 3567 Franc'rae
1081 3537 1190 3567 Comes

136 3565 253 3598 Tholos.
267 3569 397 3614 elegimus
408 3569 461 3599 W.
476 3569 719 3614 wigorniensem,
733 3571 766 3601 δε
777 3572 811 3602 Ρ.
822 3559 1058 3606 Hei³ef0rdensem
1073 3576 1191 3615 Episco-

136 3606 409 3676 goffiaffliiilgi'rgijoss
420 3608 593 3647 Agenensem
606 3607 794 3648 Episcopum,
812 3612 846 3643 &
857 3611 897 3642 G.
910 3612 1109 3644 Subdecanuni
1125 3615 1191 3644 bea-

136 3720 153 3749 s
174 3681 242 3712 Nos
260 3683 390 3727 yidelicet
410 3670 463 3724 pro
481 3685 563 3729 nobis
582 3684 634 3715 W.
649 3684 932 3733 wigorniensem&
946 3679 1190 3721 P.'Heref0rden-

136 3720 374 3807 restris&
381 3721 683 3806 ἒυῗάἒὲξῖῗὲωςὲξὲἳῑ
728 3723 1189 3806 ἒξέἕῖὲὲΐὲἓέῗυηῗέὲῑὲᾛὲἶ

137 3797 336 3866 ῐὸἓῖῃιίῐῐιὲεξέε
350 3800 382 3830 &
404 3809 504 3869 corgpa
521 3810 560 3844 lus
572 3799 638 3830 datis
652 3800 688 3844 ab
701 3799 876 3869 hgrssnnibusb
882 3803 999 3848 nostris,
1024 3806 1187 3850 hominibus

136 3871 258 3903 minibus
270 3847 428 3906 nOI{mirsi-ati,
484 3861 494 3877 ,
512 3848 574 3869 vice
590 3848 681 3876 versa,
698 3848 714 3867 a
767 3848 856 3868 omini
878 3850 907 3870 us
919 3841 987 3873 diCti
1001 3842 1124 3875 Comitis
1137 3845 1189 3875 ho-

176 3908 253 3948 Quae
268 3914 380 3950 quidem
392 3914 511 3959 dampna
530 3925 588 3958 non
608 3915 744 3958 pertinent
761 3914 794 3944 ad
812 3917 1044 3959 interceptionem
1062 3921 1188 3959 Treuga-

136 3955 224 3984 rum3
256 3959 322 3980 cum
343 3952 377 3982 de
399 3956 458 3991 ipris
477 3952 510 3982 ad
534 3962 765 3997 interceptionem
787 3953 962 3996 Treugarum
984 3959 1186 3995 pertinentibus

136 3984 377 4052 adegeritgendatores
394 3991 572 4030 Treugarum
592 3999 722 4028 cognitio
744 4000 902 4031 pertineat,
924 3993 957 4025 &
971 3995 1129 4027 emendatio
1148 3997 1187 4028 fa-

177 4060 283 4092 Dantes
290 4053 305 4099 ,⁵
317 4069 373 4093 tam
386 4075 555 4109 nos,.quam
568 4067 622 4106 ipse
631 4067 752 4106 Comes,
767 4068 884 4105 praefatis
892 4067 1037 4113 Episcopis
1044 4095 1054 4110 ,
1074 4072 1107 4102 &
1114 4071 1189 4103 Sub-

137 4097 445 4170 degziri'pffpcffieffiatem
460 4105 614 4143 mquirendi
628 4106 663 4136 de
678 4107 816 4144 praediCiis
830 4107 955 4147 dampnis
974 4109 1041 4140 hinc
1060 4109 1126 4141 inde
1139 4111 1188 4141 da-

1233 218 1712 269 PUBLICA.
2207 223 2286 277 185

1229 308 1278 345 tis,
1295 308 1329 338 ad
1342 309 1463 353 Treugas
1475 311 1520 341 seu
1535 312 1766 351 interceptionem
1786 323 1897 352 earum,
1913 312 1980 346 ficut
2000 313 2110 346 dietum
2122 308 2180 350 est,
2200 307 2283 341 mini⁴
2303 300 2376 333 Anlh
2391 299 2430 335 D*

1230 354 1277 375 me
1290 350 1514 392 pertinentibus,
1543 351 1575 380 ὃς
1592 374 1600 388 ,
1623 353 1735 381 veritate
1749 362 1796 389 per
1811 362 1858 382 eos
1878 353 2023 393 diligenter
2042 352 2166 391 inquisita
2178 372 2187 389 ,
2211 359 2283 379 cona
2305 346 2404 388 „1254”

1229 383 1396 424 dempnassdl
1410 397 1474 425 eos,
1492 398 1562 426 quos
1575 388 1692 419 viderint
1713 390 1961 430 condempnandos
1973 414 1983 431 ,
2008 391 2042 422 ad
2058 389 2284 421 emendationem
2300 385 2364 409 fleu.
2376 392 2401 417 5-

1228 422 1397 454 damnorum
1413 425 1567 462 hujusmodi
1581 427 1758 457 faciendam..

1249 500 1254 504 .
1267 460 1306 491 Ita
1320 470 1412 492 tamen
1428 464 1503 501 quod
1518 473 1547 494 ea
1562 487 1571 502 ,
1596 474 1659 502 quae
1680 465 1850 496 emendanda
1869 467 1929 497 sunt
1944 490 1953 504 ,
1978 477 2011 497 ex
2026 468 2129 497 virtute
2143 467 2177 496 &
2191 465 2283 504 forma

1228 500 1402 540 cirographi,
1418 502 1496 540 super
1516 503 1712 533 emendatione
1729 503 1853 533 facienda
1873 505 1998 535 confecti
2018 506 2026 539 (
2036 507 2050 534 >a
2063 505 2144 534 nobis
2160 503 2284 533 bomini-

1229 537 1280 567 bus
1299 539 1404 575 praefati
1423 539 1562 575 Comitis)
1585 550 1631 570 aut
1650 541 1794 578 cujussibet
1814 544 2024 580 conventionis,
2044 544 2171 579 primitiis
2186 551 2282 571 emen-

1228 575 1327 606 dantur
1338 585 1486 616 antequam
1501 579 1535 608 ad
1549 579 1598 608 alia
1617 580 1781 617 procedatur
1798 600 1806 616 ,
1832 580 1849 609 ii
1865 589 1989 618 appareat
2005 580 2080 617 Epis
2098 582 2146 618 xpi:
2161 582 2194 611 &
2209 580 2282 609 Sub-

1227 613 1334 656 decano
1347 618 1484 652 praedigtis
1499 616 1592 654 quod,
1612 627 1645 646 ex
1666 619 1765 647 virtute
1785 618 1817 647 &
1838 618 1927 647 forma
1946 619 2122 657 cirographi,
2141 619 2171 649 sit
2184 618 2281 648 homi³

1227 653 1307 682 nibus
1322 654 1392 684 dieti
1406 653 1529 684 Comitia
1541 656 1699 685 emendatio
1714 656 1839 694 primitus
1855 656 1986 687 facienda.

1230 729 1235 734 1
1264 690 1317 729 Et,
1337 692 1355 721 si
1370 692 1454 731 aliqua
1468 693 1585 733 quaestio
1601 703 1662 723 orta
1677 694 1759 724 fuerit
1774 717 1783 732 ,
1807 703 1852 724 aut
1872 695 1954 724 etiam
1975 696 2078 724 oriatur
2093 696 2163 724 inter
2180 704 2230 724 nos
2248 693 2282 724 &

1229 729 1314 772 ipsum
1329 729 1478 761 Comitem
1494 755 1502 768 ,
1521 732 1597 772 super
1612 733 1664 761 hiis
1677 732 1710 761 ad
1730 742 1792 771 quie
1814 732 1881 762 dicit
1896 742 1954 771 pars
1968 731 2093 762 Comitis
2112 742 2163 761 nos
2177 733 2280 770 teneri,

1226 776 1259 809 er
1275 775 1375 811 virtute
1395 770 1427 799 &
1447 769 1538 800 forma
1558 771 1736 810 cirographi,
1758 771 1881 800 confesti
1897 771 1973 809 super
1996 771 2102 801 damnis
2123 770 2284 800 hominibus

1227 805 1294 834 disti
1310 805 1433 838 Comitis
1449 808 1627 838 emendandis
1643 809 1658 838 Ξι
1679 809 1760 838 nobis
1774 831 1784 846 ,
1806 809 1995 839 consentimus
2012 819 2044 839 ac
2064 807 2195 839 volumus
2214 818 2282 845 nos,

1227 843 1260 872 &
1274 842 1383 886 Comes
1397 846 1543 883 praedictus
1558 869 1566 883 ,
1590 845 1665 885 quod
1681 847 1786 883 praefaii
1806 846 1933 886 Episcopi
1954 847 2009 877 unii
2030 857 2096 876 cum
2117 846 2284 876 Subdecano

1226 880 1261 909 de
1285 881 1358 925 0¹¹5&
1378 884 1531 922 quaestione
1558 884 1752 922 cognoscant,
1778 886 1810 915 ὃ(
1834 895 1896 914 eam
1919 885 2108 915 determinent
2128 884 2284 915 secundum

1226 919 1302 965 quod
1322 930 1359 949 eis
1378 921 1517 952 videbitur
1535 922 1688 953 decidenda
1703 934 1712 957 ς
1737 924 1769 954 &
1785 923 1894 953 dietum
1910 933 2010 953 eorum
2033 924 2091 952 tam
2110 922 2195 961 super
2207 923 2282 959 hoc,

1226 958 1402 1025 guamfffiper
1421 960 1559 996 praedietis
1572 983 1581 999 ,
1607 961 1643 991 de
1665 961 1765 998 quibus
1787 962 1889 991 habent
1911 961 2098 1001 cognoscere,
2116 960 2283 991 servabimus

1247 1005 1301 1025 ona
1352 1006 1377 1025 e.
2075 1019 2079 1025 .

1266 1033 1294 1062 Si
1316 1044 1385 1063 vero
1400 1036 1575 1074 contingeret
1596 1035 1687 1065 dictos
1713 1036 1868 1075 Episcopos
1888 1044 1968 1075 atque
1992 1036 2188 1067 Subdecanum
2206 1036 2285 1073 supet

1228 1071 1366 1114 praediffls
1378 1073 1407 1102 in
1426 1072 1518 1111 aliquo
1531 1072 1684 1111 distentire,
1705 1076 1742 1104 ita
1757 1075 1832 1113 quod
1855 1073 1912 1104 duo
1933 1074 2121 1105 consentirent
2134 1076 2162 1105 in
2176 1084 2234 1104 uno
2250 1075 2283 1104 δε

1228 1119 1259 1139 m
1269 1110 1389 1149 eodem,
1406 1110 1464 1141 duo
1483 1112 1528 1141 alii
1547 1112 1718 1142 dissentirent
1733 1135 1742 1150 ,
1766 1123 1817 1142 nos
1835 1113 1868 1142 &
1885 1112 2010 1151 praefarus
2031 1112 2137 1142 Comes
2152 1114 2283 1151 quintum

1226 1147 1357 1186 eligemus
1373 1148 1512 1179 Altisidor.
1549 1149 1740 1188 Episcopum,
1758 1159 1807 1189 per
1822 1160 1923 1189 quem,
1942 1161 1994 1179 una
2011 1158 2077 1180 cum
2091 1151 2200 1180 duobus
2213 1160 2281 1187 pne-

1226 1185 1366 1217 dierorum
1381 1187 1414 1216 ad
1433 1189 1540 1225 minus,
1558 1187 1713 1225 hujusmodi
1728 1188 1856 1218 dissensio
1871 1189 2007 1227 sopiatur:
2025 1187 2060 1217 Et
2073 1188 2148 1217 bona
2167 1188 2220 1218 fide
2233 1188 2285 1217 ser-

1227 1225 1355 1255 vabimus
1369 1226 1402 1256 δε
1415 1227 1571 1255 tenebimus
1583 1226 1692 1256 dic‘tum
1707 1227 1761 1265 ejus
1775 1228 1807 1257 ὃ(
1822 1227 1942 1256 aliorum
1957 1225 2079 1255 duorum
2100 1236 2168 1255 cum
2183 1227 2284 1264 quibus

1227 1263 1394 1300 consentiet,
1414 1265 1448 1294 &
1463 1264 1596 1294 faciemus
1607 1264 1714 1294 servari.

1266 1301 1463 1332 Consentimus
1477 1302 1582 1341 insuper
1596 1303 1629 1333 &
1645 1303 1776 1332 volumus
1790 1301 1884 1341 quod,
1903 1303 1921 1333 si
1936 1303 2059 1340 aliquem
2069 1325 2077 1339 ,
2096 1301 2131 1331 de
2147 1301 2287 1340 prtediffls

1230 1339 1373 1384 Episcopis
1388 1341 1421 1370 &
1436 1340 1606 1371 Subdecano
1622 1342 1693 1370 mori
1714 1341 1756 1370 vel
1773 1340 1864 1371 abesse
1879 1342 2032 1380 contigerit
2046 1363 2055 1378 ,
2079 1340 2115 1370 ita
2130 1339 2207 1377 quod
2227 1349 2285 1369 non

1229 1378 1311 1415 pofflt
1334 1379 1477 1409 intendere
1496 1380 1611 1417 negotio
1630 1387 1789 1408 memorato
1804 1402 1812 1417 ,
1838 1378 1914 1417 quod
1934 1389 1985 1409 nos
1998 1379 2081 1409 alium
2095 1401 2105 1416 ,
2130 1378 2196 1407 loco
2209 1378 2288 1417 ipsius

1230 1426 1315 1454 quem
1330 1417 1363 1448 ad
1379 1417 1441 1446 haec
1457 1419 1559 1447 aventin
1572 1417 1713 1457 posuimus
1727 1439 1736 1454 ,
1759 1418 1787 1446 in
1803 1418 1865 1447 casu
1887 1417 2022 1454 praediolo
2040 1415 2188 1455 subrogare
2202 1415 2288 1455 possi-

1230 1465 1309 1492 mus,
1324 1455 1357 1485 &
1373 1455 1459 1492 simile
1470 1442 1506 1485 de
1519 1454 1569 1485 suis
1581 1456 1664 1493 possit
1681 1455 1772 1484 facere
1788 1455 1878 1485 dietus
1892 1455 2008 1485 Comes.

1268 1493 1306 1524 Et
1318 1493 1359 1523 est
1373 1493 1501 1532 affignata
1517 1493 1572 1523 dies
1585 1494 1617 1524 ad
1633 1493 1843 1533 procedendum
1858 1494 1934 1534 super
1954 1491 2092 1532 praediffls
2106 1490 2142 1522 de
2157 1501 2290 1521 commu-

1231 1531 1394 1600 τὲαίζεηίίι,
1408 1533 1465 1563 dies
1484 1531 1582 1563 Martis
1596 1533 1625 1562 in
1646 1531 1784 1572 quindena
1803 1532 1965 1564 NativitatiS
1985 1533 2072 1562 beatae
2092 1530 2194 1560 Matiae
2212 1530 2288 1568 apud

1261 1580 1353 1602 oniae.

1269 1646 1369 1678 Eodem
1383 1649 1456 1678 modo
1462 1648 1560 1688 stribit
1575 1650 1706 1679 Dominus
1720 1652 1808 1678 Comes
1823 1646 1931 1686 Thalos
1943 1650 2055 1676 mutatis
2067 1644 2228 1683 nominibus,
2247 1641 2284 1678 ἀὲ

1232 1689 1324 1716 mittet
1338 1688 1378 1716 ad
1388 1688 1470 1725 diem,
1507 1699 1564 1716 uem
1580 1689 1710 1717 Dominus
1730 1690 1791 1716 Rex
1810 1685 1932 1724 elegerit,
1948 1695 1995 1725 per
2003 1684 2064 1725 βιω-
2086 1683 2160 1714 illam
2171 1683 2288 1723 striptu·

1232 1734 1302 1763 ram,
1335 1725 1405 1763 igillo
1413 1724 1461 1765 sito
1469 1698 1617 1767 fiqgnatam.

1430 1853 1478 1884 De
1497 1850 1615 1884 Pan-dere
1631 1862 1699 1883 cum
1716 1850 1842 1895 Alfonsb
1864 1852 1939 1896 Rege
1955 1847 2088 1891 castella.

1308 1933 1423 1965 Mnibus
1437 1938 1553 1976 praesens
1565 1935 1695 1975 scriptum
1710 1936 1801 1966 visuris
1813 1934 1982 1965 willielmus
1999 1933 2080 1964 Prior
2094 1932 2129 1963 de
2146 1931 2239 1963 Mans.
2255 1931 2293 1962 sa-

1235 1934 1402 2003 Ormeni.

1269 2009 1419 2042 Noveritis
1431 2011 1508 2055 quod
1522 2035 1532 2050 ,
1557 2022 1624 2042 cum
1643 2011 1752 2042 illustris
1772 2010 1916 2041 Dominus
1935 2009 2078 2040 Henricus
2093 2033 2102 2048 ,
2127 2009 2188 2052 Dei¹
2205 2007 2292 2048 gratia

2310 1921 2385 1955 Anu.
2401 1923 2445 1955 D.-

2332 1971 2418 2003 1254.

2310 2005 2362 2030 An.
2380 2006 2424 2039 332

1234 2047 1298 2077 Rex
1315 2049 1443 2089 Angliae,
1459 2058 1567 2080 ratione
1578 2052 1742 2090 pacstorum,
1760 2058 1960 2080 contentorum
1980 2050 2009 2079 in
2024 2047 2116 2078 forma
2130 2057 2218 2086 pacis,
2238 2047 2291 2077 ini-
2310 2046 2344 2069 H.
2366 2050 2390 2076 3·

1232 2095 1267 2116 ωε
1285 2087 1357 2118 inter
1369 2088 1504 2118 illustrem
1520 2088 1634 2126 Regem
1647 2089 1777 2119 Castellae
1792 2111 1802 2127 ,
1823 2089 1855 2119 ὃς
1868 2088 2032 2127 praedictum
2049 2087 2211 2117 Dominum
2229 2085 2289 2115 Re-
2308 2078 2405 2116 L.B.f.

1232 2133 1297 2163 gem
1313 2126 1439 2166 Angliae,
1458 2135 1566 2157 tenetur
1581 2127 1731 2158 satisfacere
1746 2128 1879 2157 omnibus
1899 2126 2061 2156 hominibus
2080 2125 2115 2155 de
2129 2124 2239 2164 Regula
2254 2123 2289 2154 de
2311 2120 2376 2151 269,

1233 2164 1360 2201 dampnis
1373 2167 1411 2195 eis
1424 2165 1515 2202 illatis,
1535 2166 1611 2196 causa
1625 2166 1752 2204 praedicti
1766 2165 1852 2204 Regis
1864 2164 2007 2202 Castelke,

1271 2202 1335 2242 Ego
1350 2203 1431 2234 Prior
1444 2204 1610 2242 praedictus,
1631 2206 1659 2234 in
1674 2214 1760 2243 quem
1775 2204 1892 2243 populus
1904 2203 1988 2233 diist-ae
2004 2201 2076 2232 villae
2090 2201 2180 2238 suam,
2198 2201 2227 2230 in
2241 2199 2292 2230 hac

1234 2250 1326 2280 parte,
1343 2241 1479 2272 transtulit
1499 2241 1664 2280 potestatem
1680 2266 1690 2282 ,
1715 2244 1791 2273 circa
1812 2242 1972 2281 expeditum
1987 2242 2021 2271 <Sc
2044 2240 2062 2259 ²*
2079 2239 2227 2269 tractatum
2246 2249 2291 2268 eo-

1234 2289 1297 2309 rum
1311 2303 1320 2317 ,
1345 2291 1407 2319 quie
1422 2291 1489 2311 cum
1509 2280 1588 2310 dieto
1609 2280 1741 2311 Domino
1758 2280 1840 2319 Rege
1862 2280 1972 2319 Angliae
1991 2279 2132 2309 habebant
2151 2276 2295 2316 expedire,

1234 2319 1341 2348 ratione
1354 2320 1427 2356 pacis
1437 2319 1598 2358 praedictae,
1617 2320 1652 2350 de
1666 2319 1833 2357 prudentum
1847 2319 1981 2354 consilio,

1272 2356 1329 2386 Pro
1344 2357 1454 2387 honore
1474 2358 1623 2388 memorati
1639 2358 1759 2388 Domini
1780 2357 1869 2394 Regis
1890 2357 2004 2394 Angliae
2018 2354 2041 2393 ,³
2053 2356 2086 2386 &
2107 2355 2222 2385 utilitate
2236 2355 2297 2392 jam

1235 2394 1319 2424 dit‘tae
1334 2396 1424 2434 villae,
1439 2398 1472 2427 ὃ(
1488 2407 1539 2433 pro
1558 2396 1709 2435 optinenda
1721 2406 1789 2434 pace
1802 2396 1835 2426 ὃς
1849 2396 1936 2432 gratia
1957 2395 2075 2429 eiusdem
2099 2393 2221 2424 Domini
2236 2394 2297 2423 Re-

1234 2434 1289 2471 gis,
1309 2435 1341 2464 δε
1357 2434 1479 2464 Domini
1492 2434 1619 2464 Edwardi
1631 2434 1740 2464 illustris
1752 2434 1930 2472 primogeniti
1943 2432 1982 2462 sui
1997 2434 2030 2463 &c
2044 2432 2174 2469 haeredis,
2194 2433 2227 2463 &
2242 2442 2296 2469 pro

1235 2473 1333 2510 gratia,
1351 2482 1434 2511 quam
1451 2472 1592 2502 Dominus
1607 2473 1672 2502 Rex
1683 2473 1750 2503 fecit
1764 2471 1916 2511 Gayllardo
1931 2471 1966 2501 de
1980 2470 2053 2501 Solia
2069 2471 2103 2501 ὃς
2117 2471 2212 2500 amicis
2226 2471 2295 2508 suis,

1236 2509 1270 2539 de
1283 2510 1402 2550 ingressu
1415 2510 1544 2540 Civitatis
1558 2509 1700 2550 Burdegal.
1719 2512 1751 2541 &
1771 2511 1887 2540 aliorum
1909 2510 2039 2540 locorum
2062 2510 2090 2538 in
2104 2509 2203 2548 quibus
2220 2509 2299 2538 habi-

1236 2556 1293 2577 tare
1305 2549 1516 2586 consueverant,
1535 2549 1568 2579 &
1588 2559 1639 2587 pro
1654 2549 1827 2579 restitutione
1842 2548 2033 2578 haereditatum
2056 2547 2163 2577 suarum
2181 2547 2210 2576 in
2224 2545 2296 2576 locis

1235 2586 1321 2654 imis,
1345 2594 1429 2627 prout
1450 2588 1610 2618 continetur
1629 2588 1658 2617 in
1682 2588 1769 2618 littera
1788 2587 1912 2616 Domini
1934 2585 2026 2623 Regis
2045 2585 2145 2615 exinde
2166 2586 2202 2614 eis
2223 2593 2295 2615 con-

1235 2634 1269 2654 ce
1294 2635 1307 2654 a

1280 2647 1454 2694 Aii<ftoritate
1475 2662 1609 2703 praedieta
1623 2686 1633 2701 ,
1655 2674 1670 2694 a
1691 2662 1770 2693 disto
1792 2661 1898 2702 populo
1920 2661 1988 2693 mihi
2010 2660 2156 2692 commista
2171 2684 2181 2698 ‚
2204 2659 2295 2691 temifi

1236 2701 1427 2770 gatppnorum
1441 2702 1643 2741 praedidiorutn
1664 2701 1814 2732 emendam
1833 2701 1968 2732 Domino
1990 2700 2066 2739 Regi
2081 2699 2191 2739 Angliae
2206 2699 2295 2738 supra-

1257 2750 1323 2770 ico.

1271 2777 1304 2809 In
1319 2781 1395 2817 cujus
1407 2779 1445 2809 rei
1459 2778 1652 2809 testimonium
1665 2787 1735 2818 ego,
1753 2778 1842 2809 dietus
1854 2777 1954 2817 Prior,
1970 2776 2086 2816 sigillum
2107 2785 2204 2806 meum
2222 2784 2296 2814 prae«

1236 2817 1355 2848 sentibus
1367 2818 1463 2847 litteris
1477 2816 1542 2847 dini
1555 2817 1762 2854 apponendum.

1274 2856 1342 2886 Nos
1360 2865 1428 2886 vero
1443 2855 1552 2894 Lupus,
1571 2856 1627 2885 Dei
1640 2857 1740 2894 gratia,
1761 2853 1970 2885 Marrocliican.
1985 2852 2153 2892 Episcopus,
2169 2852 2203 2883 δε
2219 2851 2296 2883 Gar-

1237 2894 1283 2924 fias
1297 2893 1413 2924 Martini
1427 2894 1566 2933 praedietis
1581 2894 1757 2924 interfuimus
1773 2917 1782 2931 ,
1806 2895 1834 2923 in
1850 2892 2043 2923 testimonium
2058 2891 2243 2929 eorumdem,
2263 2891 2297 2922 δί

1237 2942 1370 2976 unacum
1387 2933 1474 2972 sigillo
1488 2932 1556 2964 dieti
1570 2931 1688 2971 Prioris,
1707 2932 1787 2971 sigilla
1809 2931 1902 2962 nostra
1920 2930 2097 2970 praesentibus
2118 2930 2235 2960 fecimus
2248 2938 2300 2967 ap«

1237 2981 1315 3009 poni.

1271 3047 1381 3079 Datum
1394 3046 1536 3088 Burdegal.
1549 3048 1642 3079 mense
1655 3046 1790 3089 Augusti,
1805 3057 1882 3096 anno
1893 3045 2017 3078 Domini
2031 3053 2116 3086 1254.

1237 3185 1284 3218 Dc
1298 3185 1422 3231 Afflnsit
1442 3187 1528 3231 Regis
1544 3188 1576 3216 in
1593 3186 1833 3216 Matrimonium
1852 3194 1921 3215 cum
1935 3183 2037 3227 fhrore
2056 3184 2144 3228 Regis
2162 3178 2296 3222 Castellae.

1237 3269 1447 3333 HEnricus,
1466 3269 1522 3299 Dei
1537 3268 1620 3308 gratia
1627 3268 1720 3312 ,Rex
1736 3266 1864 3307 Angliae,
1882 3267 2026 3298 Dominus
2040 3264 2205 3301 Hiberniae,
2224 3263 2295 3294 Dux

2309 2163 2377 2193 penes

2311 2199 2416 2221 Camers

2311 2237 2425 2260 Scaccar.

2312 2270 2331 2289 ’Κ
2349 2272 2411 2305 I.52
2419 2276 2449 2295 ι,

2312 3258 2387 3292 Ann.
2402 3259 2447 3295 Da

1317 3308 1508 3339 Normanniae
1528 3309 1562 3337 δε
1578 3307 1751 3346 Aquitaniae,
1772 3308 1805 3337 &
1821 3306 1929 3336 Comes
1944 3305 2130 3343 Andegaviae,
2149 3303 2295 3341 tiniveriis,
2331 3308 2415 3340 1254.

1235 3347 1268 3376 ad
1285 3357 1354 3384 quos
1367 3347 1482 3385 praesens
1498 3346 1629 3382 scriptum
1648 3347 1818 3383 pervenerit,
1837 3345 1958 3374 salutem.

2309 3343 2360 3367 An.
2378 3342 2423 3376 38.

1275 3386 1436 3424 Quoniam,
1454 3385 1488 3414 ad
1510 3383 1604 3423 Regni
1618 3383 1705 3413 nostri
1725 3385 1759 3414 ὃς
1781 3393 1880 3413 eorum
1894 3405 1904 3420 ‚
1929 3383 1977 3419 qui
1994 3378 2212 3422 ditioni-nostrae
2232 3379 2294 3410 sunt
2309 3383 2343 3404 H·
2367 3388 2391 3414 3·

1235 3423 1364 3462 subjeffl,
1381 3422 1603 3461 tranquillitatem
1617 3423 1649 3452 ὃ(
1666 3431 1780 3460 pacem,
1800 3432 1858 3451 non
1872 3420 1960 3450 solum
1975 3419 2131 3454 modernis,
2149 3418 2194 3460 sed
2208 3419 2292 3448 etiam
2309 3416 2406 3453 Vascosz.

1235 3462 1330 3492 futuris
1342 3462 1513 3500 temporibus
1526 3461 1734 3491 observandum
1743 3483 1752 3499 ,
1771 3468 1853 3499 prout
1867 3458 1988 3497 Regiam
2002 3457 2083 3487 decet
2096 3455 2274 3493 lvlajestatem
2282 3480 2292 3495 ,
2309 3458 2366 3497 Par.
2378 3463 2424 3491 371

1235 3501 1350 3530 libenter
1364 3500 1549 3536 intendimus,

1274 3538 1455 3568 Universitati
1469 3537 1568 3567 vestrae
1588 3543 1688 3567 notum
1708 3536 1824 3566 facimus
1839 3557 1849 3573 ,
1873 3533 1967 3573 quod,
1985 3531 2136 3563 affectione
2152 3541 2211 3562 non
2227 3542 2292 3564 mo-

2311 3497 2444 3529 &getth

2312 3538 2409 3568 31P-2-

1233 3577 1296 3607 dica
1309 3585 1371 3615 erga
1387 3576 1549 3606 Dominum
1570 3575 1716 3606 Altonsum
1732 3574 1862 3605 illustrem
1885 3572 1996 3610 Regem
2020 3570 2149 3601 Castellae
2168 3581 2293 3610 concep-
2309 3579 2346 3597 m,
2362 3569 2388 3597 8=

1234 3625 1276 3653 ta,
1295 3615 1330 3645 ad
1344 3614 1481 3651 utriusque
1498 3614 1607 3652 Regni,
1623 3622 1680 3643 tam
1694 3613 1751 3651 sui,
1769 3621 1853 3652 quam
1870 3610 1960 3640 nostri
1975 3609 2060 3638 decus
2074 3609 2107 3639 &
2126 3609 2293 3649 subsidium,

1234 3656 1268 3685 δε
1282 3653 1316 3683 ad
1331 3655 1524 3692 propositum,
1542 3661 1600 3681 tam
1615 3651 1712 3688 suum,
1730 3660 1814 3688 quam
1832 3647 1958 3678 nostrum
1973 3669 1983 3683 ,
2004 3646 2194 3690 ampliandum
2205 3671 2216 3687 ,
2242 3660 2292 3679 cu-

1232 3693 1337 3731 pientes
1351 3701 1457 3721 mutuae
1471 3690 1626 3720 dilectionis
1646 3690 1761 3718 nexibus
1781 3687 1897 3725 obligari
1908 3709 1918 3724 ,
1939 3695 2007 3716 cum
2021 3691 2079 3723 ipio
2099 3695 2147 3723 per
2167 3686 2291 3719 modum

1232 3730 1337 3760 faederis
1350 3729 1501 3765 conjugalis
1514 3728 1665 3758 amicitiam
1679 3728 1808 3756 duximus
1823 3723 2055 3755 contrahendam:

1277 3767 1321 3798 Ad
1342 3769 1418 3805 quod
1445 3767 1587 3805 negotium
1610 3765 1834 3803 prosequendum
1858 3762 2075 3792 Procuratorem
2103 3762 2232 3793 nostrum
2257 3763 2289 3794 δε

1233 3805 1387 3836 Nuntium
1406 3806 1561 3839 Iohannem
1575 3803 1683 3833 Mansel
1695 3826 1706 3841 ,
1728 3801 1932 3832 cancellarium
1954 3800 2087 3830 London.
2102 3809 2136 3831 ac
2155 3800 2291 3840 Praeposi-

1232 3853 1294 3874 tum
1308 3839 1448 3874 Bcvciiaci
1461 3867 1470 3882 ‚
1493 3842 1676 3873 Secretarium
1695 3840 1822 3871 nostrum
1843 3841 1875 3870 &
1896 3838 2008 3868 fidelem
2020 3862 2032 3876 ,
2055 3839 2090 3869 ad
2106 3840 2186 3878 ipiius
2200 3840 2291 3876 Regis

1232 3882 1403 3922 praesentiam
1417 3882 1546 3911 duximus
1560 3879 1762 3910 destinandum.

1269 3920 1342 3954 Cui,
1359 3930 1455 3950 tenore
1476 3918 1670 3956 praesentium,
1689 3917 1800 3955 plenam
1820 3915 1916 3945 damus
1937 3914 2102 3955 potestatem
2119 3914 2152 3944 ad
2172 3915 2288 3945 consen-

1232 3959 1377 3996 tiendum,
1393 3968 1448 3996 pro
1461 3958 1542 3987 nobis
1556 3979 1566 3994 ,
1591 3958 1624 3987 &
1641 3965 1776 3994 quantum
1795 3956 1824 3984 in
1845 3954 1927 3984 nobis
1940 3953 1980 3983 est
1989 3977 2001 3993 ,
2024 3955 2054 3983 in
2072 3953 2287 3982 matrimonium

1233 3996 1454 4027 conirihendum
1481 3997 1551 4025 inter
1576 3993 1747 4025 Edwardum
1771 3993 1989 4031 primogenitum
2015 3992 2047 4021 &
2073 3990 2214 4033 haeredem
2234 4000 2287 4020 no-

1233 4035 1321 4064 strum
1331 4058 1339 4071 ,
1358 4035 1390 4064 &
1405 4031 1650 4063 reverentiffimam
1662 4032 1799 4071 puellam,
1817 4030 1985 4061 Aleonorasn
1997 4029 2123 4067 praedie‘h
2136 4028 2221 4069 Regis
2232 4028 2291 4057 Ca-

1233 4073 1319 4102 stellie
1330 4074 1468 4110 sororem,
1489 4081 1572 4109 quarn
1593 4072 1701 4101 intimae
1720 4069 1876 4099 dilectionis
1895 4070 2082 4107 amplexamur
2096 4065 2200 4096 affeetu
2217 4078 2234 4109 3¹
2251 4068 2289 4096 ita

1233 4112 1348 4150 quidem
1369 4110 1447 4148 quod
1467 4110 1603 4149 quicquid
1622 4110 1658 4141 ab
1675 4107 1926 4176 eodcrrAjohaniie
1938 4129 1949 4145 ,
1972 4107 2047 4138 circa
2066 4105 2122 4135 hoc
2141 4112 2288 4170 negotiustn

1798 4156 1814 4175 a
2195 4150 2247 4179 pro
2258 4150 2291 4170 eo
