2570 4261
721 193 832 245 ET
914 203 1181 247 ACTA

10 277 141 319 Ann.D·.
156 288 288 328 Warini,
306 289 340 321 δί
353 287 516 321 Hervicum
531 289 627 329 Bagod
642 291 670 320 in
685 290 807 328 partibus
824 289 1042 328 Northwalliie,
1062 289 1226 320 Dictatores

38 326 122 364 '1236-
154 336 376 367 treugae,nuper
390 336 479 365 captae
493 330 564 358 inter
573 330 682 366 nos,&
698 329 791 366 vos,a
805 328 877 358 festo
886 328 1087 367 SanetiJacobi
1097 327 1225 366 Aposto-

9 368 72 394 Hen.
91 375 119 404 3.
156 366 194 406 li,
216 377 293 397 anno
312 367 389 406 regni
408 366 497 396 nostri
517 368 670 405 vicesimo,
688 367 775 404 usque
795 368 823 396 in
840 377 929 396 unum
943 377 1067 404 annum,
1085 366 1119 397 ad
1128 376 1228 396 emen-

159 405 285 436 dandum
299 405 533 445 interceptiones‘,
552 416 615 443 quze
635 404 702 435 fient
727 414 761 434 ex
784 414 860 443 parte
874 405 969 435 nostra
984 415 1083 435 contra
1098 414 1227 442 treugam

159 444 340 483 praedidtamg
359 443 393 472 &
413 442 448 472 ad
471 443 681 473 emendandum
702 443 825 474 similiter
841 454 889 481 ea,
906 454 970 481 que
991 445 1144 481 intercepta
1165 444 1227 474 sunt

161 491 261 514 contra
274 481 411 511 dileetum
427 482 460 511 δε
476 481 590 512 fidelem
605 481 735 511 nostrum
751 481 933 512 Gulielmum
950 482 1148 512 Marescallum
1165 481 1228 512 Co-

161 523 263 552 mitem
285 519 401 548 Pembr.
441 529 470 549 er
489 530 559 559 VOS,
577 522 611 551 &
632 520 810 559 Morganum
831 520 867 550 de
881 520 995 559 Carlyn.
1014 521 1048 551 ὃς
1062 521 1128 551 alios
1141 522 1227 559 inpri-

160 560 213 590 fios
225 556 347 595 vestrOS,
366 558 395 587 in
408 529 458 587 alia
472 566 567 598 treuga
582 558 760 596 praecedenti.

197 597 236 627 Et
254 595 320 626 ideo
342 606 394 626 vos
415 605 546 636 rogamus
570 596 665 635 quod,
691 598 756 627 vice
773 597 850 628 versa
865 620 874 635 ‚
898 597 963 627 tales
984 606 1018 627 ex
1038 606 1114 635 parte
1135 597 1227 628 vestra

160 635 325 667 Dinatores
344 634 465 673 ejusdem
485 643 589 674 treugae
606 635 760 673 assignetis,
779 637 827 673 qui
847 636 933 666 sciant
953 636 986 666 &
1005 636 1128 674 poffint,
1156 647 1225 666 cum

160 674 273 705 neceffe
292 672 394 712 fuerit,
412 674 630 712 interceptiones
650 674 735 704 factas
759 676 792 704 ὃς
816 674 956 704 faciendas
992 676 1046 705 unii
1068 685 1137 705 cum
1157 685 1228 712 prae-

159 713 241 743 dietis
258 711 384 742 fidelibus
396 711 514 750 nostris,
534 721 619 750 prout
629 711 737 750 justum
752 713 851 750 fuerit,
871 699 1028 743 emendare.

199 751 276 782 Non
296 751 459 780 omittentes
480 751 547 788 quin
569 761 601 780 ea
612 751 760 789 facilitate,
775 761 829 789 qua
843 751 979 788 proedicto
996 751 1143 791 Morgano
1158 752 1228 782 feci-

160 800 224 821 mus
244 787 389 820 emendari
408 798 456 826 ea,
476 799 540 827 quae
560 797 659 819 contra
681 790 689 818 i
711 789 770 819 sum
793 791 945 827 intercepta
957 791 1070 820 fuerunt
1085 792 1114 820 in
1133 798 1228 829 treuga

159 829 228 867 alia,
244 828 347 858 faciatis
362 826 502 857 emendari
515 828 652 866 praedicto
697 828 797 865 omiti,
809 829 844 858 δε
857 829 929 867 aliis,
947 839 1011 867 quae
1024 829 1059 857 ab
1072 829 1130 866 ipso
1140 827 1227 857 Mor-

158 877 234 907 gano
253 867 314 897 sunt
333 874 434 896 contra
454 867 461 895 i
484 866 525 896 sos
542 867 712 904 intercepta,
731 876 767 896 ne
781 866 899 905 debeat,
918 878 949 897 ea
962 867 1128 903 occaiione,
1148 865 1227 909 quod

157 906 315 942 nollemus,
333 905 405 934 inter
424 905 453 942 ip
466 915 516 934 urn
537 904 705 944 Comitem,
723 906 757 936 &
777 905 946 943 praedi&mi
962 906 1139 945 Morganum
1159 914 1227 934 oriri

158 952 318 976 contentio.

194 982 362 1022 Significetis
376 982 460 1011 etiam
476 983 559 1013 nobis
575 993 646 1021 quos
660 982 694 1012 ad
709 983 857 1023 negotium
872 991 1064 1013 memoratum
1085 990 1227 1018 exequen-

159 1021 231 1052 'dum
252 1031 286 1051 ex
324 1028 380 1049 arte
400 1020 491 1050 vestra
510 1021 642 1052 duxeritis
661 1020 812 1061 affignare,
831 1022 1005 1061 injungentes
1027 1019 1125 1064 vestris
1149 1018 1227 1057 quod

161 1068 280 1091 caveant
306 1058 363 1096 ibi,
381 1068 434 1096 pro
447 1060 553 1090 viribus
564 1061 615 1091 suis
627 1084 637 1099 ,
647 1060 684 1090 de
697 1061 902 1097 interceptione
912 1061 1002 1098 aliqua
1015 1058 1144 1102 facienda
1155 1067 1229 1087 con-

159 1106 200 1130 tra
221 1108 290 1135 nos,
317 1097 350 1127 &
374 1096 502 1137 nostros,
528 1100 561 1130 ὃς
583 1109 635 1130 nos
652 1098 729 1129 idem
751 1099 886 1129 faciemus
905 1098 942 1128 de
961 1096 1081 1134 nostris,
1099 1096 1227 1128 volentes

160 1136 241 1176 quod
252 1144 382 1173 treugam
396 1136 561 1173 praedictam
575 1137 693 1168 firmiter
707 1137 864 1169 observent.

197 1211 290 1243 Teste
304 1213 390 1250 Rege
402 1212 476 1250 apud
490 1213 564 1244 Pars
583 1214 624 1244 26
640 1213 685 1244 die
694 1211 769 1252 Julii.

294 1339 342 1371 De
360 1329 499 1385 Epistopo
515 1336 679 1382 Hereford.
697 1347 753 1383 pro
768 1337 927 1370 Distatore
942 1335 1093 1383 affignaso,

0 1423 84 1467 sAnfi
102 1433 135 1464 D
230 1424 289 1456 EX
304 1423 465 1456 Venerabili
478 1424 508 1453 in
521 1421 640 1454 Christo
652 1422 730 1454 Patri
742 1422 782 1453 R.
801 1422 901 1453 eadem
914 1423 1002 1460 gratia
1019 1422 1174 1454 Heteford.
1191 1423 1232 1455 E-

42 1457 144 1513 12{6.'
246 1463 365 1508 piscopo
376 1463 505 1506 salutem..
541 1502 546 1507 ¹
814 1504 815 1507 Ἴ
900 1501 904 1506 ¹
991 1488 993 1490 η

0 1527 7 1542 ²
15 1517 68 1543 An.
84 1523 130 1540 ²0·
205 1502 302 1540 SC-fflns
315 1501 394 1539 qUOd
413 1500 613 1545 constmeJ-‘us
632 1510 701 1538 VOS„
719 1501 753 1532 &
774 1500 966 1533 venerabilem
985 1499 1101 1531 Patrem
1122 1501 1233 1532 Landa.

167 1543 233 1571 veh·
259 1537 433 1578 Episcopum
449 1564 458 1577 ,
486 1540 520 1570 ὃ(
543 1539 662 1570 ἀιΙεᾶοε
682 1540 716 1570 &
737 1538 831 1570 fideles
852 1539 965 1570 nostros
980 1564 990 1577 ,
1014 1539 1176 1571 Walterum
1197 1540 1233 1571 de

0 1557 51 1581 iH.
73 1561 85 1587 3

0 1606 4 1619 l

15 1573 120 1620 'him
169 1578 335 1623 ¹³²⁵·kervffl‘
352 1579 386 1610 ἃ
397 1578 444 1648 {l
446 1578 854 1647 i¹J³⁶¹¹Tii¹m1ss¹³i>¹r¹³i12i⁷2iiniiz
862 1578 1030 1647 {ifflssiss
1037 1586 1235 1649 ts‘iz'iffiirffai'fi

2 1670 9 1681 .
19 1665 69 1694 *1-
86 1674 149 1703 370,
168 1625 361 1695 tSaiziaiiilttiffn?qaS
368 1641 444 1686 ’festo
459 1627 606 1687 δεεξῑῖινὲῒέᾞμ
620 1628 705 1686 acobi
718 1627 868 1694 Appostoli,
887 1666 962 1686 anno
977 1641 1056 1695 regrii
1074 1656 1164 1687 nostri
1184 1629 1234 1691 go.

167 1696 198 1725 in
211 1704 302 1724 unum
316 1704 423 1725 annum
432 1717 442 1733 ‚
455 1693 491 1725 ad
505 1704 589 1725 emen
609 1694 715 1724 andum
728 1695 757 1724 in
771 1695 893 1732 partibus
907 1693 1076 1726 Suthwalliae
1096 1696 1235 1734 intercep-

169 1735 279 1771 tiones,
297 1742 361 1772 quae
373 1733 442 1763 fient
455 1743 490 1763 ex
504 1741 582 1771 parte
595 1732 691 1763 nostra
704 1741 805 1764 contra
816 1740 944 1772 treugam
978 1732 1140 1771 raedidiam3
1152 1735 1186 1766 &
1202 1735 1236 1766 ad

169 1771 383 1803 emendandum
402 1771 525 1802 similiter
539 1781 588 1811 ea,
606 1782 670 1810 quae
684 1773 838 1810 intercepta
852 1772 913 1802 sunt
928 1782 943 1801 a
987 1771 1108 1803 ewelino
1121 1773 1154 1803 &
1167 1774 1237 1814 suis,

167 1815 270 1842 'contra
283 1810 421 1841 dileetum
435 1811 468 1842 ὃς
480 1810 594 1842 fidelem
609 1810 947 1849 nostrum,Gulielmum
962 1809 1161 1843 Marescauum
1174 1811 1237 1844 Co-

170 1850 272 1880 mitem
285 1849 402 1880 Pembr.
420 1850 450 1879 in
463 1849 513 1880 alia
525 1857 622 1890 treuga
637 1849 815 1888 praecedenti.
1065 1888 1069 1891 ²

206 1887 245 1918 Et
259 1887 326 1919 ideo
339 1888 423 1920 vobis
439 1887 605 1919 mandamus
619 1897 748 1928 rogantes
764 1888 858 1927 quod,
874 1890 1004 1927 quotiens
1017 1890 1131 1921 necesse
1145 1891 1239 1931 fuerit,

167 1936 288 1966 propter
302 1927 540 1964 interceptionem
555 1936 765 1966 emergentem,
784 1928 814 1957 in
827 1928 948 1965 partibus
967 1928 1123 1968 praedietis,
1138 1940 1238 1962 contra

170 1973 300 2005 treugam
315 1964 498 2004 praedietam,
517 1967 551 1996 &
565 1966 687 2004 requisiti
700 1966 805 1997 fueritis
820 1967 836 1996 a
850 1965 987 2006 praedic'io
996 1990 1006 2005 ,
1024 1967 1072 1998 vel
1082 1968 1240 2000 Dictatori-

171 2003 226 2034 bus
240 2011 345 2043 treugae
360 2004 502 2041 praedietae
514 2003 668 2044 assignatis,
683 2013 717 2034 ex
728 2012 805 2042 parte
819 2005 881 2043 sua,
899 2006 1072 2037 conveniatis
1085 2006 1119 2037 ad
1133 2007 1239 2039 facien-

0 2041 2 2080 l
172 2041 242 2073 dum
256 2042 293 2072 de
304 2042 553 2080 interceptionibus
567 2043 647 2073 saitis
664 2043 742 2081 quod
753 2043 862 2081 justum
875 2043 967 2074 fuerit.

0 2086 2 2094 ¹
208 2080 374 2120 Negotium
396 2090 590 2112 memoratum
613 2081 645 2112 ea
667 2081 811 2120 diligentia
833 2090 1000 2120 exequentes
1009 2105 1026 2123 ‚¹
1038 2084 1116 2121 quod
1138 2085 1239 2117 exinde

173 2118 297 2150 debeatis
310 2120 416 2150 merito
429 2119 624 2150 commendari
633 2145 642 2159 ,
661 2121 694 2151 ὃς
708 2121 724 2150 a
737 2120 820 2150 nobis
833 2129 923 2157 grates
937 2128 1079 2159 reportare
1093 2122 1238 2163 speciales,

174 2167 209 2188 ex
224 2167 283 2195 quo
298 2158 383 2188 etiam
398 2158 490 2188 dietus
504 2158 666 2189 Lewelinus
680 2158 843 2190 Di&at0res
854 2168 889 2190 ex
903 2168 982 2198 parte
994 2159 1041 2191 sua
1053 2160 1239 2203 assignaverit,

173 2197 292 2227 nomina
308 2206 411 2226 eorum
423 2196 508 2227 nobis
519 2196 589 2228 scire
602 2197 693 2229 faciet.

210 2234 300 2266 Teste
312 2243 344 2266 ut
356 2234 442 2274 supra.

212 2312 315 2342 Eedem
329 2311 403 2342 modo
410 2310 542 2351 stribitur
550 2311 665 2354 singulis
677 2314 877 2345 Distatoribus.

172 2385 331 2420 Distatores
345 2395 445 2428 treugae
460 2397 546 2429 captae
558 2393 631 2422 inter
644 2394 741 2430 Regem
757 2391 795 2427 ό·
813 2390 1003 2431 Lewelinum,

171 2466 206 2494 R.
227 2464 403 2504 Hereforden.
424 2469 452 2496 E
469 2467 511 2507 isc.

275 2476 468 2545 Landavenf¹
474 2505 563 2545 Epist.

209 2577 244 2609 In
259 2580 382 2618 partibus
396 2581 575 2614 Suthwalliae.

209 2652 299 2687 Henr.
317 2657 350 2687 ‘de
363 2657 533 2697 Aldicheleg.

209 2694 288 2724 Fulco
293 2694 374 2735 filius
387 2699 496 2726 Warim'
505 2722 515 2735 ,

206 2735 344 2764 Hervicus
359 2735 392 2764 de
407 2736 521 2774 Bagod,

728 2467 867 2497 Walterus
881 2467 912 2497 de
925 2468 1102 2507 Baskervill,

727 2507 770 2535 W
769 2505 893 2537 illielmus
904 2505 978 2546 filius
994 2509 1120 2546 Warini,

206 2809 242 2841 In
257 2811 381 2849 partibus
395 2803 607 2843 Northwalliae.

206 2888 251 2917 Et
275 2886 324 2916 hoc
345 2887 531 2927 significatum
552 2889 588 2930 est
610 2889 741 2921 Gulielmo
763 2886 927 2930 Marefiallo
948 2895 1046 2923 Comiti
1067 2883 1176 2925 Pembr.
1201 2882 1239 2930 ἐν

168 2925 331 2955 mandatum
352 2925 389 2971 est
412 2931 435 2955 ei
459 2928 532 2972 quod
546 2935 655 2967 treugas
670 2929 837 2969 praeditflas,
859 2937 918 2960 tam
937 2943 955 2960 a
967 2930 1016 2970 se,
1043 2943 1125 2973 quam
1147 2945 1165 2963 a
1182 2932 1240 2974 ficis

162 2962 287 3004 firmiter
301 2963 399 3002 factat
419 2964 584 3006 observari,
613 2979 647 2998 ne
668 2967 737 3007 {pfizs
757 2975 867 3007 treugas
885 2977 935 3009 per
953 2981 1011 3000 eum
1037 2975 1178 3011 contingat
1197 2976 1240 3003 in-

165 3000 264 3040 fringi.

210 3077 306 3118 Postea
320 3080 550 3121 ma'nda‘t'umsuit
580 3083 698 3114 raediffls
711 3085 861 3125 Episcopis,
879 3084 918 3120 ὠ·
932 3087 1065 3124 ρνιειίἰὲἶο
1088 3091 1132 3119 W
1131 3088 1240 3120 illielmo

189 3118 243 3146 uod
253 3141 263 3154 ,
288 3121 353 3157 quia
373 3119 442 3149 idem
466 3089 647 3188 lnareilgallur
671 3121 754 3152 habet
776 3125 876 3154 dilium
900 3125 1053 3155 Walterum
1070 3126 1239 3168 fir‘spec‘lum,

162 3125 224 3196 Ξηε
231 3155 378 3194 praefi’ntia
391 3157 467 3198 ipfius
483 3161 537 3201 qu
549 3163 621 3200 teri,
639 3164 717 3190 certis
732 3162 773 3191 die
786 3161 890 3199 &loco
910 3167 1073 3194 conveniant
1094 3167 1136 3201 ad
1152 3179 1240 3197 emen-

168 3194 220 3223 das
230 3193 370 3233 faciendas
384 3196 430 3237 ipfi
445 3198 543 3227 comiti
579 3199 610 3228 de
623 3199 760 3229 demandis
775 3200 813 3236 ὠ,
825 3202 947 3241 injuriis,
967 3213 1034 3243 quas
1043 3200 1097 3244 fibi
1112 3206 1178 3235 dicit
1198 3210 1238 3236 ir-

168 3235 260 3269 rogari
268 3240 318 3271 per
333 3234 520 3274 Lewelinum,
586 3239 751 3274 Morganum
765 3240 796 3269 de
812 3237 945 3280 Karlym,
965 3239 1002 3276 ὠ
1010 3240 1091 3281 fi1055
1111 3247 1153 3274 ita
1169 3246 1243 3285 quod

168 3271 258 3300 diHus
272 3270 411 3301 Walterus
427 3273 497 3303 alias
510 3275 636 3304 emendas
650 3277 824 3314 dampnorum
841 3275 878 3313 ὠ
892 3281 1126 3319 interceptionem,
1137 3282 1238 3322 fac‘la-

169 3319 230 3339 rum
241 3308 482 3349 &faciendarum
494 3311 571 3351 infra
587 3320 696 3352 treugas
711 3314 791 3354 illas,
809 3327 865 3347 una
879 3329 936 3348 cum
951 3322 988 3349 eis
999 3320 1084 3350 distet
1097 3320 1135 3356 ὀ·
1150 3334 1238 3353 emen-

169 3349 225 3380 det.

211 3475 263 3508 De
277 3477 421 3509 Manerio
437 3474 473 3508 de
491 3476 632 3520 Drtffeld
639 3475 721 3557 giam·
729 3485 785 3524 per
799 3482 908 3527 Regem
927 3481 1076 3529 Johannae
1093 3488 1207 3532 Reginae

663 3535 750 3559 cotzae.

118 3626 121 3630 Δ
167 3607 289 3670 REX
313 3609 408 3647 dedit,
439 3611 473 3642 &
496 3610 651 3649 concessit,
675 3611 709 3641 &
730 3619 803 3643 carta
819 3613 865 3645 sua
884 3617 1067 3651 confirmavit
1080 3611 1237 3661 johannae‚

93 3660 99 3667 ·
141 3662 148 3668 ·
247 3648 369 3687 Reginae
382 3649 552 3680 Scottorum
565 3648 731 3679 Manerium
748 3649 784 3681 de
797 3650 941 3698 Driffeld,
959 3659 1027 3688 cum
1049 3660 1237 3699 pertinentiis,

125 3701 131 3706 -
167 3684 330 3718 habendum
345 3687 405 3718 tota
418 3687 477 3718 vita
490 3688 552 3726 sua,
571 3697 640 3718 cum
654 3689 791 3718 omnibus
802 3689 974 3724 libertatibus
990 3696 1024 3727 ὃς
1045 3695 1137 3727 liberis
1164 3708 1236 3728 con-

128 3737 134 3744 ·
167 3723 375 3767 suetudinibuS‚
391 3726 426 3756 ad
440 3726 508 3756 illud
522 3726 688 3757 Manerium
732 3727 929 3769 eminentibus,
948 3733 1017 3764 sieut
1037 3734 1144 3773 plenius
1165 3747 1237 3767 con-

169 3769 272 3794 unetur
286 3765 315 3794 in
330 3764 433 3803 Carta,
471 3774 536 3795 uam
553 3765 698 3795 Dominus
746 3774 781 3795 ex
796 3767 821 3795 ei
834 3766 895 3798 fieri
910 3770 984 3801 fecit.

203 3796 241 3831 Et
254 3801 418 3834 mandatum
433 3813 449 3833 e
490 3803 643 3842 militibus,
661 3803 754 3834 liberis
769 3803 950 3845 horninibus,
969 3810 1004 3841 ὃς
1017 3811 1074 3842 aliis
1095 3813 1237 3844 Tenenti*

143 3852 149 3859 ·
167 3838 221 3881 bfls
234 3838 270 3869 de
284 3840 411 3872 Honore
423 3841 459 3872 de
473 3841 598 3872 Driffeld
608 3865 617 3880 ,
658 3842 715 3872 uod
732 3842 825 3872 eidem
839 3843 977 3886 Reginae,
993 3849 1040 3879 vel
1053 3860 1133 3882 certo
1146 3852 1182 3882 N
1183 3862 1236 3882 un-

167 3877 295 3919 ciolsu0,
313 3879 414 3910 litteras
427 3880 486 3911 suas
501 3880 629 3911 Parentes
663 3881 795 3920 eferend,
813 3883 843 3912 in
856 3885 1003 3924 omnibus,
1024 3898 1088 3926 quae
1109 3889 1144 3920 ad
1166 3890 1236 3921 Ma-

167 3923 282 3945 nenum
301 3917 470 3954 praedietum
491 3920 630 3957 pertinent
645 3943 654 3957 ,
680 3920 798 3950 nomine
818 3921 901 3959 ipsius
920 3922 1043 3964 Reginae
1060 3927 1235 3961 intendentes

167 3951 220 3982 fint
235 3953 270 3984 &
289 3955 497 3994 respondentes.

204 4027 296 4060 Teste
310 4029 396 4069 Rege
407 4034 482 4073 apud
491 4033 623 4067 Eborum
631 4058 641 4074 ‚
659 4008 698 4067 ἑο
711 4035 758 4068 die
770 4036 952 4076 Septembris

200 4140 273 4173 Tbm.
292 4143 319 4173 1.
338 4142 370 4172 P.
393 4144 418 4178 Ι,

1263 196 1740 248 PussLch.

2252 207 2269 252 i
2279 225 2296 251 2
2302 209 2331 259 9

2347 311 2477 349 Ann.D.⁴

1381 378 1594 434 Litterffigegi
1612 381 1713 411 Scotiae
1728 379 1764 411 de
1782 383 1922 426 Captione
1942 380 2068 414 Ricardi
2081 381 2215 416 Siwaraa
2347 362 2458 433 ἐξὲξ,

1266 460 1387 521 REX
1401 446 1563 492 Alexindro
1573 485 1582 500 ,
1603 461 1677 502 Regi
1692 463 1877 502 Scottorum,
1894 465 2018 496 salutern.
2322 502 2324 504 μ
2345 463 2397 487 Aa.
2413 471 2458 489 20·

1366 499 1475 529 Datum
1497 500 1538 530 est
1558 501 1641 537 nobis
1664 502 1779 539 intelligi
1802 504 1884 533 vobis
1905 504 1986 534 fuiffe
2000 504 2160 543 suggestum
2173 505 2210 537 de
2223 506 2329 537 dileeto
2345 503 2380 525 H.
2401 508 2428 535 3·
2477 542 2479 545 .

1265 537 1299 568 ὃς
1321 536 1395 568 fideli
1418 537 1517 569 nostro
1538 538 1666 570 Ricardo
1679 539 1802 577 Siward,
1820 540 1898 578 quod
1912 542 1967 579 ipse
1979 543 2137 580 procurasse
2151 544 2249 576 debuit
2266 556 2332 583 cap·
2352 541 2409 564 ΡΜ·
2433 547 2476 565 20·

1264 576 1374 606 tionem
1388 576 1481 614 suam,
1500 577 1614 615 quando
1629 588 1695 608 eum
1711 580 1772 618 capi
1786 579 1923 617 fecimus,
1943 580 1975 609 &
1991 581 2068 617 quod
2092 583 2099 611 i
2122 583 2162 620 se,
2180 583 2245 622 post
2264 583 2333 614 deht
2356 580 2391 602 H.
2408 585 2432 612 3-
2454 587 2479 604 ⁷³2

1265 614 1440 644 berationem
1461 616 1553 654 suam,
1572 618 1799 647 conventionem
1812 616 1961 648 nobiscum
1982 618 2078 648 fecisse
2110 621 2221 651 ebuerat
2234 631 2333 653 contra
2354 624 2379 641 ²·

1265 651 1353 682 fidem
1368 653 1443 683 suam
1458 653 1541 683 vobis
1556 654 1689 684 debitam.

1306 691 1383 730 Qia
1396 693 1466 722 vero
1483 694 1590 723 veritati
1605 693 1802 724 testimonium
1818 694 1859 724 est
1873 694 2095 734 perhibendum,
2114 695 2251 729 serenitati
2270 709 2332 729 ves-

1264 736 1314 759 trae
1327 729 1505 770 praesentibus
1520 732 1682 762 intimamus
1697 732 1774 770 quod
1788 735 1951 771 captionem
1966 734 2041 764 suam
2060 745 2205 772 nunquam
2228 747 2333 776 procu-

1268 768 1355 805 ravit,
1374 778 1429 798 nec
1454 768 1532 806 quod
1554 770 1661 809 ipsum,
1677 772 1718 801 ob
1738 771 1819 801 aliam
1833 772 1959 809 causam,
1978 773 2056 813 capi,
2073 773 2118 803 vel
2134 773 2249 804 detineri
2264 776 2333 806 feci-

1265 815 1327 835 mus
1336 824 1354 843 ,·
1360 807 1411 873 gili
1435 817 1480 836 iro
1494 808 1637 839 securitate
1652 810 1735 839 nobis
1750 810 1769 829 *ί
1786 809 1915 840 facienda
1927 810 1962 841 de
1976 821 2044 850 pace
2058 810 2154 850 Regni
2169 812 2256 843 nostri
2272 825 2333 844 non

1264 852 1359 882 pertus
1381 854 1415 874 an
1436 855 1458 874 a.

1300 881 1335 911 N
1338 892 1371 912 ec
1387 882 1483 926 quod,
1501 884 1566 924 post
1580 887 1742 924 captionem
1756 885 1848 924 suam,
1867 887 1913 917 vel
1927 895 2006 927 ante,
2021 887 2068 918 vel
2083 887 2177 927 aliquo
2190 898 2331 930 tempore,

1263 929 1493 986 gogyennonem
1516 922 1637 961 aliquam
1659 924 1810 955 nobiscum
1830 925 1898 956 fecit
1920 935 2019 956 contra
2041 926 2128 956 fidem
2151 927 2228 957 suam
2250 930 2331 960 vobis

1284 968 1299 987 e
1322 966 1397 988 itam.

1303 995 1360 1034 Et,
1379 1006 1416 1027 ne
1429 997 1508 1034 super
1520 998 1597 1037 hoc,
1615 999 1651 1030 de
1668 1009 1773 1030 caetero
1785 1001 1870 1038 possit
1885 1012 1900 1031 a
1913 1002 1994 1033 vobis
2017 1001 2152 1042 dubitari,
2167 1003 2215 1034 has
2232 1004 2333 1036 litteras

1264 1033 1371 1064 nostras
1388 1034 1517 1066 Patentes
1531 1038 1614 1068 vobis
1626 1037 1692 1068 inde
1707 1039 1854 1069 mittimus.

2353 819 2369 836 ’¹⁶
2385 820 2407 846 Ι.
2420 828 2481 855 371„

1264 1110 1497 1180 no'issgt'gstgoRege
1516 1113 1590 1152 apud
1614 1113 1787 1153 Shireburn,
1805 1123 1845 1153 24
1867 1114 1912 1145 die
1931 1115 2120 1156 Septembris,
2142 1129 2218 1150 anno
2238 1119 2334 1160 Regni

1577 1280 1636 1311 Pro
1653 1278 1754 1311 Olavo
1770 1281 1847 1325 Rege
1866 1273 2015 1312 Manniae.

1343 1362 1436 1393 Lavus
1450 1362 1516 1392 Rex
1531 1362 1661 1393 Manniae
1673 1364 1758 1394 habet
1769 1363 1870 1393 litteras
1882 1358 2005 1407 patentes
2020 1348 2056 1394 de
2070 1365 2266 1405 protesiione,
2285 1370 2333 1405 qui
2354 1373 2431 1408 Am)
2444 1377 2486 1409 Π

1352 1402 1497 1438 profectus
1510 1401 1552 1431 est
1565 1402 1599 1431 ad
1616 1410 1705 1440 partes
1720 1402 1889 1441 Norwegiae
1905 1401 1940 1432 de
1955 1402 2066 1433 licentia
2088 1402 2214 1434 Domini
2231 1405 2320 1445 Regis
2334 1419 2335 1425 ¹

1267 1437 1407 1470 duraturas
1424 1439 1557 1478 quamdiu
1574 1440 1610 1470 de
1621 1442 1744 1478 partibus
1760 1440 1899 1479 praedicitis
1915 1439 2036 1472 redierit.
2326 1431 2335 1446 ²
2355 1425 2470 1484 :inq-,⁶322-

1306 1514 1396 1546 Teste
1412 1516 1496 1557 Rege
1508 1517 1582 1556 apud
1598 1517 1743 1548 Keneton.
1765 1517 1781 1547 8
1795 1517 1840 1547 die
1855 1516 1966 1555 Aprilis.
2355 1498 2439 1564 ἓξὲξ
2449 1542 2470 1561 ι,

1308 1594 1350 1621 Et
1368 1594 1531 1623 mandatura
1545 1594 1582 1634 est
1595 1595 1641 1634 Ju
1666 1597 1759 1624 iciario
1772 1593 1916 1624 Hiberniae
1924 1603 1974 1633 per
1996 1594 2105 1626 litteras
2124 1582 2251 1638 clausas,
2269 1600 2344 1640 quod
2357 1575 2384 1599 Η
2396 1576 2491 1608 3-m-9:

1270 1629 1352 1669 ipsum
1365 1635 1407 1660 ita
1422 1640 1599 1663 manuteneat
1630 1651 1635 1656 -
1666 1633 1812 1672 defhna'at,
1822 1632 1894 1674 ficut
1908 1632 2037 1672 informa
2051 1634 2208 1666 litterarum
2224 1639 2342 1676 praedic-

1273 1676 1366 1698 tarum
1378 1672 1541 1716 ’Potentium
1549 1696 1559 1710 ,
1573 1675 1596 1703 ei
1608 1670 1647 1708 ὠ
1659 1671 1779 1702 omnibus
1791 1670 1932 1710 Ballivis,
1945 1672 1983 1709 ό·
1989 1672 2120 1713 fidelibus
2131 1678 2210 1714 Regis
2223 1677 2341 1708 direm-

1272 1718 1332 1738 rum
1348 1716 1508 1740 continetur.
2314 1734 2316 1736 ·

1311 1774 1401 1819 Teste
1415 1797 1446 1820 ut
1460 1789 1546 1831 supra.

1275 1920 1366 1954 Bulla
1383 1925 1522 1969 Gregorii
1540 1926 1622 1969 Papae
1640 1935 1672 1965 9.
1693 1935 1749 1970 per
1766 1929 1858 1971 quam
1880 1924 2064 1972 reprehendit
2084 1929 2194 1973 Regem
2218 1931 2318 1970 Scotiae
2331 1950 2342 1970 ,

1323 1975 1361 2052 Ξῖ
1378 1971 1575 2067 εῐοίὰιζηιιῖτὲἰῖοη
1586 1972 1731 2017 servavit
1751 1973 1978 2020 Jnramentnm
1986 1975 2110 2019 foetum
2125 1978 2199 2021 Regi
2227 1977 2343 2023 Angliae

1279 2104 1497 2166 GRegorius
1510 2106 1667 2146 Episcopus
1681 2108 1774 2139 servus
1788 2108 1935 2139 servorum
1948 2109 2024 2148 Dei,
2042 2110 2183 2141 carissimo
2197 2112 2226 2140 in
2243 2110 2342 2142 Chris·
2360 2124 2437 2155 Am·
2453 2123 2485 2154 D

1346 2184 1348 2186 Ι
1368 2153 1399 2176 to
1422 2146 1494 2178 Filio
1617 2146 1714 2178 illustri
1733 2147 1809 2188 Regi
1823 2148 1928 2178 Scotiae
1942 2148 2076 2188 salutem,
2095 2151 2129 2181 δε
2145 2149 2343 2188 Apostolicam
2389 2147 2496 2202 1237:

1275 2183 1519 2215 benediffionem.
2361 2206 2404 2230 A„
2431 2212 2462 2229 21

1313 2222 1428 2262 Regalis
1450 2224 1586 2254 celsitudo
1606 2225 1722 2263 requirit
1746 2227 1792 2263 ut,
1811 2235 1871 2263 quo
1885 2227 1971 2266 magis
1985 2226 2097 2258 honore
2110 2228 2291 2267 praeeminet,
2309 2238 2345 2259 eo
2363 2225 2445 2274 lasz.
2470 2224 2477 2230 ⁹

1276 2260 1434 2330 dil{gentius
1446 2262 1537 2292 servet
1551 2263 1579 2292 in
1590 2262 1642 2293 suis
1657 2264 1766 2294 aeribus
1779 2265 1938 2301 puritatem.
2365 2284 2395 2308 L.
2402 2274 2438 2307 Α,
2447 2277 2497 2317 fd·

1331 2299 1507 2331 ntelleximus
1519 2301 1673 2340 siquidem,
1692 2301 1833 2333 cariffimo
1846 2303 1876 2332 in
1891 2302 2010 2334 Christo
2025 2302 2098 2335 Filio
2119 2302 2219 2335 nostro
2239 2305 2348 2336 Henri-
2367 2327 2414 2354 4¹,
2431 2321 2457 2345 d.

1279 2342 1318 2378 {co
1332 2336 1430 2369 illustri
1444 2337 1527 2369 Rege
1542 2339 1653 2380 Angliae
1666 2341 1830 2379 intimante,
1847 2342 1941 2380 quod,
1961 2352 2029 2378 cum
2043 2343 2136 2373 homo
2150 2343 2247 2383 Ligius
2261 2345 2293 2374 sis
2305 2347 2348 2383 ip-
2365 2363 2434 2393 pm„

1277 2377 1345 2416 sius,
1371 2378 1405 2408 &
1421 2378 1452 2421 ¹ei
1475 2363 1609 2408 fidelitatis
1630 2378 1788 2418 praestiteris
1804 2380 2001 2418 juramentum
2021 2381 2093 2420 (quo
2113 2391 2141 2412 te
2161 2383 2348 2423 principaliter
2365 2398 2502 2423 (james-ar:

1278 2414 1428 2448 astrinxisti
1450 2417 1546 2455 quod,
1565 2418 1593 2446 in
1617 2418 1698 2448 suum
1719 2417 1753 2449 ὃς
1775 2417 1873 2456 Regni
1896 2418 2009 2458 Angliae
2022 2419 2243 2459 detrimentum,
2261 2423 2348 2452 nichil
2365 2439 2485 2462 Scamm-

1279 2456 1388 2492 penitus
1410 2455 1600 2493 attemptares)
1624 2464 1656 2486 tu
1676 2455 1723 2493 id,
1743 2456 1820 2487 unde
1841 2458 1934 2487 mirari
1955 2458 2161 2497 compellimur,
2179 2469 2240 2490 non
2253 2461 2349 2491 obser-

1279 2503 1344 2530 vas,
1363 2492 1439 2530 plura
1451 2494 1480 2523 in
1493 2494 1610 2524 honoris
1621 2494 1660 2524 sui
1673 2494 1849 2533 dispendium
1862 2496 2019 2526 moliendo.

1283 2562 1286 2563 γ
1318 2532 1397 2570 Qia
1413 2542 1483 2562 vero
1497 2532 1609 2563 dictum
1623 2533 1755 2572 Regem,
1773 2542 1908 2572 tanquam
1923 2534 2070 2575 specialem
2084 2535 2263 2572 Apostolicae
2281 2537 2349 2569 sedis

1281 2569 1402 2608 Filium,
1421 2579 1538 2608 paterno
1552 2571 1658 2601 affeetu
1672 2571 1812 2611 diligimus
1820 2594 1830 2610 ,
1848 2578 1934 2610 teque
1943 2595 1952 2610 ,
1966 2573 2055 2603 veluti
2068 2574 2151 2604 nobis
2165 2575 2198 2606 &
2211 2574 2349 2607 Ecclesiae

1279 2608 1426 2646 Romanae
1440 2609 1579 2640 devotum
1593 2609 1697 2640 sincerii
1711 2610 1933 2648 compleffimur
1948 2613 2059 2642 caritate
2074 2612 2200 2651 (propter
2216 2614 2296 2652 quod
2311 2626 2349 2646 eo

1280 2647 1420 2687 ardentius
1436 2645 1508 2687 inter
1522 2658 1574 2678 vos
1589 2648 1646 2678 effe
1662 2649 1792 2686 cupimus
1808 2650 1918 2680 unitatis
1932 2650 2096 2689 vinculum,
2106 2661 2165 2689 quo
2173 2653 2290 2691 amplius
2298 2664 2352 2685 vos

1279 2695 1406 2726 gravaret
1424 2685 1561 2717 discordia
1581 2688 1614 2718 &
1634 2687 1831 2728 vehementius
1852 2689 2045 2726 conturbaret)
2062 2690 2259 2723 excellentiam
2271 2701 2351 2724 tuam

1278 2723 1432 2764 rogandam
1452 2724 1581 2756 duximus
1604 2725 1765 2764 propensius
1787 2727 1821 2757 ὃς
1842 2726 2012 2757 hortandam
2036 2729 2163 2766 quatinus
2186 2729 2262 2770 Regi
2277 2741 2350 2769 prae-

1281 2764 1340 2794 fato
1358 2773 1407 2802 ea,
1434 2764 1462 2793 in
1481 2764 1581 2802 quibus
1600 2766 1701 2795 teneris
1720 2764 1814 2795 eidem
1830 2788 1840 2803 ,
1866 2764 1973 2795 studeas
1992 2766 2098 2804 plenius
2116 2764 2288 2808 observare,
2314 2771 2351 2800 ita

1278 2801 1359 2840 quod
1377 2812 1411 2832 ex
1429 2803 1488 2833 hoc
1509 2803 1516 2832 i
1540 2802 1590 2833 sius
1607 2803 1695 2843 Regis
1713 2803 1899 2834 dileetionem
1919 2804 2029 2836 uberius
2047 2807 2177 2836 merearis
2192 2830 2202 2844 ,
2236 2808 2270 2842 &
2295 2817 2350 2838 nos

1279 2841 1330 2872 tibi
1352 2842 1440 2880 magis
1459 2813 1611 2873 conficimus
1629 2843 1659 2873 in
1687 2843 1740 2874 tuis
1758 2843 1994 2880 oportunitatibus
2013 2843 2180 2876 favorabiles
2198 2845 2231 2877 ὃς
2250 2846 2350 2886 benig-

1281 2890 1342 2911 nos.

1277 3004 1287 3028 t
1315 2954 1426 2990 Datur'n
1448 2957 1589 2997 Viterbii,
1607 2966 1623 2998 5
1647 2959 1714 2991 Kal.
1733 2959 1821 2998 Maii,
1846 2959 2030 2991 Pontificatus
2048 2959 2140 2991 nostri
2162 2968 2240 2992 anno
2266 2960 2350 3000 quiri-⁴:

1288 3006 1317 3027 o.

1309 3135 1399 3168 Bulla
1421 3137 1560 3183 Gregorii
1579 3141 1662 3184 Papae
1681 3138 1718 3171 de
1736 3142 1945 3173 Matrimonia
1957 3168 1967 3183 ‚
1992 3142 2140 3175 contram
2156 3154 2226 3175 cum
2244 3142 2327 3175 filia

1549 3188 1674 3219 Comitis
1691 3189 1891 3232 Pontivenfis‚
1919 3190 2080 3225 irritando.

1279 3269 1495 3332 GRegorius
1515 3271 1671 3310 Episcopus
1705 3271 1799 3311 servus
1813 3272 1957 3305 servorum
1972 3274 2032 3306 Dei
2069 3273 2177 3305 dileffls
2191 3275 2252 3305 filiis
2266 3274 2345 3305 Prae-
2363 3281 2441 3313 Ann,
2454 3271 2499 3314 D

1363 3310 1455 3346 posito
1475 3310 1653 3342 Beverlacen.
1673 3297 1834 3342 Eboracen.
1860 3312 2007 3351 Diocesis,
2033 3299 2176 3352 Magistris
2195 3314 2283 3343 Petro
2307 3313 2344 3344 de
2391 3330 2478 3361 1237,-

1276 3346 1442 3385 Columpna
1462 3347 1617 3379 Carnoten.
1635 3351 1669 3381 &
1693 3349 1745 3380 Hu
1765 3352 1814 3381 oni
1832 3348 1919 3381 Pisan.
1937 3351 2110 3388 Canonicis,
2128 3351 2245 3382 Par-isius
2259 3360 2344 3382 com·
2363 3365 2416 3390 An,
2434 3371 2480 3390 21⁸

1276 3386 1466 3424 morantibus,
1484 3386 1598 3417 salutem
1612 3389 1646 3419 &
1661 3388 1728 3426 Ap'o
1755 3389 1861 3420 olicam
1875 3389 2116 3420 benedifflonern.
2363 3404 2398 3427 H.
2419 3411 2444 3437 3,

1314 3424 1478 3454 Exultamus
1499 3426 1527 3454 in
1554 3425 1688 3464 Domino
1709 3427 1788 3464 quod
1810 3429 1866 3465 ejus
1886 3429 2034 3465 timorem,
2055 3429 2103 3465 qui
2118 3426 2159 3457 est
2172 3428 2285 3459 initium
2303 3429 2344 3459 sa-
2363 3443 2404 3465 Ex
2418 3442 2478 3466 A„-

1274 3463 1405 3501 piendae,
1421 3462 1575 3494 carissimus
1598 3465 1626 3494 in
1650 3464 1768 3496 Christo
1790 3464 1860 3496 filius
1881 3466 1977 3496 noster
1992 3466 2136 3495 Henricus
2152 3465 2217 3496 Rex
2233 3467 2344 3507 Anglo-
2363 3484 2429 3513 togr.

1276 3511 1341 3531 rurn
1356 3500 1464 3532 illustris
1479 3502 1583 3533 habens
1599 3513 1657 3541 prce
1672 3504 1778 3542 oculis,
1797 3503 1929 3542 libenter,
1944 3504 2013 3534 sicut
2028 3504 2215 3535 intelle-<imus
2228 3506 2263 3536 ὅτ
2276 3514 2345 3545 gau-

1274 3539 1393 3608 getnuS,
1411 3539 1532 3571 declinat
1552 3541 1588 3572 ab
1609 3542 1678 3581 hiis,
1694 3544 1757 3581 quae'
1778 3542 1882 3573 famam
1904 3542 2046 3573 maculant
2068 3544 2102 3573 &
2124 3542 2214 3573 salutis
2235 3546 2346 3582 pariunt

1296 3586 1485 3609 etrimentum.

1313 3617 1405 3648 Unde
1420 3627 1489 3648 curn
1501 3614 1609 3648 dudum
1625 3619 1754 3649 nobilem
1770 3618 1917 3648 mulierem
1930 3619 2110 3657 Johannam,
2128 3628 2223 3651 natam
2241 3622 2345 3652 nobilis

1275 3655 1329 3686 viri
1351 3654 1476 3686 Comitis
1495 3655 1647 3687 Pontiven.
1663 3658 1797 3695 juraverit
1819 3656 1923 3687 ducere
1943 3659 1973 3687 in
2000 3666 2137 3695 intorem3
2157 3659 2177 3679 *¹
2197 3665 2266 3690 cum
2289 3658 2346 3700 qui
2367 3669 2413 3696 *L
2429 3672 2494 3704 3723

1275 3693 1482 3734 postmodum,
1500 3693 1641 3724 destinatis
1662 3695 1697 3725 ad
1720 3695 1806 3733 ipsam
1822 3692 2021 3734 sollempnibus
2033 3696 2177 3736 Nunciis‚
2195 3700 2345 3730 matrimo-²

1275 3734 1373 3770 nium,
1391 3740 1528 3770 quantum
1543 3733 1595 3762 fuit
1609 3733 1637 3762 in
1653 3733 1731 3771 ipso,
1746 3735 1891 3763 contraxit.
2187 3771 2190 3775 Ι

1313 3770 1477 3810 Comperto
1493 3770 1606 3801 tandem
1622 3771 1700 3808 quod
1716 3771 1814 3802 eadem
1824 3796 1833 3809 ,
1850 3781 1884 3802 ex
1898 3780 2021 3810 utroque
2034 3773 2135 3813 latere,
2153 3775 2243 3816 ipsum
2262 3787 2343 3814 quat-

1275 3818 1307 3840 to
1327 3810 1568 3850 consanguinitatis
1586 3809 1672 3847 gradu
1694 3812 1850 3849 contingit,
1866 3819 1982 3854 propter
2002 3811 2096 3851 quod,
2115 3823 2183 3844 cum
2205 3814 2261 3852 ipsa
2281 3815 2342 3845 noti

1274 3856 1384 3886 poterat
1401 3848 1458 3878 sine
1472 3847 1586 3878 laesione
1597 3847 1680 3877 famae
1713 3858 1746 3879 ac
1759 3850 1859 3878 anirnae
1873 3849 2015 3889 periculo,
2035 3851 2250 3883 matrimonium
2269 3863 2342 3890 conf

1274 3887 1428 3927 summare·
1451 3894 1577 3930 mutam,
1593 3895 1662 3916 cum
1679 3872 1816 3925 iiipiente,
1835 3887 2158 3929 coniili02cariffimam
2170 3891 2200 3920 in
2224 3889 2344 3920 Christo

1274 3925 1361 3954 filiam
1384 3911 1567 3962 Affinora'rn,
1585 3932 1679 3954 natam
1699 3924 1802 3956 nobilis
1815 3927 1868 3956 viri
1882 3925 2006 3957 Comitis
2019 3925 2198 3966 Provinciae,
2217 3927 2267 3958 sibi
2282 3938 2343 3959 ma-

1274 3963 1471 3994 trimonialiter
1483 3962 1636 4000 copulavit.

1312 4000 1380 4031 Nos
1404 4002 1415 4030 i
1436 4002 1506 4038 itur,
1524 3999 1557 4030 ad
1578 4000 1811 4039 supplicationem
1831 4003 1931 4042 ipsius,
1949 4003 2033 4035 famae
2047 4005 2119 4043 suae,
2136 4005 2164 4034 in
2179 4004 2232 4034 hac
2247 4012 2343 4042 parte,

1274 4045 1388 4078 paterna
1419 4038 1592 4069 ollicitudine
1614 4041 1765 4077 providere
1786 4041 1928 4079 volentes,
1956 4052 2025 4073 cum
2046 4042 2219 4082 jurisjurandi
2242 4043 2343 4080 religio

1274 4077 1424 4108 vinculum
1438 4077 1588 4115 iniquitatis
1602 4077 1660 4109 esse
1672 4089 1733 4109 non
1749 4079 1864 4119 debeat,
1880 4081 2039 4112 discretioni
2056 4081 2156 4111 vestrae
2198 4091 2226 4110 er
2248 4081 2343 4118 Apos-

1274 4116 1360 4148 tolica
1378 4116 1478 4154 scripta
1495 4115 1670 4149 mandamus
1695 4119 1844 4187 quatinuIs<²
1859 4119 1880 4150 fi
1899 4120 1982 4153 vobis
1995 4119 2152 4153 constiterit
2165 4091 2202 4150 (ξε
2214 4120 2344 4185 praemsis-

2306 4164 2345 4193 is,
