2570 4261
12 307 88 339 Anii.
104 304 143 336 D.

31 345 114 382 1264.

10 388 73 413 Hm.
96 393 122 420 3.

50 1098 109 1130 Rege

12 1134 121 1170 captivo.

13 1169 90 1200 Ann.
106 1169 148 1199 D.

18 1594 72 1623 ⁸¹⁶1.
88 1594 151 1630 798.

53 2454 113 2488 Rege

20 2492 135 2526 captivo.

20 2526 155 2603 ‘3¹33

23 2607 75 2634 An.
86 2604 133 2640 48.

23 2652 113 2717 CiaZs.

25 2718 115 2754 48.H.
134 2726 159 2754 3.

25 2767 64 2786 m.
75 2767 103 2784 2.
116 2757 143 2784 d.

68 3259 128 3292 Rege

34 3296 147 3332 captivo.

37 3332 115 3364 Ann.
131 3330 172 3360 D.

55 3369 140 3408 1264.

36 3413 90 3438 An.
104 3418 152 3444 49·

37 3452 74 3476 H.
93 3457 118 3484 3.

36 3485 94 3514 Lib.
109 3487 145 3512 A.

30 3522 178 3562 fol.284.b.

39 3568 108 3600 penes
122 3565 175 3589 Ca-

43 3609 139 3628 merar.

44 3642 158 3666 Scaccnr.

113 1231 119 1237 ‚
167 1221 189 1238 „
226 1199 330 1236 ornice,
348 1198 417 1236 &J.
432 1198 593 1228 Wintoniae

121 1269 126 1274 ,
169 1259 190 1275 „
244 1236 437 1273 ispensatorem
448 1236 638 1274 justiciarium

126 1419 131 1425 .
172 1413 193 1429 υ
213 1391 254 1431 pis
266 1390 392 1421 Domini
408 1388 569 1425 Ludovici‚
587 1386 644 1416 Dei

740 211 854 253 ET
938 210 1207 252 ACTA

161 304 183 342 „
202 302 366 333 venerabilis
381 299 471 331 Patris
485 299 525 330 G.
550 298 643 330 Sabin.
664 296 815 334 Episcopi,
830 294 1003 333 Apostolicae
1021 296 1088 326 sedis
1100 295 1222 339 Legati,

162 363 183 380 2,
201 342 246 372 vel
259 342 366 372 alterius
381 348 498 377 eorum,
511 338 589 378 super
602 337 801 367 reformatione
814 333 897 364 status
912 334 1007 373 Regni
1022 334 1152 377 Angliaey·
1171 333 1220 370 &,

160 402 181 419 2,
197 380 276 419 quod
296 381 324 409 in
344 379 398 408 hac
418 384 494 416 parte
511 375 653 416 provisum
675 374 773 412 fuerit,
789 373 952 409 acceptandi
966 375 998 404 ὃς
1012 371 1156 409 firmandi,
1175 370 1219 414 seii

159 440 180 457 „
199 419 284 449 etiam
303 414 551 453 compromittendi
572 414 651 451 super
669 413 726 442 hoc
741 413 770 441 in
791 418 877 441 certas
896 412 1038 450 personas,
1056 411 1076 442 fi
1096 409 1217 452 viderint

158 479 180 495 „
198 455 341 497 expedire,
359 464 393 484 ac
404 462 523 482 omnem
542 451 713 482 securitatem
735 448 873 486 faciendi,
890 459 974 488 quam
988 449 1093 489 negotii
1106 448 1218 487 qualitas

159 517 180 534 „
198 494 310 534 requirit
324 515 334 531 ,
352 492 386 522 &
406 500 492 530 quam
509 490 591 520 nobis
603 513 613 528 ,
632 490 676 519 seu
700 488 806 526 Regno
821 487 957 526 praedieto
970 488 1090 519 viderint
1101 494 1219 523 oportu-

196 543 215 562 n
271 540 278 560 :

160 555 181 572 ³⁹
195 542 341 609 „arssantes
361 567 419 598 insu
440 576 470 597 er
491 564 607 604 praefato
623 563 710 594 Petro
730 562 896 604 porestatem
917 565 1021 601 jurandi
1043 565 1072 596 iri
1092 566 1219 595 animam

159 630 180 648 „
195 606 336 646 nostram,
353 577 439 645 quod)
443 615 509 644 nos,
529 602 661 642 quicquid
675 603 723 642 ipsi
735 611 787 633 tres
796 603 825 631 in
841 602 983 642 praemissis
998 605 1114 634 nomine
1122 603 1219 633 nostro

160 669 182 685 „
196 645 323 676 duxerint
336 644 514 681 faciendum,
530 651 620 672 ratum
635 641 799 671 habebimus
812 641 845 670 &
867 650 1034 678 acceptum;
1055 642 1220 672 subiciendo

160 706 182 723 ,‚
201 694 252 714 nos
265 683 446 722 jurisdiffloni
461 682 494 712 δε
509 680 674 711 cohercioni
689 679 813 718 praedicti
827 677 941 717 Legati,
961 688 991 709 ut
1013 680 1083 719 ipse,
1099 690 1147 717 per
1161 681 1221 710 sen-

161 745 183 762 „
201 724 317 754 tentiam
330 719 649 755 excommunicationis,
665 718 698 748 &
712 727 799 748 omne
812 725 897 756 genus
916 718 1038 747 censurae
1051 718 1224 750 Ecclesiasti-

161 783 182 800 >³
197 771 256 830 caeI,
272 770 324 791 nos
338 758 510 798 compellere
523 756 606 797 possit
619 756 653 787 ad
666 756 890 787 observationem
903 757 1115 792 praemifforum.

200 823 222 838 ²2
252 809 271 829 n

285 808 379 836 cnjus,
395 798 456 828 δίς.

197 898 218 914 ,,
236 875 312 906 Data
323 874 396 914 apud
409 872 542 904 Cantuar.
558 872 604 902 die
613 872 695 911 Jovis
709 871 859 912 praedic‘ta,
873 880 949 901 anno
963 870 1109 909 praedic'io.

225 1022 251 1040 „
275 999 521 1031 Procuratorium
540 994 687 1040 ejusmodi
702 1006 771 1027 cum
782 998 896 1040 priori,
915 999 1021 1041 paucis
1034 998 1173 1028 mutatis.

297 1080 329 1114 X
348 1081 495 1121 omnibus,
515 1081 575 1113 &c
594 1080 714 1112 salutem.

163 1104 186 1159 Ξῖ
201 1081 258 1136 R
305 1121 433 1152 Noverit
447 1120 620 1150 Universitas
633 1120 722 1150 vestra
742 1117 820 1158 'quod
837 1129 887 1149 nos
900 1119 1062 1149 ordinamus
1074 1117 1108 1148 ὃς
1123 1117 1228 1161 consti-

166 1182 187 1198 „
202 1160 305 1190 ruimus
319 1160 489 1191 venerabiles
508 1159 600 1189 Patres
648 1158 808 1188 Henticum
826 1157 960 1187 London.
983 1157 1142 1187 Walterum
1162 1156 1229 1186 Wi-

608 1182 764 1235 Episcopos
779 1219 788 1234 ,
811 1196 844 1226 ὃ(
857 1196 964 1225 nobiles
978 1196 1052 1225 viros
1068 1194 1228 1233 Hugonem

654 1235 699 1265 Ari
721 1235 765 1264 liae
778 1257 788 1271 ,
812 1234 845 1264 &
860 1233 976 1264 Petrum
991 1233 1027 1263 de
1042 1232 1230 1270 Monteforti,

170 1297 191 1314 „
209 1277 242 1306 δε
258 1274 426 1314 Magistium
447 1274 605 1305 Ricardum
624 1273 660 1303 de
681 1243 820 1309 Affepham
840 1271 1083 1302 Archidiaconum
1104 1270 1230 1309 onnii,

126 1343 132 1349 ,
172 1335 193 1352 „
210 1313 410 1344 Procuratores
423 1313 457 1343 &
471 1312 607 1342 Nuncios
619 1310 731 1341 nostros
744 1310 918 1347 solempnes,

207 1375 227 1392 „
246 1351 353 1382 Dantes
367 1353 405 1382 eis
420 1350 586 1388 potestatem
602 1348 737 1378 trariiandi
753 1349 782 1377 in
822 1347 944 1390 raesentia
960 1347 1108 1392 Magnifici
1122 1347 1232 1392 Princi-

825 1394 881 1453 εᾸιζιε
903 1386 1029 1415 Ρηιῃειεε
1044 1386 1172 1425 illustris,
1197 1387 1231 1417 &

679 1385 745 1416 rati&

171 1451 191 1468 ,,
210 1429 370 1460 venerabilis
383 1427 470 1457 Patris
485 1425 525 1456 G.
541 1425 636 1456 sabin.
652 1395 784 1463 {piscofii
798 1446 808 1461 ,
861 1423 1008 1463 postolicae
1029 1424 1097 1455 sedis
1119 1425 1232 1464 Legati,

170 1491 191 1506 „
209 1468 254 1499 vel
269 1467 377 1498 alterius
391 1473 508 1503 eorum,
525 1464 604 1502 super
616 1463 814 1494 reformatione
828 1460 914 1499 status
926 1462 1022 1504 Regni
1040 1462 1164 1502 Angli-ee,
1183 1465 1232 1502 &,

170 1529 191 1545 „
210 1505 286 1545 quod
302 1507 333 1536 iri
346 1505 398 1535 hac
416 1512 492 1542 parte
505 1501 648 1543 provisum
660 1502 757 1539 suerit,
773 1500 936 1544 acceptandi
949 1501 983 1544 ὃς
998 1502 1142 1541 hrmandi,
1162 1503 1181 1533 si
1192 1504 1234 1534 vi-

172 1567 191 1584 „
208 1545 301 1575 derint
317 1543 463 1581 expedire,
482 1552 515 1572 ac
537 1551 656 1571 omnem
671 1541 845 1570 securitatem
860 1539 980 1569 faciendi
997 1563 1006 1577 ,
1029 1550 1113 1577 quam
1128 1542 1233 1579 negotii

171 1606 192 1622 „
207 1584 227 1603 ³*
243 1582 355 1621 qualitas
368 1581 482 1619 requirit
495 1602 505 1619 ,
530 1580 564 1611 &
583 1589 667 1617 quam
682 1578 763 1609 nobis
776 1577 822 1608 seu
840 1577 943 1617 Regno
958 1578 1095 1617 praeditsto
1114 1580 1235 1611 viderint

172 1646 194 1660 „
208 1632 248 1659 op
268 1628 418 1658 ortunam3
941 1655 946 1660 ¹

208 1684 229 1699 „
281 1667 356 1690 antes
374 1658 484 1698 insuper
505 1655 622 1695 praefato
642 1655 728 1685 Petro
748 1655 911 1698 potestatem
938 1656 1044 1692 jurandi
1064 1657 1092 1686 in
1110 1657 1233 1687 animam

172 1722 192 1738 „
211 1697 336 1729 nostram
357 1697 434 1735 quod
454 1706 527 1733 nos,
554 1693 688 1732 quicquid
710 1694 757 1736 ipsi
779 1694 808 1723 in
828 1693 973 1732 praemiffis
994 1696 1112 1725 nomine
1134 1695 1233 1726 nostro

173 1761 193 1777 „
211 1737 339 1768 duxerint
352 1734 530 1772 faciendum,
547 1741 638 1763 ratum
652 1732 816 1762 habebimus
830 1733 863 1763 δε
876 1741 1033 1770 acceptum.

207 1798 229 1814 „
247 1775 282 1805 In
294 1774 388 1811 cujus,
405 1773 465 1804 &Q

172 1894 177 1895 ⁷
210 1848 360 1919 &Datum
374 1849 446 1887 apud
467 1848 650 1879 Cantuariam
662 1871 671 1886 ,
696 1847 742 1877 die
761 1847 874 1877 Sabbati
891 1842 1101 1888 proxima'post
1122 1849 1235 1879 Festum

174 1912 194 1928 3)

250 1889 378 1919 ativitatis
390 1889 480 1918 beatae
491 1887 614 1927 Virginis
622 1910 632 1926 ,
649 1896 725 1917 anno
736 1885 860 1916 Domini
873 1886 1022 1917 millesimo
1042 1887 1236 1919 ducentesimo

173 1950 195 1966 2,
213 1927 379 1967 sexagesimo
392 1934 498 1967 quarto.

214 2028 234 2044 „
252 2003 402 2045 Confimiles
416 2002 504 2034 literae
519 2008 684 2033 emanarunt
691 2002 744 2042 sub
758 2005 861 2032 nomim-
876 2005 1008 2045 Comitgmz
1027 2001 1065 2037 ὠ
1079 2005 1238 2044 Baranam,

172 2067 194 2083 „
206 2053 257 2082 pro
264 2043 296 2083 se
312 2043 350 2079 &
366 2046 564 2073 Communitate
571 2043 723 2080 praediffa,
741 2041 835 2081 quibus
843 2040 935 2081 figilla
942 2042 996 2080 Jua
1011 2041 1194 2081 appofirerunt.

207 2143 227 2159 „
242 2120 317 2151 Data
331 2128 361 2151 ut
374 2120 460 2159 supra.

209 2220 230 2236 „
250 2200 320 2227 Item
325 2196 421 2236 forma
430 2199 509 2235 pacis
514 2196 636 2239 si'tperius
650 2194 755 2235 firt'pla
770 2219 780 2232 ,
804 2193 959 2235 confignata
971 2194 1034 2235 fuit
1041 2196 1129 2238 figillo
1143 2200 1239 2236 Regis,

171 2256 192 2275 „
210 2235 249 2271 ὠ
264 2238 375 2266 tradita
392 2235 687 2275 Nunciissupradidlis.

319 2360 438 2392 Litterae
455 2357 490 2391 de
511 2356 670 2392 Credentia
677 2367 733 2405 pro
750 2360 837 2390 Petro
855 2356 891 2390 de
909 2359 1089 2403 Montforti.

172 2442 336 2511 ,3R1EX
357 2444 399 2474 G.
420 2443 562 2475 Sabinensi
582 2442 725 2483 Episcopo
738 2465 749 2481 ,
773 2441 950 2482 Apostolicce
970 2443 1037 2473 sedis
1058 2443 1183 2483 Legato,
1197 2443 1241 2475 'fia-

282 2491 369 2512 utem.

174 2504 194 2521 ²²
209 2541 230 2557 „
249 2521 328 2559 Qia
340 2520 474 2551 dile&um
487 2520 521 2550 &
543 2519 654 2550 fidelem
669 2517 798 2548 nostrum
814 2517 930 2548 Petrum
946 2518 982 2549 de
997 2518 1170 2551 Monteforti
1181 2544 1190 2558 ,
1208 2532 1241 2552 u-

174 2581 195 2597 „
213 2568 284 2588 num
297 2559 333 2589 de
346 2558 515 2589 Consiliariis
531 2557 647 2596 nostris,
667 2558 804 2594 veritatis,
822 2558 897 2596 pacis
912 2558 945 2587 δε
965 2559 1155 2597 tranquilitatis
1169 2560 1242 2590 zela-

176 2620 197 2636 „
213 2603 305 2627 torem
315 2620 325 2635 ,
339 2595 374 2627 ad
389 2597 509 2627 vestram
523 2596 696 2635 praesentiam
708 2594 892 2633 destinamus,
910 2606 962 2633 pro
976 2597 1138 2636 quibusdam
1154 2607 1244 2636 nego-

177 2658 197 2674 „
217 2635 260 2665 tiis
277 2634 378 2665 nostris
390 2658 401 2673 ,
428 2635 659 2664 reformationem
680 2635 756 2670 pacis
777 2633 811 2663 &
832 2635 1021 2671 tranquilitatis
1043 2635 1138 2675 Regni
1155 2636 1244 2666 nostri

175 2696 195 2713 „
215 2675 461 2713 contingentibus,
479 2673 562 2704 vobis
573 2673 639 2702 viva
652 2681 727 2701 voce
747 2670 856 2710 plenius
870 2672 1042 2709 exponendis
1056 2697 1066 2712 ,
1087 2675 1152 2713 cui,
1165 2675 1244 2714 super

177 2735 197 2751 „
214 2712 283 2749 hiis,
302 2719 371 2742 cum
386 2711 420 2742 ad
434 2721 485 2742 vos
499 2712 622 2748 venerit,
638 2709 725 2739 fidem
739 2709 890 2740 adhibeatis
904 2712 1106 2751 indubitatam,

217 2773 238 2790 „
258 2750 457 2781 Paternitatem
471 2749 593 2781 vestram
606 2759 639 2778 ro
659 2757 738 2778 amus
751 2749 784 2779 ὃς
796 2750 960 2787 requirimus
975 2758 1095 2789 attente,
1113 2760 1247 2789 quatenus

180 2813 201 2829 „
216 2790 315 2820 litteras
330 2787 433 2819 vestras
445 2788 482 2818 de
494 2787 568 2817 salvo
583 2788 617 2818 δε
649 2796 736 2816 ecuro
756 2787 902 2818 conductu
923 2789 952 2818 in
973 2790 1114 2820 veniendo
1129 2789 1163 2820 ad
1179 2800 1246 2827 vos,

179 2851 199 2867 „
217 2827 363 2858 vobiscum
377 2825 532 2864 morando,
551 2826 584 2856 &
600 2824 709 2855 aliunde
719 2825 893 2864 recedendo,
909 2826 959 2857 sub
973 2829 1055 2858 omni
1070 2827 1246 2859 festinatione

177 2890 197 2906 „
216 2867 266 2897 fibi
278 2867 396 2897 obviam
412 2865 498 2904 usque
511 2865 628 2895 Dovor.
641 2863 824 2895 transmittere
839 2864 935 2895 velitis.

215 2967 236 2983 „
252 2942 343 2974 Teste
357 2941 440 2981 Rege
453 2939 526 2984 apud
541 2940 673 2972 Cantuar.
690 2949 730 2979 24
746 2940 791 2971 die
803 2940 982 2981 Septembris.

182 3068 304 3100 Littera
324 3067 468 3100 Guidonis
479 3094 489 3109 ‚
515 3063 655 3101 Sabinen.
676 3069 811 3115 Epifiopi
826 3071 894 3115 (qui
906 3065 1001 3113 postea
1018 3071 1102 3114 Papa
1122 3068 1252 3101 Clemens

230 3119 375 3161 quartus)
397 3116 491 3161 stltper'
509 3118 838 3151 Excommunicationis
854 3117 1004 3163 fintentia
1032 3127 1135 3149 contra
1157 3119 1251 3150 Baro-

229 3175 278 3196 nes
296 3163 414 3210 Angliae
425 3189 435 3206 ,
457 3166 533 3210 Regi
551 3161 692 3199 Rebelles.

258 3248 451 3293 Enerabilibus
464 3248 495 3280 in
509 3247 627 3280 Christo
642 3250 770 3282 Patribus
782 3275 792 3290 ,
817 3252 951 3283 Ecclesiae
972 3252 1096 3282 Remen.
1113 3249 1252 3290 Suffraga-

262 3297 337 3325 neis,
353 3295 469 3318 necnon
490 3289 523 3319 &
543 3288 662 3319 discretis
680 3290 745 3320 viris
763 3290 888 3321 Remen.
903 3302 936 3321 ac
957 3291 1070 3321 aliarum
1093 3292 1253 3321 vacantium

191 3325 399 3364 Ecclesiarum,
416 3327 437 3356 si
451 3336 515 3365 quae
529 3326 590 3357 sunt
603 3349 614 3366 ,
639 3327 684 3358 vel
700 3327 802 3358 fuerint
816 3331 846 3359 iri
865 3330 988 3360 Remen.
1003 3329 1169 3367 Provincia,
1188 3328 1254 3359 0ffi⁴

191 3365 324 3403 cialibus,
343 3363 443 3394 Guido
456 3364 630 3395 miseratione
651 3365 747 3396 divina
761 3366 893 3398 Sabinen.
916 3367 1088 3407 Episcopus,
1111 3367 1254 3408 Apostoli-

193 3413 236 3434 cae
251 3403 318 3433 sedis
331 3403 467 3446 Legatus,
482 3402 597 3433 salutem
609 3404 644 3434 &
659 3404 793 3434 sinceram
805 3406 835 3435 in
850 3406 983 3436 Domino
996 3407 1149 3437 caritatem.

229 3441 370 3472 Praecluso
392 3441 473 3470 nobis
488 3438 592 3471 nostrae
609 3441 751 3481 legationis
770 3442 845 3473 aditu
862 3453 910 3483 per
931 3446 1005 3475 viros
1026 3446 1133 3475 nobiles
1153 3444 1256 3483 Syrno-

193 3490 259 3511 nem
275 3479 310 3510 de
325 3479 497 3510 Monteforti
510 3479 660 3510 Comitem
670 3480 839 3520 Leycestriae
876 3482 1039 3514 Gilbertum
1052 3484 1087 3513 de
1103 3483 1186 3513 Clare
1193 3482 1256 3513 Co-

196 3521 295 3550 mitem
309 3518 495 3556 Gloverniae,
512 3517 662 3557 Rogerum
676 3518 825 3550 Comitem
840 3503 940 3551 I’xJorff.
957 3522 1115 3552 Huooiiem
1135 3521 1255 3560 Dispen-

195 3557 312 3589 satorem
322 3554 511 3596 Justiciarium
526 3555 652 3595 Angliae,
669 3557 702 3587 ὃς
715 3566 764 3596 per
776 3557 829 3588 Ma
850 3567 924 3589 nates
938 3561 1004 3591 alios
1010 3546 1112 3599 izegni
1127 3560 1237 3598 Angliae
1247 3582 1255 3596 ,

195 3597 231 3627 ad
247 3595 337 3635 quod,
355 3605 470 3625 necnon
481 3595 514 3626 &
529 3603 616 3634 partes
628 3595 761 3634 Walliae,
778 3596 811 3626 &
859 3597 989 3637 iberniae,
1010 3609 1060 3628 nos
1074 3598 1254 3629 sanetnssmus

194 3634 276 3666 Pater
289 3634 382 3665 noster
394 3635 428 3665 &
442 3633 587 3664 Dominus
600 3633 736 3677 Urbanus
750 3633 845 3665 divina
858 3637 1035 3673 providentia
1047 3636 1169 3666 summus
1178 3636 1256 3666 Pon-

194 3675 279 3711 tifex,
298 3683 350 3713 pro
365 3671 524 3703 exercendo
536 3672 679 3711 legationis
694 3671 814 3709 e1usdem
828 3673 929 3704 officio
945 3675 1107 3713 destinaret;

230 3712 316 3750 Nos,
333 3712 432 3751 quibus
445 3711 481 3741 ab
494 3710 598 3741 eodem
613 3711 724 3741 summo
731 3709 871 3741 Pontifice
882 3712 1029 3749 specialiter
1043 3714 1084 3743 est
1099 3713 1256 3752 indultum,

195 3758 228 3781 ut
242 3759 422 3789 quocumque
433 3749 523 3780 modo
537 3772 546 3787 ,
569 3750 653 3779 nobis
672 3747 830 3786 hujusmodi
850 3749 992 3788 legationis
1013 3752 1088 3783 aditu
1103 3752 1257 3796 impedito,

195 3799 228 3818 ea
242 3799 307 3827 quae
321 3789 355 3820 ad
367 3787 498 3819 officium
511 3787 640 3818 nostrum
662 3788 802 3826 pertinent
821 3796 948 3818 exercere
967 3790 996 3819 in
1011 3790 1161 3821 cismarinis
1175 3791 1259 3830 parti-

196 3827 249 3856 bus
263 3828 414 3865 valeamus,
432 3826 543 3857 eosdem
564 3825 712 3863 Comites,
731 3826 764 3855 δε
782 3824 975 3862 Justiciarium
989 3851 999 3865 ‚
1021 3838 1055 3859 ac
1077 3837 1176 3860 omnes
1194 3830 1260 3859 alios

198 3863 334 3905 Barones,
349 3867 383 3897 &
398 3865 503 3896 nobiles
515 3864 684 3895 adhaerentes
703 3863 806 3893 eisdem
821 3886 830 3901 ,
856 3873 970 3894 necnon
982 3867 1016 3896 &
1036 3866 1123 3897 Cives
1139 3867 1259 3897 Londo-

200 3903 321 3942 nienses,
338 3905 372 3934 δε
386 3904 549 3934 habitatores
584 3904 684 3941 uirique
700 3899 841 3945 Portuum
857 3901 967 3941 Angliae
977 3926 988 3942 ,
1011 3905 1040 3934 in
1056 3905 1181 3936 Ecclesia
1194 3907 1259 3936 bea-

200 3949 239 3972 tae
254 3940 357 3972 Mariae
376 3942 411 3973 de
423 3941 541 3973 Bolonia
571 3952 636 3979 upra
655 3951 731 3970 mare
751 3939 899 3970 Morinen.
920 3940 1007 3972 Dioc.
1029 3953 1126 3974 coram
1140 3944 1207 3975 cleri
1227 3945 1261 3975 δε

199 3979 298 4018 populi
311 3980 506 4020 multitudine,
524 3990 620 4011 coram
634 3980 715 4009 nobis
727 3977 906 4017 solempniter
926 3988 1084 4011 convocata
1127 3983 1200 4018 juxta
1213 3983 1263 4013 da-

202 4026 259 4048 tam
273 4027 287 4047 a
301 4017 412 4048 summo
425 4018 565 4050 Pontifice
577 4019 656 4049 nobis
668 4017 790 4048 formam
800 4041 809 4055 ,
826 4017 872 4047 die
888 4016 989 4048 Martis
1001 4027 1066 4049 ante
1079 4005 1196 4051 F'estum
1210 4022 1264 4050 As-

203 4055 366 4093 sumptionis
379 4057 470 4087 beatae
483 4057 604 4096 Mariae,
623 4057 754 4095 proximo
775 4056 962 4096 praetentum,
978 4056 1123 4096 videlicet,
1140 4059 1265 4090 secundo

203 4092 414 4163 Ιάιᾶεῶυῆυίξῖ
427 4097 596 4165 Ιῐῐὶῗηυίωυε
610 4096 644 4129 ὃς
663 4094 766 4128 eisdem
784 4094 970 4135 praecepimus
981 4115 992 4133 ‚
1016 4095 1095 4134 quod
1113 4096 1186 4129 infra
1203 4096 1265 4128 Ka-

1289 199 1769 256 PUBLICA.
2276 216 2326 264 9'1

1260 290 1352 324 lendas
1366 295 1537 340 Septembris
1549 320 1560 336 ,
1584 309 1660 329 nunc
1684 301 1832 336 praeteritas
1846 322 1855 337 ,
1880 308 1947 330 tunc
1968 299 2099 330 instantes
2114 322 2124 338 ,
2149 296 2316 339 ingressum,
2331 300 2407 331 Ann.
2419 287 2461 328 D,

1264 340 1349 376 quem
1369 336 1451 377 nobis
1472 336 1641 374 clauserant,
1659 339 1792 376 aperirent
1808 348 1814 366 :
1839 338 1876 368 Et
1892 360 1903 376 ,
1924 338 1987 377 quia
2000 338 2027 368 se
2047 338 2129 368 nobis
2143 336 2316 367 reddiderant
2351 339 2436 376 1264.

1263 370 1411 413 multipliCi
1422 373 1527 403 ratione
1539 374 1690 414 suspectOS,
1705 384 1835 406 caverent
1856 377 1938 406 nobis
1951 376 2060 416 ydonee
2075 375 2109 406 ad
2130 375 2258 405 nostrum
2273 385 2315 404 ar-
2332 384 2395 407 Heri.
2410 387 2436 414 3.

1259 407 1380 476 gitium-fg
1390 410 1425 440 de
1430 411 1578 478 (ii‘ecuritate
1592 412 1725 452 ingresssis
1737 415 1767 443 in
1774 414 1925 453 Regnum,
1944 424 2035 445 morae
2048 416 2077 444 in
2090 414 2210 453 Regno,
2227 414 2260 443 &
2274 423 2318 443 re«

1280 454 1359 476 itusa
1394 458 1429 478 eo
1449 459 1513 487 em,

1300 485 1431 530 Qaespi
1450 488 1520 518 infra
1541 488 1692 518 terminum
1714 488 1880 528 praedidium
1895 500 1955 520 non
1975 490 2120 528 facerent,
2142 489 2254 521 eosdem
2269 497 2318 519 ex-

1261 527 1528 568 communicationis
1547 534 1649 556 extunc
1670 527 1811 557 sententiae
1825 551 1833 565 ,
1858 539 1925 558 cum
1944 530 2077 559 omnibus
2097 529 2144 568 qui
2164 531 2200 558 eis
2221 529 2319 558 darent

1261 562 1426 600 consilium,
1446 564 1490 594 vel
1504 565 1633 595 auxilium
1646 587 1655 602 ,
1682 566 1726 595 vel
1745 567 1869 595 favorem
1883 589 1892 604 ,
1914 567 2090 597 decrevimus
2111 567 2263 604 subjacere,
2280 566 2319 596 set

1263 599 1295 628 &
1310 608 1391 630 terras
1408 605 1422 618 ²*
1437 612 1551 639 eorum,
1571 603 1604 632 &
1617 604 1712 632 omnia
1726 603 1787 633 loca
1802 604 1904 634 eisdem
1920 605 2071 635 Batonibus
2084 604 2266 643 adhaerentia,
2284 604 2319 634 &
2334 610 2384 641 *1.
2401 620 2464 649 7992

1263 640 1438 680 nominatim*
1447 639 1600 672 Civitatem
1618 637 1846 671 Londoniensem
1861 663 1871 680 ,
1897 644 1929 673 &
1947 644 2036 674 dictos
2057 645 2180 683 quinque
2197 643 2297 673 Portus
2315 664 2325 681 ,

1263 674 1458 707 Ecclesiastico
1471 679 1659 718 supposuimus
1673 680 1830 710 interdidto.

1300 714 1411 746 Omnes
1424 717 1548 757 insuper,
1565 719 1613 757 qui
1628 718 1683 756 eis,
1700 719 1729 747 in
1752 718 1887 758 praedicta
1901 718 2050 748 rebellione
2068 719 2259 757 manentibus,
2278 727 2320 749 ai·-

1265 761 1328 790 ma,
1346 763 1446 792 equos,
1467 755 1597 793 bladum,
1612 756 1727 794 vinum,
1746 757 1790 786 vel
1803 757 1852 787 alia
1866 757 1996 787 vietualia
2011 757 2112 787 ferrent
2126 759 2154 787 iri
2170 758 2320 796 Angliam,

1265 791 1310 820 vel
1325 791 1388 821 ferri
1401 792 1535 823 facerent:
1557 804 1655 831 naveS,
1670 795 1714 824 vel
1727 797 1835 834 navigia
1844 818 1853 833 ,
1865 796 1909 825 vel
1921 805 2015 825 earum
2024 804 2193 826 armamenta
2206 805 2239 826 ex
2252 805 2321 833 qua—

1266 838 1390 867 cumque
1412 831 1489 861 causa
1508 833 1545 862 eis
1561 832 1722 870 traderent,
1744 835 1799 870 pari
1819 835 2120 864 excommunicationis
2134 834 2265 865 sententia
2277 835 2321 863 in—

1266 866 1442 898 nod-avimus.

1303 904 1337 934 In
1349 916 1414 944 quas
1426 909 1740 948 excommunicationis,
1759 909 1883 946 praediffti
1905 908 2024 940 Barones
2043 911 2076 940 ὃς
2095 910 2160 948 alii,
2185 911 2218 939 ὃς
2237 909 2321 939 dic‘tae

1267 951 1347 973 terrae
1370 945 1508 976 interdicti
1527 946 1669 977 sententias
1682 970 1691 985 ,
1722 957 1790 977 cuin
1811 950 2015 978 contumaciter
2037 948 2137 978 nostris
2158 947 2269 978 monitis
2286 949 2320 978 δε

1268 982 1401 1012 mandatis
1414 993 1473 1013 non
1486 986 1637 1023 paruerint,
1654 985 1817 1015 inciderunt.

1306 1019 1378 1049 Sane
1391 1021 1435 1050 die
1450 1022 1482 1051 δε
1498 1022 1563 1051 loco
1579 1023 1717 1060 praedictis
1731 1045 1741 1058 ,
1766 1023 1869 1052 scilicet
1885 1046 1894 1061 ,
1920 1023 2042 1054 secundo
2062 1023 2128 1053 Idsis
2143 1023 2278 1063 Augusti,
2296 1024 2326 1052 in

1269 1057 1392 1088 Ecclesia
1404 1059 1492 1089 beatae
1507 1058 1610 1089 Mariae
1624 1060 1749 1090 Boloniae
1761 1060 1926 1099 supradidta,
1944 1060 2062 1091 Batones
2076 1062 2188 1092 eosdem
2199 1085 2208 1099 ,
2227 1062 2325 1091 secun-

1268 1096 1338 1126 dum
1353 1097 1469 1137 speciale
1485 1097 1648 1127 mandatum
1664 1098 1787 1127 Domini
1806 1098 1889 1136 Papae
1903 1121 1912 1136 ,
1938 1109 1985 1135 per
2000 1100 2056 1129 suas
2070 1100 2166 1130 litteras
2180 1100 2261 1129 nobis
2276 1100 2325 1129 da-

1268 1143 1347 1172 tum,
1365 1136 1528 1165 monuimus
1541 1136 1574 1166 8(
1588 1135 1690 1165 eisdem
1707 1137 1892 1173 praecepimus
1906 1145 1936 1165 ut
1948 1160 1956 1174 ,
1981 1138 2050 1167 infra
2069 1140 2219 1167 terminum
2234 1138 2325 1178 supra-

1268 1172 1376 1203 dietum
1392 1172 1583 1204 Kalendarum
1598 1174 1767 1214 Septembris
1782 1197 1791 1212 ,
1816 1183 1892 1204 nunc
1907 1175 2021 1213 quidem
2042 1178 2240 1212 praeteritarum
2253 1198 2262 1213 ,
2285 1176 2325 1206 set

1270 1220 1338 1241 tunc
1350 1211 1527 1249 instantium,
1546 1212 1673 1242 inclitum
1689 1212 1800 1251 Regem
1821 1212 1932 1251 Aiigliae
1946 1214 1976 1242 in
1989 1214 2135 1251 omnibus,
2150 1215 2182 1243 &
2199 1225 2246 1251 per
2259 1224 2326 1244 om-

1270 1251 1315 1279 nia
1334 1250 1419 1280 solitae
1441 1252 1474 1282 &
1496 1252 1616 1290 antiquae
1636 1250 1808 1280 restituerent
1829 1251 1971 1289 libertati,
1996 1261 2028 1281 ac
2049 1252 2212 1290 plenitudini
2230 1251 2326 1282 liberat

1271 1288 1372 1359 Regiae
1400 1288 1539 1328 potestatis
1552 1312 1561 1327 ,
1586 1290 1645 1320 tam
1666 1290 1695 1319 in
1715 1289 1841 1326 judiciis,
1871 1291 1957 1328 quarn
1984 1298 2057 1320 exrra
2076 1290 2176 1328 judicia
2197 1299 2328 1320 exercen-

1292 1338 1326 1357 ae.

1308 1365 1431 1397 Rursum
1443 1365 1556 1397 eosdem
1569 1375 1603 1397 ex
1617 1365 1716 1397 officio
1731 1366 1829 1397 nostro
1844 1368 2022 1405 monuimus,
2040 1374 2070 1397 ut
2090 1366 2210 1405 ejusdem
2223 1365 2328 1406 Regis,

1272 1415 1304 1435 ac
1319 1405 1405 1436 fratris
1421 1406 1459 1436 sui
1479 1406 1566 1444 Regis
1588 1406 1779 1445 Alemanniae,
1798 1406 1997 1445 primogenitos
2016 1406 2180 1444 liberarent,
2196 1415 2266 1443 quos
2281 1406 2329 1435 de-

1273 1445 1398 1474 tinebant
1412 1445 1443 1474 &
1460 1444 1552 1474 adhuc
1565 1444 1689 1474 detinent
1707 1445 1764 1474 sine
1777 1444 1853 1475 causa
1873 1445 1998 1482 captivos
2013 1468 2022 1483 ,
2046 1444 2112 1474 licet
2125 1444 2175 1474 sub
2190 1445 2264 1473 inani
2278 1455 2330 1474 co-

1274 1483 1334 1512 lore
1348 1483 1501 1513 verborum
1516 1493 1577 1520 eos,
1594 1490 1623 1512 ut
1637 1482 1758 1520 obsides,
1773 1492 1866 1513 tenere
1881 1482 1906 1512 se
1918 1484 2013 1512 dicant
2029 1483 2176 1513 occasione
2194 1492 2328 1523 compro-

1274 1521 1346 1551 miffi
1359 1521 1500 1559 cujusdam
1514 1521 1594 1558 faffi,
1614 1530 1643 1551 ut
1655 1521 1818 1557 dicitur,‘in
1834 1521 1877 1550 sex
1892 1523 2024 1558 arbitros,
2042 1521 2078 1551 set
2092 1523 2128 1552 ab
2140 1521 2240 1551 eisdem
2256 1522 2329 1551 arbi-

1274 1561 1321 1589 tris
1337 1569 1395 1590 non
1415 1561 1538 1598 recepti,
1552 1560 1620 1599 quin
1635 1561 1725 1597 potius
1741 1570 1755 1588 a
1769 1560 1854 1589 tribus
1869 1569 1900 1588 ex
1915 1559 2015 1589 eisdem
2028 1561 2150 1599 arbitris,
2167 1560 2235 1590 sicut
2250 1572 2265 1591 a
2279 1571 2333 1591 no-

1274 1599 1315 1628 bis
1324 1609 1371 1636 per
1386 1607 1507 1637 patentes
1519 1608 1617 1628 eorum
1633 1597 1757 1628 consistit
1769 1598 1854 1627 literas
1865 1620 1874 1635 ,
1892 1598 2009 1628 refutati.

1311 1637 1478 1668 Addidimus
1491 1638 1575 1667 etiam
1595 1637 1748 1666 monitioni
1761 1637 1794 1666 δε
1814 1645 1958 1675 praecepto
1974 1646 2061 1676 prope
2071 1636 2154 1667 dietis
2168 1637 2241 1668 hanc
2256 1638 2332 1668 clau·-

1274 1675 1376 1714 sulam,
1394 1677 1462 1715 nisi,
1480 1675 1610 1706 videlicet
1626 1698 1636 1712 ,
1659 1675 1743 1704 iidem
1764 1674 1882 1704 Batones
1900 1675 1999 1712 justam
2019 1677 2052 1706 &
2070 1685 2164 1706 veram
2180 1678 2333 1715 rationem,

1275 1714 1320 1744 seu
1336 1715 1443 1745 causam
1455 1723 1645 1754 proponerent
1659 1714 1692 1744 δε
1706 1713 1860 1752 proferrent
1874 1736 1883 1751 ,
1909 1722 2021 1753 propter
2042 1723 2126 1751 quam
2141 1713 2174 1745 ad
2190 1725 2220 1745 ea
2235 1740 2245 1753 ,
2270 1725 2334 1754 quae

1276 1754 1478 1793 praecepimuS‚
1493 1751 1666 1791 adimplenda
1679 1753 1799 1781 minime
1816 1760 1974 1782 tenerentur
1985 1774 1995 1789 ,
2014 1752 2047 1782 ad
2064 1762 2148 1793 quam
2171 1758 2333 1793 proponen-

1275 1791 1340 1822 dam
1354 1793 1387 1822 &
1398 1791 1593 1832 proferendam
1605 1790 1713 1821 easdem
1729 1789 1847 1820 Kalend.
1864 1790 2032 1828 Septembris
2046 1792 2083 1821 eis
2100 1791 2267 1828 praefiximus
2280 1801 2336 1823 ter-

1276 1832 1386 1860 minum
1399 1831 1620 1870 peremptorium
1635 1852 1644 1867 ,
1668 1830 1698 1858 in
1716 1828 1814 1859 eidem
1828 1827 1949 1869 Ecclesia
1964 1829 2052 1859 beatae
2073 1829 2175 1860 Mariae
2189 1830 2315 1861 Boloniae
2326 1849 2337 1869 ,·

1275 1870 1308 1900 ὃς
1322 1870 1351 1898 in
1365 1868 1505 1909 praesentia
1519 1868 1703 1898 multitudinis
1714 1866 1889 1905 supradicte,
2085 1898 2087 1900 ,
2297 1900 2299 1903 ⁴

1314 1907 1393 1937 Tam
1406 1908 1490 1937 etiam
1502 1916 1535 1936 ex
1549 1905 1649 1947 officio
1663 1905 1760 1935 nostro
1773 1929 1783 1944 ‚
1807 1908 1890 1943 quani
1908 1904 2061 1936 secundum
2076 1906 2191 1944 speciale
2211 1906 2335 1937 Domini

1277 1945 1361 1983 Papae
1375 1946 1551 1982 mandatum,
1570 1948 1685 1982 peritias
1700 1944 1786 1975 literas
1807 1945 1888 1974 nobis
1906 1944 2003 1974 datum
2016 1967 2026 1982 ,
2050 1944 2085 1975 de
2098 1945 2235 1975 solvendi5
2250 1947 2339 1976 socie-

1277 1985 1394 2022 tatibus,
1412 1985 1446 2014 &
1461 1983 1713 2022 conjurationibus,
1731 1991 1763 2012 ac
1777 1982 1897 2020 statutis,
1916 1983 1993 2012 factis
2004 1984 2033 2012 in
2050 1984 2150 2023 Anglia
2164 1985 2193 2013 in
2209 1984 2338 2022 praejudi-

1277 2024 1354 2054 cium
1372 2023 1470 2053 Reoiae
1489 2022 1634 2059 libertatis,
1652 2022 1685 2051 &
1706 2021 1837 2059 cogendis
1853 2021 2004 2051 Bai-onibus
2019 2021 2052 2051 ad
2073 2022 2275 2060 abjurationem
2290 2033 2339 2052 eo-

1277 2072 1356 2100 rum,
1374 2047 1480 2092 ibidem
1493 2063 1526 2093 ὃ(
1540 2061 1642 2091 eodem
1655 2059 1716 2097 die,
1736 2061 1768 2090 &
1783 2070 1879 2090 coram
1895 2060 2014 2098 eisdem,
2032 2061 2200 2128 praedietum
2216 2061 2275 2100 ipsis
2286 2061 2339 2091 132⁴

1276 2102 1393 2131 ronibus
1407 2101 1560 2131 terminum
1575 2098 1768 2137 assignavimus
1781 2100 1816 2129 ab
1830 2098 2010 2135 abjurandum
2026 2102 2036 2128 i
2052 2106 2125 2129 acuta
2134 2123 2143 2138 ‚
2157 2099 2231 2129 faeta
2245 2110 2338 2138 quon-

1278 2139 1344 2169 dam
1360 2139 1486 2169 Oxoniae
1504 2139 1578 2176 (quae
1591 2137 1760 2175 provisiones
1771 2137 1918 2178 appellant)
1933 2138 1966 2167 ὃς
1979 2137 1999 2166 si
2012 2147 2065 2176 qua
2079 2138 2129 2168 alia
2146 2137 2180 2167 ad
2193 2138 2278 2167 robur
2292 2138 2340 2168 ada

1279 2178 1405 2209 diderant
1426 2176 1592 2207 eorumdem
1607 2200 1616 2214 ,
1637 2175 1703 2205 loco
1719 2177 1757 2205 eis
1776 2177 1810 2206 ad
1829 2176 1886 2205 hoc
1902 2175 2034 2214 assignato
2053 2175 2124 2214 apud
2141 2175 2339 2215 Gravelingas,

1281 2215 1372 2247 Dioc.
1394 2215 1542 2246 Morinen.
1560 2223 1659 2245 coram
1681 2214 1763 2244 nobis
1777 2237 1786 2252 ,
1813 2214 1859 2244 vel
1877 2215 1907 2243 in
1926 2214 1984 2244 hoc
2004 2214 2163 2253 gerentibus
2181 2214 2257 2246 vices
2277 2225 2344 2244 nos-

1279 2263 1340 2285 tras.

1316 2294 1384 2324 Nos
1396 2295 1477 2333 igitur
1486 2316 1495 2332 ,
1512 2292 1684 2323 attendentes
1696 2289 1774 2335 quod
1792 2291 1911 2321 Barones
1923 2288 2068 2329 praediffi,
2083 2298 2282 2330 contemptum
2296 2291 2343 2321 ad-

1279 2332 1377 2363 dentes
1396 2332 1573 2372 contemptui
1588 2354 1597 2369 ,
1621 2331 1689 2360 sicut
1708 2340 1737 2358 in
1755 2329 1905 2369 aperiendo
1928 2329 2010 2358 nobis
2028 2328 2170 2368 legationis
2185 2328 2260 2359 aditu
2277 2352 2286 2367 ,
2309 2332 2341 2360 &

1280 2372 1371 2402 danda
1386 2370 1495 2412 ydonea
1511 2371 1641 2401 cautione
1657 2368 1692 2398 de
1711 2367 1851 2399 securitate
1870 2365 2003 2406 ingressus
2014 2388 2025 2403 ,
2048 2376 2154 2404 morae,
2172 2367 2205 2397 ὃ(
2221 2367 2342 2407 reditus,

1280 2419 1340 2439 non
1360 2417 1509 2449 paruerunt
1521 2432 1530 2446 ,
1555 2409 1593 2438 sic
1616 2408 1648 2437 ὃς
1662 2406 1801 2445 praxitetis
1823 2405 1922 2436 nostris
1941 2405 2145 2434 monitionibus
2159 2406 2193 2436 δε
2209 2407 2342 2437 mandatis

1281 2458 1374 2486 parere
1387 2447 1593 2477 contumaciter
1609 2445 1787 2483 recusarunt,
2286 2475 2289 2478 .

1317 2486 1350 2516 In
1362 2486 1475 2516 eosdem
1489 2486 1522 2516 &
1537 2494 1638 2514 eorum
1653 2483 1817 2513 consiliarios
1831 2506 1840 2521 ,
1866 2482 2000 2519 fautores,
2019 2481 2052 2513 δε
2071 2481 2225 2520 complices
2240 2483 2270 2512 in
2285 2482 2343 2512 hoc

1279 2522 1372 2562 facto,
1392 2531 1557 2563 congregata
1569 2532 1665 2552 corani
1681 2522 1763 2550 nobis
1776 2522 1849 2559 apud
1863 2520 2013 2550 Hisdinum
2022 2543 2032 2557 ,
2048 2519 2217 2550 Morinensis
2224 2520 2342 2551 Diocae-

1281 2563 1330 2600 sis,
1345 2564 1411 2592 cleri
1425 2564 1457 2593 ὃ(
1472 2561 1567 2599 populi
1582 2560 1761 2590 multitudine
1774 2559 1902 2597 copiosa,
1919 2559 2222 2588 excommunicationis
2236 2559 2345 2589 senten-

1281 2601 1348 2630 tiam
1364 2608 1476 2640 propter
1491 2601 1553 2629 haec
1569 2599 1682 2628 tulimus
1699 2598 1812 2635 iterato,
1831 2599 1863 2628 δε
1879 2606 1960 2627 terras
1972 2606 2070 2626 eorum
2084 2619 2093 2633 ,
2120 2606 2152 2627 ac
2166 2597 2228 2627 alias
2242 2597 2346 2627 eisdem

1282 2638 1436 2669 Batonibus
1450 2638 1634 2674 adhaerentes,
1650 2636 1683 2667 ὃς
1698 2645 1761 2673 quae
1776 2636 1836 2673 ipiis
1850 2659 1859 2673 ,
1883 2636 2015 2673 quamdiu
2036 2636 2065 2664 in
2085 2635 2241 2673 hujusmodi
2254 2636 2345 2666 rebel-

1281 2677 1357 2706 lione
1371 2677 1490 2713 fuerint,
1507 2675 1707 2711 adhaerebunt,
1727 2673 1922 2705 Ecclesiastico
1937 2672 2124 2712 supposuimus
2138 2673 2304 2704 interdicto:

1320 2715 1416 2746 Nullis
1429 2714 1602 2745 obstantibus
1615 2713 1777 2753 privilegiis,
1793 2712 1838 2742 seu
1856 2711 2033 2751 indulgentiis
2046 2711 2234 2750 Apostolicis,
2252 2712 2347 2750 perso-

1283 2754 1342 2793 nis,
1357 2754 1498 2794 dignitati,
1513 2753 1599 2790 locis,
1614 2751 1659 2782 vel
1673 2751 1766 2781 ordini
1781 2752 1816 2781 ab
1832 2751 1928 2781 eadem
1940 2751 2000 2781 sede
2016 2749 2169 2788 concessis,
2189 2751 2347 2788 cujuscum-

1285 2803 1340 2833 que
1354 2794 1458 2823 tenoris
1473 2791 1605 2826 existant,·
1627 2790 1689 2829 quia
1699 2813 1707 2827 ,
1727 2789 1804 2827 quod
1820 2789 1853 2819 aad
1873 2788 1984 2819 nostros
1998 2787 2139 2828 processus
2154 2790 2266 2828 attinet,
2284 2789 2350 2820 illo-

1286 2840 1350 2861 rum
1364 2831 1486 2861 efficacia
1500 2840 1548 2868 per
1561 2829 1635 2860 datas
1649 2828 1730 2858 nobis
1751 2829 1786 2858 ab
1804 2828 1900 2858 eadem
1916 2828 1977 2858 sede
1990 2827 2077 2857 literas
2090 2850 2099 2865 ,
2124 2828 2232 2866 penitus
2246 2827 2287 2858 est
2303 2838 2352 2859 ex-·

1283 2870 1364 2900 clusa.

1326 2909 1353 2940 A
1368 2908 1507 2946 praedietis
1523 2915 1617 2938 autem
1637 2906 1966 2937 excommunicationum
1981 2904 2117 2935 sententiis
2134 2903 2267 2935 illustrem
2287 2904 2351 2935 Re-

1285 2956 1350 2987 gem
1367 2948 1496 2984 Angliae,
1513 2946 1675 2975 Sacerdotes
1690 2968 1699 2983 ,
1725 2946 1758 2976 ὃς
1775 2944 1901 2975 Clericos
1913 2966 1922 2981 ,
1946 2943 1979 2973 ad
2000 2942 2123 2983 Capellae
2139 2943 2192 2973 suae
2205 2942 2349 2973 servitium

1287 2996 1336 3025 per
1352 2996 1417 3016 eum
1433 2985 1582 3025 specialiter
1594 2984 1752 3022 deputatos,
1771 2984 1941 3023 excipimus‚·
1962 2991 2049 3021 quos,
2077 2981 2141 3012 licet
2155 2991 2223 3012 cum
2237 2981 2354 3012 Batoni⁴

1288 3026 1338 3055 bus
1354 3023 1570 3059 conversentur,
1587 3031 1682 3052 mente
1696 3031 1790 3052 tamen
1802 3022 1864 3058 ipiis
1876 3030 1935 3050 non
1948 3020 2087 3050 credimus
2102 3020 2252 3050 adhaerere.

1327 3062 1419 3093 Unde
1436 3064 1469 3093 δε
1484 3060 1671 3091 concessimus
1686 3060 1763 3098 quod
1782 3060 1858 3090 idem
1880 3058 1945 3088 Rex
1957 3081 1967 3096 ,
1993 3067 2041 3096 pet
2060 3058 2121 3088 suos
2136 3058 2300 3089 Sacerdotes
2318 3059 2352 3089 &

1287 3100 1418 3131 Clericos
1432 3099 1617 3140 supradictos,
1635 3099 1663 3128 in
1679 3099 1765 3135 locis,
1783 3108 1846 3137 quae
1870 3097 1898 3126 in
1917 3095 2090 3137 praeniiffum
2106 3096 2255 3127 inciderint
2270 3098 2354 3127 inter-

1287 3140 1414 3176 dietum,
1432 3139 1517 3168 libere
1532 3138 1581 3168 sibi
1594 3137 1675 3166 saciat
1687 3136 1780 3166 divina
1793 3135 1889 3165 officia
1902 3136 2033 3165 celebrari
2048 3145 2123 3166 voce
2141 3135 2168 3166 su
2191 3135 2294 3174 pressa,
2312 3137 2350 3172 ja*

1288 3179 1349 3208 nuis
1361 3184 1456 3208 tamen
1470 3176 1580 3213 clausis,
1600 3175 1632 3205 &
1650 3175 1898 3204 excommunicatis
1911 3174 1944 3205 &
1956 3173 2109 3204 interdictis
2122 3183 2173 3204 exc
2187 3174 2244 3204 usis.

1330 3217 1477 3255 Qiocirca
1492 3214 1689 3244 discretionem
1704 3212 1824 3242 vestram
1839 3221 1967 3251 rogamus
1982 3213 2109 3242 attentius
2121 3214 2154 3243 ὃς
2171 3213 2353 3251 requirimus,

1290 3248 1385 3293 vobis,
1402 3265 1456 3294 qua
1468 3254 1610 3291 fungimur
1622 3252 1804 3289 minoritate,
1821 3260 1927 3291 quanto
1945 3250 2093 3281 districtius
2113 3251 2256 3288 possumus
2278 3258 2349 3286 prae-v

1289 3292 1439 3332 cipiendo,
1457 3291 1614 3334 mandantes
1628 3298 1761 3328 quatenus
1776 3299 1829 3329 pro
1851 3289 1918 3319 sedis
1938 3289 2112 3326 Apostolicae
2128 3286 2297 3331 reverentia,
2314 3287 2367 3330 ‘³5³⁷

1290 3334 1368 3368 cujus
1382 3331 1477 3368 injuria
1494 3338 1580 3371 agitur
1595 3330 1627 3358 &
1647 3337 1816 3371 contemptu
1832 3350 1842 3365 ,
1867 3328 1914 3357 has
1927 3327 2033 3358 nostras
2052 3327 2353 3369 excommunicationis

1290 3371 1323 3400 &
1341 3369 1480 3399 interdicti
1503 3368 1642 3397 ieiiicntias
1665 3375 1712 3405 per
1732 3366 1894 3396 universales
1915 3366 2051 3396 Ecclelias
2071 3365 2224 3396 vestrarum
2244 3362 2353 3394 CiVita-

1291 3417 1352 3438 tum
1365 3408 1398 3438 ὃ(
1414 3406 1594 3442 Diocaesum,
1613 3406 1642 3434 in
1659 3405 1759 3443 quibus
1774 3404 1947 3443 Legatorum
1961 3427 1971 3442 ,
1995 3403 2042 3433 vel
2056 3403 2258 3443 Delegatorum
2271 3424 2281 3438 ,
2305 3405 2352 3432 aut

1292 3446 1496 3476 ordinariorum
1519 3443 1643 3481 judicum
1660 3465 1669 3479 ,
1693 3442 1833 3473 sententiae
1857 3442 2061 3473 consueverunt
2086 3442 2164 3471 clero
2186 3441 2219 3470 ὃς
2244 3440 2352 3479 populo

1294 3484 1426 3523 puplicari
1441 3507 1449 3522 ,
1477 3482 1585 3521 singulis
1604 3481 1701 3511 dicbus
1715 3481 1865 3511 dominicis
1879 3482 1912 3511 ὃς
1926 3480 2028 3510 festivis
2041 3502 2050 3517 ,
2074 3479 2201 3509 extinctis
2215 3479 2354 3517 candelis,

1293 3524 1325 3554 ὅ(
1340 3523 1446 3563 pulsatis
1459 3520 1614 3560 campanis,
1633 3529 1682 3556 per
1696 3529 1763 3557 VOS,
1778 3520 1822 3549 vel
1836 3529 1884 3556 per
1898 3519 1964 3548 alios
1978 3518 2133 3557 puplicetis.

1330 3560 1370 3590 lta
1384 3560 1513 3590 videlicet
1529 3557 1605 3596 quod
1622 3559 1673 3587 viri
1687 3558 1796 3587 nobiles
1810 3557 1920 3596 Symoii
1933 3555 2073 3594 Leycestr.
2088 3555 2211 3585 Gilbert.
2227 3554 2353 3586 Glover-

1294 3600 1365 3636 niae,
1384 3600 1416 3629 ὃς
1434 3598 1562 3636 Rogerus
1578 3594 1678 3625 Norff.
1694 3595 1825 3625 Comites
1839 3596 2006 3625 nominatim
2020 3616 2029 3631 ,
2053 3594 2086 3623 &
2101 3594 2131 3623 in
2142 3602 2244 3632 genere
2256 3593 2276 3614 ¹*
2288 3604 2355 3624 om—

1294 3647 1342 3668 nes
1355 3638 1400 3667 alii
1415 3637 1584 3666 adhaerentes
1598 3633 1700 3664 eisdem
1709 3657 1718 3672 ,
1735 3634 1779 3663 seu
1813 3634 1840 3662 ui
1856 3634 1894 3663 eis
1906 3632 2054 3663 consilium
2067 3631 2112 3662 vel
2126 3631 2258 3662 auxilium
2271 3632 2356 3663 dede-

1295 3678 1352 3706 rint
1364 3675 1408 3705 seu
1422 3674 1561 3704 favorem:
1581 3673 1613 3702 ὃς
1629 3671 1775 3712 expressim
1819 3673 1876 3701 ives
1887 3670 2020 3700 London.
2040 3669 2074 3700 &
2089 3669 2257 3700 habitatores
2272 3673 2356 3709 quin-

1315 3724 1348 3744 ue
1364 3713 1501 3743 Portuum
1519 3711 1628 3749 Angli-:e
1643 3734 1652 3749 ,
1675 3709 1915 3740 excommunicati
1931 3707 2042 3746 publice
2056 3709 2246 3747 nuncientur3
2272 3720 2325 3739 nec
2340 3719 2356 3740 a

1294 3725 1435 3783 {linaium
1450 3750 1643 3781 sententiarum
1663 3748 1873 3778 denuntiatione
1891 3746 2009 3777 cessetur
2029 3745 2085 3776 sine
2099 3746 2168 3778 sedis
2180 3746 2356 3787 Apostolicae

1295 3790 1338 3822 vel
1355 3790 1450 3819 nostro
1467 3787 1574 3828 speciali
1589 3785 1728 3816 mandato.

1334 3828 1404 3858 Hoc
1419 3828 1500 3867 igitur
1516 3825 1645 3855 nostrum
1665 3823 1829 3854 mandatum
1842 3831 1902 3853 tam
1922 3830 2026 3853 attente
2044 3823 2146 3854 curetis
2160 3824 2276 3864 implere
2290 3848 2299 3862 ,
2325 3831 2355 3853 ut

1299 3868 1331 3899 &
1346 3866 1410 3897 sedis
1424 3865 1543 3901 eiusdem
1565 3863 1660 3893 dolere
1680 3863 1831 3893 videamini
1848 3863 1943 3891 vicem
1959 3884 1968 3899 ,
1992 3861 2026 3892 &
2044 3862 2214 3892 obedientiae
2231 3863 2358 3899 bonum,

1299 3905 1376 3946 quod
1390 3904 1512 3935 viCtimis
1525 3901 1566 3932 est
1581 3900 1767 3939 praestantius,
1785 3908 1842 3930 tam
1861 3899 2018 3938 salubriter,
2033 3909 2118 3939 quarn
2138 3900 2284 3939 prudenter
2298 3909 2358 3930 arna

1319 3944 1391 3975 letti.

1299 3954 1317 3984 p
1338 3981 1398 4013 Has
1411 3988 1503 4011 autem
1519 3977 1665 4016 praesentes
1678 3977 1765 4007 literas
1778 3998 1788 4014 ,
1813 3984 1922 4007 retento
1937 3976 2099 4015 transcripto
2119 3977 2236 4015 ipsarum
2249 3985 2355 4006 earum-

1302 4020 1368 4052 dem
1377 4043 1386 4058 ,
1403 4019 1481 4050 latori
1495 4016 1628 4055 reddatis,
1645 4014 1774 4047 vestrum
1787 4015 1863 4054 sigilli
1875 4025 1944 4046 curn
1957 4015 2047 4046 nostri
2059 4015 2226 4056 appensione
2237 4014 2323 4054 sigilli.

1341 4096 1408 4128 Dat.
1423 4096 1453 4125 in
1468 4093 1596 4125 Prioratu
1609 4092 1703 4125 Sanffi
1717 4091 1902 4163 Gregffiiizde
1915 4091 2065 4131 Hisdinio,
2084 4091 2197 4123 Dioces.
2214 4087 2361 4159 Μὲεῐςίίιίἓξῑό

2369 3609 2419 3638 *1.
2435 3610 2502 3637 Βόοὶ
