2570 4261
17 365 92 396 Ann.
105 362 148 395 D.

41 404 123 434 1260.

16 446 79 471 lien.
98 451 125 480 3.

27 1809 63 1833 H.
82 1813 108 1841 3.

27 1846 99 1872 renes
107 1846 160 1870 Ca·

26 1890 120 1910 merar-

27 1922 142 1947 saccas.

29 1956 160 1994 ⁰1.718.

28 2473 106 2505 Ann.
117 2472 160 2505 D.

51 2512 136 2543 1261.

26 2556 80 2581 An.
97 2562 146 2588 45.

27 2596 64 2619 Η.
86 2599 111 2626 3.

27 2632 87 2657 Pat.
101 2637 151 2664 45.

27 2715 65 2734 m.
80 2714 89 2732 1
95 2714 122 2740 4.
137 2706 163 2733 in

26 2744 143 2772 scedula.

788 274 901 317 ET
982 275 1249 318 ACTA
1331 276 1805 319 PUBLICA.

165 364 258 398 media
276 364 442 397 defensionis
461 361 580 401 ademit,
598 361 725 402 quatinus
743 360 792 399 ipsi
808 360 917 400 fideles,
933 361 968 392 de
981 361 1074 392 alienis
1088 360 1216 399 periculis

165 405 274 446 sumpta
285 404 390 437 cautela
397 426 408 442 ,
426 402 541 433 medelis
552 401 695 432 contrariis
706 410 722 431 a
737 399 815 431 malis
829 400 1038 432 imminentibus
1049 400 1218 438 praeserven-

166 452 260 514 turI3ro
280 490 322 513 ter
340 478 417 520 quod
437 476 609 508 carissimum
628 478 658 506 in
680 475 795 507 Christo
808 475 897 507 filium
910 476 1055 514 nostrum,
1159 474 1221 506 Re·

167 531 234 562 gem
328 527 412 548 orum
431 515 581 554 illustrem,
599 525 648 553 per
661 515 747 545 literas
760 514 879 552 nostras,
897 515 946 545 sub
959 524 1032 546 certa
1044 516 1153 553 forma,
1171 523 1217 544 ro-

204 567 266 590 mus
284 557 413 588 attentius
432 556 466 586 &
488 553 646 591 hortamur,
663 561 711 591 ut,
726 553 821 584 habito
833 553 908 583 collo
928 555 975 584 uio
985 564 1053 585 curn
1068 552 1220 584 Baronibus

168 570 205 630 Ξῖ
224 595 406 636 Magnatibus
428 592 522 632 Regni
545 592 599 629 sui,
616 591 740 622 adversus
750 600 807 622 tam
820 591 888 622 dirae
901 602 918 622 c
928 592 983 623 adis
995 593 1148 630 perniciem
1158 614 1168 630 ,
1186 590 1220 621 fi-

168 634 277 666 delibus
295 634 510 670 imminentem,
527 639 606 661 curet
626 630 838 660 mansuetudinis
853 630 952 669 Regiae
966 631 1065 672 pietate
1099 630 1219 670 rospice-

166 671 409 743 &ruffi-3351?
415 692 426 709 ²
448 668 649 739 §graffiis
664 668 1221 744 uiffiissusslsseffssssfifiii’ciffisiiafflffldum

208 748 359 789 Denique,
375 731 453 785 suffer
465 746 599 777 omnibus
612 745 807 776 deliberatione
821 717 913 776 habiti}
925 746 1049 785 diligenti
1062 769 1071 784 ‚
1092 745 1176 785 usque
1187 744 1221 774 ad

169 789 304 820 octavam
324 785 528 825 Apostolorum
549 783 625 815 Petri
644 786 677 815 &
692 783 771 814 Pauli
785 785 917 822 proximo
932 785 1069 822 futuram,
1086 785 1223 822 quoniam

167 825 304 868 profufius
326 833 435 862 tempus
451 824 491 854 rei
505 822 645 853 necessitas
656 821 757 861 absque
772 822 896 860 periculo
908 833 968 853 non
981 822 1118 860 admittit,
1135 820 1169 852 ad
1182 821 1223 850 se-

166 866 236 897 dern
257 863 454 903 Apostolicam
474 861 594 892 destinet
613 860 748 891 Nuncios
766 864 844 899 iuos,
863 862 937 891 viros
958 860 1089 899 providos
1108 860 1143 890 &
1156 868 1222 898 pru-

165 902 280 943 dentes,
365 911 437 942 quos
453 900 538 931 nobis
558 899 637 938 super
649 900 701 930 hiis
714 899 815 938 Regiae
827 899 1083 939 circumspeetionis
1094 896 1222 928 voluntas

165 942 202 973 &
222 951 260 972 co
291 952 301 972 i
313 940 373 971 'um
389 938 579 975 innotescant;
597 939 649 976 &‚
664 948 785 978 quorum
799 939 1012 968 communicato
1025 936 1163 973 consilio,
1182 935 1225 965 A·

165 978 305 1021 postolica
318 978 392 1010 sedes
405 977 525 1018 provide
537 976 663 1017 disponat
678 977 712 1008 &
722 976 833 1007 ordinet
848 978 913 1014 quic
934 976 997 1014 uid,
1014 976 1044 1005 in
1058 984 1116 1005 tam
1129 972 1224 1004 arduae

168 1017 332 1050 necessitatis
343 1027 362 1047 n
397 1016 476 1054 otio,
494 1015 616 1054 publicae
631 1014 719 1046 salutis
732 1015 830 1045 utilitas
846 987 975 1045 suadebit.

210 1056 358 1095 Qiocirca
414 1055 568 1085 obilitatem
590 1063 666 1084 tuam
688 1063 854 1092 monemus,
872 1062 1016 1093 rogamus,
1032 1051 1066 1083 ὅ(
1083 1051 1227 1081 hortamur

169 1102 290 1134 attente,
327 1104 356 1124 er
378 1093 544 1134 Apostolica
564 1093 615 1123 tibi
635 1092 732 1132 scripta
745 1092 921 1130 mandantes,
939 1091 1081 1130 quatinus,
1098 1098 1167 1120 cum
1182 1097 1229 1132 tua

168 1133 275 1164 interfit
315 1143 331 1163 e
351 1140 409 1163 tam
430 1132 579 1163 communi
603 1131 726 1170 cogitare
739 1130 896 1161 discrimine
931 1139 990 1167 quo
1004 1129 1099 1168 utique
1112 1135 1230 1167 tangeris

170 1179 303 1211 tanquam
367 1171 426 1210 egia
441 1170 534 1208 portio
549 1169 684 1207 universi,
697 1169 789 1199 eidem
804 1169 879 1207 Regi
904 1177 970 1207 uper
984 1165 1127 1205 praemiffis
1136 1164 1228 1205 ,quod

171 1210 248 1240 circa
266 1220 298 1250 pr
344 1210 434 1240 ictum
453 1208 600 1247 negotium
619 1208 732 1248 publice
745 1207 874 1245 expedire
888 1205 1071 1244 cognoveris,
1090 1203 1155 1234 sano
1172 1203 1231 1233 stu-

171 1248 235 1317 deas
247 1248 486 1287 confilio‚Deum
500 1248 533 1278 ὃ(
547 1245 726 1278 universalem
741 1244 849 1275 causam
862 1245 967 1275 habens
979 1253 1039 1283 prae
1049 1242 1139 1273 oculis
1146 1265 1157 1280 ,
1174 1242 1233 1272 sua-

193 1296 247 1317 ere.

207 1363 277 1395 Dat.
298 1362 426 1394 Lateran.
449 1370 482 1400 15
499 1360 565 1392 Kal.
581 1359 766 1398 Decembris,
784 1357 970 1389 Pontificatsis
983 1355 1071 1388 nostri
1085 1366 1162 1387 anno
1176 1355 1234 1386 sex-

176 1409 217 1433 10.

643 1473 772 1505 Plumbeo
785 1471 877 1511 sigillo
889 1483 908 1502 a
915 1471 969 1515 filo
980 1470 1104 1502 canabeo.

307 1601 357 1634 De
379 1600 506 1634 Olerone
522 1611 542 1631 a
562 1601 676 1633 Corona
691 1598 807 1645 Angliae
823 1609 879 1630 non
894 1595 1094 1644 segregandas

153 1713 160 1719 .
183 1683 268 1747 H·
290 1682 479 1763 ξυεὶιὲξξὲῐξᾶἒ
485 1684 551 1715 Rex
571 1683 700 1723 Angliae,
718 1683 862 1714 Dominus
883 1681 1049 1721 Hiberniae,
1066 1682 1101 1712 &
1113 1680 1183 1711 Dux
1197 1680 1239 1710 A-

481 1723 568 1753 nectis
579 1723 614 1754 &
627 1721 752 1753 fidelibus
764 1721 815 1752 suis
828 1720 977 1759 Maiori&
990 1721 1177 1752 Communiae
1190 1718 1238 1750 In-

137 1786 143 1793 .
179 1761 245 1793 sulae
259 1761 376 1792 Oleron.
394 1761 516 1791 fiilutem.

221 1800 300 1838 Qiia
349 1807 463 1838 propter
484 1799 644 1830 fidelitatem
665 1798 786 1830 vestram
833 1807 896 1837 erga
916 1808 968 1828 nos
989 1798 1023 1829 &
1042 1796 1236 1837 progenitores

180 1837 291 1869 nostros
342 1848 405 1878 eges
423 1838 535 1877 Angliae
557 1837 700 1875 hucusque
715 1821 885 1868 laudabiliter
896 1836 1044 1874 servatam,
1062 1846 1113 1867 vos
1127 1835 1237 1873 speciali

201 1877 362 1916 raeroffltiva
373 1876 530 1908 dilectionis
543 1877 758 1915 prosequamur,
776 1884 807 1906 ut
818 1875 936 1906 fecimus
949 1876 985 1906 ab
999 1876 1133 1913 antiquo,
1150 1876 1165 1891 ⁴⁵
1181 1883 1236 1904 no-

190 1924 270 1946 umus
284 1925 337 1946 vos
347 1926 364 1946 a
376 1914 495 1946 Corona
509 1915 620 1954 Angliae
634 1914 768 1946 ullatenus
782 1913 938 1954 segregare,

219 1952 277 1984 Pro
308 1964 338 1984 er
356 1953 435 1992 quod
456 1954 538 1984 vobis
555 1953 719 1985 mandamus
741 1954 770 1984 in
793 1953 848 1983 fide
864 1975 874 1991 ,
900 1962 952 1992 qua
972 1952 1055 1983 nobis
1075 1951 1237 1990 tenemini,

178 1993 258 2033 quod
293 1991 401 2023 nsulam
421 1992 547 2024 nostram
567 1991 747 2032 praediCtam,
765 1991 822 2022 fine
840 1992 973 2022 mandato
993 1990 1092 2021 nostro
1113 1990 1239 2030 speciali,

178 2031 249 2062 nulli
270 2032 468 2071 committatis,
490 2041 545 2062 nec
564 2030 737 2062 intendentes
756 2031 809 2061 fitis
829 2030 880 2060 nisi
902 2029 1001 2068 nobis,
1028 2029 1075 2060 vel
1095 2027 1238 2060 Edwardo

178 2070 371 2110 primogenito
382 2069 440 2100 filio
451 2069 559 2100 nostro.

218 2107 251 2138 In
271 2110 348 2148 cujus
366 2109 406 2139 rei
425 2108 618 2140 testimonium
635 2108 683 2139 has
704 2107 803 2139 litteras
822 2106 928 2138 nostras
948 2106 1029 2138 vobis
1042 2106 1178 2137 mittimus
1191 2114 1240 2146 pa-

179 2152 276 2178 tentes.

214 2222 302 2264 Teste
325 2222 432 2262 meipso
450 2224 524 2262 apud
548 2223 666 2255 Turrim
679 2222 813 2253 London.
828 2221 966 2255 vicesimo
978 2221 1082 2252 octavo
1095 2221 1142 2252 die
1156 2219 1238 2251 Febr.

177 2271 254 2293 anno
271 2261 367 2303 Regni
378 2262 466 2293 nostri
478 2262 686 2302 quadragesimo
700 2262 809 2301 quinto.

388 2385 561 2430 Ratificatio
578 2386 770 2433 Treugarum
790 2397 859 2418 cum
878 2385 1036 2419 Lmelino.

182 2469 307 2524 REX
326 2470 476 2508 omnibus,
495 2470 555 2501 ὅτε.
569 2470 693 2501 salutern.
729 2469 899 2507 Inspeximus
912 2469 1034 2500 formam
1047 2477 1152 2509 treugae
1166 2469 1241 2507 apud

246 2507 453 2548 Muntgomery
476 2509 507 2538 in
527 2507 646 2538 octabis
664 2508 868 2544 Assumptionis
887 2508 976 2538 beatae
997 2508 1101 2537 Mariae
1116 2530 1125 2545 ,
1147 2517 1243 2545 anno,

184 2545 246 2576 &c.
260 2554 309 2584 44.
322 2547 392 2576 inter
404 2556 457 2576 nos
475 2555 509 2576 ex
526 2556 581 2577 una
593 2554 670 2585 parte
682 2569 693 2585 ,
714 2547 748 2578 &
763 2546 941 2579 Lewelinum
963 2544 1053 2576 filiurn
1070 2544 1188 2577 Griffini
1205 2546 1240 2577 &

183 2583 244 2614 suos
254 2593 288 2614 ex
300 2584 400 2624 altera,
414 2585 444 2615 in
457 2585 520 2616 haec
533 2587 626 2615 verba.

219 2660 308 2692 Anno
321 2660 446 2692 Domini
459 2660 607 2691 millesimo
626 2661 817 2692 ducentefimo
831 2661 874 2691 sex
907 2660 995 2692 efimo
1006 2683 1016 2698 ,
1039 2659 1087 2690 die
1105 2659 1242 2691 Domini-

183 2708 234 2738 ca,
248 2699 351 2731 scilicet
364 2701 394 2730 in
408 2698 530 2730 Oetabis
542 2699 744 2737 Assumptionis
756 2700 845 2731 beatae
898 2701 961 2730 ariae
973 2698 1094 2738 Virginis
1102 2722 1113 2738 ,
1129 2699 1241 2729 ordina-

183 2745 245 2768 tum
258 2738 300 2768 est
312 2738 386 2778 apud
403 2736 609 2777 Muntgomery
626 2739 659 2769 &
672 2738 815 2778 provisum
834 2740 905 2769 inter
923 2737 1052 2768 Priorem
1069 2737 1106 2768 de
1118 2737 1242 2769 Wenlo-

182 2777 240 2846 Κῶ,ξ
252 2777 286 2807 &
301 2775 466 2807 Dominum
477 2776 506 2806 S.
522 2775 671 2807 Paiselewe
684 2776 830 2807 Clericum
838 2801 848 2816 ,
865 2778 899 2808 &
912 2776 936 2807 F
938 2777 1070 2807 ulconern
1088 2776 1125 2807 de
1139 2775 1223 2816 Orby
1231 2799 1241 2815 ,

177 2814 196 2853 J
242 2815 368 2846 iciarium
382 2813 517 2853 Cestriae,
538 2814 680 2853 (habentes
697 2815 861 2854 potestatem
874 2825 908 2846 ex
924 2823 1001 2855 parte
1014 2814 1137 2847 Domini
1152 2814 1241 2855 Regis

180 2853 312 2898 Angliae,
329 2854 362 2884 δε
377 2852 501 2883 Domini
519 2852 653 2884 Edwardi
671 2852 720 2884 filii
740 2853 826 2893 Regis
847 2855 939 2893 primo
958 2854 1025 2884 eniti
1040 2877 1051 2892 ,
1074 2861 1181 2893 treugas
1195 2864 1241 2884 ca-

180 2892 277 2930 piendi
296 2893 331 2923 ’δε
350 2891 478 2922 firmandi
498 2893 570 2922 inter
591 2890 738 2929 praedit‘tos
756 2892 919 2923 Dominum
971 2901 1052 2933 egem
1064 2914 1075 2929 ,
1098 2893 1132 2923 &
1152 2892 1241 2923 filium

181 2930 264 2961 suum
278 2939 313 2960 ex
327 2939 383 2960 una
393 2937 494 2968 parte,
519 2931 552 2961 &
566 2929 731 2961 Dominum
752 2931 930 2963 Lewelinurn
951 2931 1040 2961 filium
1053 2930 1188 2968 Griffini‚
1206 2931 1240 2961 &

182 2969 245 2999 suos
257 2977 291 2998 ex
304 2967 396 3005 altera)
413 2968 447 2998 &
461 2967 626 3000 Dominum
639 2969 679 2999 R.
698 2969 900 3009 Bangorensem
919 2968 1110 3009 Episcopum,
1127 2970 1161 3001 &
1180 2968 1242 2999 Ab-

183 3007 278 3050 batem
290 3005 326 3036 de
339 3005 534 3051 Aberconwey
558 3007 702 3046 (habentes
720 3008 895 3039 consimilem
916 3008 1096 3047 potestatem,
1115 3018 1148 3038 ex
1166 3016 1242 3048 parte

183 3044 255 3074 dicti
268 3043 394 3087 Domim
410 3043 547 3076 Lewelini
608 3046 666 3076 uod
688 3054 782 3088 treuga
800 3055 881 3088 capta
900 3046 974 3085 apud
991 3046 1089 3078 Oxon.
1109 3056 1195 3085 proro
1214 3056 1243 3076 e-

183 3090 247 3121 tur,
264 3091 281 3111 a
292 3081 337 3125 die
350 3081 527 3112 Oenbarum
569 3055 743 3128 {fflmptionis
765 3086 853 3131 beatae
874 3085 978 3117 Mariae
990 3108 1013 3130 ,.
1024 3085 1062 3115 us
1076 3095 1111 3115 ue
1130 3085 1165 3115 ad
1178 3056 1242 3115 Ἐβα-

183 3128 246 3150 tum
260 3118 425 3151 Nativnatis
438 3120 534 3150 Sancti
546 3120 684 3159 Johannis
703 3123 831 3164 Baptistae
845 3148 854 3163 ,
878 3134 954 3154 anno
974 3123 1051 3154 mille
1062 3133 1123 3154 imo
1136 3124 1242 3155 ducen-

184 3159 285 3190 tefimo
296 3157 462 3198 sexagefimo
473 3158 596 3189 secundo
603 3182 613 3198 ,
627 3161 658 3190 in
671 3161 762 3192 forma
774 3163 921 3204 subscripta
929 3185 939 3201 ,
956 3162 1060 3193 scilicet
1066 3186 1076 3202 ,

222 3195 314 3235 Qiod
333 3197 449 3235 quilibet
464 3219 481 3241 ,·
492 3198 525 3229 &
539 3197 637 3238 singuli
686 3209 720 3229 ex
738 3208 853 3240 utraque
870 3210 962 3242 parte,
979 3201 1098 3232 habeant
1119 3200 1242 3232 seifinam

186 3242 322 3265 terrarum
342 3236 377 3266 &
402 3235 553 3266 hommum
566 3259 576 3274 ,
598 3221 764 3268 Castrorum
782 3241 816 3271 &
837 3240 951 3271 aliarum
973 3249 1068 3270 rerum
1085 3240 1217 3269 omnium
1231 3262 1242 3278 ,

186 3283 254 3313 quas
264 3273 420 3341 lgbuerunt
434 3282 562 3315 ternpore
574 3283 731 3319 treugarum
744 3299 754 3314 ,
780 3279 851 3309 inter
865 3278 1010 3317 praedicstas
1019 3286 1100 3309 terras
1113 3278 1242 3308 initarum

185 3311 263 3382 2532
278 3312 1243 3396 „sustentamentisefflagitasset&

188 3398 293 3428 treugae
305 3388 378 3425 apud
392 3387 542 3419 Oxonium
556 3398 632 3420 erant
645 3389 726 3421 datae.

225 3427 338 3465 Insuper
353 3426 450 3470 licebit
465 3427 599 3457 Domino
612 3427 704 3467 Regi,
722 3428 755 3458 &
774 3429 832 3460 filio
849 3431 899 3462 suo
909 3455 919 3471 ‚
945 3434 978 3464 &
997 3432 1159 3463 hominibus
1174 3430 1242 3467 suis,

189 3464 287 3496 Castra
298 3465 333 3496 de
349 3464 474 3510 Differht
486 3466 520 3497 &
534 3465 569 3509 de
587 3465 711 3511 Cannol<
727 3468 833 3499 visitare
846 3491 855 3507 ,
878 3471 911 3500 ὃς
946 3482 974 3502 er
1011 3470 1156 3500 raedietum
1170 3478 1244 3499 tem-

191 3512 366 3587 fragat?
360 3503 931 3587 &staffili-1335&&maumetis
937 3509 1081 3585 3332ss
1092 3507 1245 3578 &53¹3ss

190 3581 287 3612 decim
300 3590 381 3613 remis
393 3604 403 3620 ,
427 3581 472 3611 vel
486 3581 659 3622 paucioribus
680 3581 832 3614 secundum
845 3585 922 3624 quod
936 3596 1007 3624 opus
1026 3586 1107 3616 fuerit
1120 3595 1126 3614 z
1150 3584 1192 3615 Ita
1206 3592 1246 3613 ta-

192 3629 261 3651 men
271 3618 351 3664 quod·
365 3643 375 3659 ,
397 3619 418 3650 fi
431 3629 487 3664 ,per
500 3619 694 3664 tempestatem
705 3643 714 3658 ,
726 3659 730 3663 ῃ
741 3621 785 3651 vel
799 3622 849 3653 alia
861 3624 1060 3662 impedimenta
1075 3624 1156 3653 maris
1167 3646 1178 3660 ,
1200 3621 1246 3652 vel

193 3669 247 3697 pro
268 3667 308 3689 ter
319 3658 368 3690 alia
380 3658 512 3700 pericula,
529 3658 606 3690 dicta
621 3658 749 3689 vietualia
761 3659 816 3690 sive
829 3670 870 3690 res
889 3663 1045 3694 commode
1061 3662 1168 3693 carriari
1186 3670 1245 3690 non

192 3706 233 3737 po
256 3705 298 3728 int
319 3698 362 3728 vel
379 3695 502 3736 differri,
519 3697 668 3737 praedietus
689 3697 832 3728 Dominus
852 3698 1012 3731 Lewelinus
1027 3700 1156 3731 victualia
1174 3707 1248 3739 prae-

192 3735 285 3774 dieta,
302 3746 345 3767 res
356 3737 389 3767 &
407 3735 536 3767 homines
550 3737 584 3767 ad
606 3735 717 3774 praefata
736 3735 834 3766 Castra
848 3737 877 3767 in
898 3739 993 3769 eundo
1006 3762 1017 3778 ,
1041 3741 1075 3770 &
1087 3736 1247 3773 redeundo,

193 3773 228 3804 ad
241 3774 491 3806 summonitionem
505 3774 652 3813 justiciarii
667 3773 786 3804 Cestn'ae
797 3797 807 3812 ,
830 3773 904 3806 salvo
923 3777 957 3808 &
973 3776 1065 3808 secure
1084 3787 1132 3816 per
1146 3784 1248 3808 terram

194 3811 261 3842 duci
273 3813 355 3845 faciet
360 3837 373 3858 7
388 3815 421 3845 &
434 3814 575 3844 conducet
588 3815 641 3843 una
655 3822 723 3843 cum
736 3811 895 3843 custodibus
906 3816 1079 3846 eorumdem.

234 3850 378 3883 Convenit
391 3854 475 3884 etiam
489 3852 566 3893 quod
580 3851 637 3889 hii,
655 3851 779 3889 quisunt
797 3852 827 3881 in
848 3853 1006 3883 munitione
1019 3852 1113 3883 Castri
1126 3851 1162 3882 de
1182 3850 1250 3882 Dis-

195 3886 285 3926 serht,
304 3890 422 3925 habeant
439 3892 535 3931 jugiter
554 3900 607 3921 tres
625 3890 754 3920 homines
770 3912 779 3928 ,
800 3890 833 3920 ὃ(
851 3890 916 3930 ipsi,
933 3890 970 3920 de
983 3892 1140 3922 munitione
1157 3889 1250 3920 Castri

195 3925 231 3969 de
243 3925 390 3960 Cannowe
406 3953 416 3969 ,
439 3930 558 3960 habeant
576 3929 646 3960 duos
664 3929 792 3959 homines
809 3929 943 3958 continue
963 3938 1089 3961 exeuntes
1110 3929 1144 3959 δε
1158 3929 1188 3958 in
1221 3938 1251 3957 e-

197 3963 304 3994 dientes
317 3965 391 3999 dicta
407 3968 503 3999 Castra
514 3992 525 4008 ,
542 3968 576 3999 ad
590 3968 718 3998 vidtualia
735 3968 768 3998 ὃς
788 3966 838 3997 alia
855 3966 920 4005 hiis,
938 3968 987 4006 qui
1008 3969 1038 3999 in
1051 3968 1130 3999 dietis
1145 3965 1190 3998 Ca
1232 3967 1236 3971 '

197 4005 448 4038 commorabuntur
456 4030 464 4044 ,
482 4006 628 4038 necessaria
641 4005 834 4046 perquirenda.

237 4040 275 4071 Et
288 4043 364 4080 quod
377 4044 450 4076 dieta
458 4044 555 4076 Castra
568 4046 685 4076 habeant
698 4053 798 4075 omnes
811 4053 893 4074 renas
906 4052 954 4084 per
967 4044 1080 4076 eosdem
1091 4043 1176 4082 fines,
1191 4052 1252 4088 me-

198 4079 443 4150 {ffigmssucnbundaffi
457 4093 529 4123 quos
540 4084 695 4116 habuerunt
709 4091 836 4122 tempore
849 4090 1007 4122 treugarum
1019 4083 1094 4123 apud
1103 4081 1253 4113 Oxonium

2261 285 2310 319 61

1263 399 1269 406 .
1295 360 1384 399 Item,
1403 362 1422 392 fi
1440 362 1584 405 contingat
1604 362 1726 400 aliquem
1748 362 1783 393 de
1803 363 1961 393 munitione
1980 361 2124 393 dierorum
2143 360 2310 394 Castrorum
2333 366 2406 397 Ann.
2423 366 2466 397 D,

1261 399 1442 430 infirmarium
1460 409 1534 430 mori
1547 422 1557 437 ,
1581 400 1625 431 vel
1643 402 1766 431 amoveri
1778 424 1788 439 ,
1812 402 1907 432 licebit
1927 401 2058 431 Domino
2080 401 2155 440 Regi
2171 424 2180 439 ,
2205 403 2238 432 ὃ(
2254 401 2312 432 filio
2355 405 2441 434 1261.

1264 477 1297 507 &
1350 486 1430 514 nere,
1448 476 1504 506 fine
1516 475 1627 514 alicujus
1641 476 1881 515 contradiffione,
1900 478 1933 508 δε
1951 478 2032 507 omni
2046 479 2266 517 impedimento,
2282 480 2316 509 &

1264 524 1315 545 mo
1325 514 1406 553 estia,
1423 514 1571 544 inferendis
1590 523 1637 553 pet
1657 513 1819 544 Dominum
1842 514 2017 546 Lewelinum
2035 516 2068 546 &
2087 516 2147 546 suos
2162 540 2171 555 ,
2193 519 2221 547 in
2235 527 2317 548 acce-

1263 553 1374 592 dendo,
1390 553 1436 584 vel
1451 552 1610 590 redeundo,
1631 550 1757 582 Militem
1772 551 1873 582 scilicet
1890 563 1941 593 pro
1963 553 2073 591 Milite,
2088 554 2251 585 servientem
2265 565 2318 593 pro

1262 591 1395 622 serviente
1403 614 1413 630 ,
1431 591 1465 622 δε
1479 591 1516 622 fic
1529 590 1565 620 de
1577 590 1645 620 alliis
1660 591 1688 620 in
1701 590 1780 620 dietis
1793 589 1896 620 Castris
1909 591 2096 622 existentibus.

1302 628 1448 660 Convenit
1462 630 1546 660 etiam
1559 629 1637 666 quod
1655 636 1736 658 terrae
1750 629 1802 659 sint
1818 630 1926 668 utrique
1943 630 2018 668 genti
2035 639 2201 662 communes
2218 632 2252 662 ad
2268 642 2319 662 co-

1266 669 1370 698 mercia
1383 668 1552 706 exercenda,
1570 668 1603 697 &
1622 666 1698 706 quod
1713 667 1792 697 liceat
1807 667 1936 705 cuilibet,
1955 668 2093 706 utriusque
2107 672 2211 708 gentis,
2248 671 2321 700 rose-

1266 708 1315 774 qgi
1328 707 1366 774 &s
1373 706 1482 775 affigpci}
1485 716 1548 750 rem
1563 706 1639 735 suam
1654 706 1683 734 in
1696 705 1818 742 partibus
1835 714 1916 737 terrae
1936 706 2087 746 utriusque,
2106 709 2204 747 treugis
2238 719 2320 740 uran-

1265 753 1285 775 ti
1308 755 1338 775 us
1361 755 1377 774 u
1399 754 1425 774 ra
1446 755 1471 774 ic
1485 755 1512 775 is.

1300 754 1397 820 Item?
1409 783 1429 813 fi
1443 782 1544 822 aliquid
1558 792 1591 812 ex
1608 789 1685 820 parte
1704 781 1831 813 alterutra
1851 782 2041 823 transgressum
2059 782 2139 813 fuerit
2154 807 2163 822 ,
2189 795 2320 825 captum,

1264 822 1309 851 vel
1323 828 1494 859 occupatum
1510 844 1520 859 ,
1542 831 1559 850 a
1577 829 1705 860 ternpore
1726 828 1901 860 treugarum,
1917 821 1990 859 apud
2010 821 2159 851 Oxonium
2177 823 2321 861 initarum,

1264 859 1309 889 vel
1325 860 1354 888 in
1366 860 1423 889 aliis
1436 861 1534 900 treugis
1547 858 1782 898 praecedentibus,
1799 859 1884 899 usque
1895 858 1929 890 ad
1943 858 2029 890 finem
2049 868 2205 899 treugarum
2221 864 2322 901 proro-

1265 905 1390 936 gatarum
1403 897 1439 928 de
1454 907 1533 929 novo
1546 920 1556 936 ,
1581 907 1640 927 non
1659 896 1754 927 licebit
1768 897 1804 928 de
1818 906 1923 928 caetero
1938 898 1977 927 illi
1993 921 2004 937 ,
2025 899 2072 936 qui
2087 899 2215 937 injuriam
2235 900 2321 937 passus

1268 936 1371 980 fuerit,
1395 945 1443 973 per
1464 935 1491 966 se
1504 959 1514 980 Ρ
1538 935 1583 966 vel
1597 945 1644 973 per
1661 935 1784 974 aliquos,
1798 935 1832 965 de
1846 944 1922 975 parte
1934 936 1978 966 sua
1991 959 2000 974 ,
2027 937 2075 966 fibi
2090 937 2124 966 de
2141 937 2210 967 illata
2227 939 2323 976 injuria

1270 973 1426 1012 vindicare,
1450 972 1488 1003 set
1502 972 1570 1003 illud
1582 983 1630 1010 per
1650 981 1686 1002 12
1697 974 1771 1003 viros
1789 973 1844 1003 fide
1859 974 1973 1012 dignos,
1992 983 2039 1011 per
2057 982 2202 1015 utramque
2217 985 2323 1015 partem

1270 1011 1426 1050 eligendos,
1440 1011 1538 1041 diebus
1551 1012 1584 1042 &
1599 1011 1667 1040 locis
1678 1019 1726 1054 per
1739 1011 1851 1041 eosdem
1868 1011 2018 1041 duodecim
2040 1012 2218 1051 assignandis,
2237 1014 2324 1043 refor-

1270 1050 1389 1080 mabitur
1403 1050 1436 1080 &
1451 1051 1467 1065 '¹‘
1481 1048 1673 1079 emendabitur
1686 1058 1715 1078 in
1728 1049 1805 1078 hunc
1818 1049 1953 1087 modum,
1972 1048 2089 1087 scilicet,

1346 1086 1402 1118 uod
1414 1085 1483 1116 dieti
1496 1085 1650 1117 duodecim
1662 1087 1846 1125 querimonias
1862 1086 1974 1116 videant
1989 1110 1998 1125 ‚
2022 1088 2056 1118 &
2069 1088 2096 1117 su
2118 1098 2146 1118 er
2162 1089 2213 1118 hiis
2226 1090 2326 1120 verita-

1270 1133 1329 1156 tem
1360 1135 1376 1156 e
1390 1125 1491 1166 plano,
1510 1124 1544 1155 ὅ(
1556 1123 1613 1154 fine
1623 1123 1754 1154 dilatione
1767 1125 1918 1161 inquirant,
1936 1125 1985 1161 &,
2002 1126 2078 1164 quod
2110 1136 2125 1155 e
2140 1127 2213 1157 facili
2230 1137 2327 1158 emen-

1271 1164 1329 1195 dari
1343 1171 1508 1204 potuerunt,
1523 1163 1746 1200 incontinenter,
1762 1162 1914 1192 secundum
1927 1162 2153 1193 consuetudinem
2169 1165 2327 1205 Marchiae,

1274 1201 1439 1233 emendent:
1458 1200 1496 1231 Et
1532 1200 1580 1231 ubi
1599 1199 1748 1231 difficultas
1769 1200 1852 1230 fuerit
1865 1223 1875 1237 ,
1900 1199 1921 1229 fi
1940 1209 1974 1230 ex
1993 1208 2067 1237 parte
2083 1201 2204 1232 Domini
2224 1204 2309 1243 Regis

1274 1240 1318 1271 vel
1334 1239 1456 1270 Domini
1470 1223 1600 1271 Edwardi
1612 1238 1660 1268 filii
1672 1238 1711 1268 sui
1725 1237 1914 1277 transgressum
1927 1237 2025 1276 fuerit,
2041 1248 2089 1278 per
2108 1239 2198 1269 dietos
2218 1251 2262 1271 12.
2283 1227 2329 1273 vel

1276 1289 1325 1317 per
1345 1287 1445 1309 eorum
1465 1279 1601 1316 majorem
1620 1285 1725 1316 partein
1740 1300 1751 1315 ,
1774 1276 1908 1307 Domino
1929 1273 2004 1314 Regi
2050 1277 2094 1307 vel
2113 1277 2252 1308 Edwardo
2270 1280 2330 1310 filio

1276 1318 1325 1348 suo
1338 1318 1503 1354 nuncietur3
1521 1316 1566 1347 vel
1580 1315 1715 1355 aliquibus
1729 1338 1740 1353 ,
1783 1325 1833 1346 uos
1847 1314 1991 1345 Dominus
2005 1298 2071 1345 Rex
2085 1315 2114 1345 in
2133 1315 2183 1345 suis
2194 1316 2282 1347 feodis
2296 1320 2331 1348 &

1277 1355 1507 1397 poffeffionibus,
1524 1355 1558 1385 δε
1574 1353 1717 1384 Dominus
1736 1353 1760 1384 E
1781 1353 1887 1384 wardus
1901 1354 1930 1383 in
1945 1353 1997 1383 suis
2015 1353 2049 1383 ad
2062 1353 2208 1383 emendam
2226 1355 2331 1386 facien-

1277 1394 1344 1425 dam
1357 1394 1574 1433 deputaverunt,
1591 1393 1610 1423 fi
1619 1391 1781 1422 Dominum
1795 1391 1825 1421 R
1861 1401 1909 1422 em
1920 1391 1954 1422 &
1966 1390 2136 1423 Edwardum
2151 1391 2239 1422 filium
2254 1394 2332 1425 suum

1277 1434 1307 1463 in
1319 1433 1440 1470 partibus
1453 1432 1599 1470 contigerit
1611 1430 1666 1461 effe
1685 1431 1811 1461 remotis:
1859 1438 1883 1468 t,
1902 1430 1922 1461 si
1936 1429 2001 1460 Rex
2013 1452 2023 1468 ,
2048 1429 2094 1460 vel
2113 1430 2260 1470 praediistus
2273 1431 2332 1462 Ed-

1277 1471 1385 1505 wardus
1401 1470 1471 1500 filius
1484 1470 1543 1500 iiius
1555 1469 1640 1500 dietas
1654 1468 1872 1509 transgreffiones
1891 1469 1987 1499 fecerit
2020 1477 2068 1506 per
2082 1468 2333 1501 considerationem

1277 1509 1419 1540 dierorum
1438 1518 1482 1538 12.
1499 1508 1652 1538 elediorum
1666 1508 1736 1537 infra
1750 1517 1789 1546 40
1804 1508 1878 1545 dies,
1894 1516 1976 1537 emen
1996 1514 2090 1537 entur:

1314 1547 1369 1587 Et,
1387 1548 1408 1578 si
1426 1556 1474 1587 per
1494 1546 1621 1577 homines
1641 1546 1785 1576 dictorum
1808 1545 1931 1576 Domini
1948 1545 2052 1584 Regis,
2077 1544 2122 1576 vel
2134 1544 2263 1577 Edwardi
2284 1547 2334 1577 filii

1279 1586 1318 1617 sui
1333 1585 1551 1625 transgressiones
1565 1585 1646 1615 factae
1657 1586 1774 1622 fuerint,
1787 1584 1822 1614 ad
1837 1583 1984 1614 emendam
1999 1583 2167 1622 faciendam,
2180 1585 2248 1615 infra
2262 1596 2334 1623 prae—

1280 1625 1390 1655 dictum
1403 1633 1513 1663 tempus
1525 1632 1566 1662 40
1578 1624 1687 1654 dierum
1702 1646 1712 1661 ,
1734 1632 1818 1663 prout
1836 1623 1875 1652 illi
1901 1632 1935 1652 12
1957 1622 2208 1661 demandaverunt,
2222 1633 2270 1663 per
2284 1634 2334 1654 eo-

1279 1673 1343 1694 rum
1358 1662 1521 1700 Dominos,
1540 1661 1573 1692 ad
1595 1662 1671 1702 quod
1693 1661 1852 1692 faciendum
1872 1670 1918 1701 per
1938 1661 2017 1691 suum
2033 1662 2220 1699 juramentum
2239 1663 2336 1692 astrin-

1300 1710 1398 1740 untur,
1412 1701 1631 1742 compellantur,
1646 1701 1695 1731 nisi
1707 1708 1810 1740 gratam
1822 1698 1968 1730 emendam
1982 1699 2050 1730 dieti
2064 1699 2251 1731 malefactores
2264 1710 2336 1740 prae-

1280 1711 1397 1771 stiterint
1416 1739 1486 1770 infra
1508 1740 1618 1770 brevius
1636 1747 1745 1778 tempus
1758 1763 1768 1777 ,
1794 1739 1842 1768 fibi
1864 1748 1879 1768 a
1900 1738 2040 1778 praedietis
2064 1747 2099 1768 12
2120 1737 2337 1778 affiguandum3

1279 1778 1356 1818 quod
1371 1779 1484 1817 quidem
1498 1779 1534 1808 de
1548 1777 1680 1808 Domino
1700 1776 1847 1809 Lewelino
1861 1777 1895 1807 ὃς
1915 1776 1965 1808 suis
1981 1776 2157 1816 observetur,
2176 1777 2195 1807 si
2213 1787 2247 1808 ex
2260 1786 2337 1817 parte

1281 1818 1361 1856 ipfius
1375 1817 1566 1856 transgressum
1579 1815 1684 1846 existat.

1317 1855 1371 1894 Et,
1388 1856 1523 1894 quoniam
1536 1864 1584 1895 per
1596 1855 1730 1893 latrones,
1747 1853 1881 1894 utlegatos
1895 1876 1906 1892 ,
1928 1853 1962 1884 &
1974 1853 2154 1892 latrunculos,
2173 1854 2338 1893 praedones,

1282 1896 1318 1927 δε
1328 1895 1412 1933 alios,
1428 1893 1580 1924 homicidia
1593 1916 1604 1932 ,
1624 1894 1728 1931 rapinae
1741 1916 1751 1931 ,
1775 1893 1808 1924 &
1822 1892 1895 1923 sui-ta
1913 1892 1996 1932 usque
2017 1893 2050 1922 ad
2065 1892 2114 1923 ista
2130 1901 2258 1930 tempora
2275 1894 2336 1924 sunt

1281 1934 1379 1974 saepius
1393 1940 1561 1971 perpetrata,
1573 1931 1732 1962 ordinatum
1746 1931 1786 1961 est
1794 1954 1804 1970 ,
1815 1930 1851 1962 de
1862 1931 1994 1962 consensu
2007 1931 2142 1971 utriusque
2156 1932 2338 1972 partis,quod

1280 1982 1380 2003 omnes
1393 1971 1446 2009 illi,
1464 1973 1514 2009 qui
1533 1972 1599 2002 tales
1618 1969 1806 2000 malefaetores
1825 1969 1965 2009 hucusque
1985 1978 2194 2007 receptaverunt
2240 1970 2285 2000 vel
2303 1970 2339 2000 de

1280 2018 1385 2042 caetero
1398 2010 1595 2051 receptabunt,
1613 2008 1647 2040 ὅ(
1662 2009 1711 2047 qui
1725 2017 1774 2047 per
1795 2007 1851 2038 suas
1866 2016 1948 2038 terras
1962 2008 2033 2045 ipsos
2050 2018 2118 2038 cum
2132 1993 2224 2049 praed’a
2239 2008 2282 2039 vel
2298 2019 2341 2039 ra-

1280 2050 1345 2089 pina
1360 2048 1470 2079 tranfire
1483 2047 1670 2088 permiserint,
1687 2047 1752 2084 illis,
1771 2047 1819 2086 qui
1836 2045 1956 2084 dampna
1972 2045 2127 2084 hujusmodi
2147 2047 2340 2086 sustinuerint,

1280 2088 1325 2120 vel
1337 2086 1373 2118 de
1389 2096 1494 2118 caetero
1505 2085 1694 2123 sustinebunt,
1711 2085 1747 2116 de
1765 2083 1813 2115 suo
1826 2086 1958 2125 proprio,
1978 2084 2128 2116 secundum
2144 2085 2342 2116 consideratio-

1281 2135 1350 2157 nem
1372 2135 1408 2155 12
1428 2124 1609 2164 praefatorum
1619 2147 1630 2163 ,
1657 2122 1772 2155 reddere
1789 2131 1949 2161 teneantur,
1967 2123 2016 2161 &,
2034 2123 2068 2154 ad
2087 2124 2146 2154 hoc
2165 2124 2342 2163 faciendum,

1282 2173 1332 2204 pei·
1347 2163 1509 2195 Dominum
1524 2163 1651 2203 Regem,
1668 2162 1702 2194 ὅ(
1717 2161 1892 2193 Edwarduin
1905 2161 1994 2193 filium
2007 2162 2101 2200 suum,
2119 2162 2137 2192 fi
2153 2172 2186 2192 ex
2198 2170 2273 2199 parte
2281 2162 2342 2193 An-

1283 2203 1424 2242 glicorum
1438 2202 1496 2233 hoc
1511 2202 1563 2233 fuit
1579 2209 1787 2240 perpetratum,
1809 2201 1842 2232 &
1861 2210 1910 2240 per
1926 2199 2089 2231 Dominum
2110 2199 2303 2239 Lewelinum,
2322 2201 2343 2231 si

1284 2250 1320 2272 ex
1367 2250 1408 2272 rte
1423 2241 1599 2272 walensium
1610 2239 1718 2270 facturn
1732 2240 1831 2278 fuerit,
1848 2239 2050 2279 compellantur
2064 2238 2183 2275 praecise.

1324 2252 1432 2350 (Ξιοά,
1447 2280 1467 2310 fi
1481 2280 1555 2310 forte
1567 2279 1663 2317 aliquis
1675 2277 1720 2309 vel
1732 2277 1814 2317 aliqui
1824 2276 1930 2308 alterius
1942 2279 2024 2317 partis
2035 2278 2143 2314 injurias
2151 2300 2160 2315 ,
2179 2277 2227 2307 fibi
2242 2277 2344 2316 saetas,

1286 2329 1337 2358 per
1363 2330 1396 2357 e,
1414 2318 1460 2349 vel
1472 2328 1522 2359 per
1542 2318 1609 2350 alios
1628 2316 1768 2348 vindicare
1782 2316 2003 2354 praesumpserint
2052 2316 2088 2346 de
2108 2316 2251 2356 dampnis,
2265 2317 2312 2346 sibi
2328 2326 2344 2346 a

1286 2358 1426 2396 principio
1436 2357 1515 2388 illatis
1527 2380 1538 2395 ,
1560 2355 1634 2387 nulla
1648 2356 1697 2386 fibi
1711 2355 1757 2386 fiat
1771 2354 1870 2393 justitia
1884 2378 1895 2394 ,
1918 2355 1952 2386 &
1966 2339 2181 2393 nici'iilominus,
2199 2354 2231 2384 ad
2253 2354 2344 2384 consi-

1285 2397 1461 2427 derationem
1474 2396 1675 2436 praedietorum
1694 2403 1738 2424 12.
1753 2394 1789 2424 de
1801 2395 1900 2433 quibus
1914 2393 1941 2424 se
1961 2392 2181 2430 vindicaverint,
2195 2393 2231 2423 de
2245 2392 2344 2433 damp-

1287 2436 1348 2473 nis,
1366 2444 1429 2474 quae
1442 2435 1589 2465 occasione
1602 2432 1734 2465 vindic'tae
1748 2432 1945 2470 sustinuerunt,
1963 2431 1997 2463 &
2010 2431 2046 2462 de
2058 2432 2195 2471 expensis,
2213 2442 2278 2470 quas
2293 2441 2344 2462 oc-

1285 2473 1396 2503 casione
1417 2474 1524 2512 injuriae
1546 2473 1594 2502 fibi
1618 2472 1696 2502 illatae
1717 2470 1914 2510 prosequendae
1939 2470 2056 2501 fecerint
2069 2492 2079 2508 ,
2125 2479 2154 2500 er
2178 2469 2342 2500 Dominum

1286 2510 1490 2579 PrlilncipalemE,
1511 2520 1544 2542 ex
1558 2512 1636 2549 cujus
1649 2517 1725 2554 parte
1739 2509 1840 2540 fuerint
1851 2533 1861 2548 ,
1887 2508 1957 2539 infra
1967 2518 2007 2547 40
2026 2509 2085 2539 dies
2108 2507 2248 2538 atisfacere
2263 2518 2344 2538 com-

1286 2559 1321 2587 pe
1342 2558 1440 2580 antur:

1286 2589 1396 2618 tionem
1410 2587 1478 2617 dieti
1493 2589 1598 2626 negotii
1611 2587 1743 2624 fecerint,
1760 2586 1790 2616 so
1801 2596 1865 2616 vere
1882 2593 2042 2623 teneantur,
2061 2585 2094 2616 &
2115 2594 2163 2624 per
2179 2583 2344 2615 Dominum

1285 2626 1380 2664 suum,
1400 2627 1477 2665 cujus
1499 2635 1599 2666 pacem
1615 2625 1659 2655 vel
1678 2633 1802 2664 treugam
1821 2624 1978 2663 infi‘egerint
1989 2647 1998 2662 ‚
2022 2624 2082 2654 alias
2095 2624 2213 2662 graviter
2227 2624 2345 2661 punian-

1283 2673 1346 2701 tur,
1363 2666 1400 2695 ita
1434 2664 1491 2694 uod
1505 2674 1591 2702 poena
1604 2665 1685 2693 unius
1698 2663 1729 2693 sit
1744 2672 1834 2693 metus
1848 2663 2010 2693 multorum.

1318 2702 1356 2733 Et
1373 2725 1383 2741 ,
1403 2714 1418 2733 a
1457 2703 1520 2733 haec
1541 2702 1638 2732 omnia
1658 2701 1828 2732 observanda
1846 2723 1856 2740 ,
1877 2700 2041 2739 principales
2063 2699 2204 2738 Domini,
2222 2700 2344 2739 scilicet,

1284 2740 1428 2772 Dominus
1440 2741 1505 2785 Rex
1519 2764 1529 2779 ,
1553 2741 1587 2772 &
1603 2739 1758 2770 Edwardus
1772 2740 1842 2770 filius
1854 2739 1914 2770 suus
1928 2763 1938 2778 ,
1963 2740 1996 2770 δε
2010 2737 2156 2769 Dominus
2170 2739 2346 2777 Lewelinus,

1283 2790 1332 2818 per
1345 2789 1444 2810 eorum
1459 2787 1628 2818 juramenta,
1648 2786 1799 2809 teneantur.

1320 2817 1393 2848 Item
1408 2841 1417 2856 ,
1440 2818 1460 2848 fi
1474 2818 1545 2849 dieti
1568 2826 1602 2847 12
1618 2817 1727 2848 neceffe
1749 2817 1865 2847 habeant
1879 2825 1927 2854 per
1949 2823 2031 2846 terras
2051 2814 2176 2845 Domini
2196 2815 2282 2855 Regis
2301 2815 2346 2846 vel

1285 2856 1423 2888 Lewelini
1442 2855 1475 2886 ad
1490 2856 1550 2886 loca
1560 2879 1569 2894 ,
1587 2865 1635 2894 per
1649 2865 1696 2885 eos
1712 2855 1870 2895 affignanda
1888 2863 1940 2894 pro
1954 2854 2033 2884 dic'to
2052 2855 2168 2892 negotio
2180 2876 2190 2891 ,
2215 2854 2345 2892 transire,

1283 2897 1343 2925 tam
1358 2894 1502 2925 Dominus
1516 2893 1599 2936 Rex,
1617 2894 1651 2924 &
1663 2893 1759 2924 Ballivi
1775 2893 1812 2924 sui
1830 2903 1880 2931 per
1894 2902 1976 2924 terras
1990 2892 2063 2930 suas,
2081 2893 2166 2931 quam
2180 2892 2269 2923 dietus
2289 2892 2346 2923 Le-

1283 2934 1398 2964 welinus
1409 2943 1459 2973 per
1478 2942 1558 2963 terras
1574 2934 1649 2970 iuas,
1663 2932 1697 2963 ad
1717 2932 1880 2962 mandatum
1894 2931 2038 2961 dictorum
2062 2940 2097 2960 12
2118 2931 2147 2960 in
2168 2931 2263 2961 eundo
2278 2954 2287 2969 ,
2311 2933 2346 2963 ὃς

1282 2971 1442 3010 redeundo,
1459 2970 1545 3002 salvos
1559 2970 1716 3001 conductus
1729 2971 1864 3009 praebebit
1878 2969 1994 3006 eisdem,
2014 2969 2033 2999 fi
2047 2979 2116 2999 vero
2129 2969 2229 3009 aliqui,
2243 2970 2288 3000 vel
2297 2970 2346 3000 ali-

1282 3011 1344 3048 quis
1363 3010 1400 3040 de
1413 3010 1552 3050 praedielis
1571 3018 1606 3038 12
1619 3008 1647 3039 se
1659 3009 1794 3040 malitiose
1814 3008 1992 3039 subtraxerint
2041 3008 2097 3037 tam
2118 3007 2262 3038 Dominus
2282 3007 2348 3039 Rex

1284 3049 1345 3079 suos
1361 3049 1447 3087 quam
1462 3047 1619 3079 Lewelinus
1637 3047 1698 3077 suos
1717 3047 1751 3077 ad
1773 3046 1960 3083 veniendum,
1978 3030 2017 3076 ad
2026 3044 2136 3076 dietum
2156 3048 2304 3086 negotium
2317 3048 2347 3077 in

1283 3086 1376 3117 forma
1389 3087 1521 3125 praedicta
1533 3085 1773 3126 prosequendum,
1791 3095 1840 3125 per
1850 3087 2037 3123 juramentum
2053 3083 2176 3123 ipsorum
2190 3086 2346 3123 compelle-

1284 3135 1314 3156 re
1328 3134 1481 3156 teneantur.

1323 3163 1434 3203 Qod,
1453 3164 1472 3195 fi
1485 3163 1578 3203 aliquis
1608 3161 1654 3193 vel
1665 3162 1750 3201 aliqui
1769 3161 1912 3192 dietorum
1933 3171 1968 3191 12
1980 3161 2138 3192 ele&orum
2153 3161 2187 3191 ad
2200 3161 2295 3192 locum
2312 3161 2348 3192 &

1285 3202 1379 3241 diem,
1397 3211 1446 3247 per
1458 3201 1529 3240 ipsos
1542 3185 1714 3240 asifgnanda,
1732 3210 1792 3231 non
1813 3201 1955 3239 venerint,
1973 3200 2068 3230 licebit
2084 3201 2141 3230 aliis
2160 3201 2209 3243 qui
2230 3199 2348 3239 praesen-

1286 3249 1327 3272 tes
1339 3242 1457 3279 suerint²
1474 3241 1541 3271 alios
1556 3239 1610 3269 fide
1622 3238 1736 3277 dignos,
1751 3238 1797 3269 vel
1810 3238 1895 3269 alium
1907 3263 1916 3277 ,
1942 3241 2032 3269 neutri
2052 3240 2120 3275 parti
2134 3238 2284 3277 suspectos,
2302 3237 2347 3267 vel

1286 3278 1441 3319 suspestum
1455 3302 1464 3317 ,
1490 3278 1590 3317 eligere
1604 3277 1638 3308 ad
1651 3277 1760 3308 dietum
1780 3278 1925 3317 negotium
1939 3277 2162 3318 perficiendum,
2188 3278 2224 3306 ita
2245 3276 2347 3305 scilicet

1286 3318 1379 3358 quod,
1397 3327 1465 3348 cum
1478 3317 1542 3347 tales
1556 3315 1677 3346 absentes
1692 3325 1791 3346 vacare
1841 3317 1925 3346 terint
1936 3338 1946 3354 ,
1967 3315 2003 3346 ad
2017 3315 2085 3345 illud
2104 3315 2251 3354 negotium
2267 3313 2349 3352 perfi-

1287 3356 1420 3387 ciendum
1432 3357 1533 3386 iterum
1547 3353 1716 3393 assignentur
1728 3354 1774 3384 vel
1788 3364 1804 3384 a
1827 3363 1965 3385 umantur.

1327 3394 1437 3425 Omnes
1450 3402 1541 3424 autem
1559 3392 1685 3432 praedie‘ti
1700 3392 1781 3423 electi
1802 3393 1880 3430 super
1900 3392 2040 3431 evangelia
2053 3392 2184 3430 jurabunt
2205 3389 2280 3428 quod
2296 3390 2350 3420 bo-

1288 3443 1324 3464 na
1340 3432 1411 3471 fide,
1429 3433 1461 3463 &
1476 3433 1531 3462 fine
1542 3430 1636 3461 fraude
1651 3431 1803 3469 procedent
1817 3433 1847 3461 in
1860 3441 1896 3461 ne
1916 3431 1977 3460 otio
1991 3437 2165 3468 memorato,
2183 3438 2235 3458 nec
2253 3428 2351 3459 dimit-

1288 3479 1348 3502 tent
1366 3481 1418 3509 pro
1437 3471 1517 3501 lucro
1533 3492 1542 3507 ,
1567 3468 1692 3509 dampno
1736 3471 1856 3508 timore,
1914 3470 1960 3506 io,
1979 3468 2024 3498 vel
2045 3477 2154 3504 amore,
2171 3467 2239 3505 quin
2259 3475 2347 3505 nego-

1287 3511 1378 3578 Fum,
1396 3510 1444 3540 fibi
1454 3508 1612 3547 injunctum
1621 3530 1632 3546 ,
1649 3517 1678 3538 ut
1691 3493 1801 3538 dietum
1813 3507 1869 3545 est,
1886 3517 1972 3546 quam
1984 3507 2079 3544 citius,
2090 3513 2120 3535 ut
2132 3506 2268 3544 poterint,
2284 3515 2350 3543 pro-

1335 3556 1440 3578 uentur.

1298 3558 1372 3616 ἐςΑε1
1387 3585 1471 3616 dietas
1485 3593 1578 3614 autem
1593 3592 1698 3623 treugas
1712 3583 1911 3622 observandas,
1930 3584 1963 3614 δε
1977 3581 2094 3613 emenda
2107 3580 2247 3619 facienda,
2265 3582 2299 3612 &
2315 3583 2350 3613 ad

1290 3626 1404 3663 omnia,
1422 3625 1454 3655 ὃς
1470 3623 1588 3662 lingula,
1628 3633 1670 3652 uae
1684 3623 1815 3660 praediiia
1830 3623 1890 3653 sunt
1902 3645 1911 3659 ,
1933 3621 2048 3651 fideliter
2062 3619 2232 3650 observanda
2246 3620 2279 3651 &
2296 3621 2351 3650 im-

1310 3663 1412 3700 lenda,
1439 3661 1582 3692 Dominus
1634 3671 1667 3690 ex
1681 3685 1690 3699 ,
1714 3662 1747 3692 &
1771 3661 1916 3698 praedictus
1940 3657 2090 3689 Edwardus
2116 3657 2187 3688 filius
2216 3658 2293 3696 suus,
2317 3660 2351 3689 &

1320 3701 1450 3732 ewelinus
1462 3723 1472 3739 ,
1497 3700 1529 3730 ὃ(
1550 3698 1646 3729 David
1664 3699 1744 3730 frater
1763 3701 1833 3737 ejus,
1851 3699 1878 3729 se
1897 3699 2051 3735 juramento
2072 3695 2205 3734 praestito,
2220 3696 2353 3727 astrinxe-

1291 3747 1364 3770 runt

1332 3776 1518 3807 Promiserunt
1533 3776 1618 3806 etiam
1633 3775 1776 3805 Dominus
1798 3774 1880 3812 Rex,
1898 3775 1932 3804 &
1952 3772 2099 3813 praedictus
2114 3772 2266 3805 Edwardus
2283 3773 2353 3803 filius

1294 3816 1371 3854 suu5‚
1387 3816 1435 3845 sub
1453 3816 1608 3852 juramento
1630 3813 1732 3844 eodem
1745 3836 1756 3852 ,
1779 3813 1857 3850 quod
1878 3821 1978 3842 omnes
1998 3811 2117 3842 Ballivos
2137 3811 2212 3848 suos,
2231 3814 2279 3851 qui
2299 3822 2352 3851 pro

1296 3863 1423 3892 tempore
1435 3853 1538 3883 fuerint
1552 3853 1582 3882 iu
1605 3851 1734 3882 Marchia
1784 3851 1817 3882 &
1837 3860 1936 3880 omnes
1955 3849 2076 3880 Baiones
2088 3873 2098 3888 ,
2121 3859 2191 3888 quos
2208 3850 2351 3880 Dominus

1295 3890 1451 3923 Lewelinus
1473 3891 1579 3921 duxerit
1601 3874 1812 3927 nominandos,
1837 3890 1870 3919 &
1888 3888 2007 3919 similiter
2027 3887 2172 3919 Dominus
2194 3889 2352 3918 Lewclinus

1297 3932 1357 3962 suos
1378 3929 1495 3960 Ballivos
1515 3939 1563 3966 per
1583 3937 1671 3959 totam
1685 3928 1821 3959 Walliam
1835 3951 1844 3965 ,
1868 3928 1901 3958 &
1918 3929 2002 3957 etiam
2090 3936 2165 3958 nates
2182 3927 2261 3966 partis
2278 3926 2352 3963 suae,

1296 3978 1367 4010 quos
1380 3967 1523 3998 Dominus
1534 3968 1597 3997 Rex
1610 3968 1644 3998 &
1658 3965 1809 3998 Edwardus
1825 3966 1894 3996 filius
1907 3965 1967 3996 suus
2003 3965 2048 3996 vel
2074 3967 2102 3996 ui
2116 3966 2243 3996 duxerint
2259 3965 2352 3994 nomi-

1299 4007 1418 4045 nandos,
1436 4008 1521 4044 jurare
1540 4006 1642 4036 facient
1652 4005 1733 4043 quod
1748 4007 1844 4036 omnia
1862 4005 1882 4025 ³¹²
1902 3988 2034 4043 praegusta
2047 4027 2058 4043 ,
2080 4013 2216 4043 quantum
2230 4002 2264 4032 ad
2282 4003 2353 4043 ipsos

1298 4047 1413 4083 attinet,
1433 4044 1546 4075 fideliter
1561 4043 1755 4075 observabunt.

1340 4083 1469 4114 Promisit
1481 4084 1567 4113 etiam
1581 4082 1671 4113 dietus
1686 4082 1858 4121 Lewelinus‚
1873 4082 1901 4111 in
1915 4083 2017 4113 virtute
2031 4081 2175 4120 juramenti
2188 4079 2245 4118 sui,
2261 4077 2352 4119 quod,

1299 4124 1319 4154 si
1333 4121 1525 4154 malefadmres
1546 4121 1632 4161 aliqui
1650 4131 1684 4152 ex
1704 4129 1779 4161 parte
1800 4121 1846 4191 sti}
1866 4120 1995 4152 emendas
2010 4120 2101 4153 facere
2120 4119 2355 4158 contempserint,

1867 4169 1882 4199 3
2283 4164 2348 4193 quas

1491 2558 1502 2579 t
1515 2549 1713 2579 nichilominus
1732 2547 1790 2578 sum
1811 2556 1870 2586 tus,
1889 2557 1960 2585 quos
1979 2547 2048 2578 diffl
2067 2555 2102 2577 12
2124 2548 2198 2576 circa
2212 2546 2343 2583 prosecu-

1262 438 1331 476 suo,
1346 438 1380 469 δε
1394 437 1460 476 suis,
1477 437 1579 475 alium,
1597 438 1642 468 vel
1656 439 1737 476 alios,
1755 439 1822 469 loco
1842 440 1939 477 ipfius,
1956 438 2000 468 vel
2019 440 2136 469 aliorum
2156 440 2315 470 iubstitucre
2337 449 2397 472 Heu.
2414 453 2439 480 3.

2347 1061 2475 1096 ‘'I-7¹9·

2375 4008 2389 4024 ¹¹⁵
2407 4008 2491 4042 {720
