2570 4261
1210 197 1783 246 PUBLICA.

582 194 617 236 E
670 193 709 234 T
799 197 837 238 A
893 197 931 238 c
985 197 1026 238 T
1081 198 1119 265 a
2232 220 2288 262 97

0 277 112 385 ἓξὲξ.)
958 323 971 326 ·
2194 330 2280 334 m
2300 286 2435 367 Ara?

431 369 489 399 Pro
514 369 669 400 Amaneno
691 366 728 400 de
751 365 886 401 Lebreto.

0 462 36 488 (n-
57 467 81 486 ι,
138 449 258 523 REX
277 451 439 496 OmmbUS,
457 451 492 482 ad
507 462 583 490 quos.
597 453 657 482 &c.
671 451 792 495 salutern.
853 491 857 495 Ι
874 490 880 495 ὓ
1047 492 1051 497 ,

0 505 54 562 {32²1
69 542 91 561 ,,
136 490 334 571 ιῑάειῑςῖἳῗιὲῗ
368 490 510 558 Ἓξιῗρξὶἓ
524 489 1011 571 133ἓὲιὲᾚῗὺὶἓζῖξῖὲῗοςέιὲἓῧῖ
1025 491 1193 567 (ἶὲἓὲἓίὶὲ

0 576 7 582 ·
31 581 57 599 2,
72 577 98 608 p,
134 563 269 632 Dore-fimo
297 565 332 595 E.
349 565 490 604 quondam
516 566 591 604 Regi
616 566 731 602 Angliae
756 565 830 596 Patri
848 565 960 605 nostro,
977 567 1010 597 &
1035 568 1117 598 nobis
1138 570 1192 598 im-

169 613 187 632 n
208 611 229 634 it
583 628 585 633 ,

132 612 365 672 peCon⁷cessimus
385 643 428 680 ei,
447 651 498 681 pro
519 641 600 671 nobis
622 641 655 671 ὃ(
675 641 827 672 haeredibus
848 642 964 681 nostris,
983 643 1057 680 quod
1086 643 1159 682 ipse,
1177 654 1192 674 a

133 677 216 710 Festo
230 679 325 710 Sancti
337 680 456 710 Andreae
474 679 602 716 Apostoli
626 681 760 716 proximo
781 679 887 718 futuro,
906 681 1014 714 singulis
1035 682 1139 719 Annis,
1158 682 1192 711 ad

132 725 226 748 totam
245 719 333 749 vitam
345 717 438 757 suam,
457 718 591 755 percipiat
603 716 660 747 duo
668 717 748 749 milia
770 717 916 748 Librarum
936 718 1193 757 Burdegalensium,

38 770 57 787 ι.
133 755 171 786 de
185 755 311 793 Pedagio
322 755 357 786 de
375 756 478 786 Sancto
493 754 640 798 MakariO,
659 765 707 793 per
721 766 816 786 manus
834 755 907 794 suas,
924 757 967 786 vel
984 767 1031 794 per
1046 768 1142 787 manus
1162 758 1194 786 il—

133 794 184 825 lius
199 794 329 834 quemad
345 793 400 823 hoc
415 804 462 831 per
476 793 590 823 Litteras
602 793 656 823 suas
671 793 796 824 Parentes
816 793 988 831 deputaverit
1008 796 1074 825 loco
1087 795 1142 833 sui,
1160 796 1193 826 ὅτ

133 842 184 870 per
199 832 289 863 visum
312 830 518 863 Constabularii
535 831 736 869 Burdegalenlis
751 833 798 870 qui
816 842 869 870 pro
889 840 1014 870 tempore
1035 834 1131 871 fuerit,
1150 834 1194 864 vel

134 872 192 908 ejus
205 869 304 900 locum
319 871 442 900 tenentis.

170 908 212 938 Ita
228 907 374 946 videlicet,
394 908 471 946 quod
487 915 575 938 totum
592 907 727 938 residuum
741 907 810 938 dieti
820 907 934 948 Pedagii
947 907 982 939 de
997 909 1082 939 Anno
1096 910 1124 939 in
1133 909 1194 940 An-

135 956 222 984 num,
242 945 394 984 Postquam
408 947 485 977 idern
499 946 661 976 Amanenus
675 945 750 976 dieta
765 946 821 976 duo
837 946 913 977 milia
929 947 1075 977 Librarum
1088 948 1191 978 Burde-

134 984 288 1021 galensium
299 984 335 1014 de
349 984 450 1015 eodem
466 983 592 1021 Pedagio
608 984 644 1014 sie
659 986 808 1022 perceperit
821 985 853 1015 δε
870 985 1006 1023 habuerit,
1024 987 1052 1015 in
1069 987 1195 1016 manibus

134 1022 264 1060 praediffi
280 1022 482 1054 Constabularii
496 1031 650 1061 remaneat,
670 1031 698 1052 ut
712 1023 794 1053 nobis
808 1023 841 1054 ὃ(
860 1023 1015 1054 haeredibus
1033 1024 1132 1054 nostris
1151 1026 1195 1054 in-

138 1059 175 1091 de
189 1061 274 1091 valeat
288 1060 459 1099 respondere.

175 1098 209 1130 In
221 1100 314 1138 cujus,
331 1100 391 1130 &c.

7 619 61 641 m.
72 619 116 645 14.

175 1176 264 1207 Teste
277 1175 362 1214 Rege
375 1176 447 1215 apud
461 1175 585 1207 Westm.
604 1174 707 1206 octavo
718 1176 764 1206 die
779 1175 962 1209 Novembris.

175 1252 227 1284 Per
240 1252 328 1291 ipsum
342 1253 466 1291 Regem.

172 1328 208 1360 Et
224 1330 387 1361 mandatum
404 1329 444 1360 est
458 1328 611 1359 Senescallo
626 1328 715 1366 Regis
735 1329 882 1360 Vaseoniae
895 1352 904 1367 ,
928 1330 960 1360 δε
984 1328 1197 1360 Constabulario

139 1365 231 1398 Castri
245 1368 284 1398 sui
297 1367 473 1405 Burdegalae‚
491 1368 538 1410 qui
550 1377 644 1405 nunc,
662 1367 770 1410 vell-qui
791 1377 844 1404 pro
867 1377 990 1405 tempore
1007 1367 1102 1405 fuerit,
1120 1367 1195 1405 quod

138 1406 284 1450 praefatum
301 1406 480 1449 Amanenum
499 1405 575 1449 dicTta
595 1405 651 1436 duo
673 1405 749 1436 milia
770 1405 925 1473 Lssrdzmii)
940 1406 1196 1474 Bil-rissiciigeiiffnfieurffiff

137 1443 800 1520 ἓὲξῗωᾶΑὲἒὲεἷεεέεῗὲἒῐἙῑὲᾔῗκὲῗὲιὶπῖπῖῗη
821 1453 1082 1519 {itegraruifi‘i‘Regis
1094 1454 1196 1520 plizedi-

137 1520 287 1589 &agtuR'ex
301 1558 376 1589 dieta
388 1558 446 1589 duo
461 1558 537 1588 milia
559 1557 705 1588 Librarum
720 1557 979 1596 Burdegalensium,
1006 1558 1042 1589 de
1064 1558 1149 1589 Anno
1167 1560 1195 1588 in

0 1612 122 1648 ⁸111.24·
137 1597 454 1674 ffigtitrtligoztffirgifflg
468 1595 770 1666 pffifghugcigriiimenus
782 1598 896 1634 vixerit,
908 1596 1029 1636 ,praefato
1036 1596 1196 1628 Constabu-

172 1711 260 1744 Teste
274 1712 357 1750 Rege
371 1711 446 1750 apud
461 1710 588 1743 Westm.
601 1711 705 1743 octavo
718 1711 763 1743 die
777 1710 960 1743 Novembris

176 1789 229 1821 Per
241 1789 332 1828 ipsum
344 1788 472 1829 Regem.

137 1866 153 1873 Ρ

140 1914 199 1949 Ad
213 1918 329 1962 Papam
339 1914 374 1948 de
385 1913 560 1958 Credentia,
579 1915 671 1962 fitper
686 1917 806 1961 negotiis
825 1925 893 1947 cum
907 1916 984 1961 Rege
1000 1917 1195 1950 Francorum.

0 2011 64 2044 qun·
79 2011 120 2044 D,
141 1999 263 2060 PApae
277 2000 339 2031 Rex
351 2000 451 2045 devota
466 1999 570 2044 pedum
583 1999 675 2044 oscula
688 2000 841 2043 beatorum.
1121 2040 1125 2044 Ι

8 2059 93 2091 1307¹
180 2079 184 2084 Ι
225 2040 331 2071 Excelsi
345 2039 403 2086 Dei
419 2038 644 2083 Patrisaesapientia
661 2061 671 2082 ,
685 2037 836 2082 'Dominus
857 2036 948 2068 noster
967 2038 1040 2084 Jesus
1054 2037 1199 2091 -Chnstus,

0 2113 2 2117 Ι
17 2101 40 2118 n.
60 2100 84 2117 ι,
139 2088 187 2122 qui
203 2088 254 2116 pro
269 2077 363 2109 nostra
378 2078 588 2115 redemptione,
600 2075 750 2113 fragilitatis
773 2077 902 2105 humanae
916 2076 985 2106 testa
998 2077 1126 2115 vestitus,
1144 2079 1198 2107 dil-

139 2118 239 2154 crpulis
259 2116 310 2147 suis
329 2116 453 2154 quodam
471 2115 652 2146 testamentali
669 2115 765 2144 edicto
786 2124 885 2152 pacem
908 2115 1030 2153 reliquit,
1055 2116 1199 2146 beatitudi-

137 2165 204 2186 nem
218 2155 340 2186 vestram
355 2154 430 2185 tanta
443 2155 475 2185 &
493 2154 552 2184 tam
567 2153 691 2190 largiflua
703 2152 846 2183 decoravit
857 2152 1018 2183 excellentia
1032 2155 1128 2191 gratiae
1140 2154 1199 2192 spe-

137 2193 230 2233 cialis,
250 2193 324 2232 quod
334 2216 344 2231 ‚
360 2194 428 2223 inter
442 2193 600 2223 innumeras
613 2191 806 2222 sollicitudines
819 2192 852 2221 &
866 2190 979 2222 assiduas
992 2192 1088 2222 mundi
1104 2203 1198 2231 curas,

139 2231 231 2264 vestro
251 2232 445 2263 incumbentes
457 2230 573 2269 officio,
591 2240 642 2260 vos
655 2240 704 2268 ea,
721 2240 783 2266 quae
805 2229 839 2260 ad
860 2228 1074 2260 Catholicorurn
1090 2229 1199 2261 Princi-

108 2270 120 2277 ”
138 2281 209 2309 pum
224 2271 257 2302 &
272 2269 479 2301 Universorum
495 2269 603 2299 Christi
617 2268 740 2299 fidelium
755 2267 966 2306 tranquilitatem
983 2269 1098 2299 tendunt
1112 2271 1201 2307 &pa—

139 2320 205 2341 cem
213 2332 222 2348 ,
235 2309 332 2340 auditis
343 2308 474 2345 libenter,
491 2307 689 2345 amplexamini
697 2306 862 2346 gaudenter,
876 2307 1005 2345 cogitatis
1017 2308 1180 2345 profundius
1188 2332 1198 2347 ,

139 2351 174 2381 &
188 2348 327 2379 sinceriori
344 2346 542 2384 prosequimini
555 2347 675 2376 caritate.

175 2387 265 2424 Sane,
288 2384 351 2423 post
370 2386 500 2422 obitum,
523 2383 638 2414 celebris
662 2383 828 2421 memoriae,
858 2382 979 2413 Domini
1000 2382 1033 2413 E.
1055 2385 1198 2422 quondam

141 2426 232 2462 Regis
245 2424 377 2462 Angliae,
395 2423 526 2460 genitoris
537 2421 640 2459 nostri,
657 2421 828 2458 suscipientes
843 2423 970 2458 regimen
986 2421 1083 2459 Regni
1098 2424 1199 2462 nostri,

143 2464 172 2495 id
184 2465 294 2494 bonum
303 2485 313 2502 ‚
331 2461 406 2500 quod
419 2460 459 2491 est
476 2470 526 2499 pax
541 2461 574 2491 &
588 2460 756 2497 concordia,
774 2470 835 2497 quae
852 2460 947 2497 procul
963 2459 1102 2498 depellunt
1116 2463 1199 2499 odia,

144 2511 293 2533 rancorem
305 2501 471 2532 &livorem
485 2500 645 2536 excutiunt,
661 2498 694 2529 &
713 2499 812 2528 uniunt
831 2498 996 2539 voluntates,
1013 2509 1125 2530 necnon
1145 2501 1200 2530 dis—

143 2540 300 2571 cordiarum
317 2540 350 2571 &
363 2547 518 2578 guerrarum
532 2536 689 2575 dispendia,
706 2546 769 2574 quae
790 2546 846 2566 non
857 2536 945 2566 solum
959 2539 1065 2575 prope,
1084 2538 1122 2569 set
1136 2539 1198 2569 lon-

140 2581 182 2617 ge
196 2578 287 2617 positis
298 2579 426 2615 ingerunt
436 2575 612 2613 scandalum,
629 2575 662 2606 &
677 2574 832 2613 periculum
850 2574 998 2605 inducunt:
1018 2576 1120 2606 nedum
1135 2588 1199 2607 cor-

139 2627 261 2656 porum,
274 2616 333 2654 set,
351 2614 427 2653 quod
447 2614 487 2644 est
510 2615 634 2653 gravius,
658 2614 843 2652 Animarum,
869 2612 1022 2651 frequenter
1042 2615 1199 2646 reduximus

140 2664 204 2687 ante
220 2655 335 2686 occulos
349 2654 441 2684 cordis
453 2651 548 2683 nostri.

179 2693 378 2732 Qamobrem
400 2693 456 2728 iarn
477 2690 673 2728 disposuimus,
698 2689 850 2720 deliberato
874 2690 1008 2729 consilio,
1033 2701 1087 2729 pro
1109 2701 1199 2730 nego-

139 2733 200 2770 tiis,
223 2733 292 2763 inter
314 2729 506 2767 Magnificum
529 2728 694 2766 Principem
719 2727 882 2758 Dominum
903 2727 1064 2767 Philippum
1087 2730 1198 2771 Regem

143 2771 316 2801 Francorum
329 2768 460 2799 illustrem
475 2769 508 2799 &
528 2777 578 2797 nos
598 2766 778 2804 pendentibus
793 2789 803 2804 ,
826 2766 989 2805 sollempnes
1012 2768 1144 2799 Nuncios
1164 2769 1198 2800 ad

138 2809 257 2846 Regem
277 2808 465 2847 praedkstum,
481 2816 514 2837 ac
532 2805 630 2835 exinde
652 2804 686 2835 ad
707 2804 806 2835 vestrae
827 2804 982 2836 sanctitatis
1011 2806 1198 2846 praesentiam,

140 2847 339 2877 Venerabilem
363 2854 469 2884 patrem
491 2844 645 2882 Johannem
665 2841 863 2882 Norwicensem
886 2843 1054 2884 Episcopum,
1077 2846 1110 2876 &
1131 2846 1199 2876 dile-

137 2886 219 2915 ‹S'tum
233 2885 380 2916 Clericutn
392 2883 519 2914 nostrum
534 2881 706 2919 Magistrum
718 2881 863 2910 Robertum
881 2882 913 2910 de
926 2884 1058 2922 Pykering
1070 2883 1198 2915 Eborum

118 2944 122 2946 -
142 2923 275 2954 Ecclefiae
288 2922 471 2953 Canonicum
506 2920 656 2958 destinare,
673 2928 702 2951 ut
717 2919 766 2963 ipsi
787 2918 948 2964 Celsitudini
968 2921 1066 2953 vestrae
1086 2924 1200 2960 negotia

139 2961 253 3000 praefata
269 2961 384 2991 referant
399 2961 431 2992 &
446 2970 465 2990 o
490 2959 590 2990 endant
603 2959 715 2990 oraculo
730 2968 804 2988 vrvae
818 2968 904 2989 vocts.

175 2999 328 3030 Piiffimam
339 3000 425 3036 igitur
441 2998 629 3035 paternitatem
642 2997 761 3027 vestram
776 2995 858 3040 'filiali‘
876 2998 1094 3036 promptitudine
1115 3009 1199 3036 roga-

139 3048 202 3069 mus
221 3039 345 3076 obnixe,
363 3037 487 3076 quatinus
507 3035 707 3072 praedietorum
729 3034 858 3072 Episcopi
882 3036 916 3066 &
935 3035 1092 3076 Canonici,
1110 3037 1197 3068 Nun-

137 3078 247 3107 ciorum
262 3075 436 3113 nostrorum,
453 3074 577 3104 relatibus
613 3074 642 3103 in
664 3074 783 3110 negotiis
797 3076 975 3113 memoratis,
991 3074 1078 3105 firmae
1099 3076 1198 3106 credu-

139 3116 220 3145 litatis
234 3114 367 3145 fiduciam
379 3112 536 3150 dignemini
555 3095 702 3150 adhibere,
718 3111 877 3149 eisdemque
895 3113 968 3150 apud
990 3113 1108 3144 vestram
1130 3113 1199 3144 Cle-

140 3154 277 3183 mentiam
296 3153 356 3183 t¹am
374 3151 514 3188 celeriter,
533 3149 553 3179 fi
572 3149 680 3188 placet,
697 3151 783 3188 quarn
808 3150 922 3182 feliciter
943 3152 1094 3190 expeditis,
1111 3151 1199 3183 licen-

141 3194 214 3224 tiam
226 3190 382 3222 concedere
397 3188 538 3221 redeundi.

180 3229 334 3260 Conservet
347 3238 398 3259 vos
410 3226 577 3265 Altiffimus,
594 3225 628 3256 ad
642 3225 787 3264 Regimen
795 3226 926 3259 Ecclesiae
939 3227 994 3258 suae
1008 3227 1133 3267 Sanctae,
1151 3239 1198 3267 per

144 3277 270 3305 tempora
281 3267 399 3297 feliciter
415 3266 553 3303 longiora.

0 2176 28 2194 n.
49 2175 91 2194 12.

180 3343 246 3374 Dat.
265 3342 397 3373 London.
413 3343 429 3373 8
442 3341 487 3375 die
501 3340 694 3379 Novembris,
713 3340 798 3372 Anno
805 3341 928 3374 Domini
945 3354 999 3384 130
1005 3354 1030 3383 7.
1041 3344 1139 3383 Regni
1153 3355 1201 3376 ve-

144 3385 178 3414 ῐὸ
193 3381 280 3412 nostri
292 3382 394 3419 primo.

167 3511 226 3542 Pro
243 3506 391 3553 Epiftopis
411 3506 515 3540 Sand‘h'
532 3503 675 3546 Andreae,
702 3509 738 3544 (ᾖν
757 3505 940 3551 Glafi'uenst‚
958 3506 1123 3554 prisimibus
1145 3507 1181 3540 de

604 3556 716 3588 Scotia.

0 3663 70 3696 ann.
82 3662 122 3694 D.
141 3641 222 3701 RE
231 3640 431 3722 {raexssicgfigissl
430 3638 585 3722 {ilbffmgodh
586 3639 766 3715 1xtlllj'eillir'xelmo,
783 3676 925 3715 Episcopo
946 3678 1040 3710 Sane‘ti
1060 3679 1180 3710 Andreae

4 3711 98 3743 '1307⁴
142 3717 248 3749 Prisoni
260 3718 295 3749 de
309 3717 424 3754 scotia,
441 3727 470 3746 in
487 3689 588 3746 {astro
603 3714 697 3745 nostro
710 3715 850 3755 Wynton.
863 3717 896 3746 &
908 3716 1034 3748 Roberto
1052 3703 1198 3758 Wychard

0 3745 48 3770 lan.
69 3751 92 3769 i.

0 3791 26 3808 a.
46 3789 71 3806 2·
141 3756 283 3795 Episcopo
298 3755 449 3799 Glasguen.
464 3754 588 3785 similiter
600 3752 709 3783 Prisoni
721 3753 758 3784 de
773 3753 871 3784 Scotia
880 3776 889 3792 ‚
909 3755 937 3783 in
949 3753 1050 3786 Castro
1063 3755 1198 3786 Porcestr.

0 3817 124 3883 flassffinss
143 3795 479 3863 cogengiiitliggsuballivae
492 3839 546 3861 tuae
557 3830 661 3874 habere
674 3829 757 3873 facias
769 3829 851 3860 vadia
863 3828 923 3873 sua,
941 3830 1012 3866 iuxta
1025 3831 1146 3862 formam
1156 3834 1199 3862 in-

0 3874 30 3920 '3
63 3878 67 3884 “
116 3876 122 3882 ”
143 3870 286 3915 denturae,
301 3878 445 3914 tempore,
462 3870 576 3913 celebris
597 3878 763 3906 memoriae,
781 3867 905 3898 Domini
921 3867 954 3898 E.
975 3870 1119 3914 quondam
1140 3870 1200 3901 Re-

33 3914 40 3921 ·
143 3919 188 3947 gis
200 3907 330 3945 Angla,
347 3917 429 3946 patris
444 3907 548 3945 nostri,
564 3906 629 3936 inde
643 3905 742 3944 factae,
758 3907 791 3937 &
806 3914 928 3949 penes'te
942 3907 1097 3946 residentis3

146 3993 172 4017 ta
174 3946 218 4016 ἓ(
218 3955 288 4014 allgsc
289 3946 364 4014 azzi]
363 3946 478 4016 iertigehiarss
479 3953 635 4015 εςῐὲιέιὲἳὲῗῃ
636 3953 706 4013 gisa),
723 3944 758 3975 ad
769 3943 949 3975 Scaccanum
960 3944 1104 3985 nostrum,
1120 3944 1200 3977 debi-

184 4058 272 4092 Teste
285 4059 369 4097 Rege
379 4060 450 4098 apud
464 4060 589 4093 Westm.
606 4070 642 4091 10
655 4059 702 4092 die
715 4058 897 4092 Novembris.

221 4100 293 4130 Tam.
311 4101 336 4129 Ι.
355 4101 388 4130 Ρ.
406 4101 454 4130 IV.

1191 3464 1195 3466 ·
1238 3449 1352 3507 PApae
1368 3448 1429 3479 Rex
1443 3446 1552 3477 Devota
1568 3444 1690 3482 pedum,
1709 3445 1768 3475 &e

1257 373 1315 403 Pro
1339 372 1450 404 C⁰mi²⁶
1474 374 1656 418 Herefirdiae
1676 379 1713 413 &²⁶
1737 376 1871 421 Effexiae,
1896 380 1932 415 (ᾔ
1955 375 2139 410 Eliznbetha
2163 378 2266 410 Uxore
2304 370 2370 393 Eae.
2390 376 2416 394 ²·

1583 424 1665 467 ejus,
1685 424 1786 468 sbrore
1808 428 1905 471 Regis.

1233 501 1318 556 RE
1329 502 1359 532 X
1376 503 1555 536 Thesaurario
1570 506 1602 537 &
1616 505 1764 537 Batonibus
1777 507 1827 538 suis
1841 507 1875 538 de
1887 508 2024 540 scaccario
2037 506 2154 540 salutem.
2306 507 2357 532 Aa.
2377 514 2400 532 ¹·

1314 540 1421 584 'Cum,
1441 543 1552 573 celebris
1561 545 1722 583 memoriae,
1743 545 2057 585 DominusEdwarduS,
2075 549 2216 586 quoni'arn
2225 550 2288 582 Rex
2309 548 2337 570 E.
2356 554 2380 569 ²·

1233 573 1345 612 Angliae
1355 601 1364 616 ,
1383 589 1456 617 pater
1467 581 1568 619 noster,
2308 582 2393 614 Csffls·
2411 591 2433 609 ¹¹

1268 613 1335 645 Post
1350 618 1550 657 redditionem,
1567 630 1650 657 quam
1665 620 1780 650 dilectus
1793 621 1826 651 &
1849 619 1933 651 fidelis
1955 622 2046 653 noster
2067 624 2233 658 Humfridus
2252 628 2287 658 de
2308 625 2336 648 E.
2355 628 2379 645 2·

1231 649 1368 698 Bpuhun,
1385 655 1491 686 Comes
1506 657 1644 687 Hei-eford
1660 659 1691 689 &
1707 657 1804 696 Eil‘ex,
1823 668 1854 688 ac
1870 659 2094 692 Constabularius
2109 664 2287 704 Angliteffe-
2307 668 2342 685 m·
2363 659 2403 685 ¹⁶·

1231 698 1270 719 cit
1285 693 1419 735 praedicto
1435 696 1501 731 patri
1515 695 1609 725 nostro
1623 696 1658 725 de
1679 697 1810 726 omnibus
1826 696 1920 726 Terris
1935 698 1969 728 ὃς
1983 699 2166 731 Tenenientis
2184 703 2234 733 suis
2257 705 2285 733 in

1230 727 1337 794 &gna
1349 732 1381 761 &
1397 732 1516 771 Wallit'i,
1534 744 1566 764 ac
1581 733 1792 764 Constabularia
1808 734 1935 773 Angliae,
1953 737 1985 766 &
2002 737 2108 767 honore
2130 739 2216 770 Com.
2238 741 2286 771 Es-

1258 790 1263 793 *
1274 789 1284 803 ¹)

1251 842 1254 845 Δ
1273 803 1426 850 *Dedisset
1440 808 1472 838 ὃ(
1482 809 1655 840 concessisset
1666 809 1779 847 praefzito
1794 809 1962 848 Humfrid0‚
1980 812 2011 842 &
2026 811 2194 845 Elizabethoe
2209 818 2288 846 uxori
2306 816 2403 844 *1112
2408 824 2435 851 52

1231 851 1304 881 ejus,
1322 843 1406 887 sorori
1421 847 1521 877 nostrae
1531 847 1693 885 cariliimae,
1708 857 1806 878 omnes
1819 849 1936 886 Terras,
1952 850 2186 891 &Tenementa,
2205 854 2286 884 Con-

1232 881 1403 924 stabularmm
1425 885 1457 913 &
1479 885 1630 915 Honorem
1656 886 1804 923 pra-dieta,
1824 886 1948 917 habenda
1974 888 2141 919 &tenenda
2165 891 2284 930 eisdem,

1230 918 1385 963 Humfndo
1401 921 1432 951 ὃ(
1448 922 1632 961 Elizabetliae,
1651 925 1683 954 &
1700 924 1854 953 haeredibus
1868 925 1903 954 de
1920 936 2037 962 corpore
2051 928 2128 963 ipsius
2144 928 2287 960 Humfridi

1232 967 1397 995 procreatiS,
1416 960 1486 990 adeo
1509 962 1590 998 plene
1609 962 1641 991 ὅ(
1658 962 1765 998 integre
1787 962 1854 991 licut
1872 962 1948 992 idem
1969 965 2132 996 tlumfndus
2149 978 2181 997 ea
2200 971 2287 999 tenuit

1231 1004 1294 1025 ante
1309 996 1494 1028 redditionem
1508 999 1687 1036 praedit-stam:

1261 1033 1322 1077 'Et,
1341 1035 1410 1064 inter
1425 1044 1524 1066 caetera
1540 1037 1666 1066 mandata
1680 1037 1747 1066 dieti
1763 1038 1843 1074 patris
1857 1038 1941 1067 nostri
1963 1049 2014 1076 pro
2034 1041 2166 1081 praefatis,
2191 1042 2286 1074 Hum-

1234 1071 1307 1102 frido
1320 1072 1353 1103 &
1368 1072 1546 1112 Elizabetha,
1564 1077 1662 1105 virtute
1673 1076 1829 1104 donationis
1843 1076 2001 1115 praedicstae,
2018 1078 2106 1117 facia,
2125 1084 2287 1120 praecepei'it

1235 1110 1309 1140 idem
1326 1118 1399 1148 pater
1414 1111 1518 1150 noster,
1539 1123 1585 1150 per
1601 1114 1683 1143 breve
1698 1113 1790 1150 suum,
1808 1114 1837 1143 T
1839 1113 1988 1144 hesaurario
2011 1116 2043 1145 ὃς
2066 1116 2213 1149 Batonibus
2236 1120 2287 1150 suis

1236 1149 1271 1178 de
1289 1148 1435 1187 Saccario,
1461 1150 1537 1189 quod
1561 1151 1681 1188 eisdem,
1706 1151 1860 1182 Humfndo
1879 1153 1912 1182 ὃ(
1934 1152 2121 1192 Εἰὶῑαῦεὼκ,
2143 1156 2285 1188 Officium

1236 1186 1454 1218 Constabulariae
1475 1189 1582 1228 Angliae
1599 1191 1628 1219 in
1648 1189 1796 1219 Scaccario
1816 1190 1949 1227 praedicto
1970 1191 2130 1230 liberarent,
2155 1195 2187 1224 &
2215 1196 2286 1233 ipsos

1236 1225 1414 1263 qiadnginta
1426 1226 1521 1265 libras,
1539 1227 1638 1257 decem
1652 1227 1767 1265 solidos,
1785 1229 1816 1258 ὅ(
1836 1228 1936 1258 decem
1958 1229 2081 1259 denarios
2101 1241 2219 1271 annuos,
2240 1244 2285 1271 per

1237 1274 1333 1295 manus
1344 1263 1526 1295 Vicecomitis
1546 1265 1644 1303 Effex,
1662 1275 1713 1303 pro
1729 1265 1835 1296 honore
1856 1267 1978 1304 ejusdem
1995 1267 2083 1298 Com.
2098 1268 2186 1300 Effex.
2202 1281 2235 1300 ac
2258 1282 2287 1302 e-

1235 1303 1301 1332 tiam
1319 1303 1416 1342 viginti
1432 1303 1509 1333 libras
1531 1314 1581 1341 pro
1602 1303 1809 1335 Constabularia
1827 1305 1961 1342 praedis&
1984 1316 2030 1342 per
2052 1317 2148 1337 manus
2165 1307 2289 1339 Viceco-

1235 1342 1337 1371 mitum
1353 1340 1566 1379 praedictorum,
1585 1343 1725 1379 percipere
1745 1344 1949 1382 permitterent,
1964 1353 2044 1381 prout
2064 1344 2140 1375 idem
2161 1345 2290 1377 Humfri-

1235 1379 1284 1408 dus
1299 1389 1359 1416 eas,
1378 1388 1440 1409 ante
1463 1379 1645 1410 redditionem
1668 1381 1830 1418 praedicftam
1845 1404 1855 1420 ,
1881 1383 2024 1418 percipere
2044 1383 2203 1422 consuevit,
2223 1385 2290 1416 sicut

1235 1427 1282 1454 per
1294 1417 1494 1485 {ipspecstionem
1509 1419 1660 1449 rotulorum
1675 1418 1854 1449 Cancellariae
1871 1419 1998 1456 praedieti
2011 1423 2094 1460 patris
2109 1421 2194 1453 nostri
2207 1425 2289 1454 nobis

1235 1465 1290 1486 con
1318 1464 1354 1485 at.

1270 1493 1361 1523 Vobis
1375 1494 1537 1525 mandamus
1553 1494 1630 1532 quiid
1655 1494 1846 1525 Vicecomites
1866 1494 2061 1527 Comitatuum
2077 1499 2288 1535 praeditffmrum.

1234 1531 1270 1562 de
1284 1532 1365 1562 dietis
1381 1535 1560 1569 pecuniarum
1582 1533 1713 1572 summis,
1731 1534 1749 1563 fi
1770 1544 1811 1563 eas
1828 1533 1960 1572 praefatis,
1979 1534 2088 1566 Comiti
2109 1538 2141 1567 &
2164 1537 2289 1568 Elimbe-

1233 1571 1289 1601 thae
1302 1570 1493 1609 liberaverint,
1511 1571 1705 1602 allocationem
1719 1572 1842 1602 debitam
1857 1573 1886 1602 in
1900 1571 1950 1603 suis
1964 1575 2104 1612 compotis
2117 1574 2229 1606 faciatis.

1267 1646 1353 1678 Teste
1368 1646 1448 1687 Rege
1461 1647 1533 1686 apnd
1548 1647 1641 1678 west.
1660 1658 1703 1678 10.
1719 1648 1765 1678 die
1779 1648 1977 1681 Novembris.‘

1258 1774 1307 1805 De
1331 1774 1472 1804 facinore
1488 1783 1542 1818 per
1565 1775 1708 1805 Dominos
1731 1772 1766 1805 de
1787 1776 1897 1819 Stagna
1921 1776 1956 1810 Gi*
1980 1772 2015 1805 de
2039 1777 2147 1807 [Monte
2169 1776 2261 1808 Oliva

1664 1832 1839 1867 perpetrato.

1236 1905 1347 1961 REX
1366 1907 1513 1937 venerabili
1530 1908 1556 1937 in
1573 1905 1686 1937 Christo
1702 1906 1790 1944 Patri,
1808 1905 1882 1937 Patri
1897 1906 1938 1937 G.
1959 1906 2057 1937 eadem
2082 1908 2183 1946 grati-52,
2209 1908 2287 1947 Epis—
2309 1907 2381 1938 Ann.
2396 1906 2438 1939 D.

1308 1955 1383 1983 copo
1397 1945 1548 1982 Vasatenli,
1567 1945 1678 1975 fiilutein
1693 1946 1725 1975 &
1741 1945 1851 1975 sincerae
1863 1945 2018 1975 dilectionis
2032 1943 2171 1976 affec‘iuni.
2332 1955 2415 1985 1307.

1274 1979 1417 2013 Intellec'to
1431 1984 1553 2014 facinore
1568 1993 1615 2020 per
1631 1983 1773 2013 Dominus
1787 1983 1822 2013 de
1838 1983 1961 2021 Stagno,
1980 1985 2012 2014 ὃ(
2022 1983 2057 2013 de
2072 1984 2174 2014 Monte
2189 1985 2286 2024 Olivo,
2309 1989 2350 2012 Au
2373 1995 2395 2013 1.

1237 2019 1269 2049 ὃ(
1283 2021 1342 2051 suos
1356 2022 1527 2060 complices,
1545 2022 1650 2059 plenius
1666 2022 1696 2050 in
1710 2021 1805 2052 vestris
1826 2021 1918 2052 litteris
1939 2023 2018 2052 nobis
2039 2022 2124 2052 millis
2143 2024 2286 2062 expresso,
2303 2027 2330 2050 E.
2343 2032 2368 2050 2.

1236 2061 1360 2097 nequiter
1372 2069 1540 2099 perpetrato,
1558 2069 1591 2090 ex
1606 2060 1662 2089 hoc
1674 2061 1710 2089 eo
1730 2069 1876 2096 gravamur
1896 2060 2035 2097 acerbitis,
2056 2063 2114 2098 quo
2136 2062 2163 2090 in
2186 2061 2285 2092 nostris
2308 2067 2375 2089 txom.
2396 2069 2418 2088 ¹·

1237 2099 1411 2138 primordiis,
1431 2109 1488 2129 non
1501 2098 1600 2136 absque
1616 2097 1702 2127 nostri
1716 2106 1908 2136 comtemptu,
1926 2106 2031 2128 tantum
2041 2098 2124 2129 scelus
2138 2100 2167 2128 in
2181 2100 2288 2130 nostros
2309 2104 2336 2126 E,
2357 2108 2380 2124 2·
2400 2106 2436 2126 m-

1236 2136 1327 2166 fideles
1338 2137 1502 2167 attendimus
1516 2135 1595 2166 fuisse
1611 2136 1757 2166 crudeliter
1769 2145 1969 2173 attemptatum.
2312 2147 2319 2164 i
2331 2148 2352 2164 1.
2366 2137 2392 2164 d.

1274 2175 1327 2213 Et,
1346 2177 1408 2214 quia
1421 2176 1504 2205 nobis
1522 2175 1562 2205 est
1580 2175 1675 2212 cordi,
1694 2183 1723 2204 ut
1744 2174 1780 2204 de
1795 2183 1852 2204 tam
1867 2176 1975 2204 enormi
1990 2173 2099 2204 excessu
2121 2174 2191 2204 ultio
2205 2174 2291 2212 digna

1237 2212 1296 2251 fiat,
1315 2224 1397 2252 quam
1413 2215 1539 2251 primum
1554 2214 1583 2242 in
1598 2213 1677 2242 dieto
1694 2212 1805 2243 Ducam
1826 2212 1922 2242 nostro
1934 2212 2141 2250 praefecerimus
2155 2213 2292 2244 Senescal-

1236 2251 1312 2290 lum,
1330 2252 1379 2282 sibi
1392 2252 1601 2288 mandabimus,
1618 2252 1650 2281 ὃ(
1663 2250 1775 2281 firmiter
1790 2252 1967 2287 injungemus
1980 2259 2008 2281 ut
2022 2252 2165 2289 negotium
2179 2252 2211 2282 δε
2226 2262 2292 2282 cau-

1236 2289 1293 2320 sam
1311 2290 1468 2329 hujusmodi
1488 2289 1578 2320 audiat
1597 2289 1762 2327 diligenter,
1787 2290 1838 2326 &,
1855 2289 1961 2319 sublatis
1984 2289 2157 2326 subterfugiis
2178 2288 2288 2327 quibus-

1237 2338 1362 2367 cunque,
1379 2329 1474 2358 debito
1489 2328 1542 2358 fine
1555 2327 1680 2366 decidat,
1698 2327 1774 2365 quod
1786 2327 1892 2364 justum
1906 2327 1987 2357 fuerit
2001 2329 2029 2356 in
2044 2328 2094 2356 hac
2108 2336 2182 2364 parte
2195 2328 2291 2358 effica-

1237 2369 1306 2397 citer
1322 2367 1500 2405 exequend03
1518 2376 1550 2396 ac
1564 2365 1725 2401 assianando
1739 2366 1822 2395 etiam
1839 2365 1935 2395 locum
1949 2373 2057 2402 tutum,
2074 2366 2107 2395 ad
2123 2375 2205 2404 quein
2224 2375 2288 2402 pro-

1236 2405 1402 2435 secutoribus
1423 2414 1518 2434 contra
1542 2404 1730 2434 malefaiftores
1749 2402 1897 2441 przediffiios
1917 2412 2004 2440 pateat
2026 2404 2132 2433 securus
2152 2404 2290 2443 acterius,

1234 2444 1310 2481 juxta
1326 2443 1399 2482 quod
1414 2443 1519 2473 illarum
1534 2443 1652 2479 partium
1667 2441 1845 2472 observantiae
1859 2442 1892 2471 &
1906 2441 2112 2473 consuetudines
2127 2442 2267 2479 patientur.

1272 2519 1338 2550 Dat.
1354 2518 1426 2557 apud
1441 2518 1565 2549 VVestm.
1586 2528 1628 2548 io.
1645 2517 1691 2548 die
1706 2517 1889 2549 Novembris

1259 2650 1308 2681 De
1327 2643 1524 2679 Providentia
1547 2654 1601 2689 pro
1628 2645 1702 2690 Rege
1722 2653 1824 2676 contra
1849 2641 2025 2676 Adventum
2047 2646 2077 2676 in
2095 2645 2269 2678 franciam.

1238 2730 1349 2789 REX
1368 2731 1500 2761 omnibus
1511 2728 1619 2759 Amicis
1636 2727 1704 2767 suis,
1721 2727 1754 2758 ad
1772 2738 1855 2766 (μσς,
1874 2729 1935 2759 &c.
1948 2726 2067 2758 salutem.
2339 2743 2385 2764 nn,
2402 2730 2443 2764 D,

1329 2769 1406 2800 Cum
1427 2769 1567 2798 mittamus
1587 2767 1720 2797 dilectum
1738 2766 1910 2797 Servientem
1936 2766 2077 2804 nostrum,
2102 2765 2293 2797 Willielmum
2334 2781 2420 2812 1307,

1237 2807 1392 2848 Hatliewy.
1410 2805 1545 2836 Pistorem
1561 2804 1703 2842 nostrum,
1720 2805 1753 2834 ad
1776 2814 1863 2842 partes
1886 2805 2023 2842 Franciae,
2041 2806 2075 2835 ad
2101 2806 2288 2842 providentias
2308 2814 2360 2838 An.
2379 2822 2404 2837 i.

1237 2847 1308 2877 inibi
1322 2844 1459 2876 faciendas
1473 2844 1508 2874 de
1522 2844 1572 2874 hiis
1587 2854 1667 2881 quae,
1686 2853 1737 2880 pro
1752 2843 1851 2882 officio
1864 2842 1929 2880 suo,
1946 2842 2005 2873 sunt
2019 2844 2164 2873 necessuria
2181 2853 2231 2881 pro
2239 2853 2290 2873 no·
2309 2853 2335 2875 Ε.
2349 2858 2374 2874 2.

1237 2887 1297 2923 bis,
1317 2891 1413 2914 contra
1427 2883 1589 2913 Adventum
1611 2881 1733 2912 nostrum
1753 2882 1785 2912 ὅ(
1809 2881 2005 2918 Ρῑπῐαῑοτυω,
2023 2880 2189 2920 Comitum,
2206 2881 2291 2912 Baro—
2306 2890 2334 2913 Ρ.
2353 2895 2375 2912 ι.
2390 2889 2421 2914 Ε,

1236 2933 1325 2960 num,
1341 2924 1373 2953 ὃ(
1386 2922 1501 2952 aliorum
1517 2920 1671 2950 Nobilium
1681 2943 1690 2959 ,
1708 2920 1755 2957 qui
1767 2921 1796 2948 in
1812 2918 1956 2949 Comitiva
1971 2918 2064 2949 nostra
2079 2919 2112 2949 ad
2129 2930 2217 2957 partes
2231 2919 2286 2950 illas
2310 2935 2334 2951 2.
2352 2931 2408 2961 p.i.

1237 2965 1266 2993 in
1281 2962 1412 2998 proximo
1428 2960 1487 2989 sunt
1502 2959 1625 2988 venturi:
2311 2972 2348 2990 m,
2367 2971 2409 2996 ¹4·

1275 3000 1334 3029 Vos
1349 2996 1496 3029 affec'tuose
1510 2997 1672 3033 requirimus
1685 2996 1718 3026 ὃς
1733 3005 1863 3032 rogamus
1879 3003 2007 3033 quatenus
2019 2995 2110 3026 eidem
2125 2994 2297 3032 Willielmo,

1239 3039 1273 3070 ad
1288 3036 1446 3075 hujusmodi
1468 3034 1668 3073 providentias,
1686 3044 1737 3071 pro
1759 3035 1873 3064 denariis
1893 3033 2005 3072 nostris,
2023 3035 2051 3063 in
2071 3034 2154 3063 dietis
2178 3035 2299 3072 partibus

1237 3076 1392 3113 faciendas,
1409 3073 1578 3104 consulentes
1592 3073 1642 3102 sitis
1656 3073 1689 3113 ὃς
1705 3073 1877 3110 auxiliantes,
1896 3073 2022 3110 quotiens
2034 3073 2069 3102 ab
2080 3072 2139 3110 ipso
2153 3072 2231 3110 super
2239 3072 2296 3103 hoc

1237 3126 1270 3147 ex
1286 3123 1359 3152 parte
1374 3112 1466 3143 nostra
1479 3111 1579 3142 fueritis
1593 3111 1721 3147 rcquiliti.

1276 3153 1309 3183 In
1329 3152 1424 3190 cujus,
1446 3151 1506 3181 &c.
1543 3148 1640 3186 Usque
1663 3147 1698 3177 ad
1726 3147 1836 3178 Festum
1859 3146 2058 3179 Purificationis
2082 3148 2170 3179 beatae
2191 3148 2303 3182 Marte

1240 3192 1374 3231 prorimo
1390 3190 1512 3220 futurum
1528 3187 1673 3216 duraturas.

1276 3230 1342 3262 Dat.
1357 3228 1428 3268 apud
1444 3225 1565 3258 Westm.
1584 3234 1627 3255 10.
1643 3224 1689 3254 die
1705 3223 1867 3254 Novembr¹

1309 3363 1368 3398 Ad
1388 3366 1498 3408 Papam
1517 3371 1571 3406 pro
1594 3361 1726 3393 Antonio
1748 3358 1928 3393 Patriarcha
1951 3359 2224 3408 Hierosblymitam.

2314 3450 2390 3482 Ann.
2404 3449 2446 3481 D.

1316 3487 1371 3518 Etsi
1393 3486 1506 3516 cuiit‘tos
1522 3484 1628 3513 nostros
1641 3482 1785 3513 familiares
1797 3483 1829 3513 ὃ(
1844 3480 2008 3520 benivolos,
2023 3482 2056 3512 &
2070 3481 2209 3521 praecipue
2225 3490 2293 3519 quos
2336 3498 2423 3529 1307·

1239 3526 1270 3555 in
1282 3525 1382 3556 nostris
1397 3522 1530 3560 obsequiis
1546 3530 1690 3559 promptos
1711 3522 1866 3551 invenimus
1882 3521 1914 3550 ὃ(
1936 3519 2042 3558 fideles,
2061 3521 2181 3555 gratioris
2202 3520 2298 3557 prose-
2314 3532 2366 3556 An.
2390 3538 2412 3556 ι,

1241 3575 1359 3601 quamur
1368 3559 1656 3597 affeetibus,ipsorum
1671 3558 1862 3596 prospiciendo
1869 3558 2291 3596 commodis,*&incomrno-
2315 3571 2343 3595 E.
2362 3576 2388 3596 2,

1239 3603 1274 3632 da
1295 3602 1435 3640 oportunis
1456 3599 1558 3629 auxiliis
1578 3597 1776 3635 propulsando,
1793 3596 1853 3626 illos
1874 3605 1982 3634 tamen,
2007 3604 2036 3626 ut
2053 3595 2233 3632 rependantur
2250 3595 2294 3626 di-
2314 3609 2384 3631 Rom.
2405 3613 2428 3631 ι,

1241 3651 1297 3677 gna
1310 3641 1417 3677 dignis,
1436 3646 1503 3674 quos
1516 3636 1658 3673 digniores
1669 3637 1835 3672 agnovimus
1849 3635 1882 3665 ὃ(
1896 3635 2035 3670 ingentior
2049 3634 2231 3664 commendat
2245 3643 2294 3665 ex·
2317 3647 2344 3669 E.
2363 3651 2389 3668 2,
2407 3651 2443 3669 m,

1239 3679 1365 3709 cellentia
1381 3677 1555 3711 meritorum,
1575 3673 1695 3711 quadam
1706 3674 1861 3703 dilectionis
1875 3671 2059 3709 praerogativfi⁴
2073 3673 2196 3702 intimius
2204 3673 2232 3702 in
2242 3683 2296 3702 no-
2322 3688 2363 3708 10,

1240 3717 1300 3747 stris
1313 3723 1438 3753 gerentes
1449 3711 1623 3751 primordiis,
1641 3711 1709 3749 ipsos
1723 3711 1874 3748 potioribus
1891 3711 1986 3747 gratiis
1999 3709 2163 3748 attollimns,
2179 3720 2295 3741 eoruin-
2316 3718 2334 3736 θ(
2345 3717 2446 3745 ΙῙῙ,,,6,

1239 3766 1294 3794 que
1306 3756 1424 3785 honores
1438 3754 1470 3782 &
1485 3751 1642 3780 commoda
1657 3751 1795 3787 amplioris
1811 3747 1934 3778 desiderii
1950 3747 2041 3778 studio
2055 3756 2249 3784 procuramus:

1277 3793 1356 3824 Cum
1371 3794 1461 3827 itaque
1474 3787 1635 3818 venerabilis
1650 3797 1723 3825 pater
1738 3788 1891 3824 Antonius,
1910 3785 2069 3816 Patriarclia
2080 3786 2224 3824 Jerusalem
2234 3810 2242 3823 ,
2260 3787 2293 3817 δ’.

1237 3831 1390 3869 Episcopus
1407 3826 1618 3863 Dunolmensis,
1634 3826 1741 3855 amicus
1757 3825 1849 3855 noster
1862 3823 2029 3861 carissimus,
2047 3833 2130 3860 quem
2144 3824 2295 3855 zelatorem

1239 3871 1370 3900 novimus
1386 3865 1524 3896 fervidum
1539 3863 1624 3893 nostri
1644 3864 1766 3893 nominis
1781 3865 1813 3893 &
1836 3863 1964 3899 honoris,
1983 3863 2112 3899 quaedam
2134 3864 2246 3900 negotia
2266 3864 2296 3892 in

1238 3905 1416 3939 Sacrosandtii
1434 3904 1559 3933 Romana
1576 3901 1683 3940 Curia,
1700 3910 1729 3932 ut
1744 3902 1920 3938 accepimus,
1938 3900 2128 3937 prosequatur:

1278 3945 1359 3983 Nos,
1377 3943 1517 3979 cupientes
1539 3939 1629 3976 ipsum
1651 3941 1681 3969 in
1703 3939 1806 3969 eisdem
1826 3939 1944 3974 negotiis
1964 3938 2103 3968 favoribus
2125 3937 2296 3976 Apostolicis

1238 3983 1429 4018 communin',
1445 3990 1477 4009 ac
1491 3979 1623 4016 sperantes
1636 3988 1703 4008 eum
1719 3978 1849 4007 uberioris
1862 3976 1985 4006 fructum
2002 3977 2098 4013 gratiae
2109 3986 2144 4006 eo
2157 3987 2239 4014 penes
2247 3987 2298 4007 ve-

1238 4022 1322 4052 stram
1338 4019 1536 4054 clementiam,
1554 4026 1617 4053 quae
1640 4015 1773 4046 virtuosos
1794 4014 1902 4052 diligit,
1919 4014 1952 4044 &
1974 4013 2120 4051 gratiofiim
2136 4014 2161 4044 se
2182 4015 2293 4047 exhibet

1238 4059 1380 4099 gratiosis,
1397 4057 1539 4093 invenire,
1556 4056 1615 4092 quo
1628 4053 1725 4084 nostris
1723 4052 1883 4121 ffiffeffihus
1898 4051 2218 4084 Faecundioridiled'tione
2224 4063 2295 4095 con-

2227 4099 2296 4127 Jun-
