2560 4261
185 240 195 253 .
660 203 1861 254 ETACTAPUBLICA.

27 355 150 429 AiTeg.)
178 397 228 429 De
241 393 395 428 donatione
415 389 541 425 Othonis
556 392 771 437 Imperatoris,
799 402 868 423 cum
881 391 950 435 fnit
970 393 1071 425 Comes
1087 391 1240 433 pictavie

520 438 689 474 Monachis
708 438 744 471 de
761 437 907 474 charron.

177 531 292 590 REX
304 530 412 562 Sahero
424 529 461 561 de
476 525 678 560 Malo—Leone
692 528 814 559 salutem.

28 555 82 617 Αἵ
99 561 124 588 7·
268 569 439 600 Mandarnus
463 567 647 606 vobis,qu0d
669 568 772 597 habere
790 568 894 598 faciatis
916 567 1022 598 Abbati
1042 567 1076 598 &
1090 566 1244 598 Monachis

28 591 91 657 Ξθΐ·
176 606 312 639 Ecclesiae
325 608 436 639 Sant‘tae
452 607 555 638 Mariae
569 607 606 636 de
619 605 778 636 Chaurrun.
787 604 986 646 quinquaginta
1000 606 1108 637 libratas
1123 606 1244 637 redditus

49 638 87 694 ‘³57'
102 637 128 686 7‘-
178 645 214 676 de
228 647 370 684 Pictavia,
390 657 455 685 quas
469 646 588 676 dilestus
605 655 692 681 nepos
710 644 806 675 noster
818 644 965 675 Dominus
985 644 1087 683 Otho,
1105 644 1175 675 dum
1196 646 1246 675 ha-

29 668 66 736 Ξῖ
82 676 115 734 ’ἐξ
130 711 158 739 4.
178 685 257 717 beret
277 685 411 716 Ballivam
432 684 586 720 Pietaviae,
605 684 642 713 eis
662 682 738 713 dedit
762 685 790 713 in
807 683 929 721 Rupella
944 684 1020 714 &in
1032 683 1177 722 Olerone,
1196 684 1246 714 nifi

176 735 222 755 eas
236 724 302 755 alibi
316 723 491 761 dederimus,
510 722 530 752 fi
544 722 603 752 hoc
618 722 778 752 commode
789 722 849 752 fieri
862 721 954 760 poffit.

217 763 271 802 Et,
290 763 310 793 fi
323 773 366 793 eas
378 762 443 792 alibi
456 760 614 791 dederimus
650 761 684 790 δε
698 762 736 790 eis
751 761 816 790 alibi
830 760 1013 792 commodius
1033 760 1067 791 ad
1089 772 1161 799 opus
1180 771 1248 791 nos-

179 810 257 834 trum
270 801 398 839 affignari
410 799 510 840 possit,
530 809 599 830 tunc
614 800 618 804 '
632 798 669 829 las
685 800 722 829 eis
735 799 801 830 alibi
813 799 941 839 assignari
961 801 1081 837 faciatis,
1102 799 1249 838 quousque

181 844 212 872 in
225 849 314 881 partes
326 839 384 871 illas
399 840 568 871 venerimus.

187 922 280 954 Teste
287 946 297 961 ,

223 1005 341 1033 Domino
353 1001 489 1040 Johanne
505 1000 537 1030 de
551 1001 636 1039 Gray.
656 1002 737 1029 Cant.
756 998 869 1038 Είοέῗο,
887 996 926 1035 &-

221 1044 339 1072 Domino
354 1043 388 1071 P.
407 1042 532 1071 Wnton.
556 1038 688 1078 Eprfiopo.

257 1120 345 1160 Apud
360 1120 464 1151 Lamb.
483 1120 620 1153 vicesimo
634 1121 736 1158 quinto
750 1119 796 1150 die
812 1116 919 1149 Martii.

332 1256 382 1288 De
391 1253 484 1299 fizlvo
500 1251 647 1286 conduma
663 1249 781 1296 concefft
802 1249 981 1296 Berengariae
999 1247 1123 1291 Regina.

39 1351 107 1385 Ann
131 1346 172 1377 D.
257 1338 316 1370 EX
328 1339 477 1376 omnibus,
493 1338 555 1368 &c.

61 1373 138 1420 1056
296 1378 393 1408 Sciatis
409 1376 486 1415 quod
501 1376 660 1413 recepimus
675 1375 704 1403 in
719 1372 824 1403 salvum
838 1371 1017 1402 condue‘cum
1033 1368 1165 1414 nostrum
1178 1368 1264 1400 karis-

38 1413 97 1459 As
115 1411 147 1463 7,'
195 1417 294 1448 simam
313 1416 439 1446 sororem
457 1413 584 1444 nostram
598 1438 608 1452 ,
638 1412 802 1443 Dominam
822 1410 968 1448 Reginam
989 1407 1182 1453 Berengariam
1195 1433 1205 1447 ‚
1229 1410 1263 1439 δε

40 1445 94 1507 Jil}
195 1455 275 1494 suOS,
295 1456 322 1485 in
336 1452 478 1485 veniendo
490 1452 524 1483 ad
540 1462 593 1482 nos
607 1453 637 1481 in
652 1450 805 1488 Angliam,
822 1450 856 1480 &
875 1451 904 1480 in
926 1447 1089 1485 redeundo,
1109 1456 1146 1478 ita
1168 1448 1263 1486 quod,

41 1490 104 1536 Pars
119 1514 145 1540 7.
194 1504 263 1525 cum
274 1493 458 1532 applicuerint
472 1492 501 1521 in
520 1490 672 1535 Angliam,
690 1489 866 1521 securitatem
883 1486 1016 1528 praestent
1037 1486 1116 1524 quod
1134 1487 1264 1526 nullum,

41 1544 143 1583 Johan-
196 1541 245 1571 per
259 1541 324 1569 eos,
342 1530 450 1560 malum
465 1537 576 1559 eveniet
590 1529 699 1565 Regno
714 1526 823 1558 nostro.
1101 1564 1106 1569 ῃ
1246 1563 1250 1568 .

43 1585 162 1617 namq„
233 1569 428 1600 Veruntamen
448 1568 530 1599 vobis
551 1566 716 1597 mandamus
727 1578 745 1610 3¹
757 1566 967 1608 praecipientes,
984 1562 1063 1601 quod
1083 1573 1126 1601 ei,
1145 1562 1193 1594 vel
1214 1562 1267 1593 suis

194 1608 304 1639 nullum
319 1608 397 1676 sufer
410 1607 468 1637 hoc
483 1606 607 1645 faciam,
625 1605 672 1638 vel
687 1604 747 1636 fieri
764 1605 927 1642 permittatis
950 1601 1204 1641 impedimentum,
1222 1603 1266 1632 in-

191 1648 295 1687 juriani
309 1656 346 1676 ve
371 1654 532 1683 gravamen.
961 1681 965 1686 .
1052 1680 1057 1686 ⁶
1160 1679 1164 1683 Ι

233 1685 273 1716 Et
285 1684 393 1716 valeant
405 1684 503 1714 litterae
516 1682 576 1714 istae
589 1682 677 1722 usque
688 1681 723 1714 ad
739 1680 856 1713 Festum
871 1680 968 1712 Saneti
982 1679 1060 1712 Petri
1072 1679 1107 1710 ad
1127 1677 1268 1716 Vincula,

196 1723 304 1763 Anno,
324 1724 385 1755 &c.
405 1722 530 1757 Octavo.

233 1800 326 1833 Teste
345 1797 453 1838 meipso
474 1798 548 1838 apud
567 1797 702 1831 Oteford.
718 1797 856 1831 vicesimo
871 1796 991 1836 septimo
1006 1795 1053 1827 die
1068 1794 1185 1832 Martii,
1205 1793 1268 1825 An-

195 1850 252 1880 no,
269 1841 331 1873 &c.
350 1839 490 1879 Septimo.

47 1981 66 2000 ἢ
82 1982 178 2015 I.x41·
297 1967 321 1991 *
340 1969 390 2001 De
401 1965 494 2013 fizlvo
509 1964 654 2000 condnelu
669 1975 724 2012 pro
746 1964 891 1998 Alienora
910 1966 1024 2011 Regina
1041 1962 1174 2009 Castellae.

50 2067 127 2100 Ann.
139 2065 179 2095 D.
205 2052 384 2111 ALienora
396 2052 508 2093 Regina
521 2051 668 2091 Castellae,
687 2052 721 2082 &
735 2051 825 2081 Soror
836 2050 959 2081 Domini
975 2049 1064 2089 Regis
1079 2050 1164 2080 habet
1180 2048 1272 2080 Litte-

69 2106 154 2137 1205·
262 2102 317 2136 ‘ras
330 2091 459 2122 Parentes
474 2090 509 2121 de
523 2090 671 2136 conduCtu
684 2091 735 2121 fibi
749 2091 783 2120 &
797 2089 866 2128 illis,
887 2099 959 2127 quos
975 2088 1072 2120 secum
1091 2089 1219 2126 duxerit,
1236 2089 1271 2120 ad

49 2150 103 2175 An·
121 2145 148 2174 3·
202 2129 376 2163 veniendum
389 2131 486 2161 secure
501 2129 536 2160 ad
551 2129 717 2161 Dormnum
731 2128 856 2167 Regem.

48 2184 113 2251 {iis
127 2221 154 2249 8.

50 2261 153 2306 Johan-
205 2256 321 2292 Charta
338 2258 457 2306 Treugae
477 2259 555 2292 inter
573 2255 745 2304 Philippum
772 2259 882 2304 Regem
907 2258 1062 2300 Hancine,
1087 2259 1124 2296 ᾤ’
1147 2253 1274 2302 Johan-

51 2308 183 2335 ''u-²²³7·
565 2319 633 2340 nem
653 2310 763 2354 Regem
784 2305 909 2353 Angliae.

53 2413 122 2445 Arm
143 2413 174 2444 D
207 2404 232 2426 1.
249 2393 425 2467 JOhannes
438 2417 448 2432 ‚
472 2392 531 2424 Dei
548 2391 634 2438 gratia
683 2392 749 2436 Rex
770 2391 884 2436 Angliae
898 2417 907 2430 ,
938 2391 1085 2423 Dominus
1106 2391 1277 2430 Hiberniae,

78 2437 156 2482 1256
178 2438 184 2444 ·
228 2473 232 2478 ,
301 2432 371 2463 Dux
388 2432 580 2463 Normanniae
594 2432 628 2463 &
641 2417 819 2470 Ᾰςωῑαηιιε,
839 2429 948 2475 Comes
964 2430 1189 2471 Andegavenfis,
1209 2440 1276 2461 om-

54 2495 108 2520 Au·
123 2476 165 2519 8.·
205 2473 287 2502 nibus
303 2471 338 2501 ad
354 2482 425 2516 quos
440 2471 588 2518 prresentes
603 2470 702 2500 litterae
718 2477 913 2513 pervenerint,
930 2469 1053 2500 salutem.

52 2529 116 2569 Joh.
244 2510 394 2541 Noveritis
408 2508 498 2554 'quod
520 2509 583 2540 haec
606 2507 648 2538 est
661 2507 754 2538 forma
766 2517 809 2538 tre
829 2517 872 2537 σεε
887 2516 959 2538 inter
972 2508 1090 2548 Regem
1102 2507 1279 2539 Francorum

205 2549 240 2580 &
262 2558 333 2587 nos,
351 2559 366 2579 a
386 2548 432 2579 die
452 2547 588 2586 Veneris,
606 2547 734 2587 proxima
755 2555 819 2577 ante
857 2545 949 2577 estum
965 2546 1061 2577 Sancti
1078 2546 1168 2577 Lucae
1182 2546 1280 2576 Evan-

205 2585 315 2624 gelistae
329 2596 418 2624 nuper
431 2588 604 2626 praeteritum
613 2609 623 2623 ,
640 2584 779 2616 duraturae
793 2585 879 2623 usque
892 2586 921 2614 in
934 2585 1005 2615 duos
1020 2585 1120 2615 Annos
1135 2586 1280 2622 proximos

206 2625 370 2663 sequentes,
387 2625 445 2654 viz.
486 2623 580 2662 Qiod
593 2624 659 2653 Rex
673 2623 799 2653 Franciae
811 2623 927 2654 habebit
939 2624 1070 2654 homines
1086 2624 1119 2654 &
1141 2623 1281 2660 imprisios

206 2663 287 2701 suos,
307 2664 355 2700 qui
369 2663 464 2700 aperte
477 2670 670 2694 warraverunt
685 2671 739 2691 nos
753 2671 805 2699 pro
823 2663 899 2692 eoin
921 2662 974 2692 hac
994 2661 1099 2693 werra:
1120 2661 1154 2691 &
1173 2670 1225 2691 nos
1247 2662 1281 2691 fi-

207 2701 312 2732 militer
329 2701 498 2731 habebimus
516 2700 649 2731 homines
665 2700 700 2731 δε
717 2699 854 2737 imprisios
872 2699 1003 2739 nostros,
1028 2702 1077 2738 qui
1094 2700 1189 2738 aperte
1207 2709 1281 2739 prze—

206 2739 319 2770 dietum
336 2739 367 2770 R
386 2748 452 2769 crern
471 2739 600 2770 Franciae
617 2746 809 2770 werraverunt
827 2749 880 2776 pro
897 2739 981 2769 nobis
999 2740 1029 2768 in
1046 2739 1099 2769 hac
1119 2738 1228 2777 werra,
1247 2739 1283 2770 ita

206 2787 303 2810 tamen
325 2779 385 2817 quo
428 2778 458 2808 in
480 2776 681 2816 Normannia,
705 2776 923 2816 Cenomannia,
947 2776 1102 2816 Britannia,
1132 2777 1282 2817 Turonia,

208 2816 392 2855 Andegavia,
411 2816 481 2847 ultra
493 2816 621 2856 Ligerim
640 2825 675 2847 ex
689 2824 766 2854 parte
789 2815 918 2847 Civitatis
938 2815 1128 2857 Andegaviae,
1154 2826 1215 2847 non
1237 2826 1282 2847 re-

208 2857 334 2887 manebit
354 2856 438 2886 nobis
452 2863 543 2894 terra,
562 2856 672 2893 horno,
688 2854 735 2886 vel
749 2855 886 2892 imprisius
901 2865 950 2893 per
964 2855 1037 2886 hanc
1052 2864 1188 2894 treugam.

246 2905 275 2925 2.
297 2894 335 2925 Et
351 2894 418 2925 Rex
433 2894 627 2932 Francorum,
647 2894 681 2925 &
696 2903 766 2932 nos,
784 2894 819 2925 &
832 2893 980 2932 homines,
999 2894 1033 2925 &
1045 2893 1162 2931 imprisii
1175 2893 1230 2932 sui,
1248 2895 1282 2925 &

207 2933 298 2964 nostri
318 2934 423 2963 erimus
443 2940 569 2963 tenentes
590 2933 667 2963 bona
689 2931 746 2963 fide
784 2932 856 2963 sicut
877 2941 984 2962 eramus
1005 2940 1131 2963 tenentes
1148 2933 1283 2970 praedi&a

207 2972 255 3003 die
276 2972 394 3002 Veneris
415 2978 478 3002 ante
498 2971 602 3002 festum
624 2971 720 3002 Sancti
742 2957 849 3009 Luca-3
868 2972 920 3009 &,
937 2970 957 3001 fi
977 2973 1128 3002 contentio
1147 2971 1233 3001 fuerit
1253 2971 1283 3001 in

211 3018 328 3041 teneura
344 3010 496 3040 hominum
511 3010 600 3050 Regis
615 3009 638 3039 F
640 3010 758 3048 ranciae,
776 3019 825 3049 per
837 3009 950 3040 dietum
965 3010 999 3041 &
1013 3010 1229 3041 Sacramentum
1243 3009 1282 3039 R.

210 3048 338 3079 Comitis
352 3047 399 3079 Au
419 3049 445 3086 i,
463 3049 497 3080 &
512 3048 647 3089 Hugonis
663 3048 849 3079 Vicecomitis
863 3047 957 3079 Castri
970 3047 1113 3086 Heraudi,
1128 3047 1163 3077 ad
1176 3048 1234 3078 hoc
1250 3058 1284 3078 ex

209 3096 287 3124 parte
308 3087 390 3127 ipfius
401 3057 500 3126 gRegis
524 3087 701 3118 Francorum
715 3087 924 3125 appositorum,
942 3087 975 3118 ὅ(
988 3086 1109 3118 Savarici
1124 3085 1161 3116 de
1185 3086 1284 3117 Malo-

210 3126 308 3164 leone,
331 3126 365 3157 &
380 3124 540 3156 Guillielmi
554 3125 590 3156 de
606 3125 821 3157 Cantumerulae
833 3125 869 3156 ad
884 3125 942 3156 hoc
963 3135 997 3156 ex
1022 3135 1100 3165 parte
1120 3124 1215 3156 nostra
1235 3135 1284 3164 ap-

211 3164 389 3203 positorum,
406 3163 609 3194 emendabitur.

252 3210 278 3240 3.
297 3201 335 3233 Et
350 3202 489 3241 similiter,
508 3202 528 3232 si
542 3204 691 3233 contentio
706 3202 790 3234 fuerit
807 3201 845 3232 de
857 3211 972 3233 teneura
991 3202 1147 3234 hominum
1170 3201 1283 3233 nostro-

212 3249 280 3270 rum
295 3242 364 3271 citra
377 3241 512 3280 Legerim
525 3250 559 3271 ex
573 3251 650 3280 parte
664 3241 817 3280 Pictaviae,
837 3251 887 3279 per
900 3241 1011 3272 dietum
1026 3242 1060 3273 &
1081 3241 1283 3272 sacramentum

212 3277 335 3309 istorum
351 3287 469 3316 quatuor
484 3280 687 3317 praedietorum
701 3279 904 3310 emendabitur.

252 3326 280 3356 4.
300 3316 330 3347 Si
343 3317 561 3355 interceptiones
574 3318 642 3349 fiant
655 3319 686 3348 in
698 3326 812 3358 treuga,
830 3319 887 3349 five
900 3317 937 3349 de
948 3317 1078 3358 Catallo,
1096 3317 1154 3349 sive
1176 3318 1213 3348 de
1232 3317 1285 3349 vil-

214 3355 284 3386 lanis
304 3356 406 3395 captiS‚
422 3355 479 3386 five
500 3356 536 3387 de
558 3356 667 3396 praeda,
686 3356 848 3388 emendatio
863 3357 929 3387 inde
944 3359 1084 3396 capietur,
1102 3367 1151 3396 per
1165 3357 1285 3395 praedic-

215 3402 262 3425 tos
282 3402 418 3432 quatuor,
436 3394 508 3424 infra
527 3394 705 3434 quadraginta
722 3394 781 3425 dies
803 3395 971 3434 postquam,
995 3404 1112 3434 propter
1129 3396 1188 3426 hoc
1209 3395 1284 3425 sum-

215 3434 337 3471 moniti,
357 3431 467 3462 dietum
479 3431 559 3462 suum
573 3433 639 3463 inde
654 3433 782 3465 dixerint.

255 3480 282 3510 5.
301 3472 332 3514 Si
353 3479 446 3501 autem
462 3471 627 3538 ἰηῑοτεερὲἰο
647 3472 694 3501 fiat
708 3472 754 3503 vel
766 3472 803 3502 de
816 3471 963 3502 Forteritia
972 3495 981 3509 ‚
995 3471 1040 3503 vel
1052 3472 1088 3502 de
1102 3471 1206 3502 Castro
1220 3481 1285 3501 mu-

216 3518 294 3549 rato,
315 3513 372 3540 live
386 3508 421 3539 de
434 3518 555 3547 corpore
600 3511 690 3539 aronis
711 3518 811 3548 capto,
829 3510 990 3540 emendatio
1010 3510 1076 3540 inde
1097 3510 1145 3540 fiet
1163 3510 1286 3540 similiter

215 3558 266 3586 per
279 3547 431 3586 praedietos
446 3556 564 3586 quatuor
577 3547 654 3577 bona
669 3547 741 3586 fide,
759 3549 830 3579 infra
843 3548 1024 3587 quadraginta
1036 3549 1112 3586 dies,
1132 3548 1285 3588 postquam

215 3587 266 3625 ipsi
280 3587 390 3617 ditstum
405 3586 486 3617 suum
502 3585 567 3615 inde
582 3585 720 3624 dixerint,
738 3586 783 3616 vel
797 3586 858 3617 duo
873 3597 906 3618 ex
919 3587 988 3625 illis,
1005 3588 1025 3618 fi
1043 3588 1088 3617 alii
1101 3587 1203 3626 ,dicere
1224 3596 1285 3616 non

216 3626 377 3663 voluerint,
396 3625 443 3656 vel
457 3633 550 3665 treuga
565 3631 679 3662 propter
690 3624 749 3654 hoc
764 3625 927 3663 interrumpi
940 3627 1060 3665 poterit,
1073 3625 1131 3656 fine
1145 3626 1285 3664 intercep-

217 3664 297 3696 tione
333 3662 398 3701 post
413 3664 492 3694 illum
506 3664 659 3694 terminum
674 3662 853 3702 quadraginta
863 3664 985 3694 dierum.

257 3705 284 3734 6.
305 3689 388 3733 'Haec
407 3710 502 3744 treuga
520 3701 715 3733 affecurabitur
735 3710 769 3730 ex
791 3699 869 3737 parte
888 3702 978 3740 Regis
1000 3702 1127 3733 Franciae
1148 3711 1197 3740 per
1218 3711 1285 3740 eos,

217 3750 347 3780 quorum
369 3742 486 3772 nomina
505 3741 653 3779 subscripta
674 3739 735 3770 sunt
749 3763 759 3777 ‚
782 3739 885 3770 scilicet
899 3764 910 3778 ,
934 3751 985 3779 per
1007 3740 1159 3772 Comitem
1178 3740 1286 3771 Britan-

218 3781 292 3819 niae,
311 3780 473 3820 Hugonem
485 3779 612 3810 Brunum
627 3778 777 3809 Comitem
798 3776 892 3815 Augi‚
912 3778 953 3808 G.
972 3779 1008 3809 de
1025 3780 1185 3818 Lizegnem
1198 3778 1286 3809 Vice-

218 3820 358 3849 comitem
381 3818 635 3856 Lemovicensem,
661 3816 875 3848 Vicecomitem
896 3815 991 3847 Castri
1009 3817 1154 3856 Heraudi‚
1180 3817 1232 3847 W.
1250 3817 1286 3847 de

220 3855 417 3895 Malo-leone,
442 3857 502 3887 Th.
529 3856 566 3886 de
584 3856 707 3894 Blazon,
733 3854 773 3885 G.
800 3854 836 3884 de
857 3853 956 3884 Toch.
976 3855 1080 3894 Sulpic.
1099 3856 1135 3886 de
1154 3855 1286 3894 Ambaz,

218 3893 260 3924 G.
279 3895 464 3926 Sonnebauth
478 3895 690 3926 Vicecomitem
706 3894 830 3930 Bruciae,
846 3891 1049 3924 Eschivardum
1063 3895 1098 3924 de
1111 3894 1249 3924 Pruliaco.

260 3940 287 3969 7.
314 3933 358 3963 Ex
379 3943 456 3971 parte
476 3933 586 3970 nostra,
612 3944 662 3971 pei·
681 3931 894 3964 Vicecomitem
914 3930 1042 3962 Thoarc.
1069 3933 1231 3963 Savaricum
1251 3932 1288 3963 de

223 3968 404 4002 Malo-leone
414 3997 422 4009 ,
440 3972 493 4001 W.
509 3972 544 4002 de
561 3972 707 4009 Mauseio,
726 3971 777 4001 W.
794 3969 947 4008 Meingot,
963 3969 1006 3999 H.
1021 3970 1288 4009 Archiepiscopum,

224 4006 266 4037 G.
286 4007 405 4047 Martel,
423 4010 454 4040 B.
473 4010 509 4041 de
526 4010 712 4047 Mauleurier,
731 4006 935 4039 Theobaldum
949 4006 1071 4046 Crispini
1103 4009 1288 4046 Radulphurn

225 4045 262 4089 de
277 4043 434 4090 Martliaio,
453 4048 494 4078 G.
512 4048 549 4079 de
563 4050 656 4079 Taun.
676 4047 717 4079 G.
735 4047 772 4079 de
786 4047 927 4084 Rancon,
944 4032 1138 4084 Reginaldum
1153 4047 1189 4077 de
1210 4047 1289 4078 Pon-

224 4083 299 4115 tibus
309 4083 473 4123 Juniorem,
489 4087 529 4117 T.
549 4087 675 4117 Chabot.

261 4121 289 4154 8.
307 4120 419 4154 Omnes
433 4123 496 4163 isti,
512 4134 547 4156 ex
559 4133 675 4165 utraque
687 4132 782 4165 parte,
796 4125 930 4164 jurabunt
944 4123 1027 4163 quod
1040 4123 1118 4156 bona
1137 4123 1194 4155 fide
1215 4130 1290 4155 treu-

2283 226 2341 268 45

1281 293 1515 360 Ξὲῐέιῖὲεῃεὸυηῃ
1533 293 1567 324 &
1583 293 1618 325 de
1630 295 1673 334 se,
1696 291 1730 327 δέ
1743 297 1779 328 de
1794 297 1846 330 suis
1865 297 2029 329 hominibus
2047 297 2147 330 volent
2166 298 2246 337 quod
2268 298 2346 330 bona
2365 298 2491 331 AnnD.

1377 340 1481 362 neatur.
2383 340 2468 370 1206.

1321 378 1348 412 ρ.
1366 369 1396 399 Si
1408 370 1492 415 aliqui
1507 370 1544 415 de
1556 371 1696 408 praedietis
1708 384 1844 415 quatuor,
1864 377 1913 414 qui
1925 375 1959 406 ad
1974 375 2127 406 dicendum
2149 375 2185 406 de
2206 378 2346 416 teneuris,
2468 374 2471 375 ⁷

1282 407 1317 437 ὃς
1330 409 1582 451 interceptionibus
1593 419 1702 454 ¹treugae
1717 414 1778 445 sunt
1792 415 1925 453 appositi,
1945 416 2081 445 exonium
2095 414 2277 445 manifestum
2296 415 2346 446 ha-

1282 445 1412 484 buennt,
1430 448 1464 478 ad
1486 447 1544 492 hoc
1565 449 1632 479 ahos
1654 450 1771 482 idoneos
1794 454 1822 482 in
1843 454 1910 483 loco
1932 453 1981 484 suo
1995 462 2120 492 ponent,
2137 463 2188 492 per
2201 453 2247 484 sua
2260 453 2347 485 sacra-

1284 492 1380 514 menta
1414 486 1508 517 donec
1522 487 1652 517 mteresse
1667 489 1771 526 poffint
1783 491 1859 521 bona
1872 490 1935 521 fide.

1311 532 1369 568 Ἰοἒ
1387 510 1426 556 lit
1448 525 1467 556 fi
1490 525 1580 563 forte,
1595 526 1670 570 ⁷infra
1688 535 1833 568 treugam,
1851 529 1947 567 aliquis
1968 540 2070 561 eorum
2089 538 2212 569 quatuor
2225 531 2348 569 obierit;

1283 561 1349 592 alius
1362 563 1481 595 idoneus
1493 564 1561 594 loco
1575 574 1632 603 ejus
1644 575 1767 603 ponetur
1779 568 1815 597 ab
1827 577 1878 604 eo,
1896 567 1932 597 de
1946 570 2024 606 cujus
2038 577 2114 606 parte
2124 571 2214 601 fuerit.

1320 600 1341 620 *ξ
1364 611 1409 646 ii.
1430 602 1542 633 Omnes
1563 602 1695 635 homines
1715 606 1749 636 &
1765 614 1862 643 terrae,
1890 604 1978 645 Regis
2001 606 2143 646 Franciae,
2166 608 2289 646 scilicet,
2313 607 2348 639 &
2368 612 2384 629 ⁴*
2402 612 2501 646 1.i42.

1286 638 1390 683 nostri,
1409 650 1491 673 erunt
1513 643 1542 672 in
1562 650 1658 682 treuga
1680 643 1746 683 ista,
1765 645 1799 675 &
1820 644 1943 682 poterint
1964 645 2077 674 interim
2097 646 2164 677 hinc
2179 646 2244 676 inde
2258 648 2298 676 ire
2313 647 2347 678 &

1288 678 1393 723 redire,
1412 681 1445 711 ὃς
1460 682 1602 720 negociari
1617 683 1731 720 secure,
1749 682 1940 721 praeterquam
1953 683 1983 712 in
1997 681 2084 712 Curia
2098 683 2186 719 Regis
2207 684 2351 720 Frainciae,

1288 717 1323 747 &
1342 727 1371 747 in
1392 717 1480 749 Curia
1500 719 1611 750 nostra:
1632 721 1666 750 ad
1707 731 1758 751 uos
1778 721 1869 752 nullus
1881 721 1993 758 veniet,
2011 721 2062 751 nisi
2076 722 2119 752 vir
2133 723 2180 752 reli
2201 723 2288 762 iosus,
2305 723 2353 754 vel

1290 754 1440 787 Mercator
1457 759 1604 797 cognitus,
1622 759 1680 789 fine
1687 731 1812 790 Klicentia
1832 759 1920 799 Regis
1942 758 2066 790 Franciae
2085 760 2131 791 vel
2143 770 2182 790 no
2203 771 2253 799 ra,
2270 770 2354 792 ten‘ae

1291 803 1462 837 communes
1478 804 1560 826 erunt
1574 798 1686 828 interim
1695 823 1704 836 ‚
1723 799 1757 829 &
1771 797 1949 830 Mercatores
1963 798 2044 830 ibunt
2057 799 2091 830 &
2103 798 2235 830 redibunt
2246 809 2295 836 per
2314 800 2354 830 le-

1291 840 1401 871 gitimas
1416 834 1631 866 consuetudines
1645 837 1778 874 antiquas,

1335 879 1379 899 12.
1398 871 1484 916 Hanc
1498 881 1627 917 treugam
1642 874 1709 905 fecit
1723 875 1788 906 Rex
1804 875 1929 906 Franciae
1939 875 2030 914 jurare
2042 885 2096 914 pro
2111 876 2138 906 se
2151 876 2181 906 in
2195 876 2287 906 anima
2301 876 2358 914 sua;

1294 908 1328 938 &
1350 918 1402 952 nos
1424 910 1559 941 iimiliter:
1580 911 1619 943 Et
1641 914 1670 943 in
1692 923 1812 944 manum
1825 916 1898 952 capit
1913 914 1979 944 Rex
1995 914 2138 953 Franciae,
2157 914 2236 951 quod
2250 913 2303 944 W.
2322 914 2359 944 de

1295 946 1444 987 Rupibus,
1461 949 1618 981 Mauricius
1637 952 1674 982 de
1695 951 1829 991 Creone,
1847 951 1900 983 W.
1920 952 1956 983 de
1979 953 2135 991 Guircliia,
2153 953 2193 983 G.
2214 953 2250 984 de
2263 952 2361 983 Ance-

1295 986 1359 1051 neaisn}
1372 996 1419 1053 {13}
1427 988 1488 1053 ,bad
1499 997 1638 1056 ttreugam
1653 991 1801 1028 jurandam
1821 1000 1855 1021 ex
1879 1000 1955 1029 parte
1976 991 2071 1021 nostra
2090 991 2211 1029 requisiti
2232 991 2363 1028 fuerunt,

1422 1035 1438 1054 e
1459 1035 1497 1054 un
1513 1049 1518 1053 .

1341 1069 1385 1099 13.
1406 1062 1442 1092 A.
1460 1062 1526 1092 Rex
1541 1062 1673 1094 Castellae
1687 1067 1738 1096 erit
1752 1067 1781 1095 in
1794 1066 1846 1096 hac
1860 1074 1970 1105 treuga,
1979 1067 1999 1097 fi
2013 1068 2191 1106 voluerit,&
2206 1068 2275 1098 infra
2290 1067 2364 1098 hanc

1298 1106 1426 1138 treugam
1440 1102 1545 1138 poterit
1559 1102 1711 1133 nobiscum
1725 1113 1918 1142 componere,
1937 1105 1956 1134 fi
1974 1115 2026 1135 nos
2041 1107 2222 1137 voluerimus.

1336 1137 1447 1169 Actum
1461 1139 1534 1178 apud
1547 1140 1742 1180 Thoarciurn,
1761 1142 1849 1173 Anno
1863 1141 1987 1173 Domini
2000 1144 2149 1176 millesimo
2169 1143 2365 1177 ducentesimo

1298 1176 1393 1216 sext0,
1411 1178 1507 1210 mense
1521 1177 1668 1210 octobris.

1301 1254 1437 1287 Testibus
1443 1280 1454 1294 ,

1339 1335 1457 1363 Domino
1472 1335 1506 1362 B.
1527 1335 1648 1364 Wnton.
1669 1333 1810 1374 Epifiopo,

1342 1371 1488 1402 Wllielmo
1503 1375 1664 1403 Briewerra
1672 1398 1683 1412 ‚

1341 1409 1458 1441 Roberto
1463 1409 1527 1452 filio
1542 1411 1670 1442 Walteri.

1343 1488 1412 1520 Dat.
1431 1499 1481 1527 per
1496 1498 1615 1520 manum
1629 1488 1765 1529 Hugonis
1778 1487 1981 1520 Archidiaconi
1995 1486 2162 1527 Wellenfis‚
2177 1486 2252 1526 apud
2259 1486 2375 1518 Thoar}

1307 1529 1402 1567 cium,
1428 1528 1567 1561 vicesimo
1589 1529 1667 1560 sexto
1693 1528 1740 1559 die
1761 1527 1910 1559 Oetobris.
1949 1527 2038 1558 Anno
2059 1527 2154 1567 Regni
2173 1525 2263 1557 nostri
2284 1526 2377 1557 oeta-

1307 1577 1356 1598 vo.

1309 1693 1360 1726 De
1382 1690 1634 1737 Confoederatione
1660 1695 1738 1724 inter
1761 1689 1937 1737 Johannem
1957 1694 2067 1737 Regem
2088 1690 2225 1739 Angliae‚
2253 1693 2291 1729 (θ’
2318 1688 2379 1723 Al-

1554 1741 1681 1786 fonfitm
1701 1743 1811 1787 Regem
1830 1742 1952 1787 Legion.
1972 1739 2133 1786 facienda.

1309 1825 1432 1888 REX
1447 1825 1568 1857 Alfonso
1582 1825 1681 1856 illustri
1695 1825 1772 1866 Regi
1785 1826 1949 1866 Legionum
1959 1827 1993 1858 &
2008 1825 2105 1856 Gelet.
2123 1825 2184 1857 &c.
2400 1828 2476 1861 Ann,
2487 1827 2530 1859 D,

1411 1864 1514 1896 Grates
1528 1865 1612 1895 vobis
1625 1865 1792 1902 multiplices
1807 1865 1972 1903 referimus,
1991 1866 2028 1895 eo
2043 1864 2123 1902 quod
2145 1862 2380 1894 confoederatio·
2422 1876 2504 1905 1207.

1310 1913 1379 1933 nem
1402 1905 1474 1934 inter
1495 1913 1547 1933 nos
1566 1904 1600 1935 &
1619 1913 1672 1934 vos
1693 1902 1752 1933 fieri
1773 1902 1928 1940 affeetatis,
1947 1911 1978 1933 ut
1990 1913 2043 1934 vos
2058 1912 2094 1932 eo
2107 1903 2195 1942 magis
2211 1902 2247 1932 ab
2261 1902 2383 1932 inimicis
2400 1912 2442 1936 Au
2467 1917 2494 1942 9,

1310 1942 1424 1980 vestris,
1443 1942 1477 1973 &
1488 1952 1541 1972 nos
1553 1951 1568 1971 a
1583 1941 1684 1972 nostris
1696 1950 1835 1972 tueamur.
2144 1959 2146 1963 ,
2400 1946 2463 1984 Joh.

1347 1981 1386 2012 Et
1407 1982 1493 2012 sciatis
1514 1979 1593 2018 quod
1615 1990 1668 2011 nos
1690 1979 1769 2010 idem
1782 1979 1939 2017 plurimum
1954 1979 2160 2018 desideramus;
2180 1979 2256 2010 unde
2268 1989 2320 2011 vos
2334 1989 2382 2010 ro·
2400 1985 2490 2022 olaus.
2505 1985 2534 2018 92

1310 2029 1410 2058 gamus
1447 2020 1553 2050 uatinus
1567 2019 1690 2056 aliquem
1712 2018 1749 2049 de
1772 2018 1885 2056 vestris,
1905 2018 2020 2049 fidelem
2040 2018 2193 2049 discretum
2211 2017 2384 2055 Nuncium,
2402 2023 2500 2061 Johan-

1312 2058 1347 2089 ad
1362 2069 1415 2089 nos
1448 2057 1586 2095 estinetis,
1608 2059 1642 2088 &
1655 2057 1758 2096 talem,
1780 2058 1828 2095 qui
1841 2057 1921 2094 super
1936 2057 1994 2088 hoc
2008 2057 2092 2095 sciat,
2111 2058 2145 2089 &
2159 2056 2244 2095 poffit
2265 2057 2331 2086 dare
2350 2057 2384 2088 &
2399 2060 2533 2095 nis,m.i6.

1310 2099 1438 2136 recipere
1450 2097 1641 2134 securitatem,
1660 2095 1695 2126 ad
1707 2096 1853 2126 honorem
1863 2097 1896 2128 &
1908 2095 2103 2127 commodum
2116 2095 2248 2126 nostrum
2269 2096 2303 2127 &
2322 2105 2386 2128 ves-

1314 2145 1399 2168 trum.

1351 2175 1402 2207 De
1415 2174 1528 2207 Catallis
1540 2174 1695 2206 hominum
1711 2173 1892 2212 vestrorum,
1909 2175 1995 2213 captis
2008 2175 2037 2204 in
2051 2173 2190 2212 potestate
2203 2172 2315 2211 nostra,
2334 2181 2387 2203 un-

1315 2214 1351 2246 de
1366 2225 1419 2246 nos
1433 2214 1566 2255 rogastis,
1584 2213 1671 2244 sciatis
1687 2213 1785 2252 quod,
1801 2213 1868 2244 licet
1879 2222 1959 2252 capta
1974 2213 2079 2244 fuerint
2098 2213 2147 2244 ubi
2168 2211 2389 2250 deportabantur

1313 2254 1475 2285 succursum
1496 2254 1683 2283 inimicorum
1704 2251 1871 2283 nostrorum
1885 2277 1896 2291 ,
1921 2253 1956 2284 ὃς
1977 2252 2008 2282 in
2027 2252 2106 2282 terris
2124 2261 2227 2282 eorum
2242 2274 2251 2289 ,
2277 2259 2388 2288 tamen,

1316 2303 1385 2324 cum
1400 2294 1472 2323 inter
1485 2302 1538 2322 nos
1553 2290 1775 2322 Confoederatio
1801 2290 1874 2321 faeta
1896 2290 1996 2329 fuerit,
2014 2298 2125 2322 tantum
2145 2290 2212 2321 inde
2232 2299 2286 2329 pro
2304 2289 2390 2325 vobis,

1314 2332 1466 2369 faciemus,
1484 2330 1560 2362 unde
1571 2331 1655 2361 nobis
1669 2339 1758 2370 grates
1776 2329 1846 2361 scire
1859 2328 2006 2360 debebitis.

1354 2409 1446 2442 Teste
1461 2409 1569 2447 meipso
1585 2407 1660 2447 apud
1672 2407 1847 2440 Wudestok.
1866 2406 1986 2446 septimo
2001 2406 2048 2439 die
2059 2406 2191 2446 Augusti.

1356 2487 1413 2518 Per
1427 2487 1596 2518 Dominum
1609 2486 1745 2518 Winton.

1319 2613 1369 2644 De
1398 2610 1490 2655 causlz
1520 2612 1635 2656 Reginae
1661 2611 1843 2655 Berengariae
1863 2611 1961 2641 Romae
1980 2605 2097 2655 agenda
2121 2609 2308 2641 Innocentius
2328 2608 2390 2640 Pa-

2410 2746 2486 2778 Ann.
2500 2746 2540 2778 D.

1827 2668 1882 2705 pa.

1315 2742 1475 2818 JOhanni
1489 2742 1566 2783 Regi
1580 2742 1746 2781 Anglorum
1759 2742 1865 2774 illustri.

1385 2782 1468 2821 Saepe
1483 2793 1533 2820 per
1546 2782 1654 2813 nostras
1670 2783 1771 2813 litteras
1784 2791 1829 2820 te,
1848 2791 1952 2821 quem,
1972 2780 2043 2812 ficut
2055 2781 2138 2813 novit
2152 2779 2208 2819 ipse
2222 2780 2271 2819 qui
2289 2779 2391 2824 scrura-
2438 2794 2521 2823 1207,

1321 2830 1367 2852 tur
1385 2831 1465 2852 renes
1485 2822 1519 2852 ὃς
1538 2822 1644 2859 corda,
1664 2821 1769 2852 fincera
1791 2821 1933 2859 diligimus
1946 2821 1977 2850 in
1991 2819 2129 2850 Domino
2142 2821 2273 2857 caritate,
2291 2818 2394 2848 recoli-
2413 2829 2463 2853 An.
2478 2836 2505 2860 9·

1321 2868 1385 2890 mus
1408 2859 1551 2891 monuisse
1572 2867 1620 2899 ut,
1645 2868 1702 2891 tuae
1722 2860 1799 2890 saluti
1820 2859 1967 2890 consulens
1988 2859 2022 2890 ὃς
2044 2858 2172 2896 honori,
2196 2856 2347 2887 kariffimae
2365 2857 2394 2886 in
2412 2863 2476 2903 γαί),

1324 2897 1441 2929 Christo
1456 2898 1521 2928 filiae
1535 2897 1711 2938 Berengariae
1727 2898 1874 2937 quondam
1887 2897 2050 2937 Anglorum
2066 2897 2187 2935 Reginae
2202 2894 2300 2926 illustri
2316 2895 2397 2933 super

1321 2936 1450 2968 dotalitio
1471 2937 1537 2975 suo,
1555 2937 1707 2968 medietate
1727 2937 1882 2968 mobilium
1903 2936 1959 2967 incl
1979 2944 2016 2966 tae
2035 2934 2237 2966 recordationis
2258 2933 2398 2965 Richardi

1322 2975 1410 3005 fratris
1425 2976 1465 3006 tui
1480 2977 1513 3007 &
1529 2975 1695 3014 quibusdam
1709 2975 1767 3006 aliis
1782 2986 1847 3013 quae
1860 2975 1935 3006 dic'ta
1983 2975 2062 3013 egina
2077 2972 2127 3003 fibi
2141 2982 2211 3004 com
2233 2979 2308 3004 etere
2326 2972 2397 3003 affe-

1320 3014 1414 3053 rebat,
1434 3014 1472 3044 sic
1494 3014 1646 3045 satisfacere
1665 3024 1831 3053 procurares
1856 3013 1934 3051 quod
1956 3013 1982 3042 ei
1993 3011 2067 3042 nulla
2081 3010 2118 3042 de
2131 3021 2162 3042 re
2177 3012 2202 3042 ‘u
2230 3022 2244 3042 a
2257 3018 2399 3042 remaneat

1324 3054 1439 3083 materia
1461 3052 1674 3091 conquerendi,
1699 3053 1733 3084 δε
1754 3051 1929 3090 majestatem
1949 3050 2142 3088 complacares
2184 3051 2289 3082 'vinarii
2310 3059 2398 3088 quam

1321 3101 1437 3129 propter
1451 3092 1509 3122 hoc
1525 3090 1663 3122 videbaris
1679 3091 1801 3128 graviter
1815 3089 1978 3120 offendisse.

1361 3130 1512 3168 Qioniam
1527 3139 1623 3167 preces
1636 3130 1669 3161 &
1683 3129 1858 3159 monitiones
1877 3127 1984 3159 nostrae
2006 3136 2036 3158 te
2056 3128 2091 3158 ad
2112 3127 2335 3159 satisfaciendum
2356 3126 2394 3156 ei-

1321 3168 1391 3198 dem
1409 3169 1528 3199 minime
1549 3167 1735 3205 induxerunt,
1759 3166 1830 3197 sicut
1851 3166 1934 3205 ipsius
1955 3166 2054 3204 saepius
2075 3166 2204 3204 replicata
2224 3176 2281 3196 con
2304 3163 2394 3207 uestiq

1323 3206 1488 3244 declaravit,
1507 3207 1657 3243 negotium
1677 3205 1769 3243 ipsum
1789 3205 1997 3236 venerabilibus
2018 3205 2148 3236 fratribus
2171 3204 2271 3235 nostris
2316 3203 2395 3233 lienii

1322 3245 1558 3283 &Wigornienli
1570 3244 1720 3283 Episcopis
1745 3244 1940 3275 commifimus
1954 3243 2144 3281 audiendum,
2159 3244 2178 3263 *²
2194 3243 2227 3273 &
2242 3243 2326 3271 etiam
2338 3241 2394 3271 aliis

1322 3285 1449 3322 primitus
1462 3285 1531 3313 citra
1545 3293 1631 3313 mare.
1670 3282 1726 3313 Sed
1742 3292 1796 3313 nec
1810 3282 1865 3321 fic,
1884 3292 1944 3321 prae
1958 3281 2151 3322 magnitudine
2174 3280 2269 3319 regalis
2291 3287 2394 3317 poten-

1321 3324 1384 3361 tiae,
1402 3322 1557 3360 Septennio
1564 3322 1623 3360 jam
1641 3321 1752 3359 elapso,
1770 3321 1846 3351 suam
1862 3321 1943 3359 super
1954 3322 1986 3350 iis
2001 3321 2092 3357 potuit
2103 3318 2236 3358 justitiam
2251 3318 2394 3357 obtinere,

1324 3371 1392 3392 cum
1400 3360 1520 3429 fnullus,
1539 3361 1730 3399 impertiturus
1751 3359 1845 3391 eidem
1865 3360 2072 3398 patrocinium,
2091 3356 2188 3387 audeat
2207 3357 2237 3386 in
2257 3355 2393 3395 Angliam

1323 3408 1397 3431 trans
1412 3407 1507 3430 retare.
1743 3429 1746 3433 ,

1362 3437 1442 3468 Cum
1460 3439 1542 3477 igitur
1559 3447 1593 3468 ex
1607 3437 1738 3475 injuncto
1751 3436 1835 3467 nobis
1850 3433 2035 3473 Apostolatus
2058 3431 2159 3463 officio
2181 3431 2271 3464 viduis
2292 3435 2326 3466 &
2346 3445 2397 3465 or..

1323 3477 1420 3515 phanis
1442 3477 1526 3506 limus
1547 3476 1699 3515 specialiter
1721 3477 1749 3505 in
1765 3474 1868 3514 justitia
1888 3473 2046 3509 debitores,
2069 3482 2122 3502 nec
2142 3471 2261 3502 velimus
2283 3472 2394 3503 deferre

1324 3515 1435 3545 homini
1455 3523 1555 3546 contra
1575 3515 1693 3554 Deum,
1712 3516 1760 3552 qui
1779 3512 1894 3544 viduam
1916 3520 1991 3554 voce
2011 3509 2183 3554 Prophetica
2197 3511 2324 3549 praecipit
2344 3511 2394 3542 de-

1323 3554 1436 3592 fensari,
1455 3553 1640 3593 magnitudini
1661 3554 1744 3592 regiae
1767 3560 1817 3589 per
1839 3548 2004 3587 Apostolica
2027 3548 2127 3585 scripta
2144 3548 2309 3580 mandamus
2325 3560 2393 3588 qua-

1323 3602 1404 3623 tenus
1420 3592 1506 3630 usque
1519 3592 1554 3622 ad
1576 3592 1692 3622 Festum
1706 3589 1870 3627 Epiphaniae
1884 3587 2008 3617 Domini
2021 3588 2155 3624 proximo
2171 3596 2322 3618 venturum
2342 3599 2393 3626 per

1323 3631 1543 3662 Procuratorem
1556 3630 1710 3660 ideoneum
1723 3637 1751 3657 te
1766 3626 1865 3657 nostro
1887 3625 2053 3667 conspeetui
2072 3626 2266 3665 repraesentes,
2285 3627 2393 3657 exhibi-

1325 3679 1401 3701 turus
1414 3669 1557 3708 praedictae
1574 3668 1696 3704 Reginae
1711 3665 1756 3696 vel
1770 3664 1952 3695 Procuratori
1965 3668 2014 3693 luo
2028 3663 2107 3701 super
2122 3664 2268 3702 praemiffis
2283 3666 2392 3703 &aliis‚

1325 3708 1401 3747 fiqua
1423 3709 1498 3739 forte
1514 3706 1641 3737 adversus
1662 3713 1690 3734 te
1710 3703 1818 3747 duxerit
1840 3701 2026 3740 proponenda
2040 3726 2050 3740 ,
2087 3703 2118 3733 in
2135 3703 2279 3741 praesentia
2300 3703 2394 3734 nostra

1325 3747 1404 3786 quod
1418 3746 1490 3777 ordo
1504 3745 1651 3775 dictaverit
1667 3750 1788 3772 rationis.

1363 3785 1500 3823 Alioquin
1521 3792 1640 3819 extunc,
1659 3782 1724 3818 quia
1742 3779 1792 3818 ipfi
1810 3789 1871 3811 non
1889 3778 2035 3817 possumus
2050 3780 2079 3809 in
2091 3779 2141 3811 suo
2152 3781 2215 3819 jure
2227 3780 2338 3818 deesse,
2356 3790 2393 3811 ne

1324 3824 1398 3855 forte
1413 3830 1574 3854 contrarios
1589 3820 1691 3849 clamet
1704 3821 1734 3850 in
1748 3817 1874 3856 coelum,
1892 3818 1925 3848 &
1946 3817 2092 3849 Dominus
2114 3819 2240 3850 exaudiat
2260 3820 2317 3858 ejus
2339 3829 2392 3849 vo-

1325 3873 1408 3900 cem,
1430 3868 1568 3899 quantum
1589 3857 1626 3887 de
1639 3858 1702 3896 jure
1720 3858 1892 3896 poterimus,
1910 3857 1939 3886 in
1960 3856 2019 3894 ipso
2041 3858 2158 3897 negotio
2174 3857 2268 3890 divina
2278 3857 2391 3888 favente

1326 3901 1475 3932 clementia
1490 3895 1688 3935 procedemus.

1364 3939 1432 3969 Nos
1445 3939 1520 3967 enim
1536 3934 1674 3973 praedietis
1693 3933 1839 3973 Episcopis
1859 3932 1961 3963 nostris
1982 3933 2081 3965 damus
2100 3934 2225 3965 distrifie
2246 3934 2341 3964 litteris
2364 3934 2393 3962 in

1325 3976 1471 4043 praecepfits
1490 3983 1521 4005 ut
1539 3973 1590 4004 tibi
1609 3973 1799 4012 supradidtum
1811 3973 1976 4003 terminum
2002 3972 2138 4012 affignare
2164 3973 2389 4012 peremptorium

1326 4026 1386 4046 non
1397 4024 1436 4052 po
1463 4020 1579 4051 ponant.

2413 3250 2462 3278 ¹³1.
2479 3257 2542 3287 143.

1363 4090 1475 4123 Datum
1489 4089 1628 4129 Viterbii,
1648 4098 1675 4131 3.
1693 4087 1799 4121 Nonas
1812 4088 2002 4128 Septembris,
2020 4087 2109 4120 Anno
2125 4095 2170 4125 10.

1840 4156 1865 4188 F
1884 4167 1899 4196 3
2338 4153 2393 4183 Re·-
