2570 4261
93 246 168 276 Arm.
185 244 222 275 D.

114 293 197 321 1307.

91 325 158 349 Edv.
181 332 206 351 2.

90 400 143 424 An.
167 405 189 425 1.

92 439 122 461 F..
149 445 174 460 2.

88 476 223 499 RotrRom.

93 519 117 536 1.
135 515 164 537 E.
181 520 205 537 2.

88 557 126 574 m.
145 558 186 574 12.

89 585 219 613 *illu-5.

81 1340 157 1372 Anti.
172 1340 211 1371 D.

102 1389 184 1418 ¹307·

79 1422 131 1445 Aa.
153 1429 174 1445 i.

77 1498 208 1522 Runa.

76 1539 182 1569 p.i.m.

82 1572 124 1598 16.

67 2883 141 2914 Arm.
158 2884 198 2915 D.

94 2932 178 2962 1307.

64 2965 106 2987 Aa·
134 2972 156 2988 ι.

64 3003 94 3025 E.
114 3010 139 3026 2.

63 3038 150 3069 Claus-

69 3085 92 3101 i.
107 3081 134 3102 E.
153 3086 179 3103 2.

64 3123 100 3140 m.
114 3124 154 3149 ¹7·
169 3115 193 3142 d.

66 3289 80 3304 ¹*
94 3288 194 3324 111.17‚

238 149 293 187 94

372 308 427 337 Pro
453 305 614 335 Fortunero
641 299 676 332 dc
701 301 790 332 Baaz,
806 300 896 345 fhper
921 302 1030 346 negotio
1048 299 1183 345 praefato.

244 387 361 442 REX
381 387 485 418 dilecto
499 388 531 417 ὅ(
548 386 621 416 fideli
633 385 696 422 suo,
716 384 869 414 Fortunero
884 383 920 413 de
934 383 1021 422 Baaz,
1038 383 1160 414 salutem.

336 426 415 455 Cum
427 449 436 463 ,
457 436 505 462 per
529 424 627 455 litteras
648 422 754 453 nostras
775 431 895 459 patentes
909 445 918 460 ,
937 421 1090 460 recipiendi
1108 432 1123 452 a
1146 421 1304 459 magnifico

244 460 374 501 Principe
387 464 518 494 Domino
533 462 663 500 Philippo
676 461 759 498 Rege
772 461 894 491 Franciae
908 459 1017 498 illustri,
1035 458 1094 494 &a
1105 468 1188 498 prout
1202 464 1231 489 in
1246 460 1308 490 lite-

243 503 279 527 ris
295 503 437 531 antedr'liis
447 525 455 540 ,
473 505 550 544 usque
564 501 620 530 haec
635 501 653 520 ³*
670 500 774 537 verba,
791 503 853 528 viz.
872 500 952 528 vobis
964 498 1128 528 mandamus
1142 499 1220 536 quod
1235 510 1307 536 prae-

243 539 322 570 missa
338 542 434 570 omnia
450 542 482 571 &
499 539 603 576 lingula
617 563 626 577 ,
652 538 748 569 nostro
762 539 896 576 nominc,
915 537 1020 567 faciatis
1035 538 1068 567 δι’,
1084 537 1214 575 expleatis
1228 538 1306 576 juxta

241 585 368 608 tenorem
382 579 531 609 litterarum
546 577 701 608 nostrarum
716 576 922 614 praedicstarum.

276 615 391 647 Proviso
405 617 482 655 quod
493 640 502 654 ,
520 617 591 647 curn
613 615 703 646 seifina
721 615 790 644 dit-”ti
810 613 902 644 Castri
917 613 952 644 de
968 612 1150 651 Maloleone,
1167 613 1306 644 aliorum-

238 665 292 692 que
306 655 471 686 Castrorum
486 655 687 693 praediciorum
697 677 706 691 ,
725 662 790 684 cum
805 651 854 682 suis
864 653 968 690 juribus
983 652 1016 682 δε
1031 653 1305 691 pertinentiis,vobis

238 692 335 723 nostro
350 695 468 724 nomine
481 694 562 724 fuerit
573 693 700 730 liberata,
718 690 817 721 Castra
837 690 896 728 illa,
916 700 1071 727 eorumque
1080 691 1159 728 jura,
1176 691 1213 721 iic
1228 691 1304 721 salvo

236 732 269 762 &
287 731 381 763 secure
397 732 574 770 custodiatis,
591 731 624 761 ad
645 740 714 768 opus
733 728 876 766 nostrum,
890 729 923 759 &
945 729 1157 766 manuteneatis,
1175 729 1250 767 quod
1268 729 1303 760 de

237 770 329 801 vestra
347 771 616 808 circumspec'tione,
631 769 664 799 &
683 767 832 806 industrii,
850 766 1038 804 fidelitatisque
1055 766 1230 807 constantis,
1250 778 1301 798 vos

239 808 372 847 possimus
391 810 423 840 &
441 809 591 839 debeamus
610 808 716 838 merito
733 805 943 836 commendare.

272 885 340 916 Dat.
359 885 431 923 apud
446 885 664 922 Northampton
674 907 684 923 ,
702 883 818 913 decimo
829 882 935 913 octavo
948 881 994 911 die
1010 881 1157 913 octobris.

271 962 307 993 Et
321 961 481 992 mandatum
497 961 537 992 est
553 961 668 1000 praefato
682 959 787 991 Garsiae
802 958 894 1001 quod,
911 957 1089 1002 sipraefatum
1105 959 1302 997 Fortunerum,

236 1012 294 1039 quo
309 1003 402 1031 minus
426 1002 590 1038 potestatem
614 999 778 1037 praedictam
795 1000 822 1028 in
837 1000 928 1027 torma
943 997 1079 1034 praedicta
1098 1007 1226 1028 exercere
1240 999 1301 1036 pos-

233 1042 265 1070 sit
283 1062 291 1077 ,
314 1040 407 1077 aliquo
426 1039 486 1069 casu
507 1040 706 1075 contingente,
725 1037 877 1073 contigerit
899 1035 1054 1073 impedire,
1070 1043 1138 1067 tunc
1160 1037 1300 1074 praeniiffa

234 1079 332 1107 omnia
349 1079 381 1109 &
401 1078 503 1114 singula
522 1077 619 1107 nostro
636 1077 756 1106 nomine
774 1077 865 1106 iaciat.
883 1075 942 1105 ἃς.
959 1075 1092 1113 utsupra.

267 1116 355 1147 Teste
369 1126 397 1147 ut
411 1116 497 1153 fiipra.

288 1244 338 1276 De
354 1243 534 1274 Armaturis
546 1238 737 1286 providendis
750 1266 760 1282 ‚
784 1237 827 1271 ad
845 1249 912 1284 opus
931 1240 1035 1285 Regis,
1053 1249 1109 1284 pro
1125 1240 1238 1272 Scotia.

297 1326 360 1357 EX
380 1326 605 1357 Vicecomitibus
624 1325 754 1355 London.
778 1322 898 1354 salutem.

333 1366 409 1404 Qia
426 1376 475 1403 pto
490 1365 681 1396 sustentatione
694 1362 868 1402 quorundam
883 1361 1006 1392 fidelium
1021 1361 1181 1393 nostrorum
1198 1363 1226 1392 in
1243 1364 1297 1394 ob-

231 1404 325 1442 sequio
345 1404 457 1442 nostro,
473 1414 522 1441 per
545 1411 717 1441 praeceptum
730 1400 857 1431 nostrum
870 1401 899 1430 in
915 1401 1036 1438 partibus
1053 1400 1159 1431 Scotiae
1179 1401 1297 1432 existen-

234 1444 303 1472 tium
314 1465 323 1480 ‚
339 1453 453 1473 necnon
466 1444 499 1473 ἃ
513 1441 650 1479 aliorum,
668 1451 736 1478 quos
744 1439 778 1470 ad
793 1439 909 1482 easdem·
920 1447 1025 1482 parteS,
1042 1439 1076 1469 ad
1092 1439 1224 1470 malitiam
1234 1440 1296 1471 Ro-

234 1481 303 1511 berti
317 1481 352 1511 de
374 1481 439 1511 Brus
454 1482 487 1512 δε
500 1479 688 1517 Complicum
706 1479 818 1509 suorum
834 1501 844 1516 ,
868 1477 1057 1507 Inimicorum
1077 1478 1109 1508 &
1136 1478 1295 1510 Rebellium

232 1518 413 1558 nostrorum,
432 1521 480 1557 qui
499 1519 606 1550 ibidem
626 1516 792 1548 Homicidia
808 1539 818 1555 ,
842 1515 1076 1555 depraedan'ones,
1096 1517 1225 1547 incendia
1262 1519 1295 1549 δε

229 1557 279 1588 alia
297 1557 416 1596 dampna
439 1558 642 1596 quamplurima
659 1555 847 1593 perpetrarunt
861 1578 870 1592 ,
887 1562 917 1585 ut
934 1554 1133 1593 intelleximus,
1151 1565 1218 1586 curn
1233 1540 1294 1586 ²Dei

227 1595 364 1635 adjutorio
382 1596 589 1634 reprimendam
608 1594 744 1625 destinare
762 1594 962 1631 proponimus,
981 1593 1067 1624 multa
1084 1603 1184 1631 genera
1201 1595 1294 1626 vietu-

227 1634 310 1665 alium
328 1644 440 1673 oportet
458 1634 613 1665 neceffirio
631 1643 681 1663 nos
701 1633 818 1670 habere3

264 1674 389 1704 Necnon
404 1697 413 1712 ‚
431 1675 464 1704 &
482 1684 535 1712 pro
553 1673 712 1703 munitione
729 1670 893 1701 Castrorum
912 1669 1089 1709 nostrorum,
1106 1671 1139 1702 δε
1157 1670 1294 1703 Villarum

226 1712 254 1742 in
275 1713 393 1750 partibus
410 1712 476 1750 illis,
494 1711 598 1743 Balistis
616 1712 648 1742 ὃς
666 1710 722 1740 aliis
738 1709 906 1746 Armamn's,
923 1718 955 1738 ac
975 1710 1059 1738 etiam
1077 1708 1168 1748 ferro,
1186 1710 1294 1750 ascere,

226 1752 354 1790 canabo,
370 1752 402 1782 ὃ(
421 1751 478 1782 aliis
493 1751 528 1782 ad
548 1750 634 1781 Arma
653 1748 717 1778 inde
735 1747 861 1778 facienda
879 1747 1033 1785 plurimum
1051 1747 1219 1785 indigemus.

264 1789 353 1819 Vobis
372 1791 552 1828 praecipimus
585 1788 701 1818 firmiter
727 1787 914 1826 injungentes,
932 1786 1012 1824 quod
1034 1787 1061 1816 in
1080 1786 1184 1817 Ballivi
1201 1787 1293 1818 vestra

228 1829 327 1868 viginti
338 1828 421 1859 Dolia
430 1828 537 1858 Mellis:
547 1812 671 1858 <lentum
679 1825 766 1856 Dolia
774 1826 833 1855 viiii
845 1835 850 1853 :
861 1823 1027 1855 Duodecim
1037 1824 1118 1855 Milia
1127 1825 1190 1856 ferri
1200 1837 1205 1855 :
1215 1825 1294 1857 Cen-

226 1875 286 1896 tum
302 1866 411 1897 Garbas
429 1866 718 1913 Ascerikquinztentas
734 1864 829 1894 Libras
843 1862 878 1893 de
893 1861 942 1893 filo
957 1862 1083 1902 Canabi,
1099 1874 1150 1902 pro
1168 1864 1270 1895 Balistis
1283 1875 1289 1895 z

226 1906 404 1941 Quingentas
414 1905 511 1935 Libras
520 1905 639 1935 Lalmbit
659 1902 785 1934 Centum
802 1901 909 1932 Balistis
916 1903 996 1932 unius
1002 1902 1093 1940 pedis:
1114 1903 1293 1944 quadraginta

224 1943 333 1974 Bilistas
340 1943 459 1974 duorum
469 1943 585 1981 pedum:
597 1943 697 1979 viginti
708 1940 816 1971 Balistas
824 1940 859 1970 de
866 1941 982 1971 Turno:
999 1941 1133 1977 Triginta
1141 1942 1216 1972 milia
1245 1953 1292 1973 ua-

224 1982 354 2012 rellorum
363 1992 415 2020 pro
424 1981 526 2012 Balistis
533 1983 612 2012 unius
620 1981 698 2019 pedis
707 1991 712 2008 1
726 1979 880 2010 duodecim
889 1979 964 2009 milia
973 1980 1156 2017 quarellorum
1162 1990 1215 2018 pro
1243 1981 1294 2012 ali-

224 2020 270 2050 stis
278 2020 397 2050 duorum
407 2020 515 2052 Pedum
527 2031 532 2049 :
546 2020 604 2051 duo
613 2019 688 2049 milia
697 2019 729 2050 &
737 2018 871 2049 ducentos
884 2018 1031 2055 quarellos,
1046 2019 1172 2056 penm'tos
1179 2019 1215 2050 de
1230 2020 1293 2051 Cu-

225 2069 293 2097 pro,
311 2069 362 2098 pro
375 2058 477 2089 Balistis
491 2059 526 2089 de
541 2067 637 2089 turno:
658 2057 784 2087 Centum
803 2065 887 2087 nuces
905 2066 958 2093 pro
975 2056 1079 2087 Balistis
1100 2059 1178 2088 unius
1198 2058 1289 2096 pedis:

225 2098 424 2166 quingffifflta
436 2107 519 2128 nuces
536 2107 586 2135 pro
608 2096 713 2127 Balistis
733 2095 853 2126 duorum
868 2095 988 2133 pedum,
1007 2096 1041 2127 ὃς
1060 2097 1182 2134 vinginti
1206 2107 1291 2129 nuces

244 2145 275 2165 ro

222 2146 243 2174 p
263 2173 308 2203 Ad
322 2185 341 2200 o
363 2184 390 2204 us
405 2173 546 2212 nostrum,
563 2183 611 2211 per
625 2172 714 2203 visum
728 2173 761 2203 &
775 2171 971 2202 testimonium
989 2171 1087 2202 dilecti
1111 2171 1218 2205 Clerici
1237 2184 1290 2205 no-

225 2211 272 2242 stri
287 2212 328 2241 W
334 2214 338 2218 '
360 2212 435 2242 ielmi
449 2212 484 2242 de
495 2212 611 2249 Beiton,
632 2213 727 2249 (quem
742 2210 776 2240 ad
793 2210 932 2248 praemissa
943 2210 1158 2250 supervidenda,
1176 2213 1210 2243 &
1223 2222 1291 2244 cum

224 2250 363 2290 diligentia
376 2250 432 2281 fieri
447 2250 617 2290 procuranda
627 2273 636 2288 ,
654 2249 688 2280 ad
702 2260 752 2279 vos
768 2250 914 2286 mittimus)
934 2250 992 2280 tam
1006 2249 1042 2279 de
1060 2249 1140 2280 firma
1163 2250 1290 2282 Civitatis

226 2289 387 2327 praetiicstae,
425 2300 489 2320 uam
503 2289 538 2320 de
552 2289 667 2319 exitibus
681 2287 790 2318 bailivae
812 2287 928 2326 vestrre,
946 2288 1001 2318 sine
1022 2287 1154 2319 dilatione
1166 2291 1240 2328 emi,
1257 2291 1291 2322 &

223 2327 258 2357 de
273 2329 310 2358 eis
325 2300 482 2367 provideri,
498 2338 531 2358 ac
548 2338 579 2357 ea
594 2326 677 2366 usque
691 2325 725 2356 ad
740 2325 835 2356 villam
844 2326 879 2356 de
888 2325 1031 2357 Berewico
1043 2326 1121 2364 super
1127 2328 1268 2359 Twedam
1278 2353 1289 2367 ,

221 2376 288 2396 cum
309 2368 390 2396 omni
408 2366 597 2402 festinatione,
616 2365 671 2403 qui
696 2366 819 2403 poteritis
833 2387 842 2402 ,
859 2364 964 2395 faciatis
986 2366 1080 2396 cariari
1096 2389 1106 2404 ‚
1134 2365 1288 2405 Receptori

220 2403 333 2435 Instauri
351 2404 438 2435 nostri
454 2404 559 2435 ibidem
573 2404 719 2434 liberanda.

259 2442 294 2473 Et
312 2442 449 2482 Custum,
467 2443 560 2482 quod,
577 2444 634 2473 tam
652 2444 681 2472 in
700 2444 842 2480 emptione
861 2440 1084 2479 praemissorurn,
1105 2444 1188 2480 quam
1206 2443 1290 2475 Cari-

220 2482 286 2521 agio
313 2481 480 2512 eorumdem
504 2481 587 2520 usque
610 2480 643 2511 ad
663 2480 770 2510 dietam
790 2479 885 2511 villam
899 2480 934 2510 de
948 2480 1109 2519 Berewico,
1128 2481 1288 2523 posueritis,

220 2529 288 2550 cuni
307 2520 371 2550 illud
386 2520 563 2558 sciverimus,
580 2520 659 2549 vobis
671 2521 700 2548 in
716 2527 854 2556 compoto
872 2518 982 2557 vestm,
999 2518 1033 2549 ad
1048 2518 1217 2551 scaccarium
1233 2532 1288 2552 no-

220 2557 323 2596 strum,
340 2559 451 2589 allocari
469 2558 600 2589 faciemus
617 2570 626 2596 ·,
651 2559 684 2589 &
698 2555 854 2595 praemissa,
874 2557 941 2587 sicut
956 2558 1095 2589 honorem
1108 2558 1235 2590 nostrum
1253 2562 1286 2591 &

220 2597 408 2627 commodum
427 2597 560 2636 diligitis,
579 2595 864 2634 Indignationemque
882 2595 1004 2627 nostram
1026 2597 1112 2627 vitare
1130 2598 1287 2639 volueritis,

216 2634 297 2665 nullo
313 2635 399 2666 modo
415 2637 554 2666 omittatis.

256 2681 342 2713 Teste
359 2682 464 2721 meipso
479 2683 551 2722 apud
568 2683 608 2713 W
612 2681 694 2713 estm.
714 2691 762 2720 27.
781 2681 827 2713 die
845 2681 968 2713 oetobr.

406 2134 441 2166 de
454 2144 552 2166 turno:

420 2808 469 2841 De
495 2805 604 2839 orando
623 2816 678 2853 pro
694 2803 781 2850 stam
807 2808 893 2853 Regis
914 2808 951 2844 φ’
976 2807 1081 2852 Regni.

215 2893 333 2950 REX
352 2893 501 2924 venerabili
520 2895 549 2923 in
566 2892 680 2924 Christo
696 2892 786 2930 Patri,
804 2891 981 2929 willielmo,
999 2890 1101 2922 eidem
1120 2893 1227 2932 gratia,
1243 2893 1284 2924 E-

288 2934 347 2962 bor.
367 2932 605 2970 Archiepiscopo,
624 2931 736 2967 Angliae
752 2930 885 2968 primati,
903 2930 1023 2960 salutern.

253 2970 371 3008 Qianto
387 2973 415 3001 in
432 2972 540 3007 magnis
563 2971 595 3001 ὃ(
617 2970 706 3000 arduis
728 2968 885 3009 peragendis
904 2969 1023 3006 negotiis
1045 2968 1174 2999 divinum
1190 2969 1282 3008 praefi-

214 3006 292 3037 dium
307 3008 445 3039 instantius
466 3010 499 3040 δε
521 3008 648 3039 devotius
670 3008 830 3045 imploratur
846 3030 856 3046 ,
875 3016 952 3038 tanto
974 3006 1074 3037 exinde
1089 3007 1205 3045 speratur
1218 3009 1280 3040 suc-

198 3045 300 3076 ‘cesfus
317 3046 471 3084 prosperior
484 3048 517 3078 &
533 3046 646 3078 felicior
660 3048 816 3084 provenire.

250 3084 329 3115 Hinc
343 3085 382 3114 est
399 3086 473 3124 quod
483 3108 492 3124 ,
510 3086 596 3124 esim,
613 3085 717 3115 inclitae
731 3086 893 3122 memoriae,
911 3083 1043 3114 Domino
1054 3082 1195 3116 Edwardo
1227 3095 1280 3116 nu-

214 3133 264 3161 per
279 3122 361 3160 Rege
376 3123 501 3163 Angliae,
519 3123 598 3154 Patre
611 3123 724 3162 nostro,
743 3125 820 3154 viam
837 3122 969 3153 universae
985 3123 1076 3153 carnis
1091 3108 1214 3159 ingressc'i
1230 3125 1278 3162 (de

213 3171 270 3200 quo
287 3163 386 3191 mentis
401 3161 581 3192 amaritudine
602 3163 700 3192 intime
721 3163 873 3200 premimur
893 3161 926 3192 &
947 3160 1100 3198 turbamur)
1119 3171 1189 3192 onus
1206 3164 1278 3201 regi-

211 3201 293 3230 minis
308 3200 403 3239 Regni
421 3200 534 3237 Angliae
556 3201 635 3230 nobis
650 3201 797 3230 incumbat
812 3201 874 3238 jure
893 3199 1083 3237 haereditario,
1099 3199 1170 3230 sicut
1188 3199 1277 3241 scitis,

209 3240 280 3269 vires
294 3239 415 3275 nostras,
432 3238 466 3269 ad
479 3248 550 3270 onus
560 3239 716 3276 hujusmodi
731 3238 897 3277 portandum
906 3261 915 3276 ,
934 3237 1035 3276 absque
1044 3237 1208 3269 devotarum
1214 3249 1277 3270 ora-

211 3279 324 3308 tionum
342 3278 360 3296 ²*
381 3274 534 3314 suffiagiis,
550 3278 690 3307 cernimus
704 3278 811 3314 penitus
825 3278 1006 3315 impotentes:

250 3315 376 3346 Vestram
388 3316 472 3355 igitur
486 3315 677 3354 paternitatem
689 3315 842 3346 affedmofis
859 3316 988 3353 precibus
1005 3315 1169 3354 requirimus
1184 3315 1216 3345 ὃ(
1230 3326 1278 3345 ro-

212 3364 328 3392 gamuS,
346 3363 475 3392 quatenus
490 3354 562 3392 apud
580 3363 647 3383 eum
660 3375 671 3391 ,
696 3364 744 3391 per
763 3363 846 3391 quem
866 3353 961 3387 Rettes
979 3361 1097 3390 regnant
1114 3353 1147 3382 &
1165 3352 1276 3384 Princi-

209 3402 258 3430 pes
269 3392 445 3422 dominantur
454 3416 463 3431 ,
483 3402 578 3430 preces
590 3392 702 3422 devotas
715 3391 870 3430 suppliciter
885 3391 1050 3430 effiindatis,
1068 3392 1101 3422 &
1114 3390 1181 3421 illud
1198 3392 1275 3423 idem

208 3441 224 3460 a
246 3431 377 3467 religiosis
392 3432 425 3461 ὅ(
443 3432 499 3461 aliis
517 3430 613 3461 vestris
629 3429 742 3460 subditis
759 3429 891 3460 universis
907 3429 965 3460 fieri
982 3431 1144 3470 injungatiS,
1162 3438 1193 3459 ut
1214 3440 1275 3470 reg-

211 3478 281 3498 num
296 3469 420 3499 nostrum
430 3493 439 3508 ‚
459 3471 491 3500 ἃ
505 3470 566 3499 alias
580 3477 658 3498 terras
673 3469 756 3498 nobis
770 3467 905 3506 subditas,
920 3469 1026 3505 semper
1039 3470 1068 3499 in
1083 3467 1151 3498 statu
1165 3468 1276 3506 prospe-

211 3516 243 3535 ro
260 3507 293 3537 &
308 3507 427 3544 pacifico
448 3507 626 3544 conservare,
643 3506 747 3545 nosque
767 3517 800 3537 ea
821 3506 871 3536 sub
891 3506 948 3544 ipso
966 3507 1003 3536 iic
1022 3516 1119 3544 regere
1135 3506 1168 3536 &
1186 3509 1273 3545 tueri,

211 3554 259 3583 per
272 3544 381 3576 suorum
400 3546 509 3576 semitas
529 3545 741 3583 mandatorum,
757 3545 791 3575 ad
810 3543 895 3574 nostri
917 3546 950 3575 ὃς
970 3544 1051 3582 ipsius
1065 3545 1164 3582 regni,
1182 3544 1275 3575 dieta—

210 3592 326 3620 rumque
352 3592 485 3614 terrarum
511 3584 648 3614 honorem
659 3606 668 3620 ,
694 3582 885 3614 commodum
903 3583 936 3614 ὅ(
954 3585 1075 3621 quietem
1119 3582 1274 3614 concedere

208 3620 338 3656 dignetur
353 3644 362 3658 ,
387 3622 462 3660 quod
476 3645 486 3660 ‚
512 3632 565 3659 pro
582 3621 726 3662 temporali
744 3631 834 3659 regno
845 3644 856 3660 ,
877 3621 908 3651 in
926 3631 1015 3659 regno
1039 3605 1148 3653 coeiesti
1165 3629 1273 3658 partem

206 3658 406 3689 hereditariam
427 3660 635 3700 consequamur.

248 3734 334 3770 Teste
353 3733 434 3773 Rege
451 3735 522 3774 apud
539 3735 654 3766 VVestm
681 3736 728 3766 28.
749 3735 795 3765 die
812 3735 958 3767 octobris.

433 3811 542 3843 Eodem
560 3811 651 3842 modo
664 3811 790 3842 scribitur
804 3811 972 3851 subscriptis,
989 3812 1045 3843 viz.

247 3883 282 3921 J,
303 3884 382 3914 Karl.
403 3886 539 3924 Epiffopo,

248 3924 289 3950 A.
309 3923 433 3965 Dynelm.
455 3925 573 3962 Eprlc‘opo
586 3924 624 3960 ὠ·
637 3926 809 3956 Patriarchae
821 3924 990 3965 Jeroffilimit„

248 3959 283 3996 J.
305 3960 424 3989 Lmeoln.
442 3963 574 4001 Episropo‚

246 4001 279 4027 R.
300 3996 389 4027 Elim.
406 4001 543 4037 Ερζίιορο,

695 124 1490 179 coNVENT10NES,

1546 126 1933 178 LITERAE,

1382 210 1733 291 Zfflfflifsfifjsjss?
2389 229 2395 233 ’
2436 230 2512 261 '⁴¹¹⁸'
2525 231 2566 263 D·

1383 291 1415 317 T.
1434 287 1512 326 Roff,
1529 290 1667 328 Episcopo,
2435 279 2540 338 Efibf’g.

1386 326 1418 363 J.
1437 326 1542 366 cicestr.
1559 328 1652 366 Episc‘o
1669 339 1702 367 o,

1383 366 1422 392 H.
1443 367 1569 405 Wnton.
1587 337 1711 435 Epfiojco
1724 390 1734 404 ,

1384 404 1428 432 W.
1447 403 1535 433 Rath.
1553 402 1592 438 ὀ·
1611 405 1673 434 Wel
1685 430 1690 435 .
1711 404 1852 445 Epifiopo,

1384 443 1417 470 R.
1437 441 1575 480 Herefivrd
1589 442 1728 486 Epaefiopo,

1385 481 1428 508 W.
1448 483 1575 510 Coventr.
1594 488 1632 516 (φ
1648 483 1734 522 Lych.
1751 482 1892 521 Episcopo,

1385 554 1490 595 Custodi
1510 557 1706 595 spiritualitas.
1723 557 1896 598 Episropatiis
1914 560 2036 599 Wygorn.
2068 561 2113 590 ede
2129 568 2264 600 vacante,

1385 593 1492 633 Custodi
1509 596 1704 634 spiritualitat.
1723 598 1914 637 Episcopatus,
1933 600 2023 628 Exon.
2053 600 2099 629 ede
2116 607 2254 639 vacante,
2304 638 2321 647 ἱ

1381 670 1494 727 Abbati
1509 673 1604 704 Sandi‘i
1623 672 1771 714 Augustini
1786 674 1878 705 Can-'i

1380 721 1607 789 Asb‘ffi'mstm.

1382 786 1496 817 Abbati
1509 789 1541 818 de
1556 790 1657 818 Sanc‘lo
1669 787 1802 826 Albano,

1382 825 1496 855 Abbati
1509 826 1539 856 de
1556 828 1656 856 Sancto
1673 827 1825 857 Edmuna'o.

1382 863 1496 894 Abbati
1509 865 1541 894 de
1556 863 1711 903 qulham,

1380 902 1514 942 Magistro
1534 905 1645 934 Ordinis
1668 904 1701 933 de
1727 905 1860 943 Semprin-

1415 940 1507 979 gham.
1856 947 1880 968 -J

1874 791 1879 803 ,
1899 765 2029 798 Vestram
2045 770 2050 775 '
2073 769 2125 800 itur
2139 769 2334 809 devotionem,
2350 771 2412 803 ἃς.

1870 805 1928 844 >&
1951 805 2041 849 illudi
2060 817 2108 838 ern
2123 810 2176 839 toti
2193 808 2355 840 Conventui
2375 811 2409 842 &

1872 845 1877 859 ¹
1896 843 2007 874 subditis
2024 845 2120 876 vestris
2133 847 2278 887 universis,
2294 848 2354 879 &c.

1380 1017 1509 1066 Mimstro
1530 1018 1658 1063 Gerierqli
1681 1017 1799 1063 Ordinis
1818 1018 1932 1051 fratrum
1944 1020 2105 1066 „Minorum
2127 1025 2156 1054 in
2172 1024 2295 1064 Anglii,
2312 1026 2406 1066 quod,

1341 1056 1403 1087 &c.
1419 1057 1453 1088 &
1471 1068 1486 1088 a
1503 1056 1650 1089 Gardianis
1664 1057 1801 1089 Fratribus
1818 1059 1852 1090 ὃς
1873 1058 1986 1090 subditis
2001 1060 2069 1100 suis,
2085 1062 2145 1093 &c-

1376 1135 1468 1164 Priori
1482 1134 1631 1179 Psincippli
1649 1134 1766 1180 Ordinis
1780 1135 1906 1180 Fratrum
1921 1135 2137 1169 Praedicatorum
2149 1140 2177 1169 in
2183 1139 2406 1180 Angthuod,

1339 1172 1401 1202 &c.
1419 1173 1452 1203 δε
1467 1174 1482 1203 ‘a
1493 1174 1606 1212 ungulis
1621 1172 1784 1212 Prioribus,
1802 1174 1939 1206 Fratribus
1953 1175 1986 1206 &
2000 1175 2113 1207 subditis
2125 1176 2194 1217 suis,
2214 1179 2275 1210 &c.

1577 1302 1636 1333 Pro
1655 1297 1787 1344 Raduffo
1805 1297 1841 1332 de
1859 1301 1970 1332 Monte
1983 1302 2150 1334 Hermerii.

1404 1383 1470 1415 EX
1488 1384 1715 1416 vicecomitibus
1730 1383 1804 1414 Surr.
1821 1384 1854 1415 &
1873 1383 1985 1423 Susiex,
2001 1384 2123 1416 salutem.
2420 1393 2485 1425 An„
2511 1395 2544 1427 D

1421 1423 1519 1462 Cum,
1537 1423 1652 1454 celebris
1666 1424 1812 1453 memoriae
1827 1422 1973 1454 Dominus
1990 1422 2024 1454 E.
2041 1424 2182 1461 quondam
2197 1425 2262 1457 Rex
2279 1426 2392 1464 Angliae
2404 1451 2414 1467 ,
2444 1420 2531 1475 1337,
2544 1420 2554 1427 ²

1336 1459 1416 1492 Pater
1429 1461 1522 1492 noster
1556 1462 1608 1491 tibi
1627 1470 1721 1499 praece
1757 1462 1810 1498 rit,
1829 1461 1906 1498 quod
1928 1462 2031 1492 habere
2049 1462 2153 1494 faceres
2167 1463 2271 1495 dileeto
2285 1467 2318 1497 &
2331 1466 2405 1497 fideli
2422 1476 2473 1502 An,
2487 1483 2496 1500 ι

1337 1499 1453 1539 nostro,
1471 1485 1623 1538 Radulpho
1637 1499 1672 1529 de
1687 1470 1793 1529 Nssente
1808 1499 1949 1543 Hermerii
1969 1500 2027 1544 (qui
2049 1500 2102 1531 fuit
2122 1512 2191 1545 ¹cum
2206 1503 2309 1534 eodem
2327 1504 2404 1536 Patre
2423 1515 2454 1538 Ε.
2476 1497 2510 1539 2..

1336 1538 1430 1569 nostro
1481 1549 1529 1578 per
1547 1546 1724 1576 praeceptum
1741 1537 1839 1576 suum,
1863 1548 1893 1568 in
1910 1539 2073 1569 exercitibus
2091 1539 2143 1570 suis
2167 1540 2274 1572 Scotiae
2329 1545 2404 1574 annis
2423 1550 2508 1587 Claus.
2521 1560 2547 1581 1.

1335 1579 1416 1614 regni
1433 1562 1472 1608 {iii
1486 1601 1497 1616 ,
1523 1576 1658 1608 vicesimo
1683 1576 1838 1620 ostavo&
1857 1576 1996 1607 tricesimo
2019 1578 2124 1615 primo)
2147 1566 2312 1617 Scutagiutii
2326 1581 2405 1613 suum
2422 1592 2451 1616 Ε.
2472 1598 2498 1615 2.
2515 1599 2554 1617 m.

1340 1615 1376 1645 de
1395 1615 1484 1646 feodis
1499 1615 1646 1653 Militum,
1664 1625 1728 1653 quae
1744 1614 1780 1645 de
1794 1614 1852 1653 ipso
1869 1614 2038 1654 Radulpho,
2055 1616 2088 1647 &
2116 1617 2241 1657 ohanna,
2259 1620 2401 1658 quondam
2426 1636 2468 1662 ¹7·

1341 1653 1492 1685 Comitisss
1514 1653 1702 1685 Gloucestriae
1718 1676 1728 1692 ,
1745 1654 1872 1684 consorte
1893 1654 1972 1692 ipsius
1990 1653 2082 1685 Radul
2108 1677 2118 1693 ,
2134 1655 2227 1687 sorore
2244 1657 2338 1690 nostra
2355 1659 2404 1691 ka-

1340 1691 1447 1723 riffimfi⁴
1457 1716 1467 1732 ,
1483 1694 1664 1731 tenebantur,
1680 1693 1710 1722 in
1724 1691 1828 1723 Banivfi
1839 1691 1901 1731 tufi;
1919 1691 2067 1732 videlicet,

1371 1731 1565 1771 Qiadraginta
1581 1730 1681 1762 solidos
1697 1730 1733 1761 de
1751 1730 1830 1761 scuto
1846 1740 1898 1768 pro
1915 1731 2040 1769 quolibet
2057 1732 2230 1763 exercituum
2252 1734 2403 1771 praedicto-

1334 1780 1397 1838 fflrn
1406 1771 1502 1839 ,dgcut
1516 1770 1780 1839 pestrinspefflonem
1798 1768 1954 1799 rotulorum
1965 1768 2146 1801 Canceuanae·
2158 1770 2230 1802 dieti
2245 1772 2333 1804 Patris
2347 1784 2400 1805 no-

1371 1819 1380 1838 i
1397 1819 1415 1839 n
1457 1819 1478 1840 is
1493 1819 1550 1839 con
1590 1817 1614 1838 t·

1376 1847 1460 1886 Nos,
1475 1848 1599 1878 volentes
1608 1832 1748 1877 ’mandata
1770 1845 1841 1876 dieti
1857 1844 1945 1876 Patris
1959 1845 2046 1877 nostri
2059 1848 2216 1878 executioni
2230 1847 2332 1879 debitae
2349 1850 2399 1880 de·-

1335 1886 1475 1922 mandari,
1492 1887 1543 1916 tibi
1561 1886 1741 1924 praecipimus
1755 1885 1831 1923 quod
1843 1884 1938 1915 eidem
1953 1884 2103 1923 Radulpho
2117 1885 2218 1916 habere
2236 1885 2320 1918 facias
2333 1886 2396 1919 scu-

1332 1923 1619 1995 {fiffiassfflsssffffl
1632 1922 2102 1994 ’Effehoiessdffiigifflffissffl
2127 1932 2254 1956 ‘emm
2278 1926 2400 1958 ’ΜΨ

1611 1987 1620 2002 ²

1368 2040 1456 2073 Teste
1474 2040 1514 2072 R.
1531 2039 1603 2080 apud
1621 2037 1747 2071 Westm.
1766 2039 1804 2071 28
1823 2038 1869 2070 die
1887 2037 1997 2071 Ostob.

1519 2179 1578 2214 Ad
1592 2183 1705 2226 Papam
1715 2179 1808 2226 stapes
1820 2176 2001 2213 Inhibitione
2015 2180 2196 2216 revocanda.

1333 2267 1379 2328 P
1397 2266 1423 2298 A
1432 2265 1455 2297 Ρ
1465 2265 1506 2296 AE
1524 2265 1587 2306 Rex
1601 2264 1702 2296 devota
1715 2263 1824 2295 Pedum
1838 2263 1929 2294 oscula
1943 2265 2095 2296 beatotum.

1418 2305 1524 2336 Vestrae
1547 2304 1701 2335 Sancit'itans
1722 2303 1837 2341 litteras,
1853 2303 1935 2333 nobis
1955 2313 2005 2341 per
2018 2303 2167 2335 discretum
2182 2304 2286 2337 Virum
2301 2304 2339 2336 M
2354 2306 2396 2337 σὶ-
2416 2287 2491 2347 Αῐζη·
2504 2288 2544 2321 D·

1331 2342 1416 2374 strum
1428 2344 1591 2382 Johannem
1604 2342 1640 2372 de
1655 2341 1760 2372 Fereria
1774 2340 2014 2383 Capellaniim,&
2027 2341 2202 2374 Gaillardum
2215 2344 2252 2374 de
2266 2344 2356 2384 Agroi
2368 2344 2396 2375 'a-
2435 2337 2447 2357 ¹
2457 2338 2521 2367 ³07·

1330 2382 1600 2450 {PbDOWioefluffi
1618 2381 1737 2411 nuncios
1759 2379 1880 2418 vestros,
1897 2383 1974 2417 super
1994 2382 2173 2413 revocatione
2191 2381 2334 2420 cujusdam
2352 2384 2395 2414 in-
2414 2370 2508 2432 ἕλχ’·

1352 2430 1360 2450 Ῑ
1383 2429 1475 2451 ΧίῙΟῘΉὸ
1882 2444 1883 2447 ,
2438 2426 2444 2431 ·
2484 2426 2491 2433 “

1367 2443 1492 2490 Nunciis
1502 2457 1614 2496 vestris,
1633 2467 1686 2496 pro
1706 2455 1870 2496 colligendis
1888 2455 2023 2487 fructibus
2046 2457 2128 2495 primi
2145 2457 2220 2489 Anni
2240 2459 2394 2491 beneficio-

1329 2508 1393 2528 rum
1406 2497 1686 2534 Ecclesiasticorum,
1702 2496 1732 2525 in
1750 2494 1854 2532 Regno
1868 2495 1901 2525 ὃς
1914 2494 1971 2525 aliis
1986 2496 2061 2525 terris
2073 2494 2171 2527 nostris
2185 2496 2268 2536 usque
2282 2498 2316 2529 ad
2331 2509 2393 2529 cer-

1327 2545 1389 2567 tum
1403 2545 1513 2577 tempus
1523 2536 1701 2573 vacantium,
1718 2533 1842 2572 aliisque,
1859 2534 1967 2564 ratione
1981 2533 2130 2573 Ecclesiae,
2145 2535 2394 2575 prosequendisne-

1327 2576 1412 2613 gotiis
1426 2575 1576 2613 deputatis,
1592 2573 1679 2612 dum,
1696 2571 1811 2603 celebris
1825 2573 1988 2616 memoriae,
2005 2571 2148 2604 Dominus
2165 2572 2392 2614 Edwardus,nu-

1326 2623 1376 2652 per
1389 2613 1452 2645 Rex
1468 2613 1599 2651 Angliae,
1618 2611 1699 2642 Pater
1714 2610 1822 2649 noster,
1839 2619 1927 2641 vitam
1942 2610 2057 2641 duceret
2072 2612 2102 2641 in
2116 2612 2245 2643 humanis
2257 2613 2358 2652 faetae,

1364 2651 1419 2683 Per
1437 2662 1488 2683 nos
1509 2650 1639 2682 facienda
1656 2649 1820 2681 transrniffas
1835 2671 1845 2687 ‚
1869 2658 1983 2680 necnon
2002 2660 2049 2688 ea,
2067 2660 2130 2688 quae
2150 2650 2236 2682 iidem
2253 2651 2392 2690 Magister
2412 2672 2484 2704 ,ΠΙ
2515 2672 2531 2701 3

1322 2691 1463 2731 Johannoe
1475 2691 1508 2722 &
1524 2689 1678 2720 Gaillardus
1698 2689 1796 2726 nobis,
1814 2686 1892 2725 super
1903 2688 1972 2725 hiis,
1989 2697 2024 2718 ex
2035 2697 2111 2726 parte
2131 2689 2152 2708 *²
2169 2688 2276 2729 vestra,
2293 2690 2393 2722 πίει-ἂ.
2487 2684 2509 2701 ‘¹
2533 2696 2542 2705 ·

1325 2738 1388 2761 runt
1400 2728 1603 2799 oraecuulfflivae
1621 2727 1717 2765 vocis,
1734 2734 1890 2757 reverenter
1909 2724 2085 2765 audivimus,
2100 2726 2134 2758 ὃς
2153 2727 2237 2766 pleno
2253 2731 2388 2768 concepi.

1325 2777 1387 2799 mus
1401 2776 1440 2798 mt
1477 2777 1492 2798 e
1543 2789 1551 2797 .

1361 2806 1451 2845 Super
1481 2806 1559 2836 uibus
1571 2814 1619 2842 per
1633 2803 1766 2834 Nuncios
1776 2801 1901 2840 nostrOS,
1919 2811 1986 2841 quos
1999 2803 2028 2833 in
2043 2803 2123 2833 brevi
2137 2802 2172 2834 ad
2185 2803 2304 2836 vestiam
2317 2815 2388 2844 prae-

1323 2845 1439 2877 sentiam
1472 2853 1552 2875 umus
1585 2843 1761 2881 permittente
1782 2840 1928 2878 Domino,
1948 2840 2142 2880 transmissuri,
2159 2841 2318 2881 responsum
2335 2854 2388 2876 no.

1322 2883 1409 2915 strum
1428 2882 1528 2913 vestrae
1549 2865 1717 2913 elementiae
1735 2879 1856 2923 seriosius
1867 2879 1899 2909 &
1914 2878 2020 2917 plenius
2034 2888 2212 2918 exponemus.

1360 2921 1406 2954 Ad
1417 2922 1546 2959 regimen
1560 2919 1710 2958 Ecclesiae,
1726 2919 1789 2950 &c.
1804 2916 1945 2948 alnffimus
1958 2927 2009 2948 vos
2021 2917 2173 2950 conservet.

2415 2447 2487 2471 Rom.

2419 2485 2523 2509 ι.Ε.ιΑ

2412 2528 2450 2546 m.
2468 2529 2509 2547 η.

1357 2999 1425 3030 Dat.
1440 2997 1512 3037 apud
1527 2996 1654 3028 Westm.
1675 3005 1719 3034 30·
1740 2994 1786 3027 die
1808 2993 1962 3035 OEtobris,
1982 2994 2069 3027 Anno
2081 2994 2206 3028 Domini
2225 3006 2310 3038 ¹307·
2328 2997 2387 3030 Re-

1319 3039 1368 3078 gni
1381 3039 1450 3069 vero
1464 3035 1550 3067 nostri
1564 3037 1666 3076 primo.

1471 3183 1530 3217 Ad
1547 3186 1655 3230 Regem
1677 3184 1807 3215 Francia
1820 3182 1856 3215 de
1867 3183 1953 3228 fafflo
1976 3181 2226 3228 Templariorum.

1317 3268 1600 3338 EXcellentiffimo
1622 3266 1760 3307 Principi‚
1778 3267 1851 3299 Patri
1871 3269 1908 3299 &
1924 3267 2057 3298 Domino
2077 3266 2232 3311 karissimo,
2250 3266 2383 3298 Domino
2402 3270 2478 3302 Am,
2492 3272 2534 3306 D,

1382 3307 1535 3346 Philippo,
1554 3306 1610 3337 Dei
1634 3306 1720 3343 gratia
1734 3330 1743 3345 ,
1767 3306 1844 3344 Regi
1865 3307 1987 3337 Franciae
2006 3304 2121 3343 illustri,
2136 3305 2304 3345 Edwardus,
2320 3307 2382 3337 &c.
2427 3319 2515 3350 1307⁴

1318 3347 1400 3377 Filius
1413 3346 1474 3377 suus
1488 3346 1620 3383 devotus,
1638 3345 1779 3384 prosperos
1799 3345 1908 3384 semper
1928 3344 1963 3376 ad
1984 3351 2050 3375 vota
2065 3342 2217 3383 successuS,
2233 3354 2301 3376 cum
2316 3353 2384 3385 gau-
2401 3351 2452 3376 An.
2468 3359 2493 3377 ι.

1315 3385 1412 3461 ὼοΕεὸξ
1425 3384 1718 3461 ἓέιῗὲεέοηῐᾶηεδεηωτ
1726 3424 1755 3452 in
1770 3421 1863 3452 litteris
1875 3420 1973 3451 vestrae
1989 3419 2216 3458 Magnificentiae
2230 3419 2383 3452 nobismis-
2401 3390 2478 3452 {onis

1316 3462 1484 3500 sis,necnon
1497 3461 1531 3491 &
1547 3470 1596 3498 ea,
1614 3471 1676 3498 quae
1689 3460 1820 3492 discretus
1834 3459 1888 3490 Vir
1903 3458 2042 3497 Magister
2057 3459 2206 3490 Bemardus
2217 3458 2304 3490 Peleti
2315 3458 2381 3489 Cle-
2405 3471 2427 3489 1.
2437 3467 2467 3489 Ε.
2486 3472 2512 3491 2.

1315 3501 1389 3530 ricus
1404 3499 1485 3543 super·
1495 3498 1541 3529 illa
1554 3498 1705 3529 detestabili
1719 3498 1841 3542 Haeresi,
1854 3498 1891 3543 de
1904 3497 1961 3538 qua
1975 3498 2148 3542 mentionem
2161 3497 2269 3529 adem
2282 3496 2381 3528 vestrae
2395 3509 2432 3528 m.
2444 3510 2453 3528 i
2461 3510 2488 3531 ι.

1320 3539 1418 3568 litterae
1432 3538 1736 3576 faciebant,exponere
1749 3536 1855 3576 voluit,
1872 3536 2067 3567 intelleximus:
2320 3573 2325 3579 ¹

1353 3576 1389 3608 Et
1406 3587 1454 3614 per
1472 3575 1563 3615 ipsum
1578 3586 1610 3606 ea
1625 3585 1724 3606 coram
1745 3576 1827 3606 nobis
1840 3598 1851 3613 ,
1867 3574 1989 3605 Praelatis
2001 3596 2013 3614 ,
2029 3573 2210 3614 Corffidbus,
2226 3573 2381 3604 Barombus

1315 3615 1402 3659 quam
1417 3615 1538 3683 qusibus
1553 3613 1650 3651 Regni
1664 3613 1767 3653 nostri,
1785 3623 1818 3663 ac
1831 3613 1889 3645 aliis
1901 3612 1937 3654 de
1949 3612 2066 3646 consilio
2085 3612 2199 3663 nostro,
2216 3612 2317 3649 exponi
2334 3611 2376 3642 fe.-

1314 3660 1561 3731 cQaessniaiidrgm
1574 3690 1690 3729 nostris,
1707 3691 1741 3722 &
1760 3690 1904 3721 didiorum
1926 3688 2126 3728 Praelatorum,
2143 3687 2308 3730 Corniuim,
2326 3686 2377 3726 Ba,-

1315 3740 1474 3797 sgnum³da
1497 3728 1631 3768 aliorum,
1649 3730 1696 3768 qui
1710 3729 1836 3769 aderant,
1851 3728 1984 3768 sensibus,
2001 3728 2069 3759 ultra
2080 3736 2163 3768 quarn
2175 3725 2251 3756 credl
2267 3726 2374 3765 potest,

1313 3778 1329 3797 ³
1351 3776 1843 3849 Eifflmavssfssssnisshommabfflbus
1862 3806 1895 3849 sc
1917 3803 2114 3849 execrantibus
2124 3800 2223 3838 dictis,
2241 3800 2383 3846 hactenus,

1311 3844 1439 3874 inauditis
1452 3844 1548 3881 nobis,
1564 3845 1598 3875 &
1621 3843 1900 3883 praefatis‚Prae]at1s‚
1918 3842 2096 3879 ComitibuS,
2114 3838 2321 3879 &Barombus,
2338 3841 2376 3871 ab

1313 3883 1392 3911 initio
1406 3882 1472 3926 fides
1485 3881 1570 3912 facilis
1585 3883 1743 3926 adhibenda
1759 3883 1880 3912 minime
1895 3881 2056 3919 videbatur,
2290 3918 2296 3923 ι

1347 3919 1507 3950 Deliberato
1521 3920 1637 3950 consilio
1651 3920 1823 3958 providimus
1836 3918 2019 3962 Senescallum
2032 3913 2157 3962 nostrum
2170 3914 2297 3960 Agenesu
2306 3927 2374 3956 ‚un-

1311 3957 1348 3988 de
1363 3958 1399 3988 de
1413 3957 1473 3988 labe
1488 3958 1646 3995 hujusmodi
1660 3968 1784 3989 rumores
1797 3957 1926 3996 prodiisse
1936 3956 2064 3985 dicuntur
2095 3952 2129 3983 ad
2144 3955 2314 3991 praesentlam
2320 3966 2373 3986 no-

1311 3994 1395 4026 stram
1413 3995 1474 4027 fore
1497 3996 1670 4034 personaliter
1689 3996 1885 4034 evocandum3
1903 4001 1948 4031 ut,
1966 4001 2014 4031 per
2029 3975 2136 4031 ipsilm,
2151 3991 2229 4030 super
2251 3994 2374 4064 Praensii?

2363 4056 2374 4072 s
