2570 4261
89 186 165 217 Ann.
179 186 220 216 D.

112 231 208 263 1293ss

91 268 157 293 Edu.
178 273 200 289 ι.

120 3148 250 3175 ⁸11.612.

232 115 314 144 120

271 187 361 218 Simili
377 185 467 216 modo
481 194 511 215 ea
526 183 618 220 (quae,
637 190 686 218 per
702 179 845 217 Majorem
860 174 1016 213 &juratos
1027 172 1159 209 Baionae,
1176 169 1222 214 vel
1242 168 1291 199 ali-

236 236 306 264 quos
322 224 464 255 Officiales
477 223 619 260 ipsorum,
634 219 737 248 fuerint
750 225 847 254 capta,
863 213 909 244 vel
921 213 1017 243 seizita
1030 211 1066 241 de
1087 210 1227 248 personis,
1244 214 1291 250 aut

236 265 319 295 bonis
334 263 402 293 dicti
417 262 518 297 Reffis,
532 254 779 297 Justiciariorum,
797 252 994 288 Officialium,
1005 249 1186 292 autlaliorurn
1199 245 1293 277 subdi-

238 311 334 332 torum
357 300 437 337 ipiiiis
458 299 542 337 Regis
563 295 594 333 (ii
610 302 664 332 qua
677 293 740 329 sint)
754 293 787 322 δε
801 301 865 329 quae
880 299 991 321 exnunc
1004 286 1163 330 seizientur)
1180 284 1293 327 praesata

239 339 439 370 Conimunitas
452 335 580 373 requisita
592 332 729 368 restituat,
747 330 804 360 sive
819 329 915 359 reddat
933 326 1045 356 indilate
1067 326 1136 361 illis,
1153 324 1169 353 a
1190 322 1293 360 quibus

238 388 317 415 capta
336 376 381 406 vel
401 376 494 405 {eizita
515 371 635 407 fuerint,
652 378 699 399 aut
717 368 893 405 haeredibus,
911 365 956 397 vel
976 364 1131 394 Attornatis
1151 361 1294 402 ipsorum,

239 417 285 447 vel
304 414 374 452 iilis,
393 423 464 450 quos
481 410 609 450 praefatus
631 408 693 438 Rex
708 406 854 444 deputabit
867 405 902 435 ad
911 401 1105 441 recipiendum
1118 399 1297 430 deliberatio-

239 463 306 484 nem
317 454 362 482 seu
379 451 583 480 restitutionem
596 444 816 484 praemissorum.
1255 473 1260 478 ,

277 491 306 522 Si
320 499 391 519 vero
403 490 502 526 aliqui,
519 487 683 526 singulares,
701 483 806 521 Cives,
821 481 944 518 Nautae,
961 479 1008 510 vel
1024 478 1202 519 Mercatores
1215 472 1298 516 Baioss

241 539 302 566 nce,
318 528 408 565 aliqua
420 534 573 563 ceperunt,
591 524 637 554 vel
651 523 713 560 capi
725 521 853 552 fecerunt
866 519 902 561 de
917 518 1040 560 personis
1056 516 1105 559 *vel
1126 516 1208 545 bonis
1230 510 1298 541 dusti

241 568 288 598 Re
310 567 344 603 iS,
362 576 408 596 aut
423 565 601 596 subditorum
612 562 742 598 suorum,
758 559 838 596 quod
854 560 919 595 lpll,
937 566 987 594 per
1000 555 1146 593 Maiorem
1166 552 1200 582 &
1217 549 1299 593 Jura-

242 576 432 641 tosgBaionie,
445 601 619 642 Justiciarios
634 601 668 631 &
681 599 748 629 alios
763 597 908 628 Officiales
921 593 1050 630 nostr05,
1068 592 1102 622 ad
1121 589 1300 633 deliberatio-

240 654 307 674 nem
326 642 548 681 predictorum,
566 639 658 670 modis
681 637 832 674 omnibus,
857 634 956 672 quibus
973 631 1092 662 celerius
1111 637 1231 668 poterit,
1258 624 1302 656 di-

242 682 421 719 stringantur.

279 721 368 758 Item,
388 717 466 757 quod
487 716 552 755 post
573 714 688 746 Festum
708 712 804 744 Sancti
1015 748 1018 752 .
1270 742 1274 747 ι

242 759 360 796 Treuga
370 755 548 795 hujusmodi,
566 763 615 791 per
628 752 750 790 aliquem
764 751 809 781 seu
823 750 930 789 aliquos
943 747 1066 779 subditos
1087 745 1134 775 vel
1154 744 1304 786 Commis-

241 798 324 829 sarios
340 796 468 833 nostros,
485 795 518 824 &
534 792 618 823 alium
630 790 676 821 seu
689 790 772 827 alios,
789 790 825 818 ab
840 787 943 819 eodem
958 785 1042 825 Rege
1053 782 1245 821 deputandos,
1261 790 1304 823 in-

241 838 366 875 quiratur
384 833 458 872 apud
480 832 558 862 Font
578 830 709 867 Arrabia,
727 828 863 858 Sanetum
884 826 1050 865 johannem
1068 822 1104 852 de
1124 822 1199 859 Lus,
1217 821 1251 863 ὃς
1274 828 1304 862 in

243 876 299 905 aliis
321 874 407 910 locis,
427 881 492 910 quae
511 869 579 899 dieti
600 867 722 906 deputati
743 867 870 896 duxerint
888 862 1029 903 eligenda,
1048 862 1096 899 qui
1106 859 1152 904 'de
1165 857 1303 902 pratditftis

242 913 364 952 partibus
379 912 491 941 fuerunt
506 910 535 938 in
549 906 632 946 culpa
646 905 784 936 dictarum
798 904 1018 935 contentionum
1031 901 1063 931 ὃς
1085 898 1303 934 discordiarum,

244 954 277 984 ὃ(
298 952 384 981 etiam
406 948 442 979 de
461 948 630 986 quantitate,
646 945 692 975 seu
711 943 808 974 valore
820 942 963 972 dffitorum
973 940 1120 969 bonorum
1135 944 1304 974 captorum,

244 999 309 1027 qua:
322 988 452 1019 dicentur
466 987 557 1017 minus
571 985 653 1022 plen‘e
666 981 789 1013 restituta
804 979 899 1018 fuisse,
917 980 951 1010 δε
965 988 1011 1016 ea,
1030 985 1146 1019 necnon
1165 978 1303 1016 dampna,

245 1030 278 1060 δε
294 1029 401 1067 injurias
416 1026 556 1056 distarum
571 1024 706 1060 partium,
724 1030 808 1059 pace,
825 1018 1019 1055 ordinatione,
1037 1016 1084 1047 vel
1104 1014 1181 1044 ahter
1201 1012 1305 1042 faciant

246 1066 405 1104 emendari,
425 1072 510 1103 prout
525 1061 646 1093 viderint
661 1059 830 1090 faciendum.
1231 1090 1236 1094 ι

284 1105 320 1135 Et
336 1106 419 1134 etiarn
432 1105 503 1133 inter
515 1110 602 1139 partes
617 1108 717 1138 pacem
732 1098 765 1128 &
779 1094 967 1127 concordiam
981 1093 1113 1124 ordinent
1128 1091 1161 1123 &
1184 1089 1304 1126 faciant,

245 1143 266 1176 si
280 1143 402 1182 poffiiit,
420 1149 556 1179 perpetuo
571 1138 738 1168 duraturam.
1082 1169 1086 1173 Ι

285 1182 341 1221 Et,
359 1181 378 1211 (i
392 1182 464 1211 forte
479 1178 562 1216 aliqui
574 1177 610 1206 de
622 1175 703 1206 dictis
719 1174 858 1212 partibus,
877 1180 977 1203 contra
988 1167 1146 1211 praemissa‚
1164 1166 1242 1205 quod
1257 1167 1306 1196 ab·

248 1220 298 1260 sit,
315 1221 458 1256 venerint,
476 1217 531 1255 illi,
549 1217 582 1247 ὃς
594 1224 654 1245 non
667 1213 727 1252 alii,
747 1220 862 1251 propter
885 1211 959 1249 hoc,
977 1216 1061 1248 prout
1076 1205 1185 1245 justum
1206 1205 1307 1243 fuerit,

249 1268 407 1298 puniantur.

823 710 971 743 Michaelis
983 706 1151 746 praedictum
1159 729 1170 743 ,
1187 703 1305 735 durante

284 1335 353 1367 Nos
366 1343 460 1365 autem
473 1332 595 1364 inducias
608 1330 653 1361 seu
668 1338 777 1367 treugas
791 1328 823 1359 &
843 1327 1047 1357 conventiones
1064 1324 1208 1363 praedictas
1222 1322 1306 1355 ratifi-

248 1384 361 1412 camus,
378 1373 582 1412 approbamus,
599 1371 633 1400 &
647 1370 730 1399 etiarn
746 1366 964 1403 confirmamus,
982 1364 1103 1402 ipsasque
1122 1363 1256 1394 faciemus
1276 1363 1305 1391 in

247 1414 275 1445 R
315 1414 342 1442 ni
363 1414 395 1444 &
413 1412 528 1441 aliarum
548 1417 684 1439 terrarum
702 1406 860 1437 nostrarum
881 1404 1018 1442 portubus
1034 1402 1183 1441 publicari,
1201 1403 1234 1433 ὃς
1256 1410 1305 1440 per

248 1421 360 1482 ηοῇιυε
372 1449 494 1481 subditos
510 1447 658 1479 observari.

249 1531 345 1564 ‘Ti’nor
361 1530 447 1561 literae
462 1527 670 1574 procuratoriae
684 1523 802 1571 praefati
825 1524 911 1568 Regis
922 1520 1062 1568 stquitur
1079 1522 1110 1551 in
1125 1517 1180 1552 haec
1198 1515 1303 1552 verba.

250 1611 595 1677 NOverint·universi
617 1609 696 1655 quod
716 1618 789 1653 nos,
815 1607 929 1652 Saucius
943 1630 953 1644 ,
969 1605 1027 1636 Dei
1059 1604 1141 1648 rarii,
1159 1603 1305 1648 Castellae,

348 1654 497 1693 Legionis,
515 1650 650 1687 Tholeti,
669 1647 813 1686 Galeciae,
831 1645 954 1682 Sibiliae,
971 1643 1033 1674 Cor
1055 1644 1145 1682 ubiae,
1165 1643 1306 1680 Murciae,

251 1693 372 1724 Gihenii
385 1701 467 1729 atque
483 1689 606 1729 Algarbii
619 1687 699 1724 Rex,
717 1685 894 1722 ordinamus,
913 1683 956 1713 seu
977 1682 1175 1713 constituimus
1195 1681 1308 1711 nostros

249 1739 348 1768 veros,
367 1730 533 1760 sufficientes
547 1736 631 1765 atque
644 1726 795 1765 legittimos
816 1723 1015 1753 Procuratores
1030 1744 1039 1759 ,
1065 1719 1236 1759 Magistrum
1253 1720 1307 1756 J0-
1349 1726 1357 1729 “

250 1770 373 1800 hannem
384 1793 392 1807 ‚
407 1767 539 1806 Judicem
551 1765 647 1796 Curiae
663 1762 784 1799 nostrie,
800 1763 833 1793 «St
849 1759 1040 1791 Gundissalun
1053 1756 1189 1797 Martini,
1206 1759 1307 1788 ambos

251 1808 378 1845 insimul,
397 1808 430 1838 ὃς
445 1805 598 1844 quemlibet
612 1812 712 1833 eorum
726 1803 753 1830 in
767 1799 886 1831 solidum

289 1848 377 1884 Super
397 1843 534 1875 discordia
547 1868 556 1880 ,
574 1843 684 1872 noviter
699 1848 794 1870 exorta
808 1839 878 1869 inter

250 1887 284 1917 ἃ
300 1886 430 1915 homines
444 1882 561 1913 dominii
576 1881 684 1918 semper
698 1877 806 1908 illustris
822 1877 944 1906 Domini
960 1875 1091 1905 Edwardi
1107 1899 1116 1911 ,
1134 1874 1192 1904 Dei
1207 1874 1309 1914 gratia,

250 1925 338 1971 Regis
358 1922 469 1962 Angliae
484 1944 494 1960 ,
514 1920 637 1951 Domini
651 1918 815 1954 Hiberniae,
833 1917 866 1947 ὃς
882 1914 1041 1953 Aquitaniae
1056 1913 1165 1951 Ducis,
1183 1922 1217 1943 cx
1233 1921 1309 1950 parte

253 1974 310 1994 una
319 1973 324 1991 ἶ

288 2001 325 2032 Et
340 2001 469 2031 homines
481 1997 611 2028 villarum
623 1994 800 2031 nostrarum,
817 1990 911 2022 Castri
932 1991 965 2022 &
978 1989 1074 2021 Sanffi
1091 1988 1228 2020 Emeterii
1241 2012 1251 2027 ,
1277 1989 1310 2020 &

251 2049 369 2072 caeteros
385 2039 556 2076 Regnorum
568 2034 732 2065 nostrorum
754 2041 789 2062 ex
801 2030 902 2068 akei-Q

291 2078 337 2109 Ad
356 2076 531 2108 tractandum
547 2099 557 2112 ,
581 2071 769 2104 ordinandum
784 2092 794 2108 ‚
818 2069 865 2100 seu
885 2066 1123 2108 componendum
1135 2090 1146 2105 ,
1163 2075 1247 2104 atque
1261 2064 1309 2096 fir-

254 2116 391 2147 mandum
404 2123 504 2153 pacem
520 2114 591 2143 inter
603 2121 666 2141 eos:

292 2155 401 2185 Datum
423 2154 456 2184 &
475 2151 592 2181 firmum
613 2148 733 2180 habituri
745 2157 794 2185 per
808 2146 896 2183 Nos,
915 2145 949 2176 &
963 2154 1013 2183 per
1026 2143 1158 2175 homines
1172 2142 1311 2174 dictarum

253 2193 411 2230 Villarum,
428 2194 460 2222 &
474 2199 592 2220 caeteros
613 2187 702 2217 nostri
717 2185 850 2216 Dominii
862 2208 871 2220 ,
897 2182 1031 2222 quicquid
1051 2191 1100 2221 per
1119 2181 1228 2220 dictos,
1245 2181 1313 2211 Ma-

251 2231 371 2272 gistrum
382 2230 562 2269 johannem,
581 2227 615 2257 &
636 2223 825 2256 Gundiffalun
840 2222 972 2260 Martini,
990 2221 1035 2251 vel
1057 2230 1158 2251 eorum
1174 2221 1312 2258 alterum,

252 2271 367 2308 affitum,
385 2275 567 2306 procuratum
585 2265 631 2295 seu
653 2262 816 2294 ordinatum
835 2261 962 2292 fueritin
975 2258 1140 2298 praemiffis,
1157 2258 1203 2289 seu
1219 2257 1312 2297 quoli-

253 2309 300 2339 bet
317 2306 535 2346 praemifforum.

291 2346 347 2384 Et,
365 2347 402 2375 ne
420 2346 449 2374 in
472 2344 591 2373 dubium
611 2339 783 2376 deducatur,
801 2338 967 2376 praesentem
981 2336 1120 2373 litteram,
1137 2334 1226 2365 nostri
1242 2345 1313 2373 pen-

254 2385 345 2454 ggntis
365 2382 458 2421 Sigilli
478 2382 639 2413 roboratam
660 2379 820 2409 munimine
834 2400 845 2416 ,
876 2375 979 2407 eisdem
997 2374 1128 2405 duximus
1147 2374 1313 2405 conceden-

292 2434 331 2454 m.

296 2501 364 2532 Dat.
383 2498 457 2538 apud
479 2497 558 2529 Valle
580 2496 659 2527 Cleri
681 2494 725 2525 16.
744 2494 790 2526 die
805 2491 870 2523 Kal.
885 2490 977 2531 junii,
995 2499 1070 2521 anno
1085 2488 1210 2520 Domini
1230 2499 1315 2532 1293.

893 1822 1021 1868 homines
1035 1835 1164 1866 Civitatis
1178 1835 1291 1866 Baionae
1300 1858 1309 1873 ‚

293 2577 363 2615 Ego
377 2575 519 2607 Martinus
533 2572 673 2610 Gutterii‚
691 2570 841 2602 mandante
856 2568 959 2606 Rege,
977 2567 1032 2598 feci
1048 2566 1139 2597 scribi.

257 2663 353 2698 Tenor
383 2661 454 2695 ver‘o
481 2661 567 2694 literae
579 2661 789 2706 procuratoris
809 2658 1038 2688 Communitatis
1054 2656 1166 2687 Baionae
1174 2653 1314 2700 ftquitur

655 2704 714 2752 fhb
731 2704 787 2737 hac
800 2702 919 2748 formd.

260 2795 551 2859 EXcellentiffimo
575 2792 698 2829 Principi
715 2815 724 2830 ,
750 2790 783 2821 &
803 2788 937 2819 Domino
957 2786 1007 2817 suo
1029 2786 1161 2824 naturali,
1180 2785 1316 2817 Domino

340 2834 480 2865 Edwardo
495 2857 504 2872 ,
529 2833 587 2863 Dei
611 2831 700 2869 gratia
713 2854 723 2868 ,
747 2829 826 2865 Regi
845 2826 958 2864 Angliae
973 2849 982 2864 ,
1002 2825 1136 2855 Domino
1149 2823 1317 2862 Hiberniae,

261 2875 295 2905 ὃ(
318 2874 396 2904 Duci
419 2873 595 2910 Acquitaniae
610 2893 620 2908 ,
642 2870 680 2900 sui
701 2867 820 2898 humiles
841 2867 874 2898 &
895 2865 1008 2901 devoti,
1028 2863 1142 2901 Major,
1158 2863 1261 2902 jurati,
1280 2864 1313 2894 δε

261 2912 438 2942 Communia
458 2910 586 2941 Civitatis
606 2909 661 2939 sure
681 2907 794 2937 Baionae
812 2904 845 2935 ad
869 2904 932 2941 ejus.
948 2902 1031 2943 pedes
1054 2901 1316 2939 excellentissimos,

264 2960 333 2981 cum
345 2950 440 2980 debito
455 2949 567 2980 servitio
576 2972 585 2986 ,
602 2945 698 2977 debita
710 2943 865 2974 reverentia
878 2945 903 2974 se
917 2940 1076 2979 prostratos.

302 2987 456 3018 Excellenti
475 2986 577 3017 vestrae
596 2985 700 3021 Regiae
723 2982 864 3021 Majestati
878 3005 887 3020 ,
912 2991 960 3017 per
975 2980 1022 3009 has
1037 2978 1182 3017 praesentes
1195 2978 1315 3016 litteras,

262 3025 448 3063 significamus
460 3025 537 3063 quod
551 3033 648 3054 coram
661 3023 743 3052 vobis
757 3021 874 3051 facimus
888 3020 921 3050 &
938 3017 1133 3049 constituimus
1146 3017 1318 3047 Procurato-

262 3074 305 3108 res
320 3064 449 3132 nostras,
469 3063 624 3094 Amaldum
644 3061 680 3091 de
693 3060 798 3097 vilari,
816 3057 1021 3097 &johannem
1033 3056 1069 3085 de
1084 3055 1215 3094 Ardirio,
1235 3053 1319 3085 Cori-

267 3113 344 3133 cives
359 3113 399 3133 no
426 3112 471 3131 ros

303 3142 321 3160 ³*
341 3140 387 3171 Ad
402 3126 619 3178 proponendum
630 3161 639 3176 ,
656 3135 850 3172 trafiandurn,
867 3133 1072 3171 ordinandum,
1091 3133 1125 3164 &
1141 3131 1320 3171 faciendum,

265 3189 365 3211 coram
387 3176 568 3209 illustriffima
588 3176 681 3206 vestra
699 3175 778 3212 regia
799 3174 971 3204 Celiitudine
986 3196 996 3212 ,
1018 3172 1116 3202 omnia
1137 3172 1170 3202 &
1192 3171 1317 3210 singula,

267 3229 331 3257 qute
349 3216 383 3248 ad
402 3226 502 3255 pacem
519 3239 528 3253 ,
551 3214 600 3246 vel
612 3223 741 3251 treugam
753 3213 923 3243 videbuntur
936 3212 998 3242 fore
1012 3209 1155 3247 facienda,
1172 3209 1252 3247 super
1265 3209 1320 3239 dis-

267 3258 394 3287 sentione
444 3257 477 3287 &
498 3252 635 3284 discordia
648 3277 657 3290 ,
681 3253 715 3283 &
736 3250 863 3289 dampnis
875 3275 884 3288 ,
903 3251 984 3280 nobis
999 3249 1077 3278 illatis
1091 3257 1141 3285 per
1156 3247 1321 3278 Dominum

267 3295 385 3332 Regem
400 3280 548 3329 Castellae,
566 3293 599 3322 ὃ(
615 3298 713 3328 gentes
726 3289 799 3326 suaS‚
818 3289 851 3319 &
872 3289 906 3318 ad
919 3288 1017 3319 omnia
1030 3288 1064 3318 ὃ(
1080 3286 1187 3323 singula
1200 3286 1235 3318 ad
1249 3296 1322 3325 prte-

268 3333 379 3364 dicstum
394 3333 541 3370 negotium
554 3330 718 3367 pertinentia
730 3328 775 3358 seu
790 3327 880 3365 ipsum
894 3327 1046 3364 negotium
1059 3326 1217 3363 tangentia,

302 3371 410 3402 Dantes
424 3372 458 3402 ὃς
470 3368 659 3400 concedentes
671 3366 808 3405 praediffis
824 3365 1056 3395 procuratoribus
1069 3362 1185 3400 nostris,
1225 3362 1318 3393 lenam

268 3410 302 3441 &
323 3410 439 3440 liberam
462 3407 628 3446 potestatem
650 3404 850 3444 proponendi,
871 3403 1030 3440 traelandi,
1055 3401 1189 3438 disponen
1211 3403 1267 3432 i&
1283 3401 1324 3431 fa—

271 3448 362 3478 ciendi
376 3447 473 3478 omnia
489 3447 521 3476 &
537 3444 658 3482 singula,
677 3453 740 3481 qua:
754 3442 787 3472 ad
803 3441 969 3480 praediffilmm
985 3441 1134 3478 negotium
1154 3439 1258 3470 fuerint
1272 3449 1324 3469 ne-

273 3486 385 3516 cessaria
399 3509 409 3525 ,
431 3486 477 3516 vel
498 3485 581 3514 etiam
600 3490 756 3519 oportuna,
775 3483 808 3512 ἃ
822 3480 989 3518 praedistum
1001 3479 1152 3516 negotium
1165 3479 1324 3515 tangentia,

276 3524 320 3552 vel
336 3534 399 3561 qllae
417 3524 557 3562 pertinere
577 3521 690 3560 poffunt
704 3543 714 3558 ,
732 3528 816 3558 prout
831 3518 931 3550 vestrae
948 3518 1052 3555 Regiae
1066 3515 1232 3547 Celsitudini
1245 3516 1327 3547 vide-

276 3561 349 3590 bitur
363 3562 530 3592 faciendum.

315 3598 420 3629 Rarum
440 3602 472 3631 &
496 3607 607 3636 gratum
628 3597 824 3635 promittentes
844 3605 896 3625 nos
917 3603 1054 3632 perpetuo
1068 3593 1228 3630 habituros,
1247 3592 1327 3629 quic-

277 3636 344 3673 quid
367 3647 415 3674 per
436 3638 526 3668 dictos
546 3637 744 3666 Procuratores
765 3633 876 3663 nostros
911 3634 989 3670 super
1003 3632 1156 3671 praediffis,
1173 3630 1220 3660 vel
1232 3630 1327 3667 aliquo

278 3675 481 3717 prtemissoiunji
497 3700 506 3713 ,
531 3684 630 3705 coram
645 3673 736 3704 vestra
750 3672 836 3708 regali
847 3656 1007 3702 celsitudine
1021 3669 1214 3711 propositum,
1228 3668 1328 3698 tracia-

279 3720 340 3741 tum
350 3734 359 3748 ,
377 3712 536 3749 dispoiirum
549 3715 582 3744 ὃ(
595 3713 690 3742 actum
704 3712 794 3741 fuerit.

317 3748 353 3778 Et
376 3750 436 3792 haec
460 3753 554 3780 omnia
574 3752 607 3781 ὃς
632 3750 738 3787 singula
761 3747 914 3785 supradicta
933 3746 1036 3777 vestrae
1049 3746 1153 3783 Regiae
1169 3743 1327 3783 Majestati,

280 3787 314 3817 &
329 3788 478 3825 omnibus,
496 3799 617 3825 quorum
631 3787 744 3818 interest
763 3787 808 3816 vel
820 3786 949 3816 interesse
963 3785 1056 3822 potest
1073 3785 1107 3815 &
1125 3783 1227 3821 debet,
1245 3782 1330 3819 figni-

280 3824 395 3892 {ilcarniiis
414 3864 417 3867 Ι
432 3834 463 3890 ler
485 3826 530 3855 has
543 3835 664 3863 patente„
678 3827 795 3862 litteras,
812 3824 901 3861 sigillo
914 3824 1019 3854 nostrai.-
1034 3822 1219 3854 Communiae
1232 3822 1330 3858 inpen-

300 3872 357 3892 enri
382 3872 420 3897 igi
441 3871 501 3891 atas.

319 3899 386 3930 Dat.
407 3899 517 3942 Baionae
530 3901 575 3930 die
591 3901 730 3932 Mercurii
745 3900 808 3939 post
824 3899 939 3930 Festum
951 3900 1025 3930 beati
1039 3898 1173 3930 Barnabae
1187 3895 1330 3934 Apostoli,

281 3948 357 3968 anno
371 3937 492 3967 Domini
513 3947 594 3975 1293.

283 3976 355 4045 toln
375 3985 498 4014 quorum
515 3975 707 4007 testimonium
727 3977 775 4007 has
798 3976 898 4007 litteras
911 3976 1017 4007 nostras
1031 3975 1092 4006 fieri
1104 3974 1224 4005 fecimus
1236 3979 1334 4010 paten-

678 79 1476 136 CONVENTIONES,

1544 79 1928 135 LITERAE‚

1364 165 1433 197 Dat.
1452 165 1586 197 Cantuar.
1609 176 1641 206 15
1657 168 1703 199 die
1711 168 1793 209 Julii,
1810 179 1887 200 anno
1900 169 2026 200 Domini
2045 177 2129 208 1293.
2408 165 2536 198 Ann.D.

2434 214 2522 246 1293.

2410 248 2479 272 Edv.
2496 254 2522 271 ι.

1332 291 1382 322 De
1396 287 1595 335 Jnramentis
1617 294 1654 329 ὠ·
1673 293 1815 324 Deveriis
1837 303 1858 324 a
1884 294 1961 337 Rege
1979 294 2016 329 (ῤ’
2033 290 2173 338 Epifiopo
2190 291 2338 338 Agenensi
2350 290 2397 324 ad

1715 343 1844 373 invicem
1859 339 2038 386 praestandis.

1408 419 1433 450 E
1444 419 1474 451 X
1492 423 1627 467 omnibus
1638 422 1673 453 ad
1689 434 1777 462 quos,
1796 425 1856 456 ὅτε.
1873 425 1995 455 salutem.
2407 429 2475 461 Anti
2493 430 2533 461 D·

1437 458 1587 504 Noveritis
1608 461 1686 499 quod
1705 462 1812 493 dilecto
1832 464 1865 494 &
1879 462 1953 493 fideli
1964 461 2081 501 nostro,
2096 463 2220 502 Johanni
2233 463 2270 496 de
2288 464 2396 500 Sanito
2430 454 2515 508 12§3-
2526 452 2534 460 .

1333 495 1465 540 Johanne
1482 497 1586 537 Militi,
1604 499 1704 530 locum
1717 500 1846 531 nostrum
1859 503 1888 531 in
1900 502 1978 532 dieto
1987 501 2104 532 Ducatu
2119 505 2243 541 tenenti,
2260 506 2398 536 commit-
2409 512 2462 537 An.
2479 518 2526 536 21.

1337 543 1421 565 timus
1441 536 1609 581 potestatem
1631 539 1664 568 &
1684 538 1801 575 speciale
1819 540 1982 571 mandatum
1997 565 2008 579 ,
2029 541 2184 578 recipiendi
2204 542 2238 573 &
2259 542 2380 575 faciendi
2411 551 2440 573 Ε.
2463 556 2485 574 1.

1339 572 1407 603 loco
1428 574 1546 619 nostri,
1555 575 1717 614 Juramenta
1731 576 1882 616 fidelitatis,
1900 580 1933 609 &
1947 579 1998 609 alia
2010 578 2105 608 similia
2119 578 2248 618 deveria,
2264 590 2328 618 quae
2343 568 2397 612 nos²
2410 589 2465 612 Rot.
2484 585 2541 623 Vq(-

1339 612 1373 641 &
1387 611 1657 658 Venerabilis'P-ater
1670 614 1850 653 Bertrandus,
1870 617 2004 654 praedicta
2019 616 2124 656 gratia,
2143 617 2299 657 Episcopus
2315 618 2395 658 Age-
2409 633 2462 651 con.

1341 654 1431 680 neniis
1440 674 1449 689 ,
1467 651 1501 681 ad
1514 661 1640 683 invicem
1656 653 1747 684 facere
1761 656 1794 685 &
1808 656 1938 685 exhibere
1950 663 2090 686 tenemur.
2412 665 2464 688 An.
2482 670 2527 690 21.

1379 688 1489 732 Datum
1505 690 1626 721 habituri
1639 692 1673 722 ὅ(
1686 701 1798 735 gratum
1807 715 1818 731 ,
1835 693 1914 731 quod
1924 693 2003 732 super
2016 695 2068 724 hiis
2082 693 2184 726 nostro
2196 695 2317 726 nomine
2329 695 2378 728 fiet
2412 704 2510 728 Emm.
2519 708 2546 726 ι.

1341 736 1375 757 ac
1391 729 1410 756 ll
1425 738 1474 765 per
1490 738 1543 758 nos
1557 729 1664 760 facturn
1677 730 1778 761 fuisset.
2388 720 2400 737 ³

1379 765 1413 795 In
1427 766 1522 805 cujus,
1541 768 1601 798 &c.

1379 841 1446 874 Dat.
1465 841 1595 874 Cantuar.
1619 845 1652 875 18
1672 844 1717 875 die
1728 844 1802 884 julii.

1939 922 1995 954 Per
2009 924 2100 963 ipsum
2116 925 2242 964 Regem.

1347 1047 1395 1078 De
1422 1042 1560 1092 potestate
1588 1044 1747 1092 recipiendi
1773 1048 1912 1080 Deveria
1938 1043 1978 1079 ab
2006 1047 2144 1094 Epiftopo
2175 1052 2323 1097 Agenensi
2343 1054 2402 1097 fa·

1815 1094 1932 1129 cienda.

1345 1180 1407 1242 R
1416 1179 1441 1210 E
1451 1180 1481 1211 X
1506 1180 1640 1210 omnibus
1652 1179 1687 1210 ad
1701 1190 1789 1219 quos,
1803 1181 1865 1212 ὅτε.
2415 1181 2491 1216 Arm
2505 1181 2550 1212 D.

1446 1219 1596 1263 Noveritis
1618 1218 1695 1257 quod
1714 1219 1820 1250 dilecto
1840 1221 1874 1251 ὃ(
1893 1219 1967 1249 fideli
1983 1219 2099 1260 nostro,
2113 1219 2235 1259 Johanni
2247 1221 2283 1253 de
2294 1221 2401 1255 Sandb
2437 1229 2521 1259 1293·

1338 1258 1468 1302 joha-nne
1484 1257 1589 1295 Militi,
1606 1257 1705 1288 locum
1718 1258 1884 1289 nostrorum
1899 1259 1928 1288 in
1947 1257 2026 1288 dieto
2038 1258 2155 1290 Ducatu
2175 1262 2298 1299 tenenti,
2316 1272 2400 1293 com-
2416 1265 2469 1289 An.
2486 1270 2531 1288 2¹·

1345 1304 1480 1340 mittimus
1492 1295 1658 1340 potestatem
1673 1297 1706 1327 &
1719 1296 1836 1334 speciale
1850 1297 2012 1327 mandatum
2024 1298 2194 1337 recipiendi,
2211 1298 2280 1330 loco
2294 1300 2383 1331 nostri
2415 1304 2444 1329 Ε.
2468 1308 2491 1326 ι.

1345 1336 1379 1366 &
1395 1344 1529 1372 nomine,
1548 1334 1591 1364 illa
1604 1334 1732 1372 deveria,
1752 1346 1816 1374 quae
1831 1336 1913 1365 nobis
1925 1343 2035 1365 tenetur
2047 1335 2140 1366 facere
2155 1336 2329 1369 Venerabilis
2343 1326 2401 1370 Pal
2413 1343 2470 1366 not.
2480 1336 2539 1369 Vas·

1345 1383 1388 1405 ter
1421 1371 1599 1416 Bertrandus,
1617 1372 1752 1416 praedidffi
1767 1373 1873 1412 gratia,
1888 1373 2043 1413 Episcopus
2056 1374 2220 1411 Agenensis.
2410 1387 2462 1405 con.
2477 1379 2536 1403 An.

1380 1397 1488 1456 Rarum
1509 1411 1627 1441 habituri
1643 1412 1676 1442 &
1690 1421 1818 1451 gratum,
1836 1412 1915 1451 quod
1934 1412 1984 1442 sibi
1998 1414 2118 1444 nomine
2131 1413 2231 1446 nostro
2245 1414 2295 1446 fiet
2327 1426 2360 1448 ac
2375 1416 2394 1450 fi
2414 1424 2459 1443 2¹-
2474 1418 2504 1443 Ε-
2530 1424 2558 1444 1-

1343 1451 1426 1483 nobis
1439 1454 1500 1488 lplis
1513 1450 1621 1480 fastum
1634 1450 1735 1480 fuisset.
2301 1439 2311 1455 ³
2414 1463 2451 1484 m.
2468 1463 2493 1481 i.

1384 1489 1417 1519 In
1432 1489 1525 1528 cujus,
1542 1489 1602 1519 &c.

1385 1566 1454 1597 Dat.
1471 1565 1545 1604 apud
1559 1566 1644 1598 Cant.
1666 1574 1701 1605 19
1720 1564 1766 1596 die
1775 1565 1852 1605 Julii.

1948 1641 2003 1675 Per
2016 1643 2106 1682 ipsum
2121 1643 2247 1685 Regem.

1389 1771 1500 1803 Salvus
1519 1769 1685 1803 ConduHus
1693 1781 1749 1816 pro
1766 1767 1889 1803 Robmo
1906 1769 1943 1803 de
1959 1773 2034 1804 Brus
2056 1772 2170 1805 Comite
2188 1770 2226 1804 de
2242 1770 2364 1814 Carrik,

1352 1857 1413 1918 R
1423 1855 1506 1894 EX,
1524 1856 1585 1900 &c
1601 1855 1724 1893 superior
1739 1855 1885 1887 Dominus
1900 1855 2000 1893 Regni
2014 1855 2137 1896 Scotiae,
2153 1856 2288 1888 omnibus
2302 1855 2412 1888 Ballivis
2428 1863 2497 1894 Am
2515 1863 2549 1894 D

1432 1896 1474 1940 βε,
1484 1894 1612 1925 fidelibus
1626 1894 1695 1938 suis,
1711 1894 1746 1924 ad
1759 1905 1848 1933 quos,
1867 1895 1927 1925 &c.
1946 1894 2070 1926 salutern.
2451 1889 2524 1942 129'3
2550 1887 2558 1895 ⁶

1391 1934 1492 1978 Sciatis·
1503 1932 1582 1971 quod
1595 1933 1761 1971 suscepimus
1775 1935 1803 1964 in
1815 1933 1921 1964 salvum
1943 1934 1976 1964 &
1991 1934 2121 1964 securum
2140 1933 2320 1965 conductum
2341 1944 2410 1966 nos·
2425 1945 2467 1970 A„
2494 1926 2539 1969 21⁵,

1353 1981 1447 2010 trum,
1465 1972 1602 2003 dilectum
1622 1972 1656 2002 &
1675 1971 1788 2003 fidelem
1809 1970 1957 2010 nostrum,
1976 1970 2141 2003 Robertum
2153 1971 2190 2002 de
2204 1971 2289 2011 Erus,
2307 1971 2412 2004 Comi-
2425 1985 2455 2008 E.
2472 1964 2488 2007 '1

1354 2020 1414 2056 tem
1436 2010 1472 2041 de
1492 2010 1619 2050 Carryk,
1636 2011 1666 2040 in
1681 2009 1775 2055 eundo
1787 2009 1824 2040 de
1836 2010 1950 2042 licentia
1963 2009 2061 2042 nostra
2073 2010 2108 2041 ad
2121 2021 2210 2052 partes
2223 2009 2411 2050 Norwagiae,
2427 2023 2482 2047 Ros.
2494 2002 2562 2047 scot.

1354 2049 1461 2094 ibidem
1478 2048 1635 2088 morando,
1653 2049 1686 2080 δε
1701 2048 1767 2080 inde
1778 2048 1931 2080 redeundo.
2427 2061 2480 2084 Aa.
2496 2066 2541 2084 21.

1385 2088 1430 2134 ,Et
1442 2088 1516 2132 ⁴ideo
1536 2088 1619 2132 vobis
1638 2087 1804 2118 mandamus
1827 2087 1905 2126 quod
1919 2087 2013 2118 eidem
2027 2087 2157 2126 Comiti,
2174 2096 2222 2119 aut
2234 2087 2411 2119 Hominibus
2426 2100 2456 2123 E.
2470 2105 2520 2123 Lm
2534 2104 2562 2132 3.

1354 2126 1422 2165 suis,
1441 2137 1468 2156 in
1484 2125 1622 2165 personis,
1639 2135 1686 2157 aut
1699 2127 1780 2157 rebus
1793 2126 1845 2157 suis
1881 2127 1909 2156 iri
1923 2127 2018 2158 eundo
2032 2126 2126 2158 versus
2139 2135 2228 2165 partes
2243 2126 2388 2164 praediibts

1353 2165 1633 2211 ibidem-morando,
1651 2165 1684 2194 &
1700 2165 1800 2209 exinde
1813 2149 1958 2196 redeundo
1970 2189 1980 2204 ,
2004 2175 2065 2195 non
2075 2165 2198 2195 inferatis
2211 2165 2258 2196 vel
2274 2149 2411 2202 quantuni

1354 2214 1384 2235 in
1405 2205 1487 2235 vobis
1509 2202 1551 2234 est
1572 2204 1608 2234 ab
1628 2203 1685 2247 aliis
1706 2203 1799 2234 inferri
1820 2203 1839 2222 *⁵
1862 2204 2025 2241 permittatis
2046 2203 2199 2241 injuriam,
2225 2202 2387 2234 molestiam
2402 2227 2413 2242 ,
2428 2203 2565 2240 ¹'11.<513,.

1355 2242 1530 2281 dampnum,
1546 2241 1784 2280 impedimentum
1799 2241 1931 2280 aliquod,
1946 2241 1992 2272 seu
2002 2249 2162 2280 gravamen.

1394 2281 1478 2312 Dum
1492 2289 1586 2311 tamen
1602 2281 1676 2310 bene
1687 2280 1721 2311 ὃ(
1737 2279 1854 2310 fideliter
1867 2289 1931 2320 erga
1941 2290 1994 2310 nos
2009 2281 2042 2311 &
2057 2279 2181 2310 haeredes
2195 2279 2308 2310 nostros
2321 2279 2348 2310 se
2362 2289 2412 2320 ge-

1355 2328 1414 2358 rat,
1432 2321 1464 2350 &
1486 2319 1573 2349 nichil
1590 2327 1690 2349 contra
1709 2317 1796 2349 fidem
1809 2317 1936 2348 nostram
1949 2318 1994 2349 seu
2009 2318 2123 2356 alicujus
2135 2317 2172 2348 de
2186 2317 2331 2349 Dominio
2345 2329 2413 2350 nos·

1356 2367 1403 2390 tro
1418 2358 1517 2400 faciat,
1536 2357 1580 2387 seu
1595 2366 1735 2424 perpetret
1751 2357 1972 2395 quoquomodo.

1395 2396 1428 2427 In
1444 2406 1537 2435 cujus,
1555 2396 1615 2427 &e
1655 2404 1780 2425 uraturus
1793 2396 1878 2433 usque
1891 2394 1925 2425 ad
1943 2393 2059 2425 Festum
2073 2393 2170 2425 Sancti
2185 2393 2334 2425 Michaelis
2349 2405 2418 2433 pro-

1356 2437 1438 2466 ximo
1451 2435 1636 2473 futurum3&
1651 2435 1687 2463 ab
1699 2434 1749 2464 illo
1758 2433 1845 2464 Festo
1860 2433 1947 2473 usque
1961 2433 1996 2463 ad
2012 2442 2101 2464 unum
2113 2442 2222 2464 annum
2236 2435 2369 2472 proximo
2376 2434 2418 2464 se-

1356 2483 1493 2514 quentem
1507 2473 1695 2512 completum.

1392 2550 1482 2581 Teste
1496 2550 1578 2590 Rege
1592 2549 1664 2588 apud
1680 2548 1814 2581 Cantuar.
1832 2549 1970 2582 vicesimo
1984 2558 2084 2589 quarto
2097 2550 2144 2581 die
2154 2549 2230 2589 julii.

1358 2674 1486 2727 Placitab
1502 2672 1707 2706 Parliamenti
1722 2698 1733 2714 ,
1767 2670 1850 2717 apud
1872 2671 2022 2719 Strivelyn
2040 2698 2050 2713 ,
2077 2683 2179 2704 coram
2194 2674 2324 2705 Domino
2340 2676 2420 2720 Rege

1402 2724 1438 2759 (ἔγ
1456 2732 1521 2766 ejus
1539 2721 1675 2763 Confilio,
1701 2724 1733 2751 in
1750 2717 1875 2761 crastina
1890 2720 1994 2751 Sam‘li
2012 2721 2097 2752 Petri
2110 2719 2155 2751 ad
2170 2721 2314 2763 vincula,
2339 2733 2418 2754 anno

1402 2772 1500 2815 Regni
1518 2771 1605 2814 Regis
1621 2766 1663 2813 J.
1688 2770 1788 2800 Scotiae
1797 2770 1907 2812 primo,

1395 2853 1530 2884 Ohannes
1543 2852 1715 2898 Vicecomes
1727 2851 1764 2883 de
1777 2852 1940 2892 Pinkeney,
1957 2852 1992 2884 &
2004 2851 2089 2884 Ram
2102 2853 2140 2884 de
2152 2852 2397 2894 Gaur,venerunt
2432 2855 2509 2886 Ann.
2524 2855 2568 2887 D.-

1406 2895 1524 2937 nornine
1538 2890 1663 2922 Comitis
1678 2892 1714 2922 de
1726 2891 1851 2936 Flandria
1860 2915 1870 2930 ,
1887 2900 2022 2930 tanquam
2037 2893 2094 2931 ejus
2107 2892 2308 2924 Procuratores
2321 2879 2416 2926 &At³
2456 2904 2540 2934 1293.

1358 2929 2096 3001 ffi‘ffls’·⁸s{i¹1³i{{¹t”‘{argsffiffi‘ssss‘l‘fflnffissfse²
2115 2931 2281 3000 q⁹³f¹d⁶5³¹³
2298 2941 2414 3001 Εἳῗὶἳω
2433 2937 2485 2962 ‘⁶³'

1359 3009 1415 3039 larn
1424 3007 1464 3054 'de
1477 2993 1638 3045 lierewick’,
1657 3008 1691 3039 &
1708 3006 1872 3037 Manerium
1885 3008 1922 3037 de
1934 2993 2078 3038 Linliskei’i
2086 2972 2418 3046 ’reggpiletnogsnalggeriuss
2434 2977 2477 3039 {x
2487 2983 2558 3038 ἓν(

1360 3055 1500 3116 {emnem
1519 3045 1651 3090 ducentae
1671 3044 1783 3090 Mai-cae
1798 3056 1804 3075 :
1830 3046 1866 3090 de
1887 3047 1987 3084 quibus
2005 3045 2092 3076 firmis
2112 3046 2285 3086 Alexander,
2303 3048 2419 3078 ultimus
2437 3053 2570 3077 Peneica-

1394 3095 1427 3116 ex
1446 3085 1552 3130 §cotiae
1570 3083 1718 3121 affignavit
1730 3108 1740 3122 ,
1766 3093 1885 3115 nomine
1906 3084 2009 3123 Dotis,
2027 3084 2200 3122 Margaretae
2213 3085 2277 3115 filiae
2291 3086 2419 3123 praedicti
2437 3097 2533 3117 mei-ar.

1362 3124 1504 3168 Comitis,
1520 3123 1566 3153 die
1582 3132 1646 3167 *quo
1667 3123 1840 3161 Alexander,
1855 3123 1925 3154 silius
1958 3124 2143 3162 rimogenitus
2157 3123 2284 3161 praedicti
2296 3124 2421 3155 Alexan-

1363 3163 1405 3194 dri
1423 3162 1514 3207 Regis
1527 3184 1537 3200 ,
1561 3160 1672 3205 dictam·
1686 3160 1876 3206 Margaretam
1897 3161 1915 3191 d
1945 3162 2070 3200 ponsavit
2086 3172 2092 3179 ·
2116 3161 2150 3191 &
2165 3161 2245 3199 super
2258 3163 2315 3193 hoc
2329 3163 2423 3202 prose-

1363 3210 1428 3234 runt
1440 3201 1572 3246 scriptum
1588 3200 1715 3243 praedidh
1730 3199 1852 3244 Domini
1861 3201 1948 3240 Regis
1963 3185 2134 3238 Alexandri,
2147 3199 2227 3238 super
2241 3200 2423 3241 assignatione

1362 3239 1511 3280 praedltsta3
1530 3238 1609 3282 quod
1625 3237 1741 3276 quidem
1756 3239 1889 3276 scriptum
1903 3238 2054 3269 atachiatur
2067 3238 2134 3268 huic
2147 3237 2271 3269 Rotulo.

1401 3279 1504 3322 Petunt
1523 3286 1606 3320 etiam
1626 3276 1752 3315 praedieti
1777 3277 1992 3314 Procuratores,
2009 3277 2128 3307 nomine
2141 3277 2267 3314 praediffi
2280 3277 2406 3309 Comitis

1362 3326 1459 3350 omnia
1480 3324 1613 3361 aner-agia
1658 3314 1833 3346 raediCtarum
1854 3315 2018 3354 quindecim
2046 3323 2165 3345 centurn
2193 3315 2359 3346 Marcarum
2406 3301 2424 3347 ἔ

1363 3364 1493 3393 tempore
1509 3354 1604 3398 obitus
1627 3325 1776 3397 Klexandri
1797 3353 1845 3384 fii'·
1867 3353 2012 3392 quondam
2032 3352 2121 3392 Regis
2141 3353 2291 3384 Alexandri
2324 3355 2358 3386 &
2370 3339 2424 3385 ista.

1361 3401 1461 3435 petunt
1480 3402 1599 3437 nornine
1614 3390 1737 3440 Domini
1751 3392 1790 3422 sui
1804 3392 1984 3423 amicabiliter
1997 3391 2088 3422 versus
2104 3391 2270 3422 Dominum
2282 3379 2313 3422 1}
2349 3402 2396 3423 em
2408 3404 2421 3430 ς

1364 3436 1398 3466 &
1417 3441 1477 3463 non
1496 3440 1526 3461 in
1549 3430 1644 3461 forma
1664 3430 1812 3468 placitandi
1826 3454 1836 3470 ‚
1855 3431 1919 3469 quia
1933 3429 1966 3460 ad
1980 3429 2168 3468 placitandum
2179 3430 2214 3461 ad
2228 3430 2302 3461 istud
2341 3430 2419 3461 arlia-

1365 3479 1495 3504 mentum
1508 3479 1568 3499 non
1582 3469 1643 3499 sunt
1657 3469 1738 3499 miffi.

1403 3510 1441 3541 Et
1457 3507 1601 3537 Dominus
1609 3507 1674 3536 Rex
1685 3517 1735 3545 per
1743 3506 1901 3538 Consilium
1915 3507 1996 3537 suum
2032 3508 2097 3545 etit,
2138 3506 2195 3538 uod
2210 3506 2337 3545 praediffl
2344 3505 2418 3537 Pro-

1365 3555 1508 3580 curatores
1528 3545 1696 3589 ostendant,
1722 3546 1790 3584 quid
1812 3547 1832 3576 fi
1852 3546 1990 3583 habmnt,
2027 3555 2114 3583 eprae
2135 3546 2192 3576 icto
2209 3545 2325 3576 Comite
2336 3544 2421 3574 Flan-

1365 3588 1450 3624 dflae,
1468 3584 1514 3614 vel
1534 3582 1570 3613 de
1589 3583 1721 3623 praedicta
1740 3584 1906 3622 Margaret&
1918 3608 1928 3622 ,
1952 3582 2008 3614 filia
2028 3583 2097 3614 dieti
2120 3583 2262 3622 Comitis,
2279 3592 2330 3620 per
2341 3582 2421 3620 quod

1366 3623 1515 3666 praediszs
1529 3620 1675 3666 Dominus
1689 3622 1753 3653 Rex
1768 3631 1894 3654 teneatur
1905 3623 1943 3652 eis
1958 3621 2134 3659 respondere.

1403 3663 1440 3693 Et
1465 3659 1590 3704 praedicti
1611 3660 1810 3692 Procuratores
1831 3661 1977 3699 proferunt
2000 3659 2129 3698 quasdam
2148 3659 2249 3692 litteras
2269 3663 2420 3698 patentes,

1366 3702 1416 3744 sub
1435 3707 1553 3742 nomine
1572 3697 1695 3729 Comitis
1715 3699 1751 3730 de
1765 3698 1896 3737 Geieria,
1915 3699 1948 3729 &
1962 3697 2129 3737 Margaretae
2140 3694 2248 3728 Uxoris
2262 3696 2336 3734 ejus,
2355 3707 2421 3735 quae

1367 3738 1483 3777 quidem
1501 3736 1599 3766 litterae
1616 3737 1750 3780 testantur
1763 3761 1774 3776 ,
1798 3737 1877 3776 qubd
1898 3735 2049 3774 praedictus
2062 3735 2171 3766 Comes
2183 3733 2221 3764 de
2235 3732 2365 3774 Geleria,
2383 3737 2420 3766 &

1370 3776 1529 3820 Margareta
1549 3774 1637 3818 Uxor
1658 3786 1715 3814 ejus
1728 3801 1738 3815 ,
1755 3775 1954 3806 concesserunt
1969 3773 2082 3804 Comiti
2092 3772 2130 3803 de
2136 3771 2263 3802 Flandria
2274 3773 2307 3803 δε
2322 3771 2420 3804 Uxori

1370 3826 1386 3845 e
1397 3826 1426 3844 us
1441 3838 1450 3853 ,
1475 3812 1554 3851 quod
1576 3814 1627 3852 ipsi
1640 3838 1649 3851 ,
1674 3814 1721 3845 vel
1737 3824 1809 3845 unus
1829 3822 1949 3850 eorum,
1965 3812 2112 3848 recipiant,
2128 3810 2172 3840 vel
2185 3811 2299 3847 recipiat
2315 3811 2331 3840 a
2346 3820 2420 3849 prae-

1392 3853 1451 3883 ίέὶο
1468 3852 1602 3882 Domino
1621 3851 1704 3892 Rege
1718 3877 1728 3890 ,
1749 3851 1895 3890 praedietas
1916 3849 2079 3887 quindecim
2098 3854 2215 3878 centum
2237 3848 2367 3887 Marcas,
2384 3848 2420 3880 ad

1373 3892 1434 3922 usus
1452 3890 1514 3921 suos
1537 3892 1665 3928 proprios
1680 3902 1685 3908 ·
1711 3892 1745 3922 &
1766 3889 1847 3928 quod
1869 3889 1987 3919 habeant
1999 3885 2115 3928 firmum
2127 3886 2161 3916 &
2174 3884 2271 3917 stabile
2284 3888 2350 3925 quic
2371 3887 2420 3918 uid

1372 3929 1522 3973 praediQus
1543 3927 1652 3959 Comes
1673 3914 1711 3959 cle
1730 3927 1860 3959 Flandrist
1871 3950 1884 3965 ,
1905 3927 1939 3957 &
1961 3923 2048 3959 UXOK
2060 3932 2134 3962 eJuS,
2153 3922 2190 3955 de
2203 3925 2339 3965 praedista
2371 3933 2422 3957 ote

1374 3969 1497 4001 fecerim,
1505 3967 1551 4000 vel
1564 3967 1761 4000 ordinaverint.
