<?xml version="1.0" encoding="UTF-8"?>
<!DOCTYPE html PUBLIC "-//W3C//DTD XHTML 1.0 Transitional//EN"
    "http://www.w3.org/TR/xhtml1/DTD/xhtml1-transitional.dtd">
<html xmlns="http://www.w3.org/1999/xhtml" xml:lang="en" lang="en">
 <head>
  <title>
</title>
<meta http-equiv="Content-Type" content="text/html;charset=utf-8" />
  <meta name='ocr-system' content='tesseract 3.04.00' />
  <meta name='ocr-capabilities' content='ocr_page ocr_carea ocr_par ocr_line ocrx_word'/>
</head>
<body>
  <div class='ocr_page' id='page_1' title='image "./fderaconventione01ryme_0069.png"; bbox 0 0 2570 4261; ppageno 0'>
   <div class='ocr_carea' id='block_1_1' title="bbox 699 173 1166 221">
    <p class='ocr_par' dir='ltr' id='par_1_1' title="bbox 699 173 1166 221">
     <span class='ocr_line' id='line_1_1' title="bbox 699 173 1166 221; baseline 0.004 -2"><span class='ocrx_word' id='word_1_1' title='bbox 699 173 816 219; x_wconf 90' lang='lat' dir='ltr'>ET</span> <span class='ocrx_word' id='word_1_2' title='bbox 897 175 1166 221; x_wconf 90' lang='lat' dir='ltr'>ACTA</span> 
     </span>
    </p>
   </div>
   <div class='ocr_carea' id='block_1_2' title="bbox 0 257 1195 346">
    <p class='ocr_par' dir='ltr' id='par_1_2' title="bbox 0 257 1195 346">
     <span class='ocr_line' id='line_1_2' title="bbox 0 257 1194 308; baseline -0.005 -8"><span class='ocrx_word' id='word_1_3' title='bbox 0 264 74 305; x_wconf 66' lang='lat' dir='ltr'>Arm.</span> <span class='ocrx_word' id='word_1_4' title='bbox 84 269 125 301; x_wconf 93' lang='lat' dir='ltr'>D.</span> <span class='ocrx_word' id='word_1_5' title='bbox 147 269 237 300; x_wconf 88' lang='lat' dir='ltr'>monii</span> <span class='ocrx_word' id='word_1_6' title='bbox 250 276 355 299; x_wconf 83' lang='lat' dir='ltr'>nexum</span> <span class='ocrx_word' id='word_1_7' title='bbox 365 257 509 298; x_wconf 84' lang='lat' dir='ltr'>convaluit</span> <span class='ocrx_word' id='word_1_8' title='bbox 520 288 530 302; x_wconf 90' lang='lat'>,</span> <span class='ocrx_word' id='word_1_9' title='bbox 555 260 633 308; x_wconf 78' lang='lat' dir='ltr'>quod</span> <span class='ocrx_word' id='word_1_10' title='bbox 648 263 734 308; x_wconf 78' lang='lat' dir='ltr'>prisca</span> <span class='ocrx_word' id='word_1_11' title='bbox 746 262 921 307; x_wconf 82' lang='lat' dir='ltr'>consuetudo</span> <span class='ocrx_word' id='word_1_12' title='bbox 933 265 1006 302; x_wconf 90' lang='lat' dir='ltr'>apud</span> <span class='ocrx_word' id='word_1_13' title='bbox 1026 274 1079 295; x_wconf 91' lang='lat' dir='ltr'>nos</span> <span class='ocrx_word' id='word_1_14' title='bbox 1098 264 1194 295; x_wconf 63' lang='lat' dir='ltr'>hafte-</span> 
     </span>
     <span class='ocr_line' id='line_1_3' title="bbox 23 305 1195 346; baseline -0.007 -5"><span class='ocrx_word' id='word_1_15' title='bbox 23 311 107 342; x_wconf 77' lang='lat'>1161.</span> <span class='ocrx_word' id='word_1_16' title='bbox 147 318 199 339; x_wconf 94' lang='lat' dir='ltr'>nus</span> <span class='ocrx_word' id='word_1_17' title='bbox 216 305 505 346; x_wconf 69' lang='lat' dir='ltr'>iffconsummatione</span> <span class='ocrx_word' id='word_1_18' title='bbox 518 311 692 333; x_wconf 81' lang='lat' dir='ltr'>matrimonii</span> <span class='ocrx_word' id='word_1_19' title='bbox 703 311 763 332; x_wconf 90' lang='lat' dir='ltr'>non</span> <span class='ocrx_word' id='word_1_20' title='bbox 777 310 914 341; x_wconf 79' lang='lat' dir='ltr'>agnovit3</span> <span class='ocrx_word' id='word_1_21' title='bbox 939 312 1048 340; x_wconf 86' lang='lat' dir='ltr'>patrem</span> <span class='ocrx_word' id='word_1_22' title='bbox 1063 313 1195 341; x_wconf 84' lang='lat' dir='ltr'>quoque,</span> 
     </span>
    </p>
   </div>
   <div class='ocr_carea' id='block_1_3' title="bbox 147 339 1222 4064">
    <p class='ocr_par' dir='ltr' id='par_1_3' title="bbox 147 339 1222 4064">
     <span class='ocr_line' id='line_1_4' title="bbox 148 339 1195 386; baseline -0.004 -11"><span class='ocrx_word' id='word_1_23' title='bbox 148 346 220 377; x_wconf 89' lang='lat' dir='ltr'>dum</span> <span class='ocrx_word' id='word_1_24' title='bbox 233 353 327 386; x_wconf 84' lang='lat' dir='ltr'>ageret</span> <span class='ocrx_word' id='word_1_25' title='bbox 339 345 368 374; x_wconf 90' lang='lat' dir='ltr'>in</span> <span class='ocrx_word' id='word_1_26' title='bbox 382 350 511 373; x_wconf 78' lang='lat' dir='ltr'>extrenus</span> <span class='ocrx_word' id='word_1_27' title='bbox 523 363 532 378; x_wconf 86' lang='lat'>‚</span> <span class='ocrx_word' id='word_1_28' title='bbox 557 339 595 370; x_wconf 87' lang='lat' dir='ltr'>fic</span> <span class='ocrx_word' id='word_1_29' title='bbox 613 339 787 370; x_wconf 87' lang='lat' dir='ltr'>Gillebertus</span> <span class='ocrx_word' id='word_1_30' title='bbox 804 341 968 370; x_wconf 86' lang='lat' dir='ltr'>venerabilis</span> <span class='ocrx_word' id='word_1_31' title='bbox 989 341 1085 371; x_wconf 86' lang='lat' dir='ltr'>Abbas</span> <span class='ocrx_word' id='word_1_32' title='bbox 1104 341 1195 371; x_wconf 89' lang='lat' dir='ltr'>Tole-</span> 
     </span>
     <span class='ocr_line' id='line_1_5' title="bbox 148 377 1197 418; baseline -0.008 -2"><span class='ocrx_word' id='word_1_33' title='bbox 148 384 258 416; x_wconf 83' lang='lat' dir='ltr'>cestriae</span> <span class='ocrx_word' id='word_1_34' title='bbox 270 383 353 414; x_wconf 89' lang='lat' dir='ltr'>literis</span> <span class='ocrx_word' id='word_1_35' title='bbox 368 381 437 418; x_wconf 77' lang='lat' dir='ltr'>suis,</span> <span class='ocrx_word' id='word_1_36' title='bbox 451 388 511 409; x_wconf 91' lang='lat' dir='ltr'>non</span> <span class='ocrx_word' id='word_1_37' title='bbox 525 378 632 417; x_wconf 87' lang='lat' dir='ltr'>signatis</span> <span class='ocrx_word' id='word_1_38' title='bbox 644 386 738 408; x_wconf 88' lang='lat' dir='ltr'>tamen</span> <span class='ocrx_word' id='word_1_39' title='bbox 747 402 756 415; x_wconf 87' lang='lat'>,</span> <span class='ocrx_word' id='word_1_40' title='bbox 771 377 817 408; x_wconf 89' lang='lat' dir='ltr'>sed</span> <span class='ocrx_word' id='word_1_41' title='bbox 833 377 949 408; x_wconf 84' lang='lat' dir='ltr'>testibus</span> <span class='ocrx_word' id='word_1_42' title='bbox 963 380 1091 416; x_wconf 81' lang='lat' dir='ltr'>munitis,</span> <span class='ocrx_word' id='word_1_43' title='bbox 1111 379 1197 410; x_wconf 88' lang='lat' dir='ltr'>&amp;alii</span> 
     </span>
     <span class='ocr_line' id='line_1_6' title="bbox 147 416 1197 463; baseline -0.002 -14"><span class='ocrx_word' id='word_1_44' title='bbox 147 421 268 463; x_wconf 79' lang='lat' dir='ltr'>religiosi</span> <span class='ocrx_word' id='word_1_45' title='bbox 281 422 329 458; x_wconf 90' lang='lat' dir='ltr'>qui</span> <span class='ocrx_word' id='word_1_46' title='bbox 341 418 479 450; x_wconf 86' lang='lat' dir='ltr'>affuerant</span> <span class='ocrx_word' id='word_1_47' title='bbox 490 416 660 447; x_wconf 85' lang='lat' dir='ltr'>testabantur</span> <span class='ocrx_word' id='word_1_48' title='bbox 672 416 930 458; x_wconf 32' lang='lat' dir='ltr'>palam-paenituisse</span> <span class='ocrx_word' id='word_1_49' title='bbox 940 417 1099 460; x_wconf 72' lang='lat' dir='ltr'>dicebatur,</span> <span class='ocrx_word' id='word_1_50' title='bbox 1119 417 1197 455; x_wconf 89' lang='lat' dir='ltr'>quod</span> 
     </span>
     <span class='ocr_line' id='line_1_7' title="bbox 148 453 1195 493; baseline -0.008 -1"><span class='ocrx_word' id='word_1_51' title='bbox 148 458 358 492; x_wconf 83' lang='lat' dir='ltr'>fraudulentiae&#39;</span> <span class='ocrx_word' id='word_1_52' title='bbox 376 455 474 486; x_wconf 70' lang='lat' dir='ltr'>mdiffi</span> <span class='ocrx_word' id='word_1_53' title='bbox 486 453 687 485; x_wconf 90' lang='lat' dir='ltr'>Archidiaconi</span> <span class='ocrx_word' id='word_1_54' title='bbox 701 456 730 484; x_wconf 90' lang='lat' dir='ltr'>in</span> <span class='ocrx_word' id='word_1_55' title='bbox 748 454 882 492; x_wconf 79' lang='lat' dir='ltr'>ejicienda</span> <span class='ocrx_word' id='word_1_56' title='bbox 902 464 990 485; x_wconf 90' lang='lat' dir='ltr'>uxore</span> <span class='ocrx_word' id='word_1_57' title='bbox 1010 455 1195 493; x_wconf 83' lang='lat' dir='ltr'>adquieverat.</span> 
     </span>
     <span class='ocr_line' id='line_1_8' title="bbox 148 492 1198 536; baseline -0.003 -11"><span class='ocrx_word' id='word_1_58' title='bbox 148 499 207 530; x_wconf 74' lang='lat' dir='ltr'>Sed</span> <span class='ocrx_word' id='word_1_59' title='bbox 220 496 334 536; x_wconf 88' lang='lat' dir='ltr'>quicqui</span> <span class='ocrx_word' id='word_1_60' title='bbox 373 496 444 524; x_wconf 86' lang='lat' dir='ltr'>inter</span> <span class='ocrx_word' id='word_1_61' title='bbox 460 501 584 531; x_wconf 89' lang='lat' dir='ltr'>parentes</span> <span class='ocrx_word' id='word_1_62' title='bbox 597 493 694 522; x_wconf 63' lang='lat' dir='ltr'>aetum</span> <span class='ocrx_word' id='word_1_63' title='bbox 707 493 791 522; x_wconf 85' lang='lat' dir='ltr'>fuerit</span> <span class='ocrx_word' id='word_1_64' title='bbox 801 516 811 530; x_wconf 79' lang='lat'>,</span> <span class='ocrx_word' id='word_1_65' title='bbox 837 492 887 522; x_wconf 92' lang='lat' dir='ltr'>sibi</span> <span class='ocrx_word' id='word_1_66' title='bbox 905 502 951 524; x_wconf 89' lang='lat' dir='ltr'>aut</span> <span class='ocrx_word' id='word_1_67' title='bbox 971 493 1063 523; x_wconf 87' lang='lat' dir='ltr'>liberis</span> <span class='ocrx_word' id='word_1_68' title='bbox 1075 503 1134 523; x_wconf 90' lang='lat' dir='ltr'>non</span> <span class='ocrx_word' id='word_1_69' title='bbox 1148 492 1198 523; x_wconf 84' lang='lat' dir='ltr'>de-</span> 
     </span>
     <span class='ocr_line' id='line_1_9' title="bbox 148 529 1198 568; baseline -0.007 0"><span class='ocrx_word' id='word_1_70' title='bbox 148 538 217 568; x_wconf 89' lang='lat' dir='ltr'>bere</span> <span class='ocrx_word' id='word_1_71' title='bbox 229 533 328 566; x_wconf 84' lang='lat' dir='ltr'>obeffe</span> <span class='ocrx_word' id='word_1_72' title='bbox 338 533 472 563; x_wconf 81' lang='lat' dir='ltr'>asserebat</span> <span class='ocrx_word' id='word_1_73' title='bbox 485 541 520 561; x_wconf 90' lang='lat' dir='ltr'>eo</span> <span class='ocrx_word' id='word_1_74' title='bbox 555 530 612 562; x_wconf 90' lang='lat' dir='ltr'>uod</span> <span class='ocrx_word' id='word_1_75' title='bbox 625 530 740 561; x_wconf 90' lang='lat' dir='ltr'>Archid.</span> <span class='ocrx_word' id='word_1_76' title='bbox 759 539 806 560; x_wconf 86' lang='lat' dir='ltr'>aut</span> <span class='ocrx_word' id='word_1_77' title='bbox 817 529 971 568; x_wconf 87' lang='lat' dir='ltr'><strong>Episcopus</strong></span> <span class='ocrx_word' id='word_1_78' title='bbox 983 531 1116 562; x_wconf 87' lang='lat' dir='ltr'>Winton.</span> <span class='ocrx_word' id='word_1_79' title='bbox 1132 532 1198 561; x_wconf 89' lang='lat' dir='ltr'>nihil</span> 
     </span>
     <span class='ocr_line' id='line_1_10' title="bbox 149 568 1198 609; baseline -0.006 -4"><span class='ocrx_word' id='word_1_80' title='bbox 149 580 249 605; x_wconf 88' lang='lat' dir='ltr'>contra</span> <span class='ocrx_word' id='word_1_81' title='bbox 263 572 365 602; x_wconf 92' lang='lat' dir='ltr'>liberos</span> <span class='ocrx_word' id='word_1_82' title='bbox 380 570 530 609; x_wconf 86' lang='lat' dir='ltr'>pronuntia</span> <span class='ocrx_word' id='word_1_83' title='bbox 554 577 618 606; x_wconf 84' lang='lat' dir='ltr'>ent,</span> <span class='ocrx_word' id='word_1_84' title='bbox 641 568 686 599; x_wconf 90' lang='lat' dir='ltr'>sed</span> <span class='ocrx_word' id='word_1_85' title='bbox 700 569 759 599; x_wconf 91' lang='lat' dir='ltr'>hoc</span> <span class='ocrx_word' id='word_1_86' title='bbox 774 570 883 606; x_wconf 90' lang='lat' dir='ltr'>quoties</span> <span class='ocrx_word' id='word_1_87' title='bbox 894 570 1137 599; x_wconf 82' lang='lat' dir='ltr'>conveniebantur</span> <span class='ocrx_word' id='word_1_88' title='bbox 1150 579 1198 599; x_wconf 83' lang='lat' dir='ltr'>ex-</span> 
     </span>
     <span class='ocr_line' id='line_1_11' title="bbox 148 606 1199 650; baseline -0.004 -8"><span class='ocrx_word' id='word_1_89' title='bbox 148 611 295 650; x_wconf 73' lang='lat' dir='ltr'>presserint</span> <span class='ocrx_word' id='word_1_90' title='bbox 312 610 383 640; x_wconf 89' lang='lat' dir='ltr'>sicut</span> <span class='ocrx_word' id='word_1_91' title='bbox 403 609 493 647; x_wconf 87' lang='lat' dir='ltr'>plures</span> <span class='ocrx_word' id='word_1_92' title='bbox 512 608 681 638; x_wconf 79' lang='lat' dir='ltr'>testabantur</span> <span class='ocrx_word' id='word_1_93' title='bbox 695 631 704 645; x_wconf 69' lang='lat'>3</span> <span class='ocrx_word' id='word_1_94' title='bbox 727 607 754 636; x_wconf 90' lang='lat' dir='ltr'>se</span> <span class='ocrx_word' id='word_1_95' title='bbox 773 606 841 636; x_wconf 87' lang='lat' dir='ltr'>nihil</span> <span class='ocrx_word' id='word_1_96' title='bbox 858 607 1048 644; x_wconf 90' lang='lat' dir='ltr'>pronuntiasse</span> <span class='ocrx_word' id='word_1_97' title='bbox 1071 607 1199 639; x_wconf 88' lang='lat' dir='ltr'>adversus</span> 
     </span>
     <span class='ocr_line' id='line_1_12' title="bbox 149 644 1199 681; baseline -0.005 0"><span class='ocrx_word' id='word_1_98' title='bbox 149 651 253 681; x_wconf 88' lang='lat' dir='ltr'>liberos</span> <span class='ocrx_word' id='word_1_99' title='bbox 266 648 336 679; x_wconf 90' lang='lat' dir='ltr'>illius</span> <span class='ocrx_word' id='word_1_100' title='bbox 350 647 525 678; x_wconf 85' lang='lat' dir='ltr'>&#39;matrimonii</span> <span class='ocrx_word' id='word_1_101' title='bbox 557 645 614 675; x_wconf 89' lang='lat' dir='ltr'>uod</span> <span class='ocrx_word' id='word_1_102' title='bbox 627 653 721 675; x_wconf 91' lang='lat' dir='ltr'>tamen</span> <span class='ocrx_word' id='word_1_103' title='bbox 736 644 876 675; x_wconf 88' lang='lat' dir='ltr'>infirmare</span> <span class='ocrx_word' id='word_1_104' title='bbox 897 645 1092 676; x_wconf 81' lang='lat' dir='ltr'>moliebantur.</span> <span class='ocrx_word' id='word_1_105' title='bbox 1131 646 1199 676; x_wconf 88' lang='lat' dir='ltr'>Uri-</span> 
     </span>
     <span class='ocr_line' id='line_1_13' title="bbox 149 656 1200 723; baseline -0.003 -5"><span class='ocrx_word' id='word_1_106' title='bbox 149 688 186 718; x_wconf 91' lang='lat' dir='ltr'>de</span> <span class='ocrx_word' id='word_1_107' title='bbox 204 695 236 718; x_wconf 90' lang='lat' dir='ltr'>ut</span> <span class='ocrx_word' id='word_1_108' title='bbox 250 686 384 717; x_wconf 86' lang='lat' dir='ltr'>afferebat</span> <span class='ocrx_word' id='word_1_109' title='bbox 401 684 509 715; x_wconf 87' lang='lat' dir='ltr'>illustris</span> <span class='ocrx_word' id='word_1_110' title='bbox 529 656 697 714; x_wconf 48' lang='lat' dir='ltr'>§lesensium</span> <span class='ocrx_word' id='word_1_111' title='bbox 712 682 822 713; x_wconf 72' lang='lat' dir='ltr'>Comes</span> <span class='ocrx_word' id='word_1_112' title='bbox 834 683 1017 714; x_wconf 88' lang='lat' dir='ltr'>Theobaldus</span> <span class='ocrx_word' id='word_1_113' title='bbox 1031 708 1040 722; x_wconf 79' lang='lat'>,</span> <span class='ocrx_word' id='word_1_114' title='bbox 1065 683 1200 723; x_wconf 87' lang='lat' dir='ltr'>Princeps</span> 
     </span>
     <span class='ocr_line' id='line_1_14' title="bbox 171 721 1201 764; baseline -0.004 -7"><span class='ocrx_word' id='word_1_115' title='bbox 171 726 267 757; x_wconf 87' lang='lat' dir='ltr'>uidem</span> <span class='ocrx_word' id='word_1_116' title='bbox 275 724 388 764; x_wconf 88' lang='lat' dir='ltr'>justitiae</span> <span class='ocrx_word' id='word_1_117' title='bbox 401 731 510 753; x_wconf 88' lang='lat' dir='ltr'>amator</span> <span class='ocrx_word' id='word_1_118' title='bbox 523 722 633 760; x_wconf 88' lang='lat' dir='ltr'>&amp;juris</span> <span class='ocrx_word' id='word_1_119' title='bbox 654 722 820 752; x_wconf 82' lang='lat' dir='ltr'>cismontani</span> <span class='ocrx_word' id='word_1_120' title='bbox 839 721 1014 759; x_wconf 74' lang='lat' dir='ltr'>peritissimus</span> <span class='ocrx_word' id='word_1_121' title='bbox 1028 747 1037 760; x_wconf 91' lang='lat'>,</span> <span class='ocrx_word' id='word_1_122' title='bbox 1058 722 1093 752; x_wconf 91' lang='lat' dir='ltr'>ad</span> <span class='ocrx_word' id='word_1_123' title='bbox 1114 733 1201 760; x_wconf 89' lang='lat' dir='ltr'>quem</span> 
     </span>
     <span class='ocr_line' id='line_1_15' title="bbox 149 737 1202 801; baseline -0.003 -6"><span class='ocrx_word' id='word_1_124' title='bbox 149 737 175 795; x_wconf 65' lang='lat' dir='ltr'>E</span> <span class='ocrx_word' id='word_1_125' title='bbox 197 765 305 801; x_wconf 89' lang='lat' dir='ltr'>iscopus</span> <span class='ocrx_word' id='word_1_126' title='bbox 319 760 522 792; x_wconf 87' lang='lat' dir='ltr'>Wintoniensis</span> <span class='ocrx_word' id='word_1_127' title='bbox 538 760 695 790; x_wconf 90' lang='lat' dir='ltr'>liberorum</span> <span class='ocrx_word' id='word_1_128' title='bbox 715 760 825 790; x_wconf 88' lang='lat' dir='ltr'>causam</span> <span class='ocrx_word' id='word_1_129' title='bbox 838 760 1019 791; x_wconf 77' lang='lat' dir='ltr'>transmiserat</span> <span class='ocrx_word' id='word_1_130' title='bbox 1032 785 1041 798; x_wconf 87' lang='lat'>,</span> <span class='ocrx_word' id='word_1_131' title='bbox 1067 771 1104 791; x_wconf 91' lang='lat' dir='ltr'>eo</span> <span class='ocrx_word' id='word_1_132' title='bbox 1124 761 1202 799; x_wconf 88' lang='lat' dir='ltr'>quod</span> 
     </span>
     <span class='ocr_line' id='line_1_16' title="bbox 197 798 1203 840; baseline -0.004 -7"><span class='ocrx_word' id='word_1_133' title='bbox 197 802 287 840; x_wconf 92' lang='lat' dir='ltr'>ipsum</span> <span class='ocrx_word' id='word_1_134' title='bbox 300 811 343 831; x_wconf 68' lang='lat' dir='ltr'>res</span> <span class='ocrx_word' id='word_1_135' title='bbox 357 800 406 830; x_wconf 87' lang='lat' dir='ltr'>ista</span> <span class='ocrx_word' id='word_1_136' title='bbox 416 801 478 838; x_wconf 92' lang='lat' dir='ltr'>jure</span> <span class='ocrx_word' id='word_1_137' title='bbox 491 798 514 828; x_wconf 90' lang='lat' dir='ltr'>F</span> <span class='ocrx_word' id='word_1_138' title='bbox 516 798 580 828; x_wconf 92' lang='lat' dir='ltr'>eodi</span> <span class='ocrx_word' id='word_1_139' title='bbox 594 799 761 836; x_wconf 82' lang='lat' dir='ltr'>pertinebat,</span> <span class='ocrx_word' id='word_1_140' title='bbox 780 798 875 828; x_wconf 89' lang='lat' dir='ltr'>accitis</span> <span class='ocrx_word' id='word_1_141' title='bbox 890 800 1045 836; x_wconf 87' lang='lat' dir='ltr'>potioribus</span> <span class='ocrx_word' id='word_1_142' title='bbox 1058 798 1203 840; x_wconf 87' lang='lat' dir='ltr'>Episcopis</span> 
     </span>
     <span class='ocr_line' id='line_1_17' title="bbox 150 836 1202 877; baseline -0.004 -6"><span class='ocrx_word' id='word_1_143' title='bbox 150 841 254 871; x_wconf 83' lang='lat' dir='ltr'>Galliae</span> <span class='ocrx_word' id='word_1_144' title='bbox 287 839 404 870; x_wconf 75' lang='lat' dir='ltr'>consilio</span> <span class='ocrx_word' id='word_1_145' title='bbox 418 844 520 868; x_wconf 89' lang='lat' dir='ltr'>eorum</span> <span class='ocrx_word' id='word_1_146' title='bbox 533 837 653 866; x_wconf 88' lang='lat' dir='ltr'>aliorum</span> <span class='ocrx_word' id='word_1_147' title='bbox 675 847 711 867; x_wconf 90' lang='lat' dir='ltr'>ue</span> <span class='ocrx_word' id='word_1_148' title='bbox 721 836 875 875; x_wconf 89' lang='lat' dir='ltr'>sapientum</span> <span class='ocrx_word' id='word_1_149' title='bbox 886 838 964 867; x_wconf 89' lang='lat' dir='ltr'>causa</span> <span class='ocrx_word' id='word_1_150' title='bbox 978 839 1106 877; x_wconf 86' lang='lat' dir='ltr'>cognita,</span> <span class='ocrx_word' id='word_1_151' title='bbox 1125 846 1202 875; x_wconf 89' lang='lat' dir='ltr'>patre</span> 
     </span>
     <span class='ocr_line' id='line_1_18' title="bbox 150 864 1203 915; baseline -0.005 -6"><span class='ocrx_word' id='word_1_152' title='bbox 150 864 290 909; x_wconf 55' lang='lat' dir='ltr'>defundio</span> <span class='ocrx_word' id='word_1_153' title='bbox 308 887 356 908; x_wconf 89' lang='lat' dir='ltr'>eos</span> <span class='ocrx_word' id='word_1_154' title='bbox 377 876 515 915; x_wconf 86' lang='lat' dir='ltr'>legitimos</span> <span class='ocrx_word' id='word_1_155' title='bbox 549 876 649 906; x_wconf 72' lang='lat' dir='ltr'>&lt;movit</span> <span class='ocrx_word' id='word_1_156' title='bbox 696 875 799 905; x_wconf 83' lang='lat' dir='ltr'>aeredes</span> <span class='ocrx_word' id='word_1_157' title='bbox 812 874 903 913; x_wconf 87' lang='lat' dir='ltr'>eisque</span> <span class='ocrx_word' id='word_1_158' title='bbox 916 876 1014 906; x_wconf 83' lang='lat' dir='ltr'>obesse</span> <span class='ocrx_word' id='word_1_159' title='bbox 1026 885 1087 906; x_wconf 92' lang='lat' dir='ltr'>non</span> <span class='ocrx_word' id='word_1_160' title='bbox 1099 875 1203 905; x_wconf 87' lang='lat' dir='ltr'>debere</span> 
     </span>
     <span class='ocr_line' id='line_1_19' title="bbox 151 885 1202 957; baseline -0.004 -10"><span class='ocrx_word' id='word_1_161' title='bbox 151 917 257 947; x_wconf 89' lang='lat' dir='ltr'>censuit</span> <span class='ocrx_word' id='word_1_162' title='bbox 271 940 280 954; x_wconf 82' lang='lat'>,</span> <span class='ocrx_word' id='word_1_163' title='bbox 302 914 436 953; x_wconf 86' lang='lat' dir='ltr'>quicquid</span> <span class='ocrx_word' id='word_1_164' title='bbox 451 915 480 943; x_wconf 92' lang='lat' dir='ltr'>in</span> <span class='ocrx_word' id='word_1_165' title='bbox 492 885 620 943; x_wconf 52' lang='lat' dir='ltr'>frass‘dem</span> <span class='ocrx_word' id='word_1_166' title='bbox 633 923 735 944; x_wconf 90' lang='lat' dir='ltr'>eorum</span> <span class='ocrx_word' id='word_1_167' title='bbox 746 913 826 944; x_wconf 85' lang='lat' dir='ltr'>dolus</span> <span class='ocrx_word' id='word_1_168' title='bbox 840 913 936 949; x_wconf 79' lang='lat' dir='ltr'>artifex</span> <span class='ocrx_word' id='word_1_169' title='bbox 959 914 1129 952; x_wconf 83' lang='lat' dir='ltr'>procuravit.</span> <span class='ocrx_word' id='word_1_170' title='bbox 1168 912 1202 957; x_wconf 72' lang='lat' dir='ltr'>In</span> 
     </span>
     <span class='ocr_line' id='line_1_20' title="bbox 150 950 1203 989; baseline -0.005 -3"><span class='ocrx_word' id='word_1_171' title='bbox 150 950 192 986; x_wconf 84' lang='lat' dir='ltr'>his</span> <span class='ocrx_word' id='word_1_172' title='bbox 212 963 306 985; x_wconf 86' lang='lat' dir='ltr'>autem</span> <span class='ocrx_word' id='word_1_173' title='bbox 330 951 463 984; x_wconf 86' lang='lat' dir='ltr'>omnibus</span> <span class='ocrx_word' id='word_1_174' title='bbox 482 951 508 982; x_wconf 89' lang='lat' dir='ltr'>se</span> <span class='ocrx_word' id='word_1_175' title='bbox 525 952 637 982; x_wconf 90' lang='lat' dir='ltr'>dicebat</span> <span class='ocrx_word' id='word_1_176' title='bbox 658 953 741 989; x_wconf 86' lang='lat' dir='ltr'>copia</span> <span class='ocrx_word' id='word_1_177' title='bbox 759 951 873 982; x_wconf 87' lang='lat' dir='ltr'>testium</span> <span class='ocrx_word' id='word_1_178' title='bbox 893 952 1035 982; x_wconf 90' lang='lat' dir='ltr'>abundare</span> <span class='ocrx_word' id='word_1_179' title='bbox 1055 951 1159 988; x_wconf 89' lang='lat' dir='ltr'>eosque</span> <span class='ocrx_word' id='word_1_180' title='bbox 1174 961 1203 981; x_wconf 91' lang='lat' dir='ltr'>in</span> 
     </span>
     <span class='ocr_line' id='line_1_21' title="bbox 150 989 1203 1033; baseline -0.005 -10"><span class='ocrx_word' id='word_1_181' title='bbox 150 993 277 1031; x_wconf 81' lang='lat' dir='ltr'>plurimis</span> <span class='ocrx_word' id='word_1_182' title='bbox 298 990 473 1028; x_wconf 81' lang='lat' dir='ltr'>producebat</span> <span class='ocrx_word' id='word_1_183' title='bbox 492 990 611 1020; x_wconf 85' lang='lat' dir='ltr'>articulis</span> <span class='ocrx_word' id='word_1_184' title='bbox 624 1014 634 1028; x_wconf 91' lang='lat'>,</span> <span class='ocrx_word' id='word_1_185' title='bbox 657 990 703 1021; x_wconf 90' lang='lat' dir='ltr'>sed</span> <span class='ocrx_word' id='word_1_186' title='bbox 723 989 883 1021; x_wconf 85' lang='lat' dir='ltr'>Richardus</span> <span class='ocrx_word' id='word_1_187' title='bbox 901 991 940 1020; x_wconf 92' lang='lat' dir='ltr'>rei</span> <span class='ocrx_word' id='word_1_188' title='bbox 953 989 1084 1033; x_wconf 67' lang='lat' dir='ltr'>judicatae</span> <span class='ocrx_word' id='word_1_189' title='bbox 1104 989 1140 1018; x_wconf 91' lang='lat' dir='ltr'>ab</span> <span class='ocrx_word' id='word_1_190' title='bbox 1160 998 1203 1018; x_wconf 80' lang='lat' dir='ltr'>ar—</span> 
     </span>
     <span class='ocr_line' id='line_1_22' title="bbox 152 1028 1204 1071; baseline -0.006 -9"><span class='ocrx_word' id='word_1_191' title='bbox 152 1032 241 1062; x_wconf 88' lang='lat' dir='ltr'>ticulo</span> <span class='ocrx_word' id='word_1_192' title='bbox 256 1030 304 1060; x_wconf 90' lang='lat' dir='ltr'>illo</span> <span class='ocrx_word' id='word_1_193' title='bbox 318 1030 398 1061; x_wconf 90' lang='lat' dir='ltr'>avelli</span> <span class='ocrx_word' id='word_1_194' title='bbox 412 1039 470 1060; x_wconf 92' lang='lat' dir='ltr'>non</span> <span class='ocrx_word' id='word_1_195' title='bbox 484 1036 609 1066; x_wconf 82' lang='lat' dir='ltr'>poterat,</span> <span class='ocrx_word' id='word_1_196' title='bbox 629 1030 696 1066; x_wconf 88' lang='lat' dir='ltr'>quin</span> <span class='ocrx_word' id='word_1_197' title='bbox 709 1038 839 1066; x_wconf 88' lang='lat' dir='ltr'>oporteat</span> <span class='ocrx_word' id='word_1_198' title='bbox 853 1037 948 1058; x_wconf 89' lang='lat' dir='ltr'>tenere</span> <span class='ocrx_word' id='word_1_199' title='bbox 962 1028 1125 1071; x_wconf 76' lang='lat' dir='ltr'>sententiam</span> <span class='ocrx_word' id='word_1_200' title='bbox 1139 1036 1204 1071; x_wconf 74' lang='lat' dir='ltr'>quae</span> 
     </span>
     <span class='ocr_line' id='line_1_23' title="bbox 150 1066 1205 1109; baseline -0.003 -10"><span class='ocrx_word' id='word_1_201' title='bbox 150 1073 211 1100; x_wconf 84' lang='lat' dir='ltr'>non</span> <span class='ocrx_word' id='word_1_202' title='bbox 230 1068 322 1099; x_wconf 91' lang='lat' dir='ltr'>modo</span> <span class='ocrx_word' id='word_1_203' title='bbox 341 1068 434 1107; x_wconf 88' lang='lat' dir='ltr'>elapsis</span> <span class='ocrx_word' id='word_1_204' title='bbox 454 1067 557 1097; x_wconf 91' lang='lat' dir='ltr'>decem</span> <span class='ocrx_word' id='word_1_205' title='bbox 577 1067 672 1097; x_wconf 68' lang='lat' dir='ltr'>levum</span> <span class='ocrx_word' id='word_1_206' title='bbox 692 1067 790 1097; x_wconf 84' lang='lat' dir='ltr'>diebus</span> <span class='ocrx_word' id='word_1_207' title='bbox 806 1091 816 1105; x_wconf 82' lang='lat'>,</span> <span class='ocrx_word' id='word_1_208' title='bbox 839 1066 883 1096; x_wconf 90' lang='lat' dir='ltr'>sed</span> <span class='ocrx_word' id='word_1_209' title='bbox 903 1075 967 1097; x_wconf 87' lang='lat' dir='ltr'>toto</span> <span class='ocrx_word' id='word_1_210' title='bbox 985 1067 1118 1097; x_wconf 74' lang='lat' dir='ltr'>vicennio</span> <span class='ocrx_word' id='word_1_211' title='bbox 1135 1067 1205 1109; x_wconf 77' lang='lat' dir='ltr'>juris</span> 
     </span>
     <span class='ocr_line' id='line_1_24' title="bbox 151 1103 1204 1148; baseline -0.004 -11"><span class='ocrx_word' id='word_1_212' title='bbox 151 1107 232 1138; x_wconf 90' lang='lat' dir='ltr'>nullo</span> <span class='ocrx_word' id='word_1_213' title='bbox 251 1106 379 1137; x_wconf 90' lang='lat' dir='ltr'>remedio</span> <span class='ocrx_word' id='word_1_214' title='bbox 398 1114 558 1143; x_wconf 85' lang='lat' dir='ltr'>attemptata</span> <span class='ocrx_word' id='word_1_215' title='bbox 577 1109 604 1136; x_wconf 82' lang='lat' dir='ltr'>ei</span> <span class='ocrx_word' id='word_1_216' title='bbox 621 1129 627 1135; x_wconf 92' lang='lat'>.</span> <span class='ocrx_word' id='word_1_217' title='bbox 665 1105 846 1147; x_wconf 71' lang='lat' dir='ltr'>producebat</span> <span class='ocrx_word' id='word_1_218' title='bbox 870 1105 903 1135; x_wconf 91' lang='lat'>&amp;</span> <span class='ocrx_word' id='word_1_219' title='bbox 922 1103 1005 1148; x_wconf 68' lang='lat' dir='ltr'>testes</span> <span class='ocrx_word' id='word_1_220' title='bbox 1018 1104 1119 1142; x_wconf 88' lang='lat' dir='ltr'>quibus</span> <span class='ocrx_word' id='word_1_221' title='bbox 1131 1112 1204 1134; x_wconf 89' lang='lat' dir='ltr'>nite-</span> 
     </span>
     <span class='ocr_line' id='line_1_25' title="bbox 152 1141 1204 1186; baseline -0.005 -10"><span class='ocrx_word' id='word_1_222' title='bbox 152 1147 234 1177; x_wconf 84' lang='lat' dir='ltr'>batur</span> <span class='ocrx_word' id='word_1_223' title='bbox 246 1145 394 1176; x_wconf 89' lang='lat' dir='ltr'>ostendere</span> <span class='ocrx_word' id='word_1_224' title='bbox 407 1169 417 1183; x_wconf 86' lang='lat'>.,</span> <span class='ocrx_word' id='word_1_225' title='bbox 438 1144 466 1174; x_wconf 92' lang='lat' dir='ltr'>se</span> <span class='ocrx_word' id='word_1_226' title='bbox 480 1144 516 1174; x_wconf 89' lang='lat' dir='ltr'>ab</span> <span class='ocrx_word' id='word_1_227' title='bbox 531 1144 684 1174; x_wconf 78' lang='lat' dir='ltr'>Avunculo</span> <span class='ocrx_word' id='word_1_228' title='bbox 697 1144 747 1174; x_wconf 87' lang='lat' dir='ltr'>suo</span> <span class='ocrx_word' id='word_1_229' title='bbox 760 1141 919 1173; x_wconf 88' lang='lat' dir='ltr'>Willielmo</span> <span class='ocrx_word' id='word_1_230' title='bbox 929 1141 1204 1186; x_wconf 70' lang='lat' dir='ltr'>institutumHz’ere-</span> 
     </span>
     <span class='ocr_line' id='line_1_26' title="bbox 152 1179 1203 1224; baseline -0.005 -9"><span class='ocrx_word' id='word_1_231' title='bbox 152 1184 219 1215; x_wconf 91' lang='lat' dir='ltr'>dem</span> <span class='ocrx_word' id='word_1_232' title='bbox 239 1185 273 1215; x_wconf 89' lang='lat'>&amp;</span> <span class='ocrx_word' id='word_1_233' title='bbox 301 1183 367 1214; x_wconf 92' lang='lat' dir='ltr'>alios</span> <span class='ocrx_word' id='word_1_234' title='bbox 386 1192 519 1221; x_wconf 81' lang='lat' dir='ltr'>tanquam</span> <span class='ocrx_word' id='word_1_235' title='bbox 544 1182 649 1220; x_wconf 90' lang='lat' dir='ltr'>spurios</span> <span class='ocrx_word' id='word_1_236' title='bbox 673 1182 823 1211; x_wconf 72' lang='lat' dir='ltr'>abdicatos.</span> <span class='ocrx_word' id='word_1_237' title='bbox 862 1179 918 1223; x_wconf 75' lang='lat' dir='ltr'>Sed</span> <span class='ocrx_word' id='word_1_238' title='bbox 945 1186 1000 1211; x_wconf 88' lang='lat' dir='ltr'>nec</span> <span class='ocrx_word' id='word_1_239' title='bbox 1013 1180 1203 1224; x_wconf 78' lang='lat' dir='ltr'>privilegium</span> 
     </span>
     <span class='ocr_line' id='line_1_27' title="bbox 151 1219 1204 1262; baseline -0.003 -10"><span class='ocrx_word' id='word_1_240' title='bbox 151 1221 250 1253; x_wconf 76' lang='lat' dir='ltr'>obesse</span> <span class='ocrx_word' id='word_1_241' title='bbox 263 1221 442 1259; x_wconf 81' lang='lat' dir='ltr'>personarum</span> <span class='ocrx_word' id='word_1_242' title='bbox 456 1221 659 1258; x_wconf 86' lang='lat' dir='ltr'>dicebat,cum</span> <span class='ocrx_word' id='word_1_243' title='bbox 671 1220 779 1249; x_wconf 67' lang='lat' dir='ltr'>faCtum</span> <span class='ocrx_word' id='word_1_244' title='bbox 791 1227 937 1261; x_wconf 83' lang='lat' dir='ltr'>proprium</span> <span class='ocrx_word' id='word_1_245' title='bbox 950 1219 1018 1249; x_wconf 90' lang='lat' dir='ltr'>nulli</span> <span class='ocrx_word' id='word_1_246' title='bbox 1029 1219 1111 1262; x_wconf 79' lang='lat' dir='ltr'>liceat</span> <span class='ocrx_word' id='word_1_247' title='bbox 1123 1228 1204 1258; x_wconf 86' lang='lat' dir='ltr'>igno-</span> 
     </span>
     <span class='ocr_line' id='line_1_28' title="bbox 152 1255 1204 1295; baseline -0.004 -4"><span class='ocrx_word' id='word_1_248' title='bbox 152 1271 220 1291; x_wconf 87' lang='lat' dir='ltr'>rare.</span> <span class='ocrx_word' id='word_1_249' title='bbox 261 1261 343 1292; x_wconf 83' lang='lat' dir='ltr'>Licet</span> <span class='ocrx_word' id='word_1_250' title='bbox 355 1262 432 1290; x_wconf 89' lang='lat' dir='ltr'>enim</span> <span class='ocrx_word' id='word_1_251' title='bbox 445 1259 616 1289; x_wconf 75' lang='lat' dir='ltr'>willielmus</span> <span class='ocrx_word' id='word_1_252' title='bbox 637 1258 719 1288; x_wconf 90' lang='lat' dir='ltr'>Pater</span> <span class='ocrx_word' id='word_1_253' title='bbox 739 1256 857 1287; x_wconf 83' lang='lat' dir='ltr'>Mabilae</span> <span class='ocrx_word' id='word_1_254' title='bbox 877 1255 963 1287; x_wconf 87' lang='lat' dir='ltr'>Miles</span> <span class='ocrx_word' id='word_1_255' title='bbox 983 1257 1066 1287; x_wconf 84' lang='lat' dir='ltr'>fuerit</span> <span class='ocrx_word' id='word_1_256' title='bbox 1079 1281 1088 1295; x_wconf 85' lang='lat'>,</span> <span class='ocrx_word' id='word_1_257' title='bbox 1108 1266 1204 1287; x_wconf 87' lang='lat' dir='ltr'>tamen</span> 
     </span>
     <span class='ocr_line' id='line_1_29' title="bbox 152 1294 1203 1338; baseline -0.003 -9"><span class='ocrx_word' id='word_1_258' title='bbox 152 1309 212 1329; x_wconf 92' lang='lat' dir='ltr'>non</span> <span class='ocrx_word' id='word_1_259' title='bbox 232 1297 328 1328; x_wconf 85' lang='lat' dir='ltr'>debuit</span> <span class='ocrx_word' id='word_1_260' title='bbox 347 1300 475 1338; x_wconf 85' lang='lat' dir='ltr'>ignorare</span> <span class='ocrx_word' id='word_1_261' title='bbox 495 1296 561 1334; x_wconf 89' lang='lat' dir='ltr'>quid</span> <span class='ocrx_word' id='word_1_262' title='bbox 579 1297 665 1336; x_wconf 87' lang='lat' dir='ltr'>egerit</span> <span class='ocrx_word' id='word_1_263' title='bbox 685 1305 753 1325; x_wconf 89' lang='lat' dir='ltr'>cum</span> <span class='ocrx_word' id='word_1_264' title='bbox 773 1294 923 1337; x_wconf 76' lang='lat' dir='ltr'>Abendarn</span> <span class='ocrx_word' id='word_1_265' title='bbox 937 1296 1074 1333; x_wconf 88' lang='lat' dir='ltr'>receperit</span> <span class='ocrx_word' id='word_1_266' title='bbox 1084 1305 1144 1325; x_wconf 91' lang='lat' dir='ltr'>non</span> <span class='ocrx_word' id='word_1_267' title='bbox 1157 1295 1203 1333; x_wconf 90' lang='lat' dir='ltr'>spe</span> 
     </span>
     <span class='ocr_line' id='line_1_30' title="bbox 152 1334 1204 1400; baseline -0.002 -33"><span class='ocrx_word' id='word_1_268' title='bbox 152 1336 269 1376; x_wconf 80' lang='lat' dir='ltr'>quidem</span> <span class='ocrx_word' id='word_1_269' title='bbox 283 1337 392 1375; x_wconf 88' lang='lat' dir='ltr'>futuri,</span> <span class='ocrx_word' id='word_1_270' title='bbox 413 1335 458 1366; x_wconf 90' lang='lat' dir='ltr'>sed</span> <span class='ocrx_word' id='word_1_271' title='bbox 474 1335 610 1372; x_wconf 67' lang='lat' dir='ltr'>praesentis</span> <span class='ocrx_word' id='word_1_272' title='bbox 630 1334 779 1364; x_wconf 59' lang='lat' dir='ltr'>contractu</span> <span class='ocrx_word' id='word_1_273' title='bbox 797 1341 920 1400; x_wconf 61' lang='lat' dir='ltr'>conjugii</span> <span class='ocrx_word' id='word_1_274' title='bbox 933 1358 942 1371; x_wconf 90' lang='lat'>,</span> <span class='ocrx_word' id='word_1_275' title='bbox 965 1343 1035 1363; x_wconf 90' lang='lat' dir='ltr'>cum</span> <span class='ocrx_word' id='word_1_276' title='bbox 1054 1335 1204 1365; x_wconf 88' lang='lat' dir='ltr'>matrimo-</span> 
     </span>
     <span class='ocr_line' id='line_1_31' title="bbox 152 1371 1204 1410; baseline -0.003 -5"><span class='ocrx_word' id='word_1_277' title='bbox 152 1377 233 1406; x_wconf 83' lang='lat' dir='ltr'>nium</span> <span class='ocrx_word' id='word_1_278' title='bbox 245 1375 391 1405; x_wconf 82' lang='lat' dir='ltr'>consensus</span> <span class='ocrx_word' id='word_1_279' title='bbox 405 1373 528 1403; x_wconf 78' lang='lat' dir='ltr'>efficiat:</span> <span class='ocrx_word' id='word_1_280' title='bbox 555 1371 689 1409; x_wconf 90' lang='lat' dir='ltr'>quicquid</span> <span class='ocrx_word' id='word_1_281' title='bbox 702 1373 731 1400; x_wconf 89' lang='lat' dir='ltr'>in</span> <span class='ocrx_word' id='word_1_282' title='bbox 742 1371 871 1409; x_wconf 86' lang='lat' dir='ltr'>injuriam</span> <span class='ocrx_word' id='word_1_283' title='bbox 893 1372 1001 1410; x_wconf 83' lang='lat' dir='ltr'>egitimi</span> <span class='ocrx_word' id='word_1_284' title='bbox 1020 1372 1204 1410; x_wconf 76' lang='lat' dir='ltr'>praecedentis</span> 
     </span>
     <span class='ocr_line' id='line_1_32' title="bbox 152 1409 1203 1450; baseline -0.003 -6"><span class='ocrx_word' id='word_1_285' title='bbox 152 1413 300 1445; x_wconf 52' lang='lat' dir='ltr'>‘consensus</span> <span class='ocrx_word' id='word_1_286' title='bbox 313 1413 513 1450; x_wconf 73' lang='lat' dir='ltr'>praesumptum</span> <span class='ocrx_word' id='word_1_287' title='bbox 527 1410 584 1449; x_wconf 84' lang='lat' dir='ltr'>est,</span> <span class='ocrx_word' id='word_1_288' title='bbox 599 1419 705 1440; x_wconf 86' lang='lat' dir='ltr'>nexum</span> <span class='ocrx_word' id='word_1_289' title='bbox 720 1409 927 1447; x_wconf 80' lang='lat' dir='ltr'>inseparabilem</span> <span class='ocrx_word' id='word_1_290' title='bbox 941 1411 1039 1448; x_wconf 87' lang='lat' dir='ltr'>prioris</span> <span class='ocrx_word' id='word_1_291' title='bbox 1055 1412 1203 1441; x_wconf 82' lang='lat' dir='ltr'>matrimo—</span> 
     </span>
     <span class='ocr_line' id='line_1_33' title="bbox 153 1448 1203 1487; baseline -0.008 -5"><span class='ocrx_word' id='word_1_292' title='bbox 153 1453 192 1482; x_wconf 87' lang='lat' dir='ltr'>nii</span> <span class='ocrx_word' id='word_1_293' title='bbox 205 1461 264 1482; x_wconf 91' lang='lat' dir='ltr'>non</span> <span class='ocrx_word' id='word_1_294' title='bbox 279 1450 409 1481; x_wconf 74' lang='lat' dir='ltr'>dissolvit.</span> <span class='ocrx_word' id='word_1_295' title='bbox 449 1448 541 1487; x_wconf 75' lang='lat' dir='ltr'>Qiod</span> <span class='ocrx_word' id='word_1_296' title='bbox 554 1448 574 1477; x_wconf 89' lang='lat' dir='ltr'>si</span> <span class='ocrx_word' id='word_1_297' title='bbox 589 1448 698 1478; x_wconf 88' lang='lat' dir='ltr'>carnale</span> <span class='ocrx_word' id='word_1_298' title='bbox 710 1448 922 1478; x_wconf 87' lang='lat' dir='ltr'>commercium</span> <span class='ocrx_word' id='word_1_299' title='bbox 968 1449 1001 1479; x_wconf 92' lang='lat'>&amp;</span> <span class='ocrx_word' id='word_1_300' title='bbox 1021 1458 1054 1479; x_wconf 88' lang='lat' dir='ltr'>ex</span> <span class='ocrx_word' id='word_1_301' title='bbox 1073 1456 1109 1479; x_wconf 84' lang='lat' dir='ltr'>eo</span> <span class='ocrx_word' id='word_1_302' title='bbox 1131 1460 1203 1479; x_wconf 77' lang='lat' dir='ltr'>con-</span> 
     </span>
     <span class='ocr_line' id='line_1_34' title="bbox 150 1472 1202 1526; baseline -0.002 -6"><span class='ocrx_word' id='word_1_303' title='bbox 150 1497 187 1520; x_wconf 80' lang='lat' dir='ltr'>&#39;ce</span> <span class='ocrx_word' id='word_1_304' title='bbox 207 1499 234 1520; x_wconf 91' lang='lat' dir='ltr'>ta</span> <span class='ocrx_word' id='word_1_305' title='bbox 244 1489 354 1519; x_wconf 75' lang='lat' dir='ltr'>soboles</span> <span class='ocrx_word' id='word_1_306' title='bbox 367 1487 465 1518; x_wconf 85' lang='lat' dir='ltr'>exinde</span> <span class='ocrx_word' id='word_1_307' title='bbox 478 1496 577 1517; x_wconf 86' lang='lat' dir='ltr'>contra</span> <span class='ocrx_word' id='word_1_308' title='bbox 589 1486 675 1517; x_wconf 81' lang='lat' dir='ltr'>fidem</span> <span class='ocrx_word' id='word_1_309' title='bbox 688 1487 811 1526; x_wconf 87' lang='lat' dir='ltr'>conjugii</span> <span class='ocrx_word' id='word_1_310' title='bbox 824 1472 1034 1526; x_wconf 57' lang='lat' dir='ltr'>processerunt,</span> <span class='ocrx_word' id='word_1_311' title='bbox 1050 1497 1110 1518; x_wconf 92' lang='lat' dir='ltr'>non</span> <span class='ocrx_word' id='word_1_312' title='bbox 1122 1497 1156 1518; x_wconf 85' lang='lat' dir='ltr'>ex</span> <span class='ocrx_word' id='word_1_313' title='bbox 1166 1499 1202 1519; x_wconf 92' lang='lat' dir='ltr'>eo</span> 
     </span>
     <span class='ocr_line' id='line_1_35' title="bbox 152 1501 1203 1565; baseline 0 -8"><span class='ocrx_word' id='word_1_314' title='bbox 152 1501 290 1558; x_wconf 43' lang='lat' dir='ltr'>inficiatur</span> <span class='ocrx_word' id='word_1_315' title='bbox 305 1528 448 1564; x_wconf 80' lang='lat' dir='ltr'>primum,</span> <span class='ocrx_word' id='word_1_316' title='bbox 465 1525 510 1556; x_wconf 91' lang='lat' dir='ltr'>sed</span> <span class='ocrx_word' id='word_1_317' title='bbox 526 1526 663 1564; x_wconf 87' lang='lat' dir='ltr'>sequentis</span> <span class='ocrx_word' id='word_1_318' title='bbox 675 1526 856 1556; x_wconf 83' lang='lat' dir='ltr'>contubernii</span> <span class='ocrx_word' id='word_1_319' title='bbox 869 1534 958 1555; x_wconf 88' lang='lat' dir='ltr'>reatus</span> <span class='ocrx_word' id='word_1_320' title='bbox 971 1527 1102 1565; x_wconf 85' lang='lat' dir='ltr'>arguitur.</span> <span class='ocrx_word' id='word_1_321' title='bbox 1122 1526 1203 1557; x_wconf 81' lang='lat' dir='ltr'>Patet</span> 
     </span>
     <span class='ocr_line' id='line_1_36' title="bbox 152 1563 1202 1606; baseline -0.001 -10"><span class='ocrx_word' id='word_1_322' title='bbox 152 1572 222 1606; x_wconf 81' lang='lat' dir='ltr'>&#39;ergo</span> <span class='ocrx_word' id='word_1_323' title='bbox 235 1566 299 1603; x_wconf 89' lang='lat' dir='ltr'>quic</span> <span class='ocrx_word' id='word_1_324' title='bbox 321 1565 368 1595; x_wconf 91' lang='lat' dir='ltr'>uid</span> <span class='ocrx_word' id='word_1_325' title='bbox 382 1565 469 1605; x_wconf 90' lang='lat' dir='ltr'>egerit</span> <span class='ocrx_word' id='word_1_326' title='bbox 480 1572 526 1594; x_wconf 86' lang='lat' dir='ltr'>aut</span> <span class='ocrx_word' id='word_1_327' title='bbox 537 1564 633 1602; x_wconf 88' lang='lat' dir='ltr'>scivit,</span> <span class='ocrx_word' id='word_1_328' title='bbox 649 1573 696 1594; x_wconf 88' lang='lat' dir='ltr'>aut</span> <span class='ocrx_word' id='word_1_329' title='bbox 712 1564 781 1594; x_wconf 90' lang='lat' dir='ltr'>scire</span> <span class='ocrx_word' id='word_1_330' title='bbox 793 1563 907 1601; x_wconf 79' lang='lat' dir='ltr'>debuit3</span> <span class='ocrx_word' id='word_1_331' title='bbox 921 1564 966 1594; x_wconf 84' lang='lat' dir='ltr'>sed</span> <span class='ocrx_word' id='word_1_332' title='bbox 980 1574 1033 1595; x_wconf 85' lang='lat' dir='ltr'>nec</span> <span class='ocrx_word' id='word_1_333' title='bbox 1047 1564 1137 1594; x_wconf 88' lang='lat' dir='ltr'>liberis</span> <span class='ocrx_word' id='word_1_334' title='bbox 1146 1566 1202 1603; x_wconf 83' lang='lat' dir='ltr'>ejus</span> 
     </span>
     <span class='ocr_line' id='line_1_37' title="bbox 152 1601 1203 1644; baseline -0.001 -10"><span class='ocrx_word' id='word_1_335' title='bbox 152 1603 284 1643; x_wconf 83' lang='lat' dir='ltr'>prodesse</span> <span class='ocrx_word' id='word_1_336' title='bbox 316 1604 381 1634; x_wconf 90' lang='lat' dir='ltr'>ebet</span> <span class='ocrx_word' id='word_1_337' title='bbox 393 1628 403 1641; x_wconf 83' lang='lat'>,</span> <span class='ocrx_word' id='word_1_338' title='bbox 426 1603 446 1633; x_wconf 89' lang='lat' dir='ltr'>si</span> <span class='ocrx_word' id='word_1_339' title='bbox 458 1612 491 1632; x_wconf 90' lang='lat' dir='ltr'>ex</span> <span class='ocrx_word' id='word_1_340' title='bbox 504 1603 649 1642; x_wconf 84' lang='lat' dir='ltr'>privilegio</span> <span class='ocrx_word' id='word_1_341' title='bbox 663 1603 773 1633; x_wconf 88' lang='lat' dir='ltr'>militari</span> <span class='ocrx_word' id='word_1_342' title='bbox 784 1602 834 1632; x_wconf 93' lang='lat' dir='ltr'>sibi</span> <span class='ocrx_word' id='word_1_343' title='bbox 847 1601 955 1644; x_wconf 69' lang='lat' dir='ltr'>licitum</span> <span class='ocrx_word' id='word_1_344' title='bbox 970 1603 1026 1633; x_wconf 81' lang='lat' dir='ltr'>effe</span> <span class='ocrx_word' id='word_1_345' title='bbox 1038 1603 1203 1643; x_wconf 78' lang='lat' dir='ltr'>crediderit,</span> 
     </span>
     <span class='ocr_line' id='line_1_38' title="bbox 151 1640 1204 1682; baseline -0.001 -9"><span class='ocrx_word' id='word_1_346' title='bbox 151 1651 184 1673; x_wconf 91' lang='lat' dir='ltr'>ut</span> <span class='ocrx_word' id='word_1_347' title='bbox 198 1642 275 1672; x_wconf 61' lang='lat' dir='ltr'>redte</span> <span class='ocrx_word' id='word_1_348' title='bbox 287 1643 429 1682; x_wconf 84' lang='lat' dir='ltr'>agentium</span> <span class='ocrx_word' id='word_1_349' title='bbox 443 1641 507 1671; x_wconf 87' lang='lat' dir='ltr'>fidei</span> <span class='ocrx_word' id='word_1_350' title='bbox 519 1642 635 1679; x_wconf 88' lang='lat' dir='ltr'>impune</span> <span class='ocrx_word' id='word_1_351' title='bbox 644 1641 788 1678; x_wconf 54' lang='lat' dir='ltr'>illuderer,</span> <span class='ocrx_word' id='word_1_352' title='bbox 805 1640 879 1671; x_wconf 86' lang='lat' dir='ltr'>forte</span> <span class='ocrx_word' id='word_1_353' title='bbox 894 1644 912 1670; x_wconf 83' lang='lat' dir='ltr'>ll</span> <span class='ocrx_word' id='word_1_354' title='bbox 926 1650 1051 1671; x_wconf 86' lang='lat' dir='ltr'>materna</span> <span class='ocrx_word' id='word_1_355' title='bbox 1062 1651 1204 1680; x_wconf 88' lang='lat' dir='ltr'>peteretur</span> 
     </span>
     <span class='ocr_line' id='line_1_39' title="bbox 152 1678 1204 1719; baseline 0 -8"><span class='ocrx_word' id='word_1_356' title='bbox 152 1680 309 1711; x_wconf 80' lang='lat' dir='ltr'>Haereditas</span> <span class='ocrx_word' id='word_1_357' title='bbox 323 1704 333 1719; x_wconf 80' lang='lat'>,</span> <span class='ocrx_word' id='word_1_358' title='bbox 351 1680 444 1711; x_wconf 89' lang='lat' dir='ltr'>liberis</span> <span class='ocrx_word' id='word_1_359' title='bbox 461 1680 579 1718; x_wconf 86' lang='lat' dir='ltr'>prospici</span> <span class='ocrx_word' id='word_1_360' title='bbox 600 1687 710 1717; x_wconf 87' lang='lat' dir='ltr'>poterat</span> <span class='ocrx_word' id='word_1_361' title='bbox 726 1680 755 1708; x_wconf 93' lang='lat' dir='ltr'>in</span> <span class='ocrx_word' id='word_1_362' title='bbox 773 1679 825 1709; x_wconf 90' lang='lat' dir='ltr'>hac</span> <span class='ocrx_word' id='word_1_363' title='bbox 840 1688 918 1716; x_wconf 80' lang='lat' dir='ltr'>parte</span> <span class='ocrx_word' id='word_1_364' title='bbox 931 1704 940 1716; x_wconf 84' lang='lat'>,</span> <span class='ocrx_word' id='word_1_365' title='bbox 965 1689 1000 1710; x_wconf 92' lang='lat' dir='ltr'>eo</span> <span class='ocrx_word' id='word_1_366' title='bbox 1015 1680 1092 1718; x_wconf 90' lang='lat' dir='ltr'>quod</span> <span class='ocrx_word' id='word_1_367' title='bbox 1107 1678 1204 1711; x_wconf 86' lang='lat' dir='ltr'>Mater</span> 
     </span>
     <span class='ocr_line' id='line_1_40' title="bbox 153 1717 1203 1758; baseline 0 -9"><span class='ocrx_word' id='word_1_368' title='bbox 153 1717 283 1758; x_wconf 76' lang='lat' dir='ltr'>potu‘erat</span> <span class='ocrx_word' id='word_1_369' title='bbox 301 1720 331 1748; x_wconf 90' lang='lat' dir='ltr'>in</span> <span class='ocrx_word' id='word_1_370' title='bbox 348 1718 544 1749; x_wconf 84' lang='lat' dir='ltr'>contrahendo</span> <span class='ocrx_word' id='word_1_371' title='bbox 563 1718 697 1757; x_wconf 86' lang='lat' dir='ltr'>conjugio</span> <span class='ocrx_word' id='word_1_372' title='bbox 714 1717 849 1747; x_wconf 85' lang='lat' dir='ltr'>finistram</span> <span class='ocrx_word' id='word_1_373' title='bbox 868 1718 1069 1748; x_wconf 80' lang='lat' dir='ltr'>conscientiam</span> <span class='ocrx_word' id='word_1_374' title='bbox 1083 1729 1142 1749; x_wconf 92' lang='lat' dir='ltr'>non</span> <span class='ocrx_word' id='word_1_375' title='bbox 1155 1719 1203 1749; x_wconf 90' lang='lat' dir='ltr'>ha-</span> 
     </span>
     <span class='ocr_line' id='line_1_41' title="bbox 153 1756 1204 1796; baseline 0 -8"><span class='ocrx_word' id='word_1_376' title='bbox 153 1759 230 1788; x_wconf 89' lang='lat' dir='ltr'>bere.</span> <span class='ocrx_word' id='word_1_377' title='bbox 269 1756 309 1787; x_wconf 91' lang='lat' dir='ltr'>At</span> <span class='ocrx_word' id='word_1_378' title='bbox 322 1759 386 1795; x_wconf 89' lang='lat' dir='ltr'>quia</span> <span class='ocrx_word' id='word_1_379' title='bbox 397 1756 433 1787; x_wconf 92' lang='lat' dir='ltr'>de</span> <span class='ocrx_word' id='word_1_380' title='bbox 444 1764 556 1794; x_wconf 87' lang='lat' dir='ltr'>paterna</span> <span class='ocrx_word' id='word_1_381' title='bbox 567 1756 739 1787; x_wconf 75' lang='lat' dir='ltr'>successione</span> <span class='ocrx_word' id='word_1_382' title='bbox 751 1757 839 1796; x_wconf 89' lang='lat' dir='ltr'>agitur</span> <span class='ocrx_word' id='word_1_383' title='bbox 854 1780 863 1794; x_wconf 83' lang='lat'>‚</span> <span class='ocrx_word' id='word_1_384' title='bbox 883 1756 970 1786; x_wconf 88' lang='lat' dir='ltr'>Patris</span> <span class='ocrx_word' id='word_1_385' title='bbox 984 1757 1088 1787; x_wconf 85' lang='lat' dir='ltr'>fallacia</span> <span class='ocrx_word' id='word_1_386' title='bbox 1099 1767 1204 1796; x_wconf 83' lang='lat' dir='ltr'>nequa-</span> 
     </span>
     <span class='ocr_line' id='line_1_42' title="bbox 176 1794 1203 1835; baseline 0 -9"><span class='ocrx_word' id='word_1_387' title='bbox 176 1805 240 1826; x_wconf 90' lang='lat' dir='ltr'>uam</span> <span class='ocrx_word' id='word_1_388' title='bbox 256 1795 346 1826; x_wconf 88' lang='lat' dir='ltr'>liberis</span> <span class='ocrx_word' id='word_1_389' title='bbox 360 1795 524 1834; x_wconf 87' lang='lat' dir='ltr'>suffragatur</span> <span class='ocrx_word' id='word_1_390' title='bbox 538 1808 548 1834; x_wconf 75' lang='lat'>3</span> <span class='ocrx_word' id='word_1_391' title='bbox 569 1796 659 1834; x_wconf 89' lang='lat' dir='ltr'>parcit</span> <span class='ocrx_word' id='word_1_392' title='bbox 672 1794 815 1825; x_wconf 89' lang='lat' dir='ltr'>interdurn</span> <span class='ocrx_word' id='word_1_393' title='bbox 829 1794 1012 1825; x_wconf 87' lang='lat' dir='ltr'>mansuetudo</span> <span class='ocrx_word' id='word_1_394' title='bbox 1029 1796 1125 1835; x_wconf 86' lang='lat' dir='ltr'>legum</span> <span class='ocrx_word' id='word_1_395' title='bbox 1147 1797 1203 1835; x_wconf 84' lang='lat' dir='ltr'>his,</span> 
     </span>
     <span class='ocr_line' id='line_1_43' title="bbox 152 1806 1205 1874; baseline 0.001 -10"><span class='ocrx_word' id='word_1_396' title='bbox 152 1806 189 1864; x_wconf 54' lang='lat' dir='ltr'>{lb</span> <span class='ocrx_word' id='word_1_397' title='bbox 200 1835 355 1874; x_wconf 82' lang='lat' dir='ltr'>ignorantia</span> <span class='ocrx_word' id='word_1_398' title='bbox 368 1834 507 1865; x_wconf 68' lang='lat' dir='ltr'>conviffls</span> <span class='ocrx_word' id='word_1_399' title='bbox 521 1858 531 1872; x_wconf 89' lang='lat'>‚</span> <span class='ocrx_word' id='word_1_400' title='bbox 555 1835 603 1872; x_wconf 91' lang='lat' dir='ltr'>qui</span> <span class='ocrx_word' id='word_1_401' title='bbox 621 1835 729 1864; x_wconf 89' lang='lat' dir='ltr'>ratione</span> <span class='ocrx_word' id='word_1_402' title='bbox 749 1842 787 1864; x_wconf 92' lang='lat' dir='ltr'>co</span> <span class='ocrx_word' id='word_1_403' title='bbox 806 1834 923 1863; x_wconf 86' lang='lat' dir='ltr'>nationis</span> <span class='ocrx_word' id='word_1_404' title='bbox 942 1833 978 1863; x_wconf 84' lang='lat' dir='ltr'>ab</span> <span class='ocrx_word' id='word_1_405' title='bbox 992 1834 1116 1865; x_wconf 90' lang='lat' dir='ltr'>invicem</span> <span class='ocrx_word' id='word_1_406' title='bbox 1129 1834 1205 1872; x_wconf 83' lang='lat' dir='ltr'>sepa—</span> 
     </span>
     <span class='ocr_line' id='line_1_44' title="bbox 153 1871 1204 1911; baseline 0.001 -9"><span class='ocrx_word' id='word_1_407' title='bbox 153 1881 249 1903; x_wconf 84' lang='lat' dir='ltr'>rantur</span> <span class='ocrx_word' id='word_1_408' title='bbox 260 1873 418 1911; x_wconf 88' lang='lat' dir='ltr'>liberosque</span> <span class='ocrx_word' id='word_1_409' title='bbox 428 1882 531 1903; x_wconf 89' lang='lat' dir='ltr'>eorum</span> <span class='ocrx_word' id='word_1_410' title='bbox 542 1872 578 1902; x_wconf 92' lang='lat' dir='ltr'>ab</span> <span class='ocrx_word' id='word_1_411' title='bbox 593 1872 706 1903; x_wconf 88' lang='lat' dir='ltr'>infamia</span> <span class='ocrx_word' id='word_1_412' title='bbox 721 1873 755 1903; x_wconf 70' lang='grc' dir='ltr'>ὅ(</span> <span class='ocrx_word' id='word_1_413' title='bbox 804 1871 950 1902; x_wconf 84' lang='lat' dir='ltr'>aereditatis</span> <span class='ocrx_word' id='word_1_414' title='bbox 964 1871 1070 1903; x_wconf 85' lang='lat' dir='ltr'>damno</span> <span class='ocrx_word' id='word_1_415' title='bbox 1090 1873 1204 1911; x_wconf 85' lang='lat' dir='ltr'>liberat,</span> 
     </span>
     <span class='ocr_line' id='line_1_45' title="bbox 153 1910 1204 1950; baseline 0.001 -9"><span class='ocrx_word' id='word_1_416' title='bbox 153 1921 222 1949; x_wconf 84' lang='lat' dir='ltr'>quas</span> <span class='ocrx_word' id='word_1_417' title='bbox 238 1910 363 1941; x_wconf 85' lang='lat' dir='ltr'>Ecclesia</span> <span class='ocrx_word' id='word_1_418' title='bbox 376 1921 425 1949; x_wconf 91' lang='lat' dir='ltr'>per</span> <span class='ocrx_word' id='word_1_419' title='bbox 434 1912 619 1950; x_wconf 86' lang='lat' dir='ltr'>ignorantiam</span> <span class='ocrx_word' id='word_1_420' title='bbox 637 1910 764 1948; x_wconf 76' lang='lat' dir='ltr'>deceptae</span> <span class='ocrx_word' id='word_1_421' title='bbox 784 1911 932 1950; x_wconf 88' lang='lat' dir='ltr'>conjungit</span> <span class='ocrx_word' id='word_1_422' title='bbox 951 1911 1108 1942; x_wconf 83' lang='lat' dir='ltr'>authoritas.</span> <span class='ocrx_word' id='word_1_423' title='bbox 1148 1911 1204 1942; x_wconf 88' lang='lat' dir='ltr'>Sed</span> 
     </span>
     <span class='ocr_line' id='line_1_46' title="bbox 154 1945 1204 1989; baseline 0.001 -10"><span class='ocrx_word' id='word_1_424' title='bbox 154 1950 184 1979; x_wconf 83' lang='lat' dir='ltr'>in</span> <span class='ocrx_word' id='word_1_425' title='bbox 198 1959 246 1980; x_wconf 88' lang='lat' dir='ltr'>eos</span> <span class='ocrx_word' id='word_1_426' title='bbox 262 1951 337 1989; x_wconf 84' lang='lat' dir='ltr'>rigor</span> <span class='ocrx_word' id='word_1_427' title='bbox 353 1949 466 1989; x_wconf 84' lang='lat' dir='ltr'>Legum</span> <span class='ocrx_word' id='word_1_428' title='bbox 479 1950 512 1981; x_wconf 66' lang='grc' dir='ltr'>ὃς</span> <span class='ocrx_word' id='word_1_429' title='bbox 524 1945 680 1979; x_wconf 88' lang='lat' dir='ltr'>Canonum</span> <span class='ocrx_word' id='word_1_430' title='bbox 692 1957 836 1979; x_wconf 84' lang='lat' dir='ltr'>exercetur</span> <span class='ocrx_word' id='word_1_431' title='bbox 851 1950 898 1987; x_wconf 89' lang='lat' dir='ltr'>qui</span> <span class='ocrx_word' id='word_1_432' title='bbox 910 1949 1065 1980; x_wconf 83' lang='lat' dir='ltr'>incestuose</span> <span class='ocrx_word' id='word_1_433' title='bbox 1083 1959 1131 1981; x_wconf 86' lang='lat' dir='ltr'>aut</span> <span class='ocrx_word' id='word_1_434' title='bbox 1152 1950 1204 1980; x_wconf 92' lang='lat' dir='ltr'>illi-</span> 
     </span>
     <span class='ocr_line' id='line_1_47' title="bbox 153 1986 1203 2026; baseline 0.001 -8"><span class='ocrx_word' id='word_1_435' title='bbox 153 1989 210 2018; x_wconf 74' lang='lat' dir='ltr'>tite</span> <span class='ocrx_word' id='word_1_436' title='bbox 223 1996 330 2018; x_wconf 88' lang='lat' dir='ltr'>coeunt</span> <span class='ocrx_word' id='word_1_437' title='bbox 342 2012 352 2026; x_wconf 89' lang='lat'>,</span> <span class='ocrx_word' id='word_1_438' title='bbox 377 1988 493 2018; x_wconf 89' lang='lat' dir='ltr'>scienter</span> <span class='ocrx_word' id='word_1_439' title='bbox 507 2011 516 2025; x_wconf 89' lang='lat'>,</span> <span class='ocrx_word' id='word_1_440' title='bbox 533 1988 596 2026; x_wconf 88' lang='lat' dir='ltr'>jure</span> <span class='ocrx_word' id='word_1_441' title='bbox 609 1986 706 2018; x_wconf 92' lang='lat' dir='ltr'>divino</span> <span class='ocrx_word' id='word_1_442' title='bbox 719 1988 753 2018; x_wconf 68' lang='grc' dir='ltr'>ὃς</span> <span class='ocrx_word' id='word_1_443' title='bbox 770 1987 896 2017; x_wconf 90' lang='lat' dir='ltr'>humano</span> <span class='ocrx_word' id='word_1_444' title='bbox 915 1988 1016 2025; x_wconf 84' lang='lat' dir='ltr'>pariter</span> <span class='ocrx_word' id='word_1_445' title='bbox 1028 1988 1203 2026; x_wconf 88' lang='lat' dir='ltr'>prohibente.</span> 
     </span>
     <span class='ocr_line' id='line_1_48' title="bbox 153 2024 1206 2063; baseline 0.003 -7"><span class='ocrx_word' id='word_1_446' title='bbox 153 2025 265 2056; x_wconf 87' lang='lat' dir='ltr'>Contra</span> <span class='ocrx_word' id='word_1_447' title='bbox 277 2026 339 2056; x_wconf 83' lang='lat' dir='ltr'>haec</span> <span class='ocrx_word' id='word_1_448' title='bbox 352 2036 411 2063; x_wconf 88' lang='lat' dir='ltr'>pars</span> <span class='ocrx_word' id='word_1_449' title='bbox 424 2025 541 2056; x_wconf 83' lang='lat' dir='ltr'>Mabilae</span> <span class='ocrx_word' id='word_1_450' title='bbox 555 2025 641 2056; x_wconf 88' lang='lat' dir='ltr'>multa</span> <span class='ocrx_word' id='word_1_451' title='bbox 654 2025 799 2063; x_wconf 88' lang='lat' dir='ltr'>proposuit</span> <span class='ocrx_word' id='word_1_452' title='bbox 812 2027 840 2055; x_wconf 90' lang='lat' dir='ltr'>in</span> <span class='ocrx_word' id='word_1_453' title='bbox 854 2024 922 2056; x_wconf 86' lang='lat' dir='ltr'>suffr</span> <span class='ocrx_word' id='word_1_454' title='bbox 958 2027 1028 2056; x_wconf 88' lang='lat' dir='ltr'>&#39;tum</span> <span class='ocrx_word' id='word_1_455' title='bbox 1042 2027 1163 2057; x_wconf 81' lang='lat' dir='ltr'>Rittium</span> <span class='ocrx_word' id='word_1_456' title='bbox 1172 2029 1206 2059; x_wconf 85' lang='lat'>&amp;</span> 
     </span>
     <span class='ocr_line' id='line_1_49' title="bbox 153 2063 1206 2104; baseline -0.001 -8"><span class='ocrx_word' id='word_1_457' title='bbox 153 2064 267 2103; x_wconf 73' lang='lat' dir='ltr'>Legum</span> <span class='ocrx_word' id='word_1_458' title='bbox 279 2088 289 2102; x_wconf 86' lang='lat'>‚</span> <span class='ocrx_word' id='word_1_459' title='bbox 313 2064 407 2094; x_wconf 87' lang='lat' dir='ltr'>multis</span> <span class='ocrx_word' id='word_1_460' title='bbox 418 2064 545 2095; x_wconf 83' lang='lat' dir='ltr'>utebatur</span> <span class='ocrx_word' id='word_1_461' title='bbox 557 2064 707 2102; x_wconf 76' lang='lat' dir='ltr'>exemplis,</span> <span class='ocrx_word' id='word_1_462' title='bbox 723 2063 820 2095; x_wconf 86' lang='lat' dir='ltr'>dicens</span> <span class='ocrx_word' id='word_1_463' title='bbox 833 2065 913 2102; x_wconf 89' lang='lat' dir='ltr'>impo</span> <span class='ocrx_word' id='word_1_464' title='bbox 937 2076 946 2094; x_wconf 90' lang='lat'>1</span> <span class='ocrx_word' id='word_1_465' title='bbox 968 2065 1018 2104; x_wconf 69' lang='lat' dir='ltr'>lle,</span> <span class='ocrx_word' id='word_1_466' title='bbox 1034 2074 1081 2096; x_wconf 89' lang='lat' dir='ltr'>aut</span> <span class='ocrx_word' id='word_1_467' title='bbox 1093 2064 1206 2096; x_wconf 86' lang='lat' dir='ltr'>difficil-</span> 
     </span>
     <span class='ocr_line' id='line_1_50' title="bbox 152 2102 1206 2149; baseline 0.003 -17"><span class='ocrx_word' id='word_1_468' title='bbox 152 2102 258 2135; x_wconf 79' lang='lat' dir='ltr'>limum</span> <span class='ocrx_word' id='word_1_469' title='bbox 270 2110 301 2132; x_wconf 90' lang='lat' dir='ltr'>ut</span> <span class='ocrx_word' id='word_1_470' title='bbox 314 2102 394 2133; x_wconf 89' lang='lat' dir='ltr'>liberi</span> <span class='ocrx_word' id='word_1_471' title='bbox 406 2103 494 2142; x_wconf 87' lang='lat' dir='ltr'>Regis</span> <span class='ocrx_word' id='word_1_472' title='bbox 508 2102 686 2133; x_wconf 87' lang='lat' dir='ltr'>Francorum</span> <span class='ocrx_word' id='word_1_473' title='bbox 704 2102 882 2140; x_wconf 87' lang='lat' dir='ltr'>aliorumque</span> <span class='ocrx_word' id='word_1_474' title='bbox 895 2113 966 2140; x_wconf 90' lang='lat' dir='ltr'>quos</span> <span class='ocrx_word' id='word_1_475' title='bbox 981 2104 1146 2149; x_wconf 61' lang='lat' dir='ltr'>nominabat</span> <span class='ocrx_word' id='word_1_476' title='bbox 1158 2110 1206 2135; x_wconf 77' lang='lat' dir='ltr'>ex-</span> 
     </span>
     <span class='ocr_line' id='line_1_51' title="bbox 153 2137 1206 2180; baseline 0.003 -9"><span class='ocrx_word' id='word_1_477' title='bbox 153 2137 352 2172; x_wconf 86' lang='lat' dir='ltr'>heredarentur</span> <span class='ocrx_word' id='word_1_478' title='bbox 364 2141 405 2172; x_wconf 91' lang='lat' dir='ltr'>ob</span> <span class='ocrx_word' id='word_1_479' title='bbox 418 2140 476 2172; x_wconf 91' lang='lat' dir='ltr'>hoc</span> <span class='ocrx_word' id='word_1_480' title='bbox 491 2141 569 2180; x_wconf 90' lang='lat' dir='ltr'>quod</span> <span class='ocrx_word' id='word_1_481' title='bbox 583 2142 655 2171; x_wconf 82' lang='lat' dir='ltr'>inter</span> <span class='ocrx_word' id='word_1_482' title='bbox 671 2149 796 2179; x_wconf 88' lang='lat' dir='ltr'>parentes</span> <span class='ocrx_word' id='word_1_483' title='bbox 809 2151 910 2171; x_wconf 91' lang='lat' dir='ltr'>eorum</span> <span class='ocrx_word' id='word_1_484' title='bbox 930 2141 964 2172; x_wconf 90' lang='lat' dir='ltr'>sit</span> <span class='ocrx_word' id='word_1_485' title='bbox 982 2142 1138 2174; x_wconf 88' lang='lat' dir='ltr'>divortium</span> <span class='ocrx_word' id='word_1_486' title='bbox 1157 2153 1206 2174; x_wconf 88' lang='lat' dir='ltr'>ce-</span> 
     </span>
     <span class='ocr_line' id='line_1_52' title="bbox 152 2179 1206 2221; baseline 0.004 -12"><span class='ocrx_word' id='word_1_487' title='bbox 152 2179 294 2217; x_wconf 64' lang='lat' dir='ltr'>‚lebratum</span> <span class='ocrx_word' id='word_1_488' title='bbox 309 2189 316 2209; x_wconf 80' lang='lat' dir='ltr'>z</span> <span class='ocrx_word' id='word_1_489' title='bbox 337 2189 392 2210; x_wconf 89' lang='lat' dir='ltr'>nec</span> <span class='ocrx_word' id='word_1_490' title='bbox 410 2188 506 2210; x_wconf 91' lang='lat' dir='ltr'>tamen</span> <span class='ocrx_word' id='word_1_491' title='bbox 525 2180 596 2209; x_wconf 91' lang='lat' dir='ltr'>inter</span> <span class='ocrx_word' id='word_1_492' title='bbox 608 2188 734 2218; x_wconf 87' lang='lat' dir='ltr'>parentes</span> <span class='ocrx_word' id='word_1_493' title='bbox 748 2180 810 2211; x_wconf 83' lang='lat' dir='ltr'>suos</span> <span class='ocrx_word' id='word_1_494' title='bbox 824 2179 979 2211; x_wconf 87' lang='lat' dir='ltr'>divortium</span> <span class='ocrx_word' id='word_1_495' title='bbox 993 2180 1117 2221; x_wconf 83' lang='lat' dir='ltr'>legitime</span> <span class='ocrx_word' id='word_1_496' title='bbox 1130 2183 1206 2213; x_wconf 88' lang='lat' dir='ltr'>cele-</span> 
     </span>
     <span class='ocr_line' id='line_1_53' title="bbox 153 2217 1207 2257; baseline 0.004 -10"><span class='ocrx_word' id='word_1_497' title='bbox 153 2218 267 2248; x_wconf 85' lang='lat' dir='ltr'>bratum</span> <span class='ocrx_word' id='word_1_498' title='bbox 289 2227 349 2255; x_wconf 83' lang='lat' dir='ltr'>pars</span> <span class='ocrx_word' id='word_1_499' title='bbox 371 2217 488 2248; x_wconf 84' lang='lat' dir='ltr'>Mabilae</span> <span class='ocrx_word' id='word_1_500' title='bbox 506 2217 642 2248; x_wconf 87' lang='lat' dir='ltr'>fatebatur</span> <span class='ocrx_word' id='word_1_501' title='bbox 655 2242 666 2257; x_wconf 83' lang='lat'>,</span> <span class='ocrx_word' id='word_1_502' title='bbox 684 2218 746 2256; x_wconf 85' lang='lat' dir='ltr'>jura</span> <span class='ocrx_word' id='word_1_503' title='bbox 766 2225 881 2257; x_wconf 86' lang='lat' dir='ltr'>quoque</span> <span class='ocrx_word' id='word_1_504' title='bbox 898 2218 1011 2250; x_wconf 90' lang='lat' dir='ltr'>dicebat</span> <span class='ocrx_word' id='word_1_505' title='bbox 1046 2221 1159 2252; x_wconf 86' lang='lat' dir='ltr'>roniora</span> <span class='ocrx_word' id='word_1_506' title='bbox 1173 2220 1207 2251; x_wconf 91' lang='lat' dir='ltr'>ad</span> 
     </span>
     <span class='ocr_line' id='line_1_54' title="bbox 153 2256 1208 2295; baseline 0.004 -9"><span class='ocrx_word' id='word_1_507' title='bbox 153 2256 359 2287; x_wconf 85' lang='lat' dir='ltr'>absolutionem</span> <span class='ocrx_word' id='word_1_508' title='bbox 376 2256 528 2294; x_wconf 71' lang='lat' dir='ltr'>praesertim</span> <span class='ocrx_word' id='word_1_509' title='bbox 549 2258 746 2288; x_wconf 86' lang='lat' dir='ltr'>innocentium</span> <span class='ocrx_word' id='word_1_510' title='bbox 766 2267 837 2295; x_wconf 91' lang='lat' dir='ltr'>quos</span> <span class='ocrx_word' id='word_1_511' title='bbox 855 2258 984 2295; x_wconf 91' lang='lat' dir='ltr'>iniquum</span> <span class='ocrx_word' id='word_1_512' title='bbox 1003 2267 1019 2288; x_wconf 90' lang='lat' dir='ltr'>e</span> <span class='ocrx_word' id='word_1_513' title='bbox 1056 2258 1147 2290; x_wconf 86' lang='lat' dir='ltr'>alieno</span> <span class='ocrx_word' id='word_1_514' title='bbox 1158 2259 1208 2290; x_wconf 90' lang='lat' dir='ltr'>de-</span> 
     </span>
     <span class='ocr_line' id='line_1_55' title="bbox 153 2294 1207 2335; baseline 0.004 -10"><span class='ocrx_word' id='word_1_515' title='bbox 153 2295 224 2329; x_wconf 58' lang='lat' dir='ltr'>hffito</span> <span class='ocrx_word' id='word_1_516' title='bbox 237 2294 433 2325; x_wconf 86' lang='lat' dir='ltr'>condemnari:</span> <span class='ocrx_word' id='word_1_517' title='bbox 460 2295 745 2333; x_wconf 23' lang='lat' dir='ltr'>separationemlvero</span> <span class='ocrx_word' id='word_1_518' title='bbox 759 2296 787 2325; x_wconf 93' lang='lat' dir='ltr'>in</span> <span class='ocrx_word' id='word_1_519' title='bbox 798 2295 916 2335; x_wconf 89' lang='lat' dir='ltr'>Synodo</span> <span class='ocrx_word' id='word_1_520' title='bbox 932 2296 1025 2326; x_wconf 92' lang='lat' dir='ltr'>Lond.</span> <span class='ocrx_word' id='word_1_521' title='bbox 1044 2307 1060 2327; x_wconf 93' lang='lat' dir='ltr'>a</span> <span class='ocrx_word' id='word_1_522' title='bbox 1073 2296 1207 2329; x_wconf 89' lang='lat' dir='ltr'>Domino</span> 
     </span>
     <span class='ocr_line' id='line_1_56' title="bbox 154 2333 1208 2375; baseline 0.004 -12"><span class='ocrx_word' id='word_1_523' title='bbox 154 2333 347 2364; x_wconf 85' lang='lat' dir='ltr'>Wintoniensi</span> <span class='ocrx_word' id='word_1_524' title='bbox 361 2343 420 2364; x_wconf 89' lang='lat' dir='ltr'>non</span> <span class='ocrx_word' id='word_1_525' title='bbox 433 2333 542 2364; x_wconf 66' lang='lat' dir='ltr'>faetum</span> <span class='ocrx_word' id='word_1_526' title='bbox 557 2343 593 2365; x_wconf 90' lang='lat' dir='ltr'>eo</span> <span class='ocrx_word' id='word_1_527' title='bbox 608 2333 746 2364; x_wconf 86' lang='lat' dir='ltr'>nitebatur</span> <span class='ocrx_word' id='word_1_528' title='bbox 765 2333 914 2365; x_wconf 89' lang='lat' dir='ltr'>ostendere</span> <span class='ocrx_word' id='word_1_529' title='bbox 926 2359 936 2373; x_wconf 82' lang='grc'>.,</span> <span class='ocrx_word' id='word_1_530' title='bbox 961 2334 1039 2373; x_wconf 89' lang='lat' dir='ltr'>quod</span> <span class='ocrx_word' id='word_1_531' title='bbox 1057 2344 1208 2375; x_wconf 87' lang='lat' dir='ltr'>antequam</span> 
     </span>
     <span class='ocr_line' id='line_1_57' title="bbox 156 2370 1209 2412; baseline 0.005 -11"><span class='ocrx_word' id='word_1_532' title='bbox 156 2371 287 2412; x_wconf 88' lang='lat' dir='ltr'>Synodus</span> <span class='ocrx_word' id='word_1_533' title='bbox 300 2370 345 2402; x_wconf 91' lang='lat' dir='ltr'>illa</span> <span class='ocrx_word' id='word_1_534' title='bbox 359 2382 446 2410; x_wconf 87' lang='lat' dir='ltr'>quam</span> <span class='ocrx_word' id='word_1_535' title='bbox 459 2372 546 2402; x_wconf 86' lang='lat' dir='ltr'>solam</span> <span class='ocrx_word' id='word_1_536' title='bbox 556 2373 615 2411; x_wconf 88' lang='lat' dir='ltr'>jam</span> <span class='ocrx_word' id='word_1_537' title='bbox 627 2372 718 2403; x_wconf 60' lang='lat' dir='ltr'>difms</span> <span class='ocrx_word' id='word_1_538' title='bbox 738 2371 893 2411; x_wconf 84' lang='lat' dir='ltr'>Episcopus</span> <span class='ocrx_word' id='word_1_539' title='bbox 912 2373 1075 2404; x_wconf 79' lang='lat' dir='ltr'>Londoniae</span> <span class='ocrx_word' id='word_1_540' title='bbox 1096 2385 1209 2406; x_wconf 89' lang='lat' dir='ltr'>convo-</span> 
     </span>
     <span class='ocr_line' id='line_1_58' title="bbox 157 2409 1210 2449; baseline 0.004 -9"><span class='ocrx_word' id='word_1_541' title='bbox 157 2411 233 2441; x_wconf 87' lang='lat' dir='ltr'>cavit</span> <span class='ocrx_word' id='word_1_542' title='bbox 250 2410 453 2449; x_wconf 77' lang='lat' dir='ltr'>celebraretur,</span> <span class='ocrx_word' id='word_1_543' title='bbox 470 2409 627 2442; x_wconf 88' lang='lat' dir='ltr'>Adeliciam</span> <span class='ocrx_word' id='word_1_544' title='bbox 639 2411 710 2442; x_wconf 89' lang='lat' dir='ltr'>sicut</span> <span class='ocrx_word' id='word_1_545' title='bbox 723 2411 805 2443; x_wconf 91' lang='lat' dir='ltr'>multi</span> <span class='ocrx_word' id='word_1_546' title='bbox 820 2412 965 2449; x_wconf 86' lang='lat' dir='ltr'>praesentes</span> <span class='ocrx_word' id='word_1_547' title='bbox 976 2412 1147 2444; x_wconf 83' lang='lat' dir='ltr'>testabantur</span> <span class='ocrx_word' id='word_1_548' title='bbox 1160 2414 1210 2444; x_wconf 84' lang='lat' dir='ltr'>sae-</span> 
     </span>
     <span class='ocr_line' id='line_1_59' title="bbox 156 2448 1210 2490; baseline 0.005 -11"><span class='ocrx_word' id='word_1_549' title='bbox 156 2452 159 2454; x_wconf 87' lang='grc'><strong>’</strong></span> <span class='ocrx_word' id='word_1_550' title='bbox 177 2449 282 2479; x_wconf 68' lang='grc' dir='ltr'>θάἰξὶυε</span> <span class='ocrx_word' id='word_1_551' title='bbox 302 2448 525 2480; x_wconf 88' lang='lat' dir='ltr'>Archidiaconus</span> <span class='ocrx_word' id='word_1_552' title='bbox 543 2449 694 2480; x_wconf 79' lang='lat' dir='ltr'>inauditam</span> <span class='ocrx_word' id='word_1_553' title='bbox 713 2450 746 2481; x_wconf 87' lang='lat'>&amp;</span> <span class='ocrx_word' id='word_1_554' title='bbox 769 2449 939 2480; x_wconf 85' lang='lat' dir='ltr'>indefensam</span> <span class='ocrx_word' id='word_1_555' title='bbox 954 2451 982 2480; x_wconf 91' lang='lat' dir='ltr'>in</span> <span class='ocrx_word' id='word_1_556' title='bbox 996 2450 1131 2490; x_wconf 85' lang='lat' dir='ltr'>Capitulo</span> <span class='ocrx_word' id='word_1_557' title='bbox 1147 2451 1210 2483; x_wconf 84' lang='lat' dir='ltr'>Co—</span> 
     </span>
     <span class='ocr_line' id='line_1_60' title="bbox 166 2486 1210 2530; baseline 0.005 -14"><span class='ocrx_word' id='word_1_558' title='bbox 166 2486 249 2517; x_wconf 87' lang='lat' dir='ltr'>ecest.</span> <span class='ocrx_word' id='word_1_559' title='bbox 266 2487 345 2517; x_wconf 89' lang='lat' dir='ltr'>nullo</span> <span class='ocrx_word' id='word_1_560' title='bbox 356 2487 534 2526; x_wconf 56' lang='lat' dir='ltr'>praecedente</span> <span class='ocrx_word' id='word_1_561' title='bbox 544 2487 654 2526; x_wconf 89' lang='lat' dir='ltr'>judicio</span> <span class='ocrx_word' id='word_1_562' title='bbox 667 2496 838 2526; x_wconf 84' lang='lat' dir='ltr'>praeceperat</span> <span class='ocrx_word' id='word_1_563' title='bbox 850 2489 992 2527; x_wconf 85' lang='lat' dir='ltr'>amoveri,</span> <span class='ocrx_word' id='word_1_564' title='bbox 1009 2491 1044 2521; x_wconf 68' lang='grc' dir='ltr'>ὅτ</span> <span class='ocrx_word' id='word_1_565' title='bbox 1056 2491 1134 2528; x_wconf 92' lang='lat' dir='ltr'>quod</span> <span class='ocrx_word' id='word_1_566' title='bbox 1147 2499 1210 2530; x_wconf 87' lang='lat' dir='ltr'>gra—</span> 
     </span>
     <span class='ocr_line' id='line_1_61' title="bbox 156 2525 1210 2567; baseline 0.005 -13"><span class='ocrx_word' id='word_1_567' title='bbox 156 2525 218 2555; x_wconf 85' lang='lat' dir='ltr'>vius</span> <span class='ocrx_word' id='word_1_568' title='bbox 230 2525 365 2556; x_wconf 79' lang='lat' dir='ltr'>Uxorem</span> <span class='ocrx_word' id='word_1_569' title='bbox 379 2527 464 2560; x_wconf 87' lang='lat' dir='ltr'>totius</span> <span class='ocrx_word' id='word_1_570' title='bbox 477 2526 557 2565; x_wconf 80' lang='lat' dir='ltr'>hujus</span> <span class='ocrx_word' id='word_1_571' title='bbox 571 2525 732 2564; x_wconf 77' lang='lat' dir='ltr'>quaestionis</span> <span class='ocrx_word' id='word_1_572' title='bbox 744 2527 868 2566; x_wconf 88' lang='lat' dir='ltr'>ignaram</span> <span class='ocrx_word' id='word_1_573' title='bbox 885 2537 900 2556; x_wconf 92' lang='lat' dir='ltr'>a</span> <span class='ocrx_word' id='word_1_574' title='bbox 914 2526 1006 2557; x_wconf 92' lang='lat' dir='ltr'>domo</span> <span class='ocrx_word' id='word_1_575' title='bbox 1025 2530 1115 2559; x_wconf 87' lang='lat' dir='ltr'>mariti</span> <span class='ocrx_word' id='word_1_576' title='bbox 1138 2538 1210 2567; x_wconf 84' lang='lat' dir='ltr'>prae-</span> 
     </span>
     <span class='ocr_line' id='line_1_62' title="bbox 157 2562 1211 2604; baseline 0.004 -10"><span class='ocrx_word' id='word_1_577' title='bbox 157 2562 216 2594; x_wconf 84' lang='lat' dir='ltr'>sens</span> <span class='ocrx_word' id='word_1_578' title='bbox 236 2564 324 2600; x_wconf 81' lang='lat' dir='ltr'>eiecit.</span> <span class='ocrx_word' id='word_1_579' title='bbox 343 2566 346 2568; x_wconf 73' lang='grc'><strong>’</strong></span> <span class='ocrx_word' id='word_1_580' title='bbox 363 2563 444 2594; x_wconf 89' lang='lat' dir='ltr'>Cum</span> <span class='ocrx_word' id='word_1_581' title='bbox 464 2574 559 2594; x_wconf 88' lang='lat' dir='ltr'>autern</span> <span class='ocrx_word' id='word_1_582' title='bbox 580 2566 607 2594; x_wconf 84' lang='lat' dir='ltr'>iri</span> <span class='ocrx_word' id='word_1_583' title='bbox 618 2565 677 2604; x_wconf 83' lang='lat' dir='ltr'>jam</span> <span class='ocrx_word' id='word_1_584' title='bbox 692 2564 766 2594; x_wconf 54' lang='lat' dir='ltr'>dista</span> <span class='ocrx_word' id='word_1_585' title='bbox 779 2565 897 2603; x_wconf 91' lang='lat' dir='ltr'>Synodo</span> <span class='ocrx_word' id='word_1_586' title='bbox 913 2564 1047 2596; x_wconf 90' lang='lat' dir='ltr'>London.</span> <span class='ocrx_word' id='word_1_587' title='bbox 1068 2577 1211 2598; x_wconf 91' lang='lat' dir='ltr'>memora-</span> 
     </span>
     <span class='ocr_line' id='line_1_63' title="bbox 155 2601 1211 2646; baseline 0.007 -16"><span class='ocrx_word' id='word_1_588' title='bbox 155 2608 220 2631; x_wconf 88' lang='lat' dir='ltr'>tum</span> <span class='ocrx_word' id='word_1_589' title='bbox 239 2601 468 2632; x_wconf 88' lang='lat' dir='ltr'>Wintoniensem</span> <span class='ocrx_word' id='word_1_590' title='bbox 487 2602 613 2633; x_wconf 84' lang='lat' dir='ltr'>Adelicia</span> <span class='ocrx_word' id='word_1_591' title='bbox 632 2602 809 2633; x_wconf 80' lang='lat' dir='ltr'>conveniffet</span> <span class='ocrx_word' id='word_1_592' title='bbox 821 2628 830 2641; x_wconf 91' lang='lat'>,</span> <span class='ocrx_word' id='word_1_593' title='bbox 861 2612 922 2634; x_wconf 88' lang='lat' dir='ltr'>non</span> <span class='ocrx_word' id='word_1_594' title='bbox 941 2603 1000 2634; x_wconf 89' lang='lat' dir='ltr'>hoc</span> <span class='ocrx_word' id='word_1_595' title='bbox 1019 2605 1134 2642; x_wconf 89' lang='lat' dir='ltr'>quidem</span> <span class='ocrx_word' id='word_1_596' title='bbox 1156 2608 1211 2646; x_wconf 90' lang='lat' dir='ltr'>egit</span> 
     </span>
     <span class='ocr_line' id='line_1_64' title="bbox 157 2638 1212 2681; baseline 0.006 -12"><span class='ocrx_word' id='word_1_597' title='bbox 157 2639 207 2669; x_wconf 89' lang='lat' dir='ltr'>nifi</span> <span class='ocrx_word' id='word_1_598' title='bbox 229 2647 260 2669; x_wconf 88' lang='lat' dir='ltr'>ut</span> <span class='ocrx_word' id='word_1_599' title='bbox 277 2639 381 2670; x_wconf 90' lang='lat' dir='ltr'>illatam</span> <span class='ocrx_word' id='word_1_600' title='bbox 399 2638 449 2669; x_wconf 85' lang='lat' dir='ltr'>fibi</span> <span class='ocrx_word' id='word_1_601' title='bbox 468 2640 503 2670; x_wconf 88' lang='lat' dir='ltr'>ab</span> <span class='ocrx_word' id='word_1_602' title='bbox 524 2640 736 2671; x_wconf 87' lang='lat' dir='ltr'>Archidiacono</span> <span class='ocrx_word' id='word_1_603' title='bbox 754 2641 912 2679; x_wconf 89' lang='lat' dir='ltr'>deploraret</span> <span class='ocrx_word' id='word_1_604' title='bbox 930 2643 1059 2680; x_wconf 86' lang='lat' dir='ltr'>injuriam</span> <span class='ocrx_word' id='word_1_605' title='bbox 1081 2644 1114 2674; x_wconf 89' lang='lat'>&amp;</span> <span class='ocrx_word' id='word_1_606' title='bbox 1135 2644 1212 2681; x_wconf 85' lang='lat' dir='ltr'>juxta</span> 
     </span>
     <span class='ocr_line' id='line_1_65' title="bbox 157 2677 1213 2719; baseline 0.007 -12"><span class='ocrx_word' id='word_1_607' title='bbox 157 2677 322 2707; x_wconf 83' lang='lat' dir='ltr'>mandatum</span> <span class='ocrx_word' id='word_1_608' title='bbox 335 2677 412 2716; x_wconf 88' lang='lat' dir='ltr'>quod</span> <span class='ocrx_word' id='word_1_609' title='bbox 428 2678 573 2709; x_wconf 88' lang='lat' dir='ltr'>Dominus</span> <span class='ocrx_word' id='word_1_610' title='bbox 587 2678 734 2710; x_wconf 88' lang='lat' dir='ltr'>Albericus</span> <span class='ocrx_word' id='word_1_611' title='bbox 746 2679 866 2719; x_wconf 89' lang='lat' dir='ltr'>Legatus</span> <span class='ocrx_word' id='word_1_612' title='bbox 885 2679 1091 2711; x_wconf 76' lang='lat' dir='ltr'>Wintoniensis</span> <span class='ocrx_word' id='word_1_613' title='bbox 1108 2682 1213 2714; x_wconf 85' lang='lat' dir='ltr'>fecerat</span> 
     </span>
     <span class='ocr_line' id='line_1_66' title="bbox 154 2715 1211 2758; baseline 0.006 -13"><span class='ocrx_word' id='word_1_614' title='bbox 154 2715 288 2754; x_wconf 85' lang='lat' dir='ltr'>justitiam</span> <span class='ocrx_word' id='word_1_615' title='bbox 299 2716 524 2755; x_wconf 82' lang='lat' dir='ltr'>consequeretur.</span> <span class='ocrx_word' id='word_1_616' title='bbox 561 2717 688 2748; x_wconf 87' lang='lat' dir='ltr'>Nullum</span> <span class='ocrx_word' id='word_1_617' title='bbox 701 2726 797 2748; x_wconf 90' lang='lat' dir='ltr'>autern</span> <span class='ocrx_word' id='word_1_618' title='bbox 808 2718 881 2748; x_wconf 90' lang='lat' dir='ltr'>aliud</span> <span class='ocrx_word' id='word_1_619' title='bbox 896 2719 1017 2749; x_wconf 84' lang='lat' dir='ltr'>verbum</span> <span class='ocrx_word' id='word_1_620' title='bbox 1026 2743 1034 2757; x_wconf 88' lang='lat'>,</span> <span class='ocrx_word' id='word_1_621' title='bbox 1059 2719 1129 2751; x_wconf 83' lang='lat' dir='ltr'>sicut</span> <span class='ocrx_word' id='word_1_622' title='bbox 1142 2727 1211 2758; x_wconf 87' lang='lat' dir='ltr'>pro-</span> 
     </span>
     <span class='ocr_line' id='line_1_67' title="bbox 158 2754 1211 2797; baseline 0.005 -13"><span class='ocrx_word' id='word_1_623' title='bbox 158 2754 226 2785; x_wconf 91' lang='lat' dir='ltr'>bare</span> <span class='ocrx_word' id='word_1_624' title='bbox 237 2755 376 2785; x_wconf 85' lang='lat' dir='ltr'>nitebatur</span> <span class='ocrx_word' id='word_1_625' title='bbox 388 2779 397 2793; x_wconf 81' lang='lat'>,</span> <span class='ocrx_word' id='word_1_626' title='bbox 421 2755 459 2785; x_wconf 94' lang='lat' dir='ltr'>ibi</span> <span class='ocrx_word' id='word_1_627' title='bbox 473 2754 600 2786; x_wconf 87' lang='lat' dir='ltr'>habiturn</span> <span class='ocrx_word' id='word_1_628' title='bbox 613 2754 654 2785; x_wconf 85' lang='lat' dir='ltr'>est</span> <span class='ocrx_word' id='word_1_629' title='bbox 668 2765 739 2786; x_wconf 88' lang='lat' dir='ltr'>curn</span> <span class='ocrx_word' id='word_1_630' title='bbox 751 2756 806 2794; x_wconf 90' lang='lat' dir='ltr'>ipsa</span> <span class='ocrx_word' id='word_1_631' title='bbox 820 2756 869 2787; x_wconf 91' lang='lat' dir='ltr'>nisi</span> <span class='ocrx_word' id='word_1_632' title='bbox 885 2757 1028 2794; x_wconf 87' lang='lat' dir='ltr'>querelam</span> <span class='ocrx_word' id='word_1_633' title='bbox 1040 2756 1117 2788; x_wconf 86' lang='lat' dir='ltr'>suam</span> <span class='ocrx_word' id='word_1_634' title='bbox 1137 2759 1211 2797; x_wconf 90' lang='lat' dir='ltr'>apud</span> 
     </span>
     <span class='ocr_line' id='line_1_68' title="bbox 154 2792 1211 2862; baseline 0.006 -40"><span class='ocrx_word' id='word_1_635' title='bbox 154 2792 281 2831; x_wconf 87' lang='lat' dir='ltr'>judicem</span> <span class='ocrx_word' id='word_1_636' title='bbox 295 2792 410 2823; x_wconf 90' lang='lat' dir='ltr'>surdum</span> <span class='ocrx_word' id='word_1_637' title='bbox 423 2792 557 2832; x_wconf 91' lang='lat' dir='ltr'>deposuit.</span> <span class='ocrx_word' id='word_1_638' title='bbox 597 2792 779 2862; x_wconf 52' lang='lat' dir='ltr'>Qberebatur</span> <span class='ocrx_word' id='word_1_639' title='bbox 792 2796 869 2825; x_wconf 84' lang='lat' dir='ltr'>enirn</span> <span class='ocrx_word' id='word_1_640' title='bbox 884 2795 963 2833; x_wconf 89' lang='lat' dir='ltr'>quod</span> <span class='ocrx_word' id='word_1_641' title='bbox 981 2795 1058 2826; x_wconf 89' lang='lat' dir='ltr'>idem</span> <span class='ocrx_word' id='word_1_642' title='bbox 1076 2796 1211 2829; x_wconf 79' lang='lat' dir='ltr'>VVinton.</span> 
     </span>
     <span class='ocr_line' id='line_1_69' title="bbox 157 2830 1213 2874; baseline 0.005 -13"><span class='ocrx_word' id='word_1_643' title='bbox 157 2830 192 2866; x_wconf 82' lang='lat' dir='ltr'>ad</span> <span class='ocrx_word' id='word_1_644' title='bbox 205 2831 379 2869; x_wconf 87' lang='lat' dir='ltr'>dispendium</span> <span class='ocrx_word' id='word_1_645' title='bbox 392 2832 448 2870; x_wconf 87' lang='lat' dir='ltr'>ejus</span> <span class='ocrx_word' id='word_1_646' title='bbox 462 2831 610 2863; x_wconf 90' lang='lat' dir='ltr'>consilium</span> <span class='ocrx_word' id='word_1_647' title='bbox 663 2833 754 2863; x_wconf 90' lang='lat' dir='ltr'>omini</span> <span class='ocrx_word' id='word_1_648' title='bbox 772 2832 934 2864; x_wconf 76' lang='lat' dir='ltr'>Innocentii</span> <span class='ocrx_word' id='word_1_649' title='bbox 953 2834 1063 2864; x_wconf 88' lang='lat' dir='ltr'>trahere</span> <span class='ocrx_word' id='word_1_650' title='bbox 1084 2835 1213 2874; x_wconf 87' lang='lat' dir='ltr'>dispone-</span> 
     </span>
     <span class='ocr_line' id='line_1_70' title="bbox 159 2869 1214 2912; baseline 0.006 -13"><span class='ocrx_word' id='word_1_651' title='bbox 159 2869 207 2900; x_wconf 88' lang='lat' dir='ltr'>bat</span> <span class='ocrx_word' id='word_1_652' title='bbox 218 2894 228 2908; x_wconf 85' lang='lat'>‚</span> <span class='ocrx_word' id='word_1_653' title='bbox 251 2874 319 2900; x_wconf 87' lang='lat' dir='ltr'>cum</span> <span class='ocrx_word' id='word_1_654' title='bbox 340 2870 368 2900; x_wconf 88' lang='lat' dir='ltr'>in</span> <span class='ocrx_word' id='word_1_655' title='bbox 386 2869 545 2908; x_wconf 65' lang='lat' dir='ltr'>supradietis</span> <span class='ocrx_word' id='word_1_656' title='bbox 558 2871 643 2902; x_wconf 88' lang='lat' dir='ltr'>literis</span> <span class='ocrx_word' id='word_1_657' title='bbox 655 2870 779 2901; x_wconf 90' lang='lat' dir='ltr'>Domini</span> <span class='ocrx_word' id='word_1_658' title='bbox 791 2870 952 2903; x_wconf 77' lang='lat' dir='ltr'>innocentii</span> <span class='ocrx_word' id='word_1_659' title='bbox 962 2872 1030 2903; x_wconf 88' lang='lat' dir='ltr'>nihil</span> <span class='ocrx_word' id='word_1_660' title='bbox 1044 2872 1080 2903; x_wconf 90' lang='lat' dir='ltr'>de</span> <span class='ocrx_word' id='word_1_661' title='bbox 1094 2877 1214 2912; x_wconf 83' lang='lat' dir='ltr'>parenti-</span> 
     </span>
     <span class='ocr_line' id='line_1_71' title="bbox 157 2907 1213 2951; baseline 0.007 -14"><span class='ocrx_word' id='word_1_662' title='bbox 157 2907 210 2937; x_wconf 88' lang='lat' dir='ltr'>bus</span> <span class='ocrx_word' id='word_1_663' title='bbox 223 2908 280 2945; x_wconf 84' lang='lat' dir='ltr'>ejus</span> <span class='ocrx_word' id='word_1_664' title='bbox 293 2907 452 2946; x_wconf 87' lang='lat' dir='ltr'>expressum</span> <span class='ocrx_word' id='word_1_665' title='bbox 467 2908 550 2939; x_wconf 89' lang='lat' dir='ltr'>fuerit</span> <span class='ocrx_word' id='word_1_666' title='bbox 563 2934 573 2947; x_wconf 86' lang='lat'>,</span> <span class='ocrx_word' id='word_1_667' title='bbox 599 2908 646 2939; x_wconf 92' lang='lat' dir='ltr'>sed</span> <span class='ocrx_word' id='word_1_668' title='bbox 658 2909 753 2951; x_wconf 79' lang='lat' dir='ltr'>nescio</span> <span class='ocrx_word' id='word_1_669' title='bbox 765 2908 802 2939; x_wconf 91' lang='lat' dir='ltr'>de</span> <span class='ocrx_word' id='word_1_670' title='bbox 820 2910 921 2948; x_wconf 86' lang='lat' dir='ltr'>quibus</span> <span class='ocrx_word' id='word_1_671' title='bbox 941 2911 1015 2941; x_wconf 90' lang='lat' dir='ltr'>male</span> <span class='ocrx_word' id='word_1_672' title='bbox 1031 2914 1191 2951; x_wconf 66' lang='lat' dir='ltr'>conjuntftis</span> <span class='ocrx_word' id='word_1_673' title='bbox 1207 2925 1213 2944; x_wconf 91' lang='lat'>:</span> 
     </span>
     <span class='ocr_line' id='line_1_72' title="bbox 158 2947 1215 2986; baseline 0.006 -10"><span class='ocrx_word' id='word_1_674' title='bbox 158 2954 284 2984; x_wconf 89' lang='lat' dir='ltr'>parentes</span> <span class='ocrx_word' id='word_1_675' title='bbox 305 2948 381 2977; x_wconf 89' lang='lat' dir='ltr'>enim</span> <span class='ocrx_word' id='word_1_676' title='bbox 401 2947 457 2985; x_wconf 88' lang='lat' dir='ltr'>ejus</span> <span class='ocrx_word' id='word_1_677' title='bbox 478 2957 656 2986; x_wconf 86' lang='lat' dir='ltr'>nequaquam</span> <span class='ocrx_word' id='word_1_678' title='bbox 678 2950 716 2978; x_wconf 76' lang='lat' dir='ltr'>lic</span> <span class='ocrx_word' id='word_1_679' title='bbox 736 2957 930 2979; x_wconf 87' lang='lat' dir='ltr'>convenerant</span> <span class='ocrx_word' id='word_1_680' title='bbox 950 2949 1022 2980; x_wconf 89' lang='lat' dir='ltr'>sicut</span> <span class='ocrx_word' id='word_1_681' title='bbox 1042 2960 1090 2980; x_wconf 89' lang='lat' dir='ltr'>eos</span> <span class='ocrx_word' id='word_1_682' title='bbox 1106 2962 1215 2982; x_wconf 92' lang='lat' dir='ltr'>conve-</span> 
     </span>
     <span class='ocr_line' id='line_1_73' title="bbox 158 2983 1215 3027; baseline 0.008 -14"><span class='ocrx_word' id='word_1_683' title='bbox 158 2984 229 3014; x_wconf 88' lang='lat' dir='ltr'>nisse</span> <span class='ocrx_word' id='word_1_684' title='bbox 248 2984 408 3022; x_wconf 68' lang='lat' dir='ltr'>saepedistus</span> <span class='ocrx_word' id='word_1_685' title='bbox 426 2984 581 3024; x_wconf 84' lang='lat' dir='ltr'>Episcopus</span> <span class='ocrx_word' id='word_1_686' title='bbox 597 2986 732 3016; x_wconf 91' lang='lat' dir='ltr'>Domino</span> <span class='ocrx_word' id='word_1_687' title='bbox 749 2986 833 3024; x_wconf 89' lang='lat' dir='ltr'>Papae</span> <span class='ocrx_word' id='word_1_688' title='bbox 854 2983 990 3027; x_wconf 73' lang='lat' dir='ltr'>suggessit.</span> <span class='ocrx_word' id='word_1_689' title='bbox 1029 2988 1054 3018; x_wconf 90' lang='lat' dir='ltr'>E</span> <span class='ocrx_word' id='word_1_690' title='bbox 1068 2988 1140 3020; x_wconf 75' lang='lat' dir='ltr'>falsae</span> <span class='ocrx_word' id='word_1_691' title='bbox 1155 2990 1182 3021; x_wconf 90' lang='lat' dir='ltr'>su</span> <span class='ocrx_word' id='word_1_692' title='bbox 1202 3009 1215 3013; x_wconf 97' lang='lat'>-</span> 
     </span>
     <span class='ocr_line' id='line_1_74' title="bbox 158 3022 1214 3061; baseline 0.007 -9"><span class='ocrx_word' id='word_1_693' title='bbox 158 3022 290 3061; x_wconf 83' lang='lat' dir='ltr'>gestionis</span> <span class='ocrx_word' id='word_1_694' title='bbox 310 3023 393 3061; x_wconf 90' lang='lat' dir='ltr'>culpa</span> <span class='ocrx_word' id='word_1_695' title='bbox 411 3024 444 3054; x_wconf 89' lang='lat'>&amp;</span> <span class='ocrx_word' id='word_1_696' title='bbox 464 3024 545 3055; x_wconf 90' lang='lat' dir='ltr'>alieni</span> <span class='ocrx_word' id='word_1_697' title='bbox 562 3023 701 3055; x_wconf 85' lang='lat' dir='ltr'>mandacii</span> <span class='ocrx_word' id='word_1_698' title='bbox 723 3026 834 3056; x_wconf 89' lang='lat' dir='ltr'>crimen</span> <span class='ocrx_word' id='word_1_699' title='bbox 851 3025 950 3056; x_wconf 79' lang='lat' dir='ltr'>obesse</span> <span class='ocrx_word' id='word_1_700' title='bbox 970 3034 1030 3057; x_wconf 92' lang='lat' dir='ltr'>non</span> <span class='ocrx_word' id='word_1_701' title='bbox 1048 3027 1142 3059; x_wconf 84' lang='lat' dir='ltr'>debet.</span> <span class='ocrx_word' id='word_1_702' title='bbox 1174 3028 1176 3031; x_wconf 86' lang='grc'><strong>’</strong></span> <span class='ocrx_word' id='word_1_703' title='bbox 1196 3036 1214 3059; x_wconf 87' lang='lat' dir='ltr'>n</span> 
     </span>
     <span class='ocr_line' id='line_1_75' title="bbox 160 3061 1215 3101; baseline 0.007 -11"><span class='ocrx_word' id='word_1_704' title='bbox 160 3062 269 3092; x_wconf 88' lang='lat' dir='ltr'>summa</span> <span class='ocrx_word' id='word_1_705' title='bbox 283 3085 292 3100; x_wconf 69' lang='lat'>3</span> <span class='ocrx_word' id='word_1_706' title='bbox 314 3061 384 3092; x_wconf 87' lang='lat' dir='ltr'>sicut</span> <span class='ocrx_word' id='word_1_707' title='bbox 398 3061 556 3093; x_wconf 89' lang='lat' dir='ltr'>Richardus</span> <span class='ocrx_word' id='word_1_708' title='bbox 570 3064 714 3101; x_wconf 64' lang='lat' dir='ltr'>praecipue</span> <span class='ocrx_word' id='word_1_709' title='bbox 727 3063 867 3094; x_wconf 87' lang='lat' dir='ltr'>insistebat</span> <span class='ocrx_word' id='word_1_710' title='bbox 880 3064 1048 3095; x_wconf 88' lang='lat' dir='ltr'>institutioni</span> <span class='ocrx_word' id='word_1_711' title='bbox 1071 3065 1215 3098; x_wconf 84' lang='lat' dir='ltr'>Avunculi</span> 
     </span>
     <span class='ocr_line' id='line_1_76' title="bbox 161 3099 1215 3144; baseline 0.007 -15"><span class='ocrx_word' id='word_1_712' title='bbox 161 3100 327 3136; x_wconf 86' lang='lat' dir='ltr'>petitionem</span> <span class='ocrx_word' id='word_1_713' title='bbox 345 3099 521 3131; x_wconf 76' lang='lat' dir='ltr'>Haereditatis</span> <span class='ocrx_word' id='word_1_714' title='bbox 541 3101 685 3132; x_wconf 88' lang='lat' dir='ltr'>instituens</span> <span class='ocrx_word' id='word_1_715' title='bbox 704 3103 738 3133; x_wconf 90' lang='lat'>&amp;</span> <span class='ocrx_word' id='word_1_716' title='bbox 757 3101 792 3132; x_wconf 88' lang='lat' dir='ltr'>ad</span> <span class='ocrx_word' id='word_1_717' title='bbox 811 3101 976 3133; x_wconf 88' lang='lat' dir='ltr'>damnatum</span> <span class='ocrx_word' id='word_1_718' title='bbox 989 3127 999 3141; x_wconf 78' lang='lat'>,</span> <span class='ocrx_word' id='word_1_719' title='bbox 1028 3112 1060 3134; x_wconf 90' lang='lat' dir='ltr'>ut</span> <span class='ocrx_word' id='word_1_720' title='bbox 1078 3104 1190 3137; x_wconf 86' lang='lat' dir='ltr'>dicebat</span> <span class='ocrx_word' id='word_1_721' title='bbox 1206 3131 1215 3144; x_wconf 90' lang='lat'>,</span> 
     </span>
     <span class='ocr_line' id='line_1_77' title="bbox 161 3136 1215 3180; baseline 0.009 -14"><span class='ocrx_word' id='word_1_722' title='bbox 161 3136 326 3168; x_wconf 87' lang='lat' dir='ltr'>adulterium</span> <span class='ocrx_word' id='word_1_723' title='bbox 348 3139 580 3170; x_wconf 89' lang='lat' dir='ltr'>convincendum</span> <span class='ocrx_word' id='word_1_724' title='bbox 599 3140 740 3170; x_wconf 82' lang='lat' dir='ltr'>sententiae</span> <span class='ocrx_word' id='word_1_725' title='bbox 761 3140 896 3172; x_wconf 84' lang='lat' dir='ltr'>Winton.</span> <span class='ocrx_word' id='word_1_726' title='bbox 922 3140 1055 3180; x_wconf 88' lang='lat' dir='ltr'>Episcopi</span> <span class='ocrx_word' id='word_1_727' title='bbox 1074 3154 1083 3180; x_wconf 86' lang='lat'>;</span> <span class='ocrx_word' id='word_1_728' title='bbox 1122 3143 1159 3174; x_wconf 89' lang='lat' dir='ltr'>sic</span> <span class='ocrx_word' id='word_1_729' title='bbox 1181 3145 1215 3175; x_wconf 89' lang='lat'>&amp;</span> 
     </span>
     <span class='ocr_line' id='line_1_78' title="bbox 162 3175 1215 3220; baseline 0.008 -16"><span class='ocrx_word' id='word_1_730' title='bbox 162 3183 264 3205; x_wconf 87' lang='lat' dir='ltr'>contra</span> <span class='ocrx_word' id='word_1_731' title='bbox 273 3175 383 3206; x_wconf 85' lang='lat' dir='ltr'>Mabila</span> <span class='ocrx_word' id='word_1_732' title='bbox 395 3178 518 3208; x_wconf 77' lang='lat' dir='ltr'>maxime</span> <span class='ocrx_word' id='word_1_733' title='bbox 530 3179 612 3216; x_wconf 85' lang='lat' dir='ltr'>patris</span> <span class='ocrx_word' id='word_1_734' title='bbox 627 3178 786 3209; x_wconf 85' lang='lat' dir='ltr'>noviffimae</span> <span class='ocrx_word' id='word_1_735' title='bbox 810 3179 948 3210; x_wconf 89' lang='lat' dir='ltr'>voluntati</span> <span class='ocrx_word' id='word_1_736' title='bbox 966 3181 1134 3211; x_wconf 85' lang='lat' dir='ltr'>innitebatur</span> <span class='ocrx_word' id='word_1_737' title='bbox 1146 3207 1156 3220; x_wconf 90' lang='lat'>,</span> <span class='ocrx_word' id='word_1_738' title='bbox 1181 3184 1215 3214; x_wconf 72' lang='grc' dir='ltr'>ὃς</span> 
     </span>
     <span class='ocr_line' id='line_1_79' title="bbox 158 3212 1216 3259; baseline 0.008 -17"><span class='ocrx_word' id='word_1_739' title='bbox 158 3212 267 3256; x_wconf 84' lang='lat' dir='ltr'>judicio</span> <span class='ocrx_word' id='word_1_740' title='bbox 280 3213 403 3244; x_wconf 90' lang='lat' dir='ltr'>Comitis</span> <span class='ocrx_word' id='word_1_741' title='bbox 415 3214 584 3247; x_wconf 89' lang='lat' dir='ltr'>Theobaldi.</span> <span class='ocrx_word' id='word_1_742' title='bbox 621 3216 704 3247; x_wconf 88' lang='lat' dir='ltr'>Nam</span> <span class='ocrx_word' id='word_1_743' title='bbox 716 3226 869 3256; x_wconf 88' lang='lat' dir='ltr'>utrumque</span> <span class='ocrx_word' id='word_1_744' title='bbox 889 3218 995 3248; x_wconf 89' lang='lat' dir='ltr'>docere</span> <span class='ocrx_word' id='word_1_745' title='bbox 1015 3219 1129 3250; x_wconf 85' lang='lat' dir='ltr'>testibus</span> <span class='ocrx_word' id='word_1_746' title='bbox 1148 3230 1216 3259; x_wconf 88' lang='lat' dir='ltr'>pro-</span> 
     </span>
     <span class='ocr_line' id='line_1_80' title="bbox 162 3249 1217 3295; baseline 0.009 -15"><span class='ocrx_word' id='word_1_747' title='bbox 162 3251 312 3295; x_wconf 66' lang='lat' dir='ltr'>mittebat,</span> <span class='ocrx_word' id='word_1_748' title='bbox 340 3249 437 3283; x_wconf 82' lang='lat' dir='ltr'>adhaec</span> <span class='ocrx_word' id='word_1_749' title='bbox 454 3254 474 3284; x_wconf 87' lang='lat' dir='ltr'>fi</span> <span class='ocrx_word' id='word_1_750' title='bbox 494 3264 555 3285; x_wconf 91' lang='lat' dir='ltr'>non</span> <span class='ocrx_word' id='word_1_751' title='bbox 574 3254 773 3293; x_wconf 88' lang='lat' dir='ltr'>usquequaque</span> <span class='ocrx_word' id='word_1_752' title='bbox 790 3266 850 3294; x_wconf 87' lang='lat' dir='ltr'>pars</span> <span class='ocrx_word' id='word_1_753' title='bbox 869 3257 1008 3288; x_wconf 88' lang='lat' dir='ltr'>aberraret</span> <span class='ocrx_word' id='word_1_754' title='bbox 1026 3258 1147 3288; x_wconf 84' lang='lat' dir='ltr'>authoris</span> <span class='ocrx_word' id='word_1_755' title='bbox 1167 3259 1217 3289; x_wconf 80' lang='lat' dir='ltr'>fibi</span> 
     </span>
     <span class='ocr_line' id='line_1_81' title="bbox 161 3289 1216 3333; baseline 0.009 -15"><span class='ocrx_word' id='word_1_756' title='bbox 161 3289 342 3333; x_wconf 85' lang='lat' dir='ltr'>diuturnitate</span> <span class='ocrx_word' id='word_1_757' title='bbox 360 3294 495 3329; x_wconf 89' lang='lat' dir='ltr'>temporis</span> <span class='ocrx_word' id='word_1_758' title='bbox 515 3295 548 3324; x_wconf 91' lang='lat'>&amp;</span> <span class='ocrx_word' id='word_1_759' title='bbox 562 3293 630 3331; x_wconf 89' lang='lat' dir='ltr'>juris</span> <span class='ocrx_word' id='word_1_760' title='bbox 643 3294 797 3333; x_wconf 85' lang='lat' dir='ltr'>ignorantia</span> <span class='ocrx_word' id='word_1_761' title='bbox 811 3304 933 3325; x_wconf 91' lang='lat' dir='ltr'>numero</span> <span class='ocrx_word' id='word_1_762' title='bbox 947 3295 1101 3326; x_wconf 87' lang='lat' dir='ltr'>liberorum</span> <span class='ocrx_word' id='word_1_763' title='bbox 1116 3298 1150 3328; x_wconf 70' lang='grc' dir='ltr'>ὃς</span> <span class='ocrx_word' id='word_1_764' title='bbox 1168 3308 1216 3328; x_wconf 87' lang='lat' dir='ltr'>au-</span> 
     </span>
     <span class='ocr_line' id='line_1_82' title="bbox 163 3327 1216 3372; baseline 0.009 -16"><span class='ocrx_word' id='word_1_765' title='bbox 163 3327 295 3358; x_wconf 89' lang='lat' dir='ltr'>thoritate</span> <span class='ocrx_word' id='word_1_766' title='bbox 301 3327 436 3358; x_wconf 86' lang='lat' dir='ltr'>Ecclesiae</span> <span class='ocrx_word' id='word_1_767' title='bbox 448 3340 512 3369; x_wconf 81' lang='lat' dir='ltr'>quae</span> <span class='ocrx_word' id='word_1_768' title='bbox 524 3332 737 3362; x_wconf 86' lang='lat' dir='ltr'>matrimonium</span> <span class='ocrx_word' id='word_1_769' title='bbox 749 3332 816 3362; x_wconf 93' lang='lat' dir='ltr'>illud</span> <span class='ocrx_word' id='word_1_770' title='bbox 824 3334 986 3372; x_wconf 78' lang='lat' dir='ltr'>conjuxerat</span> <span class='ocrx_word' id='word_1_771' title='bbox 994 3333 1216 3366; x_wconf 85' lang='lat' dir='ltr'>subveniendum</span> 
     </span>
     <span class='ocr_line' id='line_1_83' title="bbox 160 3365 1216 3404; baseline 0.009 -9"><span class='ocrx_word' id='word_1_772' title='bbox 160 3366 221 3396; x_wconf 86' lang='lat' dir='ltr'>esse</span> <span class='ocrx_word' id='word_1_773' title='bbox 237 3365 447 3404; x_wconf 83' lang='lat' dir='ltr'>protestabatur.</span> <span class='ocrx_word' id='word_1_774' title='bbox 474 3368 557 3399; x_wconf 91' lang='lat' dir='ltr'>Nam</span> <span class='ocrx_word' id='word_1_775' title='bbox 570 3370 599 3398; x_wconf 90' lang='lat' dir='ltr'>in</span> <span class='ocrx_word' id='word_1_776' title='bbox 612 3369 690 3400; x_wconf 90' lang='lat' dir='ltr'>causa</span> <span class='ocrx_word' id='word_1_777' title='bbox 702 3369 809 3400; x_wconf 86' lang='lat' dir='ltr'>duriori</span> <span class='ocrx_word' id='word_1_778' title='bbox 822 3370 914 3402; x_wconf 89' lang='lat' dir='ltr'>Divus</span> <span class='ocrx_word' id='word_1_779' title='bbox 930 3370 1048 3402; x_wconf 77' lang='lat' dir='ltr'>Marcus</span> <span class='ocrx_word' id='word_1_780' title='bbox 1061 3374 1094 3404; x_wconf 69' lang='grc' dir='ltr'>δε</span> <span class='ocrx_word' id='word_1_781' title='bbox 1112 3373 1216 3404; x_wconf 82' lang='lat' dir='ltr'>Lucius</span> 
     </span>
     <span class='ocr_line' id='line_1_84' title="bbox 164 3404 1217 3448; baseline 0.008 -14"><span class='ocrx_word' id='word_1_782' title='bbox 164 3404 309 3444; x_wconf 85' lang='lat' dir='ltr'>benignius</span> <span class='ocrx_word' id='word_1_783' title='bbox 321 3404 527 3448; x_wconf 37' lang='lat' dir='ltr'>&#39;responderunt</span> <span class='ocrx_word' id='word_1_784' title='bbox 540 3432 550 3446; x_wconf 80' lang='lat'>,</span> <span class='ocrx_word' id='word_1_785' title='bbox 571 3408 609 3438; x_wconf 88' lang='lat' dir='ltr'>ita</span> <span class='ocrx_word' id='word_1_786' title='bbox 625 3407 728 3438; x_wconf 84' lang='lat' dir='ltr'>Flaviae</span> <span class='ocrx_word' id='word_1_787' title='bbox 747 3408 885 3439; x_wconf 85' lang='lat' dir='ltr'>Tertullae</span> <span class='ocrx_word' id='word_1_788' title='bbox 898 3420 948 3448; x_wconf 87' lang='lat' dir='ltr'>per</span> <span class='ocrx_word' id='word_1_789' title='bbox 960 3411 1120 3442; x_wconf 89' lang='lat' dir='ltr'>mensorem</span> <span class='ocrx_word' id='word_1_790' title='bbox 1135 3412 1217 3443; x_wconf 87' lang='lat' dir='ltr'>liber-</span> 
     </span>
     <span class='ocr_line' id='line_1_85' title="bbox 162 3442 1217 3490; baseline 0.008 -17"><span class='ocrx_word' id='word_1_791' title='bbox 162 3450 227 3473; x_wconf 85' lang='lat' dir='ltr'>tum</span> <span class='ocrx_word' id='word_1_792' title='bbox 245 3442 434 3486; x_wconf 78' lang='lat' dir='ltr'>rescribentes.</span> <span class='ocrx_word' id='word_1_793' title='bbox 473 3443 633 3475; x_wconf 91' lang='lat' dir='ltr'>Movemur</span> <span class='ocrx_word' id='word_1_794' title='bbox 652 3447 686 3477; x_wconf 90' lang='lat'>&amp;</span> <span class='ocrx_word' id='word_1_795' title='bbox 704 3448 840 3485; x_wconf 87' lang='lat' dir='ltr'>temporis</span> <span class='ocrx_word' id='word_1_796' title='bbox 858 3447 1037 3479; x_wconf 88' lang='lat' dir='ltr'>diuturnitate</span> <span class='ocrx_word' id='word_1_797' title='bbox 1056 3460 1115 3488; x_wconf 88' lang='lat' dir='ltr'>quo</span> <span class='ocrx_word' id='word_1_798' title='bbox 1134 3451 1217 3490; x_wconf 85' lang='lat' dir='ltr'>igno-</span> 
     </span>
     <span class='ocr_line' id='line_1_86' title="bbox 162 3481 1217 3525; baseline 0.009 -15"><span class='ocrx_word' id='word_1_799' title='bbox 162 3481 250 3511; x_wconf 90' lang='lat' dir='ltr'>rantia</span> <span class='ocrx_word' id='word_1_800' title='bbox 261 3481 329 3520; x_wconf 79' lang='lat' dir='ltr'>juris</span> <span class='ocrx_word' id='word_1_801' title='bbox 340 3482 369 3511; x_wconf 90' lang='lat' dir='ltr'>in</span> <span class='ocrx_word' id='word_1_802' title='bbox 383 3481 565 3512; x_wconf 81' lang='lat' dir='ltr'>matrimonio</span> <span class='ocrx_word' id='word_1_803' title='bbox 578 3482 723 3514; x_wconf 90' lang='lat' dir='ltr'>Avunculi</span> <span class='ocrx_word' id='word_1_804' title='bbox 735 3486 776 3515; x_wconf 92' lang='lat' dir='ltr'>tui</span> <span class='ocrx_word' id='word_1_805' title='bbox 789 3484 880 3524; x_wconf 88' lang='lat' dir='ltr'>fuisti,</span> <span class='ocrx_word' id='word_1_806' title='bbox 897 3487 932 3518; x_wconf 88' lang='lat'>&amp;</span> <span class='ocrx_word' id='word_1_807' title='bbox 946 3487 1023 3525; x_wconf 93' lang='lat' dir='ltr'>quod</span> <span class='ocrx_word' id='word_1_808' title='bbox 1036 3488 1072 3517; x_wconf 92' lang='lat' dir='ltr'>ab</span> <span class='ocrx_word' id='word_1_809' title='bbox 1086 3489 1159 3520; x_wconf 66' lang='lat' dir='ltr'>Avn</span> <span class='ocrx_word' id='word_1_810' title='bbox 1171 3499 1217 3520; x_wconf 91' lang='lat' dir='ltr'>tua</span> 
     </span>
     <span class='ocr_line' id='line_1_87' title="bbox 163 3518 1216 3562; baseline 0.008 -13"><span class='ocrx_word' id='word_1_811' title='bbox 163 3518 305 3550; x_wconf 91' lang='lat' dir='ltr'>collocata</span> <span class='ocrx_word' id='word_1_812' title='bbox 319 3529 347 3550; x_wconf 87' lang='lat' dir='ltr'>es</span> <span class='ocrx_word' id='word_1_813' title='bbox 363 3521 396 3551; x_wconf 90' lang='lat'>&amp;</span> <span class='ocrx_word' id='word_1_814' title='bbox 411 3529 530 3550; x_wconf 90' lang='lat' dir='ltr'>numero</span> <span class='ocrx_word' id='word_1_815' title='bbox 545 3521 699 3552; x_wconf 90' lang='lat' dir='ltr'>liberorum</span> <span class='ocrx_word' id='word_1_816' title='bbox 711 3547 720 3561; x_wconf 97' lang='lat'>,</span> <span class='ocrx_word' id='word_1_817' title='bbox 742 3524 908 3562; x_wconf 89' lang='lat' dir='ltr'>idcircoque</span> <span class='ocrx_word' id='word_1_818' title='bbox 921 3535 990 3556; x_wconf 92' lang='lat' dir='ltr'>curn</span> <span class='ocrx_word' id='word_1_819' title='bbox 1002 3526 1065 3557; x_wconf 81' lang='lat' dir='ltr'>hae&#39;c</span> <span class='ocrx_word' id='word_1_820' title='bbox 1077 3529 1174 3557; x_wconf 85' lang='lat' dir='ltr'>omnia</span> <span class='ocrx_word' id='word_1_821' title='bbox 1188 3529 1216 3557; x_wconf 90' lang='lat' dir='ltr'>in</span> 
     </span>
     <span class='ocr_line' id='line_1_88' title="bbox 163 3557 1216 3596; baseline 0.008 -8"><span class='ocrx_word' id='word_1_822' title='bbox 163 3567 255 3588; x_wconf 89' lang='lat' dir='ltr'>unum</span> <span class='ocrx_word' id='word_1_823' title='bbox 269 3567 456 3596; x_wconf 88' lang='lat' dir='ltr'>concurrant,</span> <span class='ocrx_word' id='word_1_824' title='bbox 469 3557 670 3590; x_wconf 85' lang='lat' dir='ltr'>confirmamus</span> <span class='ocrx_word' id='word_1_825' title='bbox 683 3559 784 3591; x_wconf 88' lang='lat' dir='ltr'>statum</span> <span class='ocrx_word' id='word_1_826' title='bbox 796 3562 952 3594; x_wconf 88' lang='lat' dir='ltr'>liberorum</span> <span class='ocrx_word' id='word_1_827' title='bbox 965 3564 1126 3595; x_wconf 90' lang='lat' dir='ltr'>vestrorum</span> <span class='ocrx_word' id='word_1_828' title='bbox 1138 3567 1168 3595; x_wconf 93' lang='lat' dir='ltr'>in</span> <span class='ocrx_word' id='word_1_829' title='bbox 1180 3576 1216 3596; x_wconf 92' lang='lat' dir='ltr'>eo</span> 
     </span>
     <span class='ocr_line' id='line_1_89' title="bbox 161 3596 1217 3641; baseline 0.009 -16"><span class='ocrx_word' id='word_1_830' title='bbox 161 3596 347 3627; x_wconf 84' lang='lat' dir='ltr'>matrimonio</span> <span class='ocrx_word' id='word_1_831' title='bbox 360 3606 424 3640; x_wconf 52' lang='lat' dir='ltr'>qu3ae</span> <span class='ocrx_word' id='word_1_832' title='bbox 440 3597 594 3627; x_wconf 89' lang='lat' dir='ltr'>vesitorum</span> <span class='ocrx_word' id='word_1_833' title='bbox 612 3597 690 3635; x_wconf 91' lang='lat' dir='ltr'>quod</span> <span class='ocrx_word' id='word_1_834' title='bbox 709 3607 773 3630; x_wconf 89' lang='lat' dir='ltr'>ante</span> <span class='ocrx_word' id='word_1_835' title='bbox 791 3598 892 3631; x_wconf 84' lang='lat' dir='ltr'>Annos</span> <span class='ocrx_word' id='word_1_836' title='bbox 912 3610 961 3641; x_wconf 86' lang='lat'>40.</span> <span class='ocrx_word' id='word_1_837' title='bbox 983 3604 1159 3634; x_wconf 87' lang='lat' dir='ltr'>concitatum</span> <span class='ocrx_word' id='word_1_838' title='bbox 1175 3604 1217 3634; x_wconf 87' lang='lat' dir='ltr'>est</span> 
     </span>
     <span class='ocr_line' id='line_1_90' title="bbox 162 3634 1217 3674; baseline 0.008 -10"><span class='ocrx_word' id='word_1_839' title='bbox 162 3634 284 3673; x_wconf 77' lang='lat' dir='ltr'>proinde</span> <span class='ocrx_word' id='word_1_840' title='bbox 296 3643 380 3673; x_wconf 89' lang='lat' dir='ltr'>atque</span> <span class='ocrx_word' id='word_1_841' title='bbox 392 3638 412 3665; x_wconf 81' lang='lat' dir='ltr'>ll</span> <span class='ocrx_word' id='word_1_842' title='bbox 428 3635 437 3665; x_wconf 93' lang='lat'>1</span> <span class='ocrx_word' id='word_1_843' title='bbox 475 3636 552 3665; x_wconf 86' lang='lat' dir='ltr'>itime</span> <span class='ocrx_word' id='word_1_844' title='bbox 569 3637 703 3674; x_wconf 88' lang='lat' dir='ltr'>concepti</span> <span class='ocrx_word' id='word_1_845' title='bbox 723 3637 818 3669; x_wconf 89' lang='lat' dir='ltr'>essent.</span> <span class='ocrx_word' id='word_1_846' title='bbox 857 3640 887 3670; x_wconf 91' lang='lat' dir='ltr'>Si</span> <span class='ocrx_word' id='word_1_847' title='bbox 907 3641 985 3670; x_wconf 91' lang='lat' dir='ltr'>enim</span> <span class='ocrx_word' id='word_1_848' title='bbox 1004 3650 1079 3672; x_wconf 88' lang='lat' dir='ltr'>tanta</span> <span class='ocrx_word' id='word_1_849' title='bbox 1099 3641 1140 3671; x_wconf 90' lang='lat' dir='ltr'>est</span> <span class='ocrx_word' id='word_1_850' title='bbox 1158 3642 1217 3672; x_wconf 88' lang='lat' dir='ltr'>cle-</span> 
     </span>
     <span class='ocr_line' id='line_1_91' title="bbox 162 3672 1217 3716; baseline 0.009 -15"><span class='ocrx_word' id='word_1_851' title='bbox 162 3673 270 3703; x_wconf 86' lang='lat' dir='ltr'>mentia</span> <span class='ocrx_word' id='word_1_852' title='bbox 282 3672 456 3704; x_wconf 87' lang='lat' dir='ltr'>saecularium</span> <span class='ocrx_word' id='word_1_853' title='bbox 494 3673 680 3716; x_wconf 37' lang='lat' dir='ltr'>rincipum-ut</span> <span class='ocrx_word' id='word_1_854' title='bbox 700 3673 797 3706; x_wconf 88' lang='lat' dir='ltr'>favore</span> <span class='ocrx_word' id='word_1_855' title='bbox 816 3674 974 3708; x_wconf 85' lang='lat' dir='ltr'>liberorum</span> <span class='ocrx_word' id='word_1_856' title='bbox 996 3681 1080 3710; x_wconf 89' lang='lat' dir='ltr'>etiam</span> <span class='ocrx_word' id='word_1_857' title='bbox 1099 3680 1217 3711; x_wconf 85' lang='lat' dir='ltr'>incestui</span> 
     </span>
     <span class='ocr_line' id='line_1_92' title="bbox 162 3710 1218 3757; baseline 0.009 -17"><span class='ocrx_word' id='word_1_858' title='bbox 162 3719 280 3749; x_wconf 83' lang='lat' dir='ltr'>parcant</span> <span class='ocrx_word' id='word_1_859' title='bbox 291 3735 302 3750; x_wconf 81' lang='lat'>,</span> <span class='ocrx_word' id='word_1_860' title='bbox 328 3722 459 3750; x_wconf 84' lang='lat' dir='ltr'>quaenam</span> <span class='ocrx_word' id='word_1_861' title='bbox 479 3713 531 3743; x_wconf 89' lang='lat' dir='ltr'>erit</span> <span class='ocrx_word' id='word_1_862' title='bbox 549 3711 660 3742; x_wconf 85' lang='lat' dir='ltr'>audacia</span> <span class='ocrx_word' id='word_1_863' title='bbox 674 3710 902 3746; x_wconf 87' lang='lat' dir='ltr'>Christianorum</span> <span class='ocrx_word' id='word_1_864' title='bbox 911 3713 1087 3748; x_wconf 85' lang='lat' dir='ltr'>Pontificum</span> <span class='ocrx_word' id='word_1_865' title='bbox 1102 3727 1133 3748; x_wconf 90' lang='lat' dir='ltr'>ut</span> <span class='ocrx_word' id='word_1_866' title='bbox 1145 3729 1194 3749; x_wconf 85' lang='lat' dir='ltr'>eos</span> <span class='ocrx_word' id='word_1_867' title='bbox 1208 3743 1218 3757; x_wconf 90' lang='lat'>,</span> 
     </span>
     <span class='ocr_line' id='line_1_93' title="bbox 164 3748 1218 3793; baseline 0.009 -14"><span class='ocrx_word' id='word_1_868' title='bbox 164 3758 237 3786; x_wconf 88' lang='lat' dir='ltr'>quos</span> <span class='ocrx_word' id='word_1_869' title='bbox 254 3748 390 3781; x_wconf 91' lang='lat' dir='ltr'>Ecclesiae</span> <span class='ocrx_word' id='word_1_870' title='bbox 403 3750 475 3780; x_wconf 88' lang='lat' dir='ltr'>finus</span> <span class='ocrx_word' id='word_1_871' title='bbox 491 3750 614 3790; x_wconf 87' lang='lat' dir='ltr'>legitime</span> <span class='ocrx_word' id='word_1_872' title='bbox 628 3759 785 3788; x_wconf 89' lang='lat' dir='ltr'>conceptos</span> <span class='ocrx_word' id='word_1_873' title='bbox 806 3752 891 3784; x_wconf 89' lang='lat' dir='ltr'>edidit</span> <span class='ocrx_word' id='word_1_874' title='bbox 901 3778 911 3793; x_wconf 83' lang='lat'>,</span> <span class='ocrx_word' id='word_1_875' title='bbox 935 3755 1055 3787; x_wconf 86' lang='lat' dir='ltr'>inaudita</span> <span class='ocrx_word' id='word_1_876' title='bbox 1073 3756 1218 3788; x_wconf 89' lang='lat' dir='ltr'>severitate</span> 
     </span>
     <span class='ocr_line' id='line_1_94' title="bbox 164 3786 1216 3832; baseline 0.01 -16"><span class='ocrx_word' id='word_1_877' title='bbox 164 3786 385 3819; x_wconf 88' lang='lat' dir='ltr'>condemnent?</span> <span class='ocrx_word' id='word_1_878' title='bbox 411 3788 493 3819; x_wconf 89' lang='lat' dir='ltr'>Cum</span> <span class='ocrx_word' id='word_1_879' title='bbox 510 3790 546 3820; x_wconf 91' lang='lat' dir='ltr'>ita</span> <span class='ocrx_word' id='word_1_880' title='bbox 568 3799 603 3819; x_wconf 93' lang='lat' dir='ltr'>ue</span> <span class='ocrx_word' id='word_1_881' title='bbox 622 3789 686 3819; x_wconf 77' lang='lat' dir='ltr'>haec</span> <span class='ocrx_word' id='word_1_882' title='bbox 699 3789 846 3820; x_wconf 89' lang='lat' dir='ltr'>hincinde</span> <span class='ocrx_word' id='word_1_883' title='bbox 881 3802 1088 3830; x_wconf 88' lang='lat' dir='ltr'>roponerentur</span> <span class='ocrx_word' id='word_1_884' title='bbox 1102 3819 1111 3832; x_wconf 90' lang='lat'><strong>‚</strong></span> <span class='ocrx_word' id='word_1_885' title='bbox 1137 3797 1171 3827; x_wconf 89' lang='lat'>&amp;</span> <span class='ocrx_word' id='word_1_886' title='bbox 1183 3795 1216 3826; x_wconf 89' lang='lat' dir='ltr'>ad</span> 
     </span>
     <span class='ocr_line' id='line_1_95' title="bbox 164 3826 1218 3871; baseline 0.009 -15"><span class='ocrx_word' id='word_1_887' title='bbox 164 3826 345 3862; x_wconf 75' lang='lat' dir='ltr'>probationes</span> <span class='ocrx_word' id='word_1_888' title='bbox 358 3828 479 3864; x_wconf 82' lang='lat' dir='ltr'>partium</span> <span class='ocrx_word' id='word_1_889' title='bbox 492 3837 544 3865; x_wconf 90' lang='lat' dir='ltr'>pro</span> <span class='ocrx_word' id='word_1_890' title='bbox 565 3827 702 3864; x_wconf 85' lang='lat' dir='ltr'>ucendas,</span> <span class='ocrx_word' id='word_1_891' title='bbox 718 3826 832 3857; x_wconf 88' lang='lat' dir='ltr'>tandem</span> <span class='ocrx_word' id='word_1_892' title='bbox 861 3839 908 3859; x_wconf 92' lang='lat' dir='ltr'>ere</span> <span class='ocrx_word' id='word_1_893' title='bbox 917 3831 946 3860; x_wconf 92' lang='lat' dir='ltr'>in</span> <span class='ocrx_word' id='word_1_894' title='bbox 959 3830 1016 3862; x_wconf 90' lang='lat' dir='ltr'>fine</span> <span class='ocrx_word' id='word_1_895' title='bbox 1026 3833 1147 3871; x_wconf 81' lang='lat' dir='ltr'>biennii,</span> <span class='ocrx_word' id='word_1_896' title='bbox 1160 3833 1218 3864; x_wconf 89' lang='lat' dir='ltr'>dies</span> 
     </span>
     <span class='ocr_line' id='line_1_96' title="bbox 164 3864 1219 3909; baseline 0.006 -15"><span class='ocrx_word' id='word_1_897' title='bbox 164 3866 369 3902; x_wconf 79' lang='lat' dir='ltr'>peremptorius</span> <span class='ocrx_word' id='word_1_898' title='bbox 382 3866 420 3896; x_wconf 90' lang='lat' dir='ltr'>eis</span> <span class='ocrx_word' id='word_1_899' title='bbox 434 3864 562 3904; x_wconf 81' lang='lat' dir='ltr'>praefixus</span> <span class='ocrx_word' id='word_1_900' title='bbox 575 3865 644 3896; x_wconf 82' lang='lat' dir='ltr'>esset</span> <span class='ocrx_word' id='word_1_901' title='bbox 657 3890 667 3904; x_wconf 85' lang='lat'>,</span> <span class='ocrx_word' id='word_1_902' title='bbox 690 3865 755 3903; x_wconf 88' lang='lat' dir='ltr'>post</span> <span class='ocrx_word' id='word_1_903' title='bbox 767 3865 910 3897; x_wconf 72' lang='lat' dir='ltr'>dilationes</span> <span class='ocrx_word' id='word_1_904' title='bbox 925 3892 934 3906; x_wconf 79' lang='grc'><em>,</em></span> <span class='ocrx_word' id='word_1_905' title='bbox 960 3879 1026 3907; x_wconf 88' lang='lat' dir='ltr'>quas</span> <span class='ocrx_word' id='word_1_906' title='bbox 1037 3880 1126 3909; x_wconf 83' lang='lat' dir='ltr'>partes</span> <span class='ocrx_word' id='word_1_907' title='bbox 1140 3882 1219 3902; x_wconf 84' lang='lat' dir='ltr'>eme-</span> 
     </span>
     <span class='ocr_line' id='line_1_97' title="bbox 165 3903 1222 3948; baseline 0.003 -18"><span class='ocrx_word' id='word_1_908' title='bbox 165 3909 278 3932; x_wconf 80' lang='lat' dir='ltr'>ruerant</span> <span class='ocrx_word' id='word_1_909' title='bbox 290 3927 300 3940; x_wconf 91' lang='lat'>,</span> <span class='ocrx_word' id='word_1_910' title='bbox 328 3913 374 3933; x_wconf 91' lang='lat' dir='ltr'>rea</span> <span class='ocrx_word' id='word_1_911' title='bbox 392 3912 488 3934; x_wconf 90' lang='lat' dir='ltr'>tamen</span> <span class='ocrx_word' id='word_1_912' title='bbox 507 3903 678 3942; x_wconf 87' lang='lat' dir='ltr'>frequentius</span> <span class='ocrx_word' id='word_1_913' title='bbox 690 3928 700 3941; x_wconf 81' lang='lat'>,</span> <span class='ocrx_word' id='word_1_914' title='bbox 725 3912 825 3942; x_wconf 89' lang='lat' dir='ltr'>utpote</span> <span class='ocrx_word' id='word_1_915' title='bbox 844 3915 907 3943; x_wconf 80' lang='lat' dir='ltr'>quae</span> <span class='ocrx_word' id='word_1_916' title='bbox 923 3908 1126 3940; x_wconf 85' lang='lat' dir='ltr'>interveniente</span> <span class='ocrx_word' id='word_1_917' title='bbox 1137 3920 1222 3948; x_wconf 73' lang='lat' dir='ltr'>puer-</span> 
     </span>
     <span class='ocr_line' id='line_1_98' title="bbox 166 3940 1220 3984; baseline 0.009 -14"><span class='ocrx_word' id='word_1_918' title='bbox 166 3940 246 3974; x_wconf 83' lang='lat' dir='ltr'>perio</span> <span class='ocrx_word' id='word_1_919' title='bbox 260 3940 347 3972; x_wconf 87' lang='lat' dir='ltr'>aliave</span> <span class='ocrx_word' id='word_1_920' title='bbox 360 3941 538 3980; x_wconf 87' lang='lat' dir='ltr'>infirmitate,</span> <span class='ocrx_word' id='word_1_921' title='bbox 557 3951 603 3972; x_wconf 90' lang='lat' dir='ltr'>aut</span> <span class='ocrx_word' id='word_1_922' title='bbox 615 3952 649 3972; x_wconf 89' lang='lat' dir='ltr'>ex</span> <span class='ocrx_word' id='word_1_923' title='bbox 656 3941 745 3981; x_wconf 75' lang='lat' dir='ltr'>justa,</span> <span class='ocrx_word' id='word_1_924' title='bbox 761 3950 792 3972; x_wconf 92' lang='lat' dir='ltr'>ut</span> <span class='ocrx_word' id='word_1_925' title='bbox 805 3942 950 3975; x_wconf 87' lang='lat' dir='ltr'>dicebatur</span> <span class='ocrx_word' id='word_1_926' title='bbox 962 3970 972 3984; x_wconf 84' lang='lat'>‚</span> <span class='ocrx_word' id='word_1_927' title='bbox 997 3948 1089 3977; x_wconf 84' lang='lat' dir='ltr'>mariti</span> <span class='ocrx_word' id='word_1_928' title='bbox 1100 3947 1220 3979; x_wconf 87' lang='lat' dir='ltr'>absentia</span> 
     </span>
     <span class='ocr_line' id='line_1_99' title="bbox 167 3974 1221 4020; baseline 0.009 -12"><span class='ocrx_word' id='word_1_929' title='bbox 167 3974 196 4004; x_wconf 81' lang='lat' dir='ltr'>se</span> <span class='ocrx_word' id='word_1_930' title='bbox 215 3977 358 4020; x_wconf 66' lang='lat' dir='ltr'>excusabat</span> <span class='ocrx_word' id='word_1_931' title='bbox 370 4003 381 4018; x_wconf 79' lang='lat'>,</span> <span class='ocrx_word' id='word_1_932' title='bbox 405 3981 440 4012; x_wconf 87' lang='lat'>&amp;</span> <span class='ocrx_word' id='word_1_933' title='bbox 457 3980 513 4019; x_wconf 89' lang='lat' dir='ltr'>ipsa</span> <span class='ocrx_word' id='word_1_934' title='bbox 534 3980 620 4010; x_wconf 85' lang='lat' dir='ltr'>missis</span> <span class='ocrx_word' id='word_1_935' title='bbox 643 3981 849 4011; x_wconf 84' lang='lat' dir='ltr'>excusatoribus</span> <span class='ocrx_word' id='word_1_936' title='bbox 862 3981 938 4012; x_wconf 90' lang='lat' dir='ltr'>suam</span> <span class='ocrx_word' id='word_1_937' title='bbox 950 3984 986 4014; x_wconf 91' lang='lat' dir='ltr'>ab</span> <span class='ocrx_word' id='word_1_938' title='bbox 999 3985 1160 4017; x_wconf 87' lang='lat' dir='ltr'>infirmitate</span> <span class='ocrx_word' id='word_1_939' title='bbox 1171 3987 1221 4016; x_wconf 86' lang='lat' dir='ltr'>ab·</span> 
     </span>
     <span class='ocr_line' id='line_1_100' title="bbox 167 4012 1221 4064; baseline 0.011 -19"><span class='ocrx_word' id='word_1_940' title='bbox 167 4012 282 4047; x_wconf 83' lang='lat' dir='ltr'>sentiam</span> <span class='ocrx_word' id='word_1_941' title='bbox 294 4018 434 4051; x_wconf 80' lang='lat' dir='ltr'>excusaret</span> <span class='ocrx_word' id='word_1_942' title='bbox 447 4042 458 4057; x_wconf 88' lang='lat'>,</span> <span class='ocrx_word' id='word_1_943' title='bbox 483 4018 645 4052; x_wconf 77' lang='lat' dir='ltr'>Richardus</span> <span class='ocrx_word' id='word_1_944' title='bbox 659 4019 694 4051; x_wconf 89' lang='lat' dir='ltr'>ad</span> <span class='ocrx_word' id='word_1_945' title='bbox 712 4017 835 4052; x_wconf 78' lang='lat' dir='ltr'>vestram</span> <span class='ocrx_word' id='word_1_946' title='bbox 855 4019 1024 4055; x_wconf 81' lang='lat' dir='ltr'>audientiam</span> <span class='ocrx_word' id='word_1_947' title='bbox 1052 4023 1221 4064; x_wconf 82' lang='lat' dir='ltr'>appellavit,</span> 
     </span>
    </p>
   </div>
   <div class='ocr_carea' id='block_1_4' title="bbox 1246 174 2276 238">
    <p class='ocr_par' dir='ltr' id='par_1_4' title="bbox 1246 174 2276 238">
     <span class='ocr_line' id='line_1_101' title="bbox 1246 174 2276 238; baseline 0.006 -17"><span class='ocrx_word' id='word_1_948' title='bbox 1246 174 1723 225; x_wconf 85' lang='lat' dir='ltr'>PUBLI&#39;CA.</span> <span class='ocrx_word' id='word_1_949' title='bbox 2009 211 2011 214; x_wconf 30' lang='grc' dir='ltr'><strong><em>ι</em></strong></span> <span class='ocrx_word' id='word_1_950' title='bbox 2251 198 2276 238; x_wconf 91' lang='lat'><em>7</em></span> 
     </span>
    </p>
   </div>
   <div class='ocr_carea' id='block_1_5' title="bbox 1233 263 2431 346">
    <p class='ocr_par' dir='ltr' id='par_1_5' title="bbox 1233 263 2431 346">
     <span class='ocr_line' id='line_1_102' title="bbox 1233 263 2431 310; baseline 0.005 -17"><span class='ocrx_word' id='word_1_951' title='bbox 1233 263 1379 304; x_wconf 65' lang='lat' dir='ltr'>praefigens</span> <span class='ocrx_word' id='word_1_952' title='bbox 1408 264 1597 296; x_wconf 85' lang='lat' dir='ltr'>Dominicam</span> <span class='ocrx_word' id='word_1_953' title='bbox 1623 277 1678 305; x_wconf 87' lang='lat' dir='ltr'>qua</span> <span class='ocrx_word' id='word_1_954' title='bbox 1701 268 1879 306; x_wconf 66' lang='lat' dir='ltr'>cantabitur,</span> <span class='ocrx_word' id='word_1_955' title='bbox 1911 270 2024 298; x_wconf 81' lang='lat' dir='ltr'>Laetare</span> <span class='ocrx_word' id='word_1_956' title='bbox 2049 267 2228 308; x_wconf 69' lang='lat' dir='ltr'>Jerusizlem‚</span> <span class='ocrx_word' id='word_1_957' title='bbox 2252 272 2281 300; x_wconf 87' lang='lat' dir='ltr'>in</span> <span class='ocrx_word' id='word_1_958' title='bbox 2300 275 2375 306; x_wconf 72' lang='grc' dir='ltr'>Αῃῃ,</span> <span class='ocrx_word' id='word_1_959' title='bbox 2389 277 2431 310; x_wconf 44' lang='lat' dir='ltr'>D,</span> 
     </span>
     <span class='ocr_line' id='line_1_103' title="bbox 1233 303 2412 346; baseline 0.005 -14"><span class='ocrx_word' id='word_1_960' title='bbox 1233 313 1270 333; x_wconf 89' lang='lat' dir='ltr'>eo</span> <span class='ocrx_word' id='word_1_961' title='bbox 1289 303 1315 333; x_wconf 90' lang='lat' dir='ltr'>se</span> <span class='ocrx_word' id='word_1_962' title='bbox 1330 312 1476 342; x_wconf 87' lang='lat' dir='ltr'>gravatum</span> <span class='ocrx_word' id='word_1_963' title='bbox 1493 303 1612 334; x_wconf 81' lang='lat' dir='ltr'>afferens</span> <span class='ocrx_word' id='word_1_964' title='bbox 1634 306 1710 343; x_wconf 89' lang='lat' dir='ltr'>quod</span> <span class='ocrx_word' id='word_1_965' title='bbox 1727 307 1902 337; x_wconf 85' lang='lat' dir='ltr'>dilationibus</span> <span class='ocrx_word' id='word_1_966' title='bbox 1921 308 1979 345; x_wconf 87' lang='lat' dir='ltr'>jam</span> <span class='ocrx_word' id='word_1_967' title='bbox 2000 307 2057 337; x_wconf 91' lang='lat' dir='ltr'>fere</span> <span class='ocrx_word' id='word_1_968' title='bbox 2070 308 2184 337; x_wconf 89' lang='lat' dir='ltr'>biennio</span> <span class='ocrx_word' id='word_1_969' title='bbox 2200 317 2282 338; x_wconf 83' lang='lat' dir='ltr'>vexa-</span> <span class='ocrx_word' id='word_1_970' title='bbox 2328 316 2412 346; x_wconf 63' lang='lat'>1161,</span> 
     </span>
    </p>
   </div>
   <div class='ocr_carea' id='block_1_6' title="bbox 1233 341 2285 418">
    <p class='ocr_par' dir='ltr' id='par_1_6' title="bbox 1233 341 2285 418">
     <span class='ocr_line' id='line_1_104' title="bbox 1233 341 2285 410; baseline 0.005 -39"><span class='ocrx_word' id='word_1_971' title='bbox 1233 350 1351 410; x_wconf 73' lang='lat' dir='ltr'>tussserat</span> <span class='ocrx_word' id='word_1_972' title='bbox 1364 364 1374 379; x_wconf 77' lang='lat'>,</span> <span class='ocrx_word' id='word_1_973' title='bbox 1398 341 1432 372; x_wconf 91' lang='lat'>&amp;</span> <span class='ocrx_word' id='word_1_974' title='bbox 1449 342 1674 380; x_wconf 85' lang='lat' dir='ltr'>tergiversatione</span> <span class='ocrx_word' id='word_1_975' title='bbox 1692 344 1814 375; x_wconf 85' lang='lat' dir='ltr'>mulieris</span> <span class='ocrx_word' id='word_1_976' title='bbox 1835 344 1941 376; x_wconf 87' lang='lat' dir='ltr'>delusus</span> <span class='ocrx_word' id='word_1_977' title='bbox 1954 354 1991 376; x_wconf 86' lang='lat' dir='ltr'>ne</span> <span class='ocrx_word' id='word_1_978' title='bbox 2000 344 2134 384; x_wconf 80' lang='lat' dir='ltr'>justitiam</span> <span class='ocrx_word' id='word_1_979' title='bbox 2150 346 2285 384; x_wconf 90' lang='lat' dir='ltr'>consequi</span> 
     </span>
     <span class='ocr_line' id='line_1_105' title="bbox 1233 388 1332 418; baseline -0.02 -8"><span class='ocrx_word' id='word_1_980' title='bbox 1233 390 1272 418; x_wconf 88' lang='lat' dir='ltr'>po</span> <span class='ocrx_word' id='word_1_981' title='bbox 1298 388 1332 410; x_wconf 89' lang='lat' dir='ltr'>et.</span> 
     </span>
    </p>
   </div>
   <div class='ocr_carea' id='block_1_7' title="bbox 1236 500 2288 596">
    <p class='ocr_par' dir='ltr' id='par_1_7' title="bbox 1236 500 2288 596">
     <span class='ocr_line' id='line_1_106' title="bbox 1236 500 2288 550; baseline 0.003 -16"><span class='ocrx_word' id='word_1_982' title='bbox 1236 504 1320 547; x_wconf 77' lang='lat' dir='ltr'>Papa</span> <span class='ocrx_word' id='word_1_983' title='bbox 1342 500 1469 534; x_wconf 82' lang='lat' dir='ltr'>concedit</span> <span class='ocrx_word' id='word_1_984' title='bbox 1491 504 1593 534; x_wconf 77' lang='lat' dir='ltr'>Priori</span> <span class='ocrx_word' id='word_1_985' title='bbox 1613 502 1723 533; x_wconf 57' lang='lat' dir='ltr'>Santra</span> <span class='ocrx_word' id='word_1_986' title='bbox 1754 503 1913 536; x_wconf 66' lang='lat' dir='ltr'>Trinitatis</span> <span class='ocrx_word' id='word_1_987' title='bbox 1946 504 2076 538; x_wconf 84' lang='lat' dir='ltr'>London.</span> <span class='ocrx_word' id='word_1_988' title='bbox 2103 505 2288 550; x_wconf 74' lang='lat' dir='ltr'>facultatem</span> 
     </span>
     <span class='ocr_line' id='line_1_107' title="bbox 1599 549 1919 596; baseline 0.006 -15"><span class='ocrx_word' id='word_1_989' title='bbox 1599 549 1765 596; x_wconf 78' lang='lat' dir='ltr'>corrigendi</span> <span class='ocrx_word' id='word_1_990' title='bbox 1787 551 1919 596; x_wconf 80' lang='lat' dir='ltr'>exceffus.</span> 
     </span>
    </p>
   </div>
   <div class='ocr_carea' id='block_1_8' title="bbox 1239 632 2440 1350">
    <p class='ocr_par' dir='ltr' id='par_1_8' title="bbox 1239 632 2436 695">
     <span class='ocr_line' id='line_1_108' title="bbox 1239 632 2436 695; baseline 0.003 -31"><span class='ocrx_word' id='word_1_991' title='bbox 1239 633 1444 695; x_wconf 83' lang='lat' dir='ltr'>ALexander</span> <span class='ocrx_word' id='word_1_992' title='bbox 1456 633 1610 672; x_wconf 83' lang='lat' dir='ltr'>Episcopus</span> <span class='ocrx_word' id='word_1_993' title='bbox 1623 633 1716 664; x_wconf 85' lang='lat' dir='ltr'>servus</span> <span class='ocrx_word' id='word_1_994' title='bbox 1730 633 1876 665; x_wconf 88' lang='lat' dir='ltr'>servorum</span> <span class='ocrx_word' id='word_1_995' title='bbox 1891 633 1966 672; x_wconf 85' lang='lat' dir='ltr'>Dei,</span> <span class='ocrx_word' id='word_1_996' title='bbox 1985 635 2091 666; x_wconf 67' lang='lat' dir='ltr'>dile&amp;o</span> <span class='ocrx_word' id='word_1_997' title='bbox 2104 636 2180 675; x_wconf 82' lang='lat' dir='ltr'>filio,</span> <span class='ocrx_word' id='word_1_998' title='bbox 2196 637 2288 668; x_wconf 90' lang='lat' dir='ltr'>Priori</span> <span class='ocrx_word' id='word_1_999' title='bbox 2308 634 2382 664; x_wconf 79' lang='lat' dir='ltr'>Atm-</span> <span class='ocrx_word' id='word_1_1000' title='bbox 2395 632 2436 664; x_wconf 90' lang='lat' dir='ltr'>D-</span> 
     </span>
    </p>

    <p class='ocr_par' dir='ltr' id='par_1_9' title="bbox 1318 672 2416 714">
     <span class='ocr_line' id='line_1_109' title="bbox 1318 672 2416 714; baseline -0.001 -13"><span class='ocrx_word' id='word_1_1001' title='bbox 1318 672 1429 702; x_wconf 67' lang='lat' dir='ltr'>Sandtae</span> <span class='ocrx_word' id='word_1_1002' title='bbox 1444 672 1587 703; x_wconf 88' lang='lat' dir='ltr'>Trinitatis</span> <span class='ocrx_word' id='word_1_1003' title='bbox 1604 672 1784 703; x_wconf 91' lang='lat' dir='ltr'>Londonien.</span> <span class='ocrx_word' id='word_1_1004' title='bbox 1801 672 1905 703; x_wconf 88' lang='lat' dir='ltr'>ordinis</span> <span class='ocrx_word' id='word_1_1005' title='bbox 1920 672 2015 703; x_wconf 66' lang='lat' dir='ltr'>Sansti</span> <span class='ocrx_word' id='word_1_1006' title='bbox 2027 674 2193 714; x_wconf 83' lang='lat' dir='ltr'>Augustini,</span> <span class='ocrx_word' id='word_1_1007' title='bbox 2209 676 2287 707; x_wconf 90' lang='lat' dir='ltr'>Salu-</span> <span class='ocrx_word' id='word_1_1008' title='bbox 2332 674 2416 702; x_wconf 85' lang='lat'>1162.</span> 
     </span>
    </p>

    <p class='ocr_par' dir='ltr' id='par_1_10' title="bbox 1239 710 2438 789">
     <span class='ocr_line' id='line_1_110' title="bbox 1239 710 2438 748; baseline -0.003 -7"><span class='ocrx_word' id='word_1_1009' title='bbox 1239 716 1299 738; x_wconf 80' lang='lat' dir='ltr'>tem</span> <span class='ocrx_word' id='word_1_1010' title='bbox 1314 712 1347 741; x_wconf 67' lang='grc' dir='ltr'>δε</span> <span class='ocrx_word' id='word_1_1011' title='bbox 1362 710 1559 748; x_wconf 77' lang='lat' dir='ltr'>Apostolicam</span> <span class='ocrx_word' id='word_1_1012' title='bbox 1572 710 1814 741; x_wconf 72' lang='lat' dir='ltr'>Benediffionem.</span> <span class='ocrx_word' id='word_1_1013' title='bbox 2307 712 2438 740; x_wconf 75' lang='lat' dir='ltr'>A.8.H.z.</span> 
     </span>
     <span class='ocr_line' id='line_1_111' title="bbox 1277 747 2438 789; baseline 0.001 -12"><span class='ocrx_word' id='word_1_1014' title='bbox 1277 747 1352 778; x_wconf 63' lang='lat' dir='ltr'>Tuae</span> <span class='ocrx_word' id='word_1_1015' title='bbox 1371 749 1470 778; x_wconf 83' lang='lat' dir='ltr'>favore</span> <span class='ocrx_word' id='word_1_1016' title='bbox 1489 749 1627 789; x_wconf 87' lang='lat' dir='ltr'>religionis</span> <span class='ocrx_word' id='word_1_1017' title='bbox 1644 749 1805 779; x_wconf 88' lang='lat' dir='ltr'>inducimur</span> <span class='ocrx_word' id='word_1_1018' title='bbox 1817 772 1827 787; x_wconf 83' lang='lat'>‚</span> <span class='ocrx_word' id='word_1_1019' title='bbox 1851 757 1882 780; x_wconf 86' lang='lat' dir='ltr'>ut</span> <span class='ocrx_word' id='word_1_1020' title='bbox 1904 750 1957 779; x_wconf 85' lang='lat' dir='ltr'>tuis</span> <span class='ocrx_word' id='word_1_1021' title='bbox 1977 749 2128 787; x_wconf 77' lang='lat' dir='ltr'>precibus,</span> <span class='ocrx_word' id='word_1_1022' title='bbox 2154 760 2204 788; x_wconf 90' lang='lat' dir='ltr'>per</span> <span class='ocrx_word' id='word_1_1023' title='bbox 2222 761 2288 789; x_wconf 89' lang='lat' dir='ltr'>quas</span> <span class='ocrx_word' id='word_1_1024' title='bbox 2308 755 2343 778; x_wconf 85' lang='lat' dir='ltr'>A.</span> <span class='ocrx_word' id='word_1_1025' title='bbox 2355 759 2379 786; x_wconf 81' lang='lat'>3.</span> <span class='ocrx_word' id='word_1_1026' title='bbox 2392 748 2438 776; x_wconf 85' lang='lat' dir='ltr'>Al·</span> 
     </span>
    </p>

    <p class='ocr_par' dir='ltr' id='par_1_11' title="bbox 1240 783 2336 828">
     <span class='ocr_line' id='line_1_112' title="bbox 1240 783 2336 828; baseline 0.004 -15"><span class='ocrx_word' id='word_1_1027' title='bbox 1240 783 1324 816; x_wconf 82' lang='lat' dir='ltr'>status</span> <span class='ocrx_word' id='word_1_1028' title='bbox 1337 786 1472 818; x_wconf 87' lang='lat' dir='ltr'>Ecclesiae</span> <span class='ocrx_word' id='word_1_1029' title='bbox 1483 795 1540 817; x_wconf 82' lang='lat' dir='ltr'>tuae</span> <span class='ocrx_word' id='word_1_1030' title='bbox 1553 787 1732 817; x_wconf 85' lang='lat' dir='ltr'>conservetur</span> <span class='ocrx_word' id='word_1_1031' title='bbox 1746 789 1779 818; x_wconf 87' lang='lat'>&amp;</span> <span class='ocrx_word' id='word_1_1032' title='bbox 1801 786 1971 818; x_wconf 83' lang='lat' dir='ltr'>reformetur</span> <span class='ocrx_word' id='word_1_1033' title='bbox 1988 789 2017 817; x_wconf 90' lang='lat' dir='ltr'>in</span> <span class='ocrx_word' id='word_1_1034' title='bbox 2036 788 2133 818; x_wconf 90' lang='lat' dir='ltr'>melius</span> <span class='ocrx_word' id='word_1_1035' title='bbox 2152 812 2161 826; x_wconf 91' lang='lat'>,</span> <span class='ocrx_word' id='word_1_1036' title='bbox 2191 789 2288 828; x_wconf 88' lang='lat' dir='ltr'>benig·</span> <span class='ocrx_word' id='word_1_1037' title='bbox 2312 800 2336 826; x_wconf 82' lang='lat'>3.</span> 
     </span>
    </p>

    <p class='ocr_par' dir='ltr' id='par_1_12' title="bbox 1239 825 2440 864">
     <span class='ocr_line' id='line_1_113' title="bbox 1239 825 2440 864; baseline 0.001 -11"><span class='ocrx_word' id='word_1_1038' title='bbox 1239 825 1301 852; x_wconf 80' lang='lat' dir='ltr'>nius</span> <span class='ocrx_word' id='word_1_1039' title='bbox 1323 834 1476 855; x_wconf 84' lang='lat' dir='ltr'>annuamus</span> <span class='ocrx_word' id='word_1_1040' title='bbox 1490 837 1499 862; x_wconf 98' lang='lat'>3</span> <span class='ocrx_word' id='word_1_1041' title='bbox 1530 826 1597 856; x_wconf 87' lang='lat' dir='ltr'>hinc</span> <span class='ocrx_word' id='word_1_1042' title='bbox 1609 825 1650 855; x_wconf 90' lang='lat' dir='ltr'>est</span> <span class='ocrx_word' id='word_1_1043' title='bbox 1664 825 1742 863; x_wconf 91' lang='lat' dir='ltr'>quod</span> <span class='ocrx_word' id='word_1_1044' title='bbox 1757 836 1808 855; x_wconf 90' lang='lat' dir='ltr'>nos</span> <span class='ocrx_word' id='word_1_1045' title='bbox 1822 850 1832 863; x_wconf 86' lang='lat'>,</span> <span class='ocrx_word' id='word_1_1046' title='bbox 1855 825 2035 856; x_wconf 83' lang='lat' dir='ltr'>desiderantes</span> <span class='ocrx_word' id='word_1_1047' title='bbox 2056 835 2087 856; x_wconf 91' lang='lat' dir='ltr'>ut</span> <span class='ocrx_word' id='word_1_1048' title='bbox 2099 825 2234 856; x_wconf 74' lang='lat' dir='ltr'>Ecclesre</span> <span class='ocrx_word' id='word_1_1049' title='bbox 2248 829 2289 864; x_wconf 90' lang='lat' dir='ltr'>ip·</span> <span class='ocrx_word' id='word_1_1050' title='bbox 2328 832 2366 854; x_wconf 80' lang='lat' dir='ltr'>Ex</span> <span class='ocrx_word' id='word_1_1051' title='bbox 2381 830 2440 861; x_wconf 47' lang='lat' dir='ltr'>Au&lt;</span> 
     </span>
    </p>

    <p class='ocr_par' dir='ltr' id='par_1_13' title="bbox 1240 860 2372 904">
     <span class='ocr_line' id='line_1_114' title="bbox 1240 860 2372 904; baseline 0.003 -15"><span class='ocrx_word' id='word_1_1052' title='bbox 1240 860 1292 890; x_wconf 88' lang='lat' dir='ltr'>sius</span> <span class='ocrx_word' id='word_1_1053' title='bbox 1308 861 1455 900; x_wconf 84' lang='lat' dir='ltr'>Personae,</span> <span class='ocrx_word' id='word_1_1054' title='bbox 1481 862 1530 892; x_wconf 88' lang='lat' dir='ltr'>sub</span> <span class='ocrx_word' id='word_1_1055' title='bbox 1543 863 1671 902; x_wconf 83' lang='lat' dir='ltr'>regularis</span> <span class='ocrx_word' id='word_1_1056' title='bbox 1682 864 1865 894; x_wconf 71' lang='lat' dir='ltr'>observantiae</span> <span class='ocrx_word' id='word_1_1057' title='bbox 1879 864 2018 902; x_wconf 85' lang='lat' dir='ltr'>disciplina</span> <span class='ocrx_word' id='word_1_1058' title='bbox 2030 889 2039 903; x_wconf 96' lang='lat'>,</span> <span class='ocrx_word' id='word_1_1059' title='bbox 2067 864 2184 904; x_wconf 84' lang='lat' dir='ltr'>dignum</span> <span class='ocrx_word' id='word_1_1060' title='bbox 2198 866 2231 896; x_wconf 63' lang='grc' dir='ltr'>ὃς</span> <span class='ocrx_word' id='word_1_1061' title='bbox 2244 875 2291 895; x_wconf 88' lang='lat' dir='ltr'>ac-</span> <span class='ocrx_word' id='word_1_1062' title='bbox 2310 873 2372 902; x_wconf 78' lang='lat' dir='ltr'>togr.</span> 
     </span>
    </p>

    <p class='ocr_par' dir='ltr' id='par_1_14' title="bbox 1240 899 2291 941">
     <span class='ocr_line' id='line_1_115' title="bbox 1240 899 2291 941; baseline 0.004 -13"><span class='ocrx_word' id='word_1_1063' title='bbox 1240 908 1356 936; x_wconf 91' lang='lat' dir='ltr'>ceptum</span> <span class='ocrx_word' id='word_1_1064' title='bbox 1368 899 1531 938; x_wconf 84' lang='lat' dir='ltr'>impendant</span> <span class='ocrx_word' id='word_1_1065' title='bbox 1542 901 1676 932; x_wconf 91' lang='lat' dir='ltr'>Domino</span> <span class='ocrx_word' id='word_1_1066' title='bbox 1690 901 1871 940; x_wconf 82' lang='lat' dir='ltr'>famulatum,</span> <span class='ocrx_word' id='word_1_1067' title='bbox 1892 911 1920 932; x_wconf 90' lang='lat' dir='ltr'>te</span> <span class='ocrx_word' id='word_1_1068' title='bbox 1934 903 1988 932; x_wconf 90' lang='lat' dir='ltr'>illas</span> <span class='ocrx_word' id='word_1_1069' title='bbox 2002 927 2012 941; x_wconf 85' lang='lat'>‚</span> <span class='ocrx_word' id='word_1_1070' title='bbox 2040 911 2125 940; x_wconf 87' lang='lat' dir='ltr'>prout</span> <span class='ocrx_word' id='word_1_1071' title='bbox 2137 902 2172 932; x_wconf 90' lang='lat' dir='ltr'>ad</span> <span class='ocrx_word' id='word_1_1072' title='bbox 2186 911 2214 933; x_wconf 91' lang='lat' dir='ltr'>te</span> <span class='ocrx_word' id='word_1_1073' title='bbox 2228 913 2291 941; x_wconf 89' lang='lat' dir='ltr'>per-</span> 
     </span>
    </p>

    <p class='ocr_par' dir='ltr' id='par_1_15' title="bbox 1241 938 2293 979">
     <span class='ocr_line' id='line_1_116' title="bbox 1241 938 2293 979; baseline 0.004 -12"><span class='ocrx_word' id='word_1_1074' title='bbox 1241 938 1328 975; x_wconf 89' lang='lat' dir='ltr'>tinet,</span> <span class='ocrx_word' id='word_1_1075' title='bbox 1344 939 1544 976; x_wconf 57' lang='lat' dir='ltr'>correctionis,</span> <span class='ocrx_word' id='word_1_1076' title='bbox 1562 940 1632 970; x_wconf 90' lang='lat' dir='ltr'>sicut</span> <span class='ocrx_word' id='word_1_1077' title='bbox 1646 939 1756 977; x_wconf 85' lang='lat' dir='ltr'>expedit</span> <span class='ocrx_word' id='word_1_1078' title='bbox 1768 965 1778 978; x_wconf 89' lang='lat'>,</span> <span class='ocrx_word' id='word_1_1079' title='bbox 1801 940 1888 970; x_wconf 87' lang='lat' dir='ltr'>ferula</span> <span class='ocrx_word' id='word_1_1080' title='bbox 1899 940 2049 979; x_wconf 78' lang='lat' dir='ltr'>castigante</span> <span class='ocrx_word' id='word_1_1081' title='bbox 2061 965 2070 979; x_wconf 85' lang='lat'>,</span> <span class='ocrx_word' id='word_1_1082' title='bbox 2094 942 2148 971; x_wconf 90' lang='lat' dir='ltr'>tuis</span> <span class='ocrx_word' id='word_1_1083' title='bbox 2162 941 2293 979; x_wconf 87' lang='lat' dir='ltr'>precibus</span> 
     </span>
    </p>

    <p class='ocr_par' dir='ltr' id='par_1_16' title="bbox 1241 975 2294 1017">
     <span class='ocr_line' id='line_1_117' title="bbox 1241 975 2294 1017; baseline 0.007 -14"><span class='ocrx_word' id='word_1_1084' title='bbox 1241 975 1366 1006; x_wconf 84' lang='lat' dir='ltr'>inclinati</span> <span class='ocrx_word' id='word_1_1085' title='bbox 1380 976 1539 1016; x_wconf 85' lang='lat' dir='ltr'>corrigendi</span> <span class='ocrx_word' id='word_1_1086' title='bbox 1550 977 1742 1016; x_wconf 64' lang='lat' dir='ltr'>subjedtorum</span> <span class='ocrx_word' id='word_1_1087' title='bbox 1755 987 1870 1008; x_wconf 89' lang='lat' dir='ltr'>tuorum</span> <span class='ocrx_word' id='word_1_1088' title='bbox 1884 979 2024 1017; x_wconf 72' lang='lat' dir='ltr'>excessus,</span> <span class='ocrx_word' id='word_1_1089' title='bbox 2046 989 2079 1009; x_wconf 88' lang='lat' dir='ltr'>ac</span> <span class='ocrx_word' id='word_1_1090' title='bbox 2094 980 2246 1010; x_wconf 88' lang='lat' dir='ltr'>revocandi</span> <span class='ocrx_word' id='word_1_1091' title='bbox 2259 979 2294 1010; x_wconf 86' lang='lat' dir='ltr'>ad</span> 
     </span>
    </p>

    <p class='ocr_par' dir='ltr' id='par_1_17' title="bbox 1241 1013 2294 1056">
     <span class='ocr_line' id='line_1_118' title="bbox 1241 1013 2294 1056; baseline 0.006 -14"><span class='ocrx_word' id='word_1_1092' title='bbox 1241 1013 1361 1043; x_wconf 89' lang='lat' dir='ltr'>eandem</span> <span class='ocrx_word' id='word_1_1093' title='bbox 1373 1014 1531 1045; x_wconf 87' lang='lat' dir='ltr'>Ecclesiam</span> <span class='ocrx_word' id='word_1_1094' title='bbox 1543 1015 1677 1054; x_wconf 83' lang='lat' dir='ltr'>fugitivos</span> <span class='ocrx_word' id='word_1_1095' title='bbox 1685 1040 1695 1054; x_wconf 85' lang='lat'>‚</span> <span class='ocrx_word' id='word_1_1096' title='bbox 1710 1024 1794 1053; x_wconf 88' lang='lat' dir='ltr'>prout</span> <span class='ocrx_word' id='word_1_1097' title='bbox 1806 1017 1841 1046; x_wconf 92' lang='lat' dir='ltr'>ad</span> <span class='ocrx_word' id='word_1_1098' title='bbox 1853 1017 1984 1047; x_wconf 85' lang='lat' dir='ltr'>officium</span> <span class='ocrx_word' id='word_1_1099' title='bbox 1999 1027 2081 1048; x_wconf 92' lang='lat' dir='ltr'>tuum</span> <span class='ocrx_word' id='word_1_1100' title='bbox 2096 1017 2215 1056; x_wconf 58' lang='lat' dir='ltr'>specht,</span> <span class='ocrx_word' id='word_1_1101' title='bbox 2232 1018 2294 1048; x_wconf 87' lang='lat' dir='ltr'>Re-</span> 
     </span>
    </p>

    <p class='ocr_par' dir='ltr' id='par_1_18' title="bbox 1241 1051 2293 1119">
     <span class='ocr_line' id='line_1_119' title="bbox 1241 1051 2293 1119; baseline 0.007 -39"><span class='ocrx_word' id='word_1_1102' title='bbox 1241 1053 1285 1119; x_wconf 64' lang='lat' dir='ltr'>gia</span> <span class='ocrx_word' id='word_1_1103' title='bbox 1307 1051 1364 1082; x_wconf 88' lang='lat' dir='ltr'>five</span> <span class='ocrx_word' id='word_1_1104' title='bbox 1383 1052 1506 1089; x_wconf 89' lang='lat' dir='ltr'>qualibet</span> <span class='ocrx_word' id='word_1_1105' title='bbox 1525 1052 1575 1082; x_wconf 88' lang='lat' dir='ltr'>alia</span> <span class='ocrx_word' id='word_1_1106' title='bbox 1590 1053 1713 1083; x_wconf 89' lang='lat' dir='ltr'>seclulari</span> <span class='ocrx_word' id='word_1_1107' title='bbox 1733 1054 1923 1090; x_wconf 85' lang='lat' dir='ltr'>prohibitione</span> <span class='ocrx_word' id='word_1_1108' title='bbox 1941 1065 2118 1093; x_wconf 83' lang='lat' dir='ltr'>nequaquam</span> <span class='ocrx_word' id='word_1_1109' title='bbox 2137 1056 2267 1087; x_wconf 83' lang='lat' dir='ltr'>obstante</span> <span class='ocrx_word' id='word_1_1110' title='bbox 2283 1081 2293 1094; x_wconf 92' lang='lat'>,</span> 
     </span>
    </p>

    <p class='ocr_par' dir='ltr' id='par_1_19' title="bbox 1252 1090 2293 1129">
     <span class='ocr_line' id='line_1_120' title="bbox 1252 1090 2293 1129; baseline 0.005 -11"><span class='ocrx_word' id='word_1_1111' title='bbox 1252 1090 1360 1119; x_wconf 86' lang='lat' dir='ltr'>iberam</span> <span class='ocrx_word' id='word_1_1112' title='bbox 1382 1090 1459 1127; x_wconf 78' lang='lat' dir='ltr'>tibi,</span> <span class='ocrx_word' id='word_1_1113' title='bbox 1489 1090 1655 1121; x_wconf 53' lang='lat' dir='ltr'>auctoritate</span> <span class='ocrx_word' id='word_1_1114' title='bbox 1681 1091 1858 1128; x_wconf 75' lang='lat' dir='ltr'>praesentium</span> <span class='ocrx_word' id='word_1_1115' title='bbox 1872 1116 1882 1129; x_wconf 80' lang='lat'>‚</span> <span class='ocrx_word' id='word_1_1116' title='bbox 1915 1094 2099 1124; x_wconf 86' lang='lat' dir='ltr'>concedimus</span> <span class='ocrx_word' id='word_1_1117' title='bbox 2123 1092 2293 1126; x_wconf 84' lang='lat' dir='ltr'>facultatem.</span> 
     </span>
    </p>

    <p class='ocr_par' dir='ltr' id='par_1_20' title="bbox 1242 1127 2296 1172">
     <span class='ocr_line' id='line_1_121' title="bbox 1242 1127 2296 1172; baseline 0.007 -15"><span class='ocrx_word' id='word_1_1118' title='bbox 1242 1127 1326 1158; x_wconf 90' lang='lat' dir='ltr'>Nulli</span> <span class='ocrx_word' id='word_1_1119' title='bbox 1353 1137 1423 1172; x_wconf 81' lang='lat' dir='ltr'>ergo</span> <span class='ocrx_word' id='word_1_1120' title='bbox 1442 1129 1564 1159; x_wconf 90' lang='lat' dir='ltr'>omnino</span> <span class='ocrx_word' id='word_1_1121' title='bbox 1580 1129 1734 1159; x_wconf 90' lang='lat' dir='ltr'>hominum</span> <span class='ocrx_word' id='word_1_1122' title='bbox 1755 1129 1836 1159; x_wconf 86' lang='lat' dir='ltr'>liceat</span> <span class='ocrx_word' id='word_1_1123' title='bbox 1856 1130 1929 1159; x_wconf 88' lang='lat' dir='ltr'>hanc</span> <span class='ocrx_word' id='word_1_1124' title='bbox 1951 1132 2080 1169; x_wconf 87' lang='lat' dir='ltr'>paginam</span> <span class='ocrx_word' id='word_1_1125' title='bbox 2097 1132 2202 1163; x_wconf 71' lang='lat' dir='ltr'>nostr-„e</span> <span class='ocrx_word' id='word_1_1126' title='bbox 2222 1144 2296 1164; x_wconf 78' lang='lat' dir='ltr'>con-</span> 
     </span>
    </p>

    <p class='ocr_par' dir='ltr' id='par_1_21' title="bbox 1243 1165 2295 1208">
     <span class='ocr_line' id='line_1_122' title="bbox 1243 1165 2295 1208; baseline 0.006 -12"><span class='ocrx_word' id='word_1_1127' title='bbox 1243 1165 1373 1196; x_wconf 79' lang='lat' dir='ltr'>cessionis</span> <span class='ocrx_word' id='word_1_1128' title='bbox 1388 1166 1553 1206; x_wconf 84' lang='lat' dir='ltr'>infringere,</span> <span class='ocrx_word' id='word_1_1129' title='bbox 1577 1167 1624 1197; x_wconf 94' lang='lat' dir='ltr'>vel</span> <span class='ocrx_word' id='word_1_1130' title='bbox 1636 1169 1661 1197; x_wconf 90' lang='lat' dir='ltr'>ei</span> <span class='ocrx_word' id='word_1_1131' title='bbox 1673 1167 1737 1197; x_wconf 88' lang='lat' dir='ltr'>ausu</span> <span class='ocrx_word' id='word_1_1132' title='bbox 1750 1169 1899 1197; x_wconf 89' lang='lat' dir='ltr'>temerario</span> <span class='ocrx_word' id='word_1_1133' title='bbox 1913 1170 2061 1198; x_wconf 86' lang='lat' dir='ltr'>contraire.</span> <span class='ocrx_word' id='word_1_1134' title='bbox 2099 1170 2189 1208; x_wconf 84' lang='lat' dir='ltr'>Siquis</span> <span class='ocrx_word' id='word_1_1135' title='bbox 2199 1181 2295 1203; x_wconf 88' lang='lat' dir='ltr'>autem</span> 
     </span>
    </p>

    <p class='ocr_par' dir='ltr' id='par_1_22' title="bbox 1244 1203 2292 1274">
     <span class='ocr_line' id='line_1_123' title="bbox 1244 1203 2292 1274; baseline 0.007 -40"><span class='ocrx_word' id='word_1_1136' title='bbox 1244 1203 1302 1235; x_wconf 92' lang='lat' dir='ltr'>hoc</span> <span class='ocrx_word' id='word_1_1137' title='bbox 1318 1213 1484 1242; x_wconf 86' lang='lat' dir='ltr'>attemptare</span> <span class='ocrx_word' id='word_1_1138' title='bbox 1498 1205 1698 1243; x_wconf 77' lang='lat' dir='ltr'>praesumpserit</span> <span class='ocrx_word' id='word_1_1139' title='bbox 1709 1229 1719 1242; x_wconf 79' lang='lat'><strong>‚</strong></span> <span class='ocrx_word' id='word_1_1140' title='bbox 1744 1205 1964 1274; x_wconf 66' lang='lat' dir='ltr'>indignationem</span> <span class='ocrx_word' id='word_1_1141' title='bbox 1985 1208 2187 1244; x_wconf 86' lang='lat' dir='ltr'>omnipotentis</span> <span class='ocrx_word' id='word_1_1142' title='bbox 2208 1210 2266 1240; x_wconf 91' lang='lat' dir='ltr'>Dei</span> <span class='ocrx_word' id='word_1_1143' title='bbox 2282 1235 2292 1249; x_wconf 78' lang='lat'>‚</span> 
     </span>
    </p>

    <p class='ocr_par' dir='ltr' id='par_1_23' title="bbox 1243 1242 2294 1282">
     <span class='ocr_line' id='line_1_124' title="bbox 1243 1242 2294 1282; baseline 0.005 -10"><span class='ocrx_word' id='word_1_1144' title='bbox 1243 1244 1275 1273; x_wconf 90' lang='lat'>&amp;</span> <span class='ocrx_word' id='word_1_1145' title='bbox 1291 1244 1440 1273; x_wconf 87' lang='lat' dir='ltr'>beatorum</span> <span class='ocrx_word' id='word_1_1146' title='bbox 1456 1242 1576 1274; x_wconf 86' lang='lat' dir='ltr'>Petri&amp;</span> <span class='ocrx_word' id='word_1_1147' title='bbox 1592 1243 1670 1274; x_wconf 86' lang='lat' dir='ltr'>Pauli</span> <span class='ocrx_word' id='word_1_1148' title='bbox 1690 1243 1717 1273; x_wconf 90' lang='lat' dir='ltr'><strong>A</strong></span> <span class='ocrx_word' id='word_1_1149' title='bbox 1738 1243 1802 1273; x_wconf 90' lang='lat' dir='ltr'>osto</span> <span class='ocrx_word' id='word_1_1150' title='bbox 1812 1254 1897 1274; x_wconf 91' lang='lat' dir='ltr'>orum</span> <span class='ocrx_word' id='word_1_1151' title='bbox 1916 1245 1971 1282; x_wconf 87' lang='lat' dir='ltr'>ejus</span> <span class='ocrx_word' id='word_1_1152' title='bbox 1985 1268 1994 1281; x_wconf 89' lang='lat'>,</span> <span class='ocrx_word' id='word_1_1153' title='bbox 2016 1244 2042 1274; x_wconf 88' lang='lat' dir='ltr'>se</span> <span class='ocrx_word' id='word_1_1154' title='bbox 2064 1249 2174 1276; x_wconf 90' lang='lat' dir='ltr'>noverit</span> <span class='ocrx_word' id='word_1_1155' title='bbox 2200 1249 2294 1278; x_wconf 85' lang='lat' dir='ltr'>incur-</span> 
     </span>
    </p>

    <p class='ocr_par' dir='ltr' id='par_1_24' title="bbox 1242 1277 2296 1325">
     <span class='ocr_line' id='line_1_125' title="bbox 1242 1277 2296 1325; baseline 0.005 -15"><span class='ocrx_word' id='word_1_1156' title='bbox 1242 1281 1346 1325; x_wconf 85' lang='lat' dir='ltr'>surum.</span> <span class='ocrx_word' id='word_1_1157' title='bbox 1386 1281 1453 1312; x_wconf 87' lang='lat' dir='ltr'>Dat.</span> <span class='ocrx_word' id='word_1_1158' title='bbox 1487 1281 1609 1312; x_wconf 86' lang='lat' dir='ltr'>Viterbii</span> <span class='ocrx_word' id='word_1_1159' title='bbox 1636 1281 1687 1312; x_wconf 86' lang='grc' dir='ltr'><strong>ΙΙΙ.</strong></span> <span class='ocrx_word' id='word_1_1160' title='bbox 1728 1282 1754 1312; x_wconf 92' lang='lat' dir='ltr'>d.</span> <span class='ocrx_word' id='word_1_1161' title='bbox 1786 1282 1852 1321; x_wconf 90' lang='lat' dir='ltr'>Julii</span> <span class='ocrx_word' id='word_1_1162' title='bbox 1879 1277 2061 1313; x_wconf 72' lang='lat' dir='ltr'>pontificatus</span> <span class='ocrx_word' id='word_1_1163' title='bbox 2089 1284 2178 1313; x_wconf 87' lang='lat' dir='ltr'>nostri</span> <span class='ocrx_word' id='word_1_1164' title='bbox 2208 1286 2296 1316; x_wconf 83' lang='lat' dir='ltr'>Anno</span> 
     </span>
    </p>

    <p class='ocr_par' dir='ltr' id='par_1_25' title="bbox 1242 1329 1334 1350">
     <span class='ocr_line' id='line_1_126' title="bbox 1242 1329 1334 1350; baseline -0.011 -1"><span class='ocrx_word' id='word_1_1165' title='bbox 1242 1329 1334 1350; x_wconf 82' lang='lat' dir='ltr'>tertio.</span> 
     </span>
    </p>
   </div>
   <div class='ocr_carea' id='block_1_9' title="bbox 1781 1394 2261 1438">
    <p class='ocr_par' dir='ltr' id='par_1_26' title="bbox 1781 1394 2261 1438">
     <span class='ocr_line' id='line_1_127' title="bbox 1781 1394 2261 1438; baseline 0 -12"><span class='ocrx_word' id='word_1_1166' title='bbox 1781 1395 1847 1426; x_wconf 78' lang='lat' dir='ltr'>Filis</span> <span class='ocrx_word' id='word_1_1167' title='bbox 1856 1394 1947 1435; x_wconf 77' lang='lat' dir='ltr'>fi’ricis</span> <span class='ocrx_word' id='word_1_1168' title='bbox 1966 1401 2044 1426; x_wconf 79' lang='lat' dir='ltr'>crocei</span> <span class='ocrx_word' id='word_1_1169' title='bbox 2056 1397 2167 1438; x_wconf 75' lang='lat' dir='ltr'>flaviqe</span> <span class='ocrx_word' id='word_1_1170' title='bbox 2186 1396 2261 1428; x_wconf 83' lang='lat' dir='ltr'>color.</span> 
     </span>
    </p>
   </div>
   <div class='ocr_carea' id='block_1_10' title="bbox 1241 1519 2298 1568">
    <p class='ocr_par' dir='ltr' id='par_1_27' title="bbox 1241 1519 2298 1568">
     <span class='ocr_line' id='line_1_128' title="bbox 1241 1519 2298 1568; baseline 0.004 -17"><span class='ocrx_word' id='word_1_1171' title='bbox 1241 1521 1299 1552; x_wconf 90' lang='lat' dir='ltr'>Pro</span> <span class='ocrx_word' id='word_1_1172' title='bbox 1316 1522 1392 1552; x_wconf 79' lang='lat' dir='ltr'>Pace</span> <span class='ocrx_word' id='word_1_1173' title='bbox 1409 1519 1602 1564; x_wconf 69' lang='lat' dir='ltr'>reformanda</span> <span class='ocrx_word' id='word_1_1174' title='bbox 1622 1524 1699 1552; x_wconf 80' lang='lat' dir='ltr'>inter</span> <span class='ocrx_word' id='word_1_1175' title='bbox 1717 1522 1826 1567; x_wconf 81' lang='lat' dir='ltr'>Regem</span> <span class='ocrx_word' id='word_1_1176' title='bbox 1843 1521 1958 1568; x_wconf 77' lang='lat' dir='ltr'>Angliae</span> <span class='ocrx_word' id='word_1_1177' title='bbox 1975 1523 2011 1558; x_wconf 53' lang='grc' dir='ltr'><em>ὠ</em></span> <span class='ocrx_word' id='word_1_1178' title='bbox 2031 1523 2139 1568; x_wconf 73' lang='lat' dir='ltr'>Regem</span> <span class='ocrx_word' id='word_1_1179' title='bbox 2157 1524 2298 1555; x_wconf 80' lang='lat' dir='ltr'>Franciae.</span> 
     </span>
    </p>
   </div>
   <div class='ocr_carea' id='block_1_11' title="bbox 1241 1603 2454 2720">
    <p class='ocr_par' dir='ltr' id='par_1_28' title="bbox 1242 1603 2454 1766">
     <span class='ocr_line' id='line_1_129' title="bbox 1243 1603 2450 1665; baseline 0.004 -32"><span class='ocrx_word' id='word_1_1180' title='bbox 1243 1604 1449 1665; x_wconf 87' lang='lat' dir='ltr'>ALexander</span> <span class='ocrx_word' id='word_1_1181' title='bbox 1462 1603 1632 1643; x_wconf 74' lang='lat' dir='ltr'>Episcopus,</span> <span class='ocrx_word' id='word_1_1182' title='bbox 1652 1605 1743 1635; x_wconf 89' lang='lat' dir='ltr'>servus</span> <span class='ocrx_word' id='word_1_1183' title='bbox 1755 1605 1900 1636; x_wconf 88' lang='lat' dir='ltr'>servorum</span> <span class='ocrx_word' id='word_1_1184' title='bbox 1913 1606 1977 1636; x_wconf 89' lang='lat' dir='ltr'>Dei.</span> <span class='ocrx_word' id='word_1_1185' title='bbox 1995 1605 2149 1637; x_wconf 82' lang='lat' dir='ltr'>Carissimo</span> <span class='ocrx_word' id='word_1_1186' title='bbox 2161 1608 2189 1636; x_wconf 88' lang='lat' dir='ltr'>in</span> <span class='ocrx_word' id='word_1_1187' title='bbox 2204 1606 2303 1637; x_wconf 78' lang='lat' dir='ltr'>Chris-</span> <span class='ocrx_word' id='word_1_1188' title='bbox 2323 1614 2398 1644; x_wconf 68' lang='grc' dir='ltr'>Αῃῃ,</span> <span class='ocrx_word' id='word_1_1189' title='bbox 2411 1613 2450 1643; x_wconf 82' lang='grc' dir='ltr'>Ι),</span> 
     </span>
     <span class='ocr_line' id='line_1_130' title="bbox 1265 1642 2435 1684; baseline 0.004 -12"><span class='ocrx_word' id='word_1_1190' title='bbox 1265 1679 1268 1684; x_wconf 34' lang='lat'>¹</span> <span class='ocrx_word' id='word_1_1191' title='bbox 1319 1651 1352 1673; x_wconf 87' lang='lat' dir='ltr'>to</span> <span class='ocrx_word' id='word_1_1192' title='bbox 1366 1642 1424 1673; x_wconf 88' lang='lat' dir='ltr'>filio</span> <span class='ocrx_word' id='word_1_1193' title='bbox 1436 1668 1445 1681; x_wconf 90' lang='lat'>,</span> <span class='ocrx_word' id='word_1_1194' title='bbox 1465 1642 1561 1672; x_wconf 80' lang='lat' dir='ltr'>illustri</span> <span class='ocrx_word' id='word_1_1195' title='bbox 1578 1644 1653 1683; x_wconf 86' lang='lat' dir='ltr'>Regi</span> <span class='ocrx_word' id='word_1_1196' title='bbox 1668 1643 1793 1684; x_wconf 55' lang='lat' dir='ltr'>Anglise,</span> <span class='ocrx_word' id='word_1_1197' title='bbox 1812 1644 1936 1675; x_wconf 87' lang='lat' dir='ltr'>Salutem</span> <span class='ocrx_word' id='word_1_1198' title='bbox 1953 1646 1986 1676; x_wconf 70' lang='grc' dir='ltr'>ὅ(</span> <span class='ocrx_word' id='word_1_1199' title='bbox 2002 1644 2198 1682; x_wconf 87' lang='lat' dir='ltr'>Apostolicam</span> <span class='ocrx_word' id='word_1_1200' title='bbox 2213 1646 2302 1677; x_wconf 89' lang='lat' dir='ltr'>Bene-</span> <span class='ocrx_word' id='word_1_1201' title='bbox 2350 1653 2435 1682; x_wconf 70' lang='lat'>1162·⁴</span> 
     </span>
     <span class='ocr_line' id='line_1_131' title="bbox 1242 1677 2453 1718; baseline 0.007 -10"><span class='ocrx_word' id='word_1_1202' title='bbox 1242 1677 1407 1711; x_wconf 45' lang='lat' dir='ltr'>dictionem.</span> <span class='ocrx_word' id='word_1_1203' title='bbox 2323 1692 2453 1718; x_wconf 81' lang='lat' dir='ltr'>A.8.H.2.</span> 
     </span>
     <span class='ocr_line' id='line_1_132' title="bbox 1278 1716 2454 1766; baseline 0.007 -19"><span class='ocrx_word' id='word_1_1204' title='bbox 1278 1716 1355 1750; x_wconf 92' lang='lat' dir='ltr'>Inter</span> <span class='ocrx_word' id='word_1_1205' title='bbox 1375 1727 1475 1750; x_wconf 81' lang='lat' dir='ltr'>caetera</span> <span class='ocrx_word' id='word_1_1206' title='bbox 1495 1719 1570 1750; x_wconf 84' lang='lat' dir='ltr'>bona</span> <span class='ocrx_word' id='word_1_1207' title='bbox 1583 1744 1593 1758; x_wconf 77' lang='lat'>,</span> <span class='ocrx_word' id='word_1_1208' title='bbox 1618 1731 1681 1758; x_wconf 64' lang='lat' dir='ltr'>quse</span> <span class='ocrx_word' id='word_1_1209' title='bbox 1697 1721 1846 1751; x_wconf 90' lang='lat' dir='ltr'>hominem</span> <span class='ocrx_word' id='word_1_1210' title='bbox 1859 1721 2008 1752; x_wconf 85' lang='lat' dir='ltr'>amabilem</span> <span class='ocrx_word' id='word_1_1211' title='bbox 2022 1723 2155 1759; x_wconf 76' lang='lat' dir='ltr'>proximis</span> <span class='ocrx_word' id='word_1_1212' title='bbox 2171 1723 2204 1753; x_wconf 69' lang='grc' dir='ltr'>ὃς</span> <span class='ocrx_word' id='word_1_1213' title='bbox 2218 1722 2303 1760; x_wconf 86' lang='lat' dir='ltr'>placi-</span> <span class='ocrx_word' id='word_1_1214' title='bbox 2324 1733 2360 1758; x_wconf 82' lang='grc' dir='ltr'>Α,</span> <span class='ocrx_word' id='word_1_1215' title='bbox 2376 1728 2454 1766; x_wconf 81' lang='lat' dir='ltr'>3.Al.</span> 
     </span>
    </p>

    <p class='ocr_par' dir='ltr' id='par_1_29' title="bbox 1241 1754 2453 1952">
     <span class='ocr_line' id='line_1_133' title="bbox 1241 1754 2352 1806; baseline 0.007 -21"><span class='ocrx_word' id='word_1_1216' title='bbox 1241 1754 1311 1786; x_wconf 88' lang='lat' dir='ltr'>dum</span> <span class='ocrx_word' id='word_1_1217' title='bbox 1330 1757 1399 1788; x_wconf 81' lang='lat' dir='ltr'>Deo</span> <span class='ocrx_word' id='word_1_1218' title='bbox 1420 1757 1539 1789; x_wconf 88' lang='lat' dir='ltr'>reddunt</span> <span class='ocrx_word' id='word_1_1219' title='bbox 1553 1783 1562 1796; x_wconf 93' lang='lat'>,</span> <span class='ocrx_word' id='word_1_1220' title='bbox 1586 1758 1652 1789; x_wconf 88' lang='lat' dir='ltr'>illud</span> <span class='ocrx_word' id='word_1_1221' title='bbox 1666 1759 1816 1796; x_wconf 83' lang='lat' dir='ltr'>specialiter</span> <span class='ocrx_word' id='word_1_1222' title='bbox 1828 1769 1979 1798; x_wconf 90' lang='lat' dir='ltr'>acceptum</span> <span class='ocrx_word' id='word_1_1223' title='bbox 1993 1760 2057 1790; x_wconf 85' lang='lat' dir='ltr'>fore</span> <span class='ocrx_word' id='word_1_1224' title='bbox 2069 1760 2210 1791; x_wconf 90' lang='lat' dir='ltr'>credimus</span> <span class='ocrx_word' id='word_1_1225' title='bbox 2245 1762 2303 1792; x_wconf 93' lang='lat' dir='ltr'>uod</span> <span class='ocrx_word' id='word_1_1226' title='bbox 2327 1778 2352 1806; x_wconf 85' lang='lat'>3.</span> 
     </span>
     <span class='ocr_line' id='line_1_134' title="bbox 1241 1772 2453 1839; baseline 0.007 -15"><span class='ocrx_word' id='word_1_1227' title='bbox 1241 1796 1385 1826; x_wconf 87' lang='lat' dir='ltr'>caritatem</span> <span class='ocrx_word' id='word_1_1228' title='bbox 1399 1795 1532 1826; x_wconf 85' lang='lat' dir='ltr'>cordibus</span> <span class='ocrx_word' id='word_1_1229' title='bbox 1545 1797 1653 1835; x_wconf 81' lang='lat' dir='ltr'>inserit,</span> <span class='ocrx_word' id='word_1_1230' title='bbox 1672 1799 1705 1829; x_wconf 87' lang='lat'>&amp;</span> <span class='ocrx_word' id='word_1_1231' title='bbox 1718 1799 1873 1827; x_wconf 79' lang='lat' dir='ltr'>animarum</span> <span class='ocrx_word' id='word_1_1232' title='bbox 1888 1798 2035 1828; x_wconf 90' lang='lat' dir='ltr'>vinculum</span> <span class='ocrx_word' id='word_1_1233' title='bbox 2048 1807 2187 1836; x_wconf 90' lang='lat' dir='ltr'>operatur.</span> <span class='ocrx_word' id='word_1_1234' title='bbox 2215 1772 2305 1839; x_wconf 51' lang='lat' dir='ltr'>{loq</span> <span class='ocrx_word' id='word_1_1235' title='bbox 2343 1811 2382 1833; x_wconf 74' lang='lat' dir='ltr'>Ex</span> <span class='ocrx_word' id='word_1_1236' title='bbox 2397 1808 2453 1832; x_wconf 82' lang='lat' dir='ltr'>Au-</span> 
     </span>
     <span class='ocr_line' id='line_1_135' title="bbox 1242 1833 2387 1882; baseline 0.006 -21"><span class='ocrx_word' id='word_1_1237' title='bbox 1242 1833 1357 1871; x_wconf 87' lang='lat' dir='ltr'>inquam</span> <span class='ocrx_word' id='word_1_1238' title='bbox 1372 1859 1382 1872; x_wconf 82' lang='lat'>,</span> <span class='ocrx_word' id='word_1_1239' title='bbox 1409 1835 1520 1865; x_wconf 89' lang='lat' dir='ltr'>bonum</span> <span class='ocrx_word' id='word_1_1240' title='bbox 1535 1844 1586 1872; x_wconf 86' lang='lat' dir='ltr'>pax</span> <span class='ocrx_word' id='word_1_1241' title='bbox 1598 1834 1639 1864; x_wconf 86' lang='lat' dir='ltr'>est</span> <span class='ocrx_word' id='word_1_1242' title='bbox 1650 1859 1660 1872; x_wconf 79' lang='grc'>.,</span> <span class='ocrx_word' id='word_1_1243' title='bbox 1680 1846 1743 1874; x_wconf 62' lang='lat' dir='ltr'>quae</span> <span class='ocrx_word' id='word_1_1244' title='bbox 1756 1836 1855 1873; x_wconf 89' lang='lat' dir='ltr'>procul</span> <span class='ocrx_word' id='word_1_1245' title='bbox 1867 1836 1987 1874; x_wconf 87' lang='lat' dir='ltr'>depellet</span> <span class='ocrx_word' id='word_1_1246' title='bbox 2000 1837 2133 1875; x_wconf 84' lang='lat' dir='ltr'>hodium³</span> <span class='ocrx_word' id='word_1_1247' title='bbox 2153 1847 2303 1869; x_wconf 88' lang='lat' dir='ltr'>rancorem</span> <span class='ocrx_word' id='word_1_1248' title='bbox 2323 1852 2387 1882; x_wconf 65' lang='lat' dir='ltr'>ngr,</span> 
     </span>
     <span class='ocr_line' id='line_1_136' title="bbox 1242 1872 2305 1915; baseline 0.007 -15"><span class='ocrx_word' id='word_1_1249' title='bbox 1242 1872 1336 1910; x_wconf 83' lang='lat' dir='ltr'>abjicit</span> <span class='ocrx_word' id='word_1_1250' title='bbox 1349 1897 1358 1910; x_wconf 85' lang='lat'>,</span> <span class='ocrx_word' id='word_1_1251' title='bbox 1383 1874 1459 1913; x_wconf 83' lang='lat' dir='ltr'>fugat</span> <span class='ocrx_word' id='word_1_1252' title='bbox 1478 1873 1611 1904; x_wconf 81' lang='lat' dir='ltr'>invidiam</span> <span class='ocrx_word' id='word_1_1253' title='bbox 1625 1875 1786 1912; x_wconf 88' lang='lat' dir='ltr'>excutitque</span> <span class='ocrx_word' id='word_1_1254' title='bbox 1798 1875 1918 1904; x_wconf 89' lang='lat' dir='ltr'>livorem</span> <span class='ocrx_word' id='word_1_1255' title='bbox 1931 1899 1940 1912; x_wconf 87' lang='lat'>,</span> <span class='ocrx_word' id='word_1_1256' title='bbox 1965 1883 2044 1912; x_wconf 80' lang='lat' dir='ltr'>pacat</span> <span class='ocrx_word' id='word_1_1257' title='bbox 2058 1884 2166 1915; x_wconf 88' lang='lat' dir='ltr'>mentes</span> <span class='ocrx_word' id='word_1_1258' title='bbox 2179 1900 2190 1913; x_wconf 78' lang='lat'>,</span> <span class='ocrx_word' id='word_1_1259' title='bbox 2217 1877 2305 1908; x_wconf 91' lang='lat' dir='ltr'>corda</span> 
     </span>
     <span class='ocr_line' id='line_1_137' title="bbox 1244 1911 2305 1952; baseline 0.007 -13"><span class='ocrx_word' id='word_1_1260' title='bbox 1244 1911 1377 1941; x_wconf 85' lang='lat' dir='ltr'>conciliat</span> <span class='ocrx_word' id='word_1_1261' title='bbox 1394 1936 1404 1949; x_wconf 95' lang='lat'>,</span> <span class='ocrx_word' id='word_1_1262' title='bbox 1435 1911 1539 1941; x_wconf 86' lang='lat' dir='ltr'>serenat</span> <span class='ocrx_word' id='word_1_1263' title='bbox 1557 1912 1673 1949; x_wconf 54' lang='lat' dir='ltr'>peston</span> <span class='ocrx_word' id='word_1_1264' title='bbox 1695 1913 1729 1943; x_wconf 62' lang='grc' dir='ltr'>ὃς</span> <span class='ocrx_word' id='word_1_1265' title='bbox 1750 1912 1835 1942; x_wconf 86' lang='lat' dir='ltr'>sociat</span> <span class='ocrx_word' id='word_1_1266' title='bbox 1855 1913 2020 1944; x_wconf 78' lang='lat' dir='ltr'>voluntates.</span> <span class='ocrx_word' id='word_1_1267' title='bbox 2059 1913 2144 1944; x_wconf 85' lang='lat' dir='ltr'>Hanc</span> <span class='ocrx_word' id='word_1_1268' title='bbox 2168 1915 2305 1952; x_wconf 85' lang='lat' dir='ltr'>siquidem</span> 
     </span>
    </p>

    <p class='ocr_par' dir='ltr' id='par_1_30' title="bbox 1265 1949 2307 1991">
     <span class='ocr_line' id='line_1_138' title="bbox 1265 1949 2307 1991; baseline 0.006 -12"><span class='ocrx_word' id='word_1_1269' title='bbox 1265 1950 1394 1980; x_wconf 77' lang='lat' dir='ltr'>uaerimus</span> <span class='ocrx_word' id='word_1_1270' title='bbox 1408 1973 1418 1987; x_wconf 88' lang='lat'>,</span> <span class='ocrx_word' id='word_1_1271' title='bbox 1443 1949 1516 1980; x_wconf 86' lang='lat' dir='ltr'>hanc</span> <span class='ocrx_word' id='word_1_1272' title='bbox 1534 1951 1605 1980; x_wconf 91' lang='lat' dir='ltr'>inter</span> <span class='ocrx_word' id='word_1_1273' title='bbox 1621 1949 1756 1980; x_wconf 69' lang='lat' dir='ltr'>Ecclefie</span> <span class='ocrx_word' id='word_1_1274' title='bbox 1770 1950 1840 1980; x_wconf 89' lang='lat' dir='ltr'>filios</span> <span class='ocrx_word' id='word_1_1275' title='bbox 1854 1950 1942 1981; x_wconf 89' lang='lat' dir='ltr'>serere</span> <span class='ocrx_word' id='word_1_1276' title='bbox 1955 1976 1965 1989; x_wconf 82' lang='grc'>,</span> <span class='ocrx_word' id='word_1_1277' title='bbox 1988 1961 2142 1991; x_wconf 84' lang='lat' dir='ltr'>propagare</span> <span class='ocrx_word' id='word_1_1278' title='bbox 2153 1961 2185 1981; x_wconf 88' lang='lat' dir='ltr'>ac</span> <span class='ocrx_word' id='word_1_1279' title='bbox 2200 1954 2307 1985; x_wconf 85' lang='lat' dir='ltr'>nutrire</span> 
     </span>
    </p>

    <p class='ocr_par' dir='ltr' id='par_1_31' title="bbox 1289 1987 2306 2029">
     <span class='ocr_line' id='line_1_139' title="bbox 1289 1987 2306 2029; baseline 0.005 -12"><span class='ocrx_word' id='word_1_1280' title='bbox 1289 1987 1388 2017; x_wconf 90' lang='lat' dir='ltr'>demus</span> <span class='ocrx_word' id='word_1_1281' title='bbox 1401 2012 1410 2025; x_wconf 78' lang='lat'>,</span> <span class='ocrx_word' id='word_1_1282' title='bbox 1430 1987 1503 2018; x_wconf 90' lang='lat' dir='ltr'>hanc</span> <span class='ocrx_word' id='word_1_1283' title='bbox 1517 1987 1602 2018; x_wconf 88' lang='lat' dir='ltr'>firmis</span> <span class='ocrx_word' id='word_1_1284' title='bbox 1616 1989 1645 2017; x_wconf 91' lang='lat' dir='ltr'>in</span> <span class='ocrx_word' id='word_1_1285' title='bbox 1659 1987 1823 2019; x_wconf 81' lang='lat' dir='ltr'>Christianis</span> <span class='ocrx_word' id='word_1_1286' title='bbox 1835 1989 1978 2029; x_wconf 81' lang='lat' dir='ltr'>Regibus,</span> <span class='ocrx_word' id='word_1_1287' title='bbox 1999 1989 2175 2028; x_wconf 85' lang='lat' dir='ltr'>Principibus</span> <span class='ocrx_word' id='word_1_1288' title='bbox 2190 1991 2224 2022; x_wconf 88' lang='lat'>&amp;</span> <span class='ocrx_word' id='word_1_1289' title='bbox 2238 1991 2306 2022; x_wconf 88' lang='lat' dir='ltr'>Ma-</span> 
     </span>
    </p>

    <p class='ocr_par' dir='ltr' id='par_1_32' title="bbox 1243 2025 2313 2720">
     <span class='ocr_line' id='line_1_140' title="bbox 1262 2025 2308 2072; baseline 0.005 -17"><span class='ocrx_word' id='word_1_1290' title='bbox 1262 2027 1371 2057; x_wconf 89' lang='lat' dir='ltr'>natibus</span> <span class='ocrx_word' id='word_1_1291' title='bbox 1383 2025 1491 2056; x_wconf 85' lang='lat' dir='ltr'>solidari</span> <span class='ocrx_word' id='word_1_1292' title='bbox 1505 2026 1642 2057; x_wconf 82' lang='lat' dir='ltr'>radicibus</span> <span class='ocrx_word' id='word_1_1293' title='bbox 1656 2051 1666 2072; x_wconf 74' lang='lat'>,</span> <span class='ocrx_word' id='word_1_1294' title='bbox 1690 2037 1723 2057; x_wconf 87' lang='lat' dir='ltr'>ac</span> <span class='ocrx_word' id='word_1_1295' title='bbox 1739 2027 1836 2058; x_wconf 88' lang='lat' dir='ltr'>adultis</span> <span class='ocrx_word' id='word_1_1296' title='bbox 1849 2028 2007 2059; x_wconf 84' lang='lat' dir='ltr'>extendi&amp;</span> <span class='ocrx_word' id='word_1_1297' title='bbox 2023 2028 2190 2069; x_wconf 87' lang='lat' dir='ltr'>consurgere</span> <span class='ocrx_word' id='word_1_1298' title='bbox 2207 2031 2308 2069; x_wconf 80' lang='lat' dir='ltr'>ramis,</span> 
     </span>
     <span class='ocr_line' id='line_1_141' title="bbox 1243 2035 2310 2105; baseline 0.003 -9"><span class='ocrx_word' id='word_1_1299' title='bbox 1243 2035 1277 2096; x_wconf 56' lang='lat' dir='ltr'>{c</span> <span class='ocrx_word' id='word_1_1300' title='bbox 1293 2063 1442 2095; x_wconf 66' lang='lat' dir='ltr'>effectibus</span> <span class='ocrx_word' id='word_1_1301' title='bbox 1455 2064 1560 2095; x_wconf 89' lang='lat' dir='ltr'>clarere</span> <span class='ocrx_word' id='word_1_1302' title='bbox 1575 2065 1724 2103; x_wconf 85' lang='lat' dir='ltr'>perspicuis</span> <span class='ocrx_word' id='word_1_1303' title='bbox 1738 2067 1860 2096; x_wconf 84' lang='lat' dir='ltr'>maxime</span> <span class='ocrx_word' id='word_1_1304' title='bbox 1870 2065 2035 2097; x_wconf 61' lang='lat' dir='ltr'>affectamus</span> <span class='ocrx_word' id='word_1_1305' title='bbox 2050 2079 2060 2105; x_wconf 76' lang='lat'>3</span> <span class='ocrx_word' id='word_1_1306' title='bbox 2084 2076 2115 2097; x_wconf 92' lang='lat' dir='ltr'>ut</span> <span class='ocrx_word' id='word_1_1307' title='bbox 2125 2091 2134 2105; x_wconf 78' lang='lat'>,</span> <span class='ocrx_word' id='word_1_1308' title='bbox 2150 2067 2310 2100; x_wconf 70' lang='lat' dir='ltr'>dilefflonis</span> 
     </span>
     <span class='ocr_line' id='line_1_142' title="bbox 1244 2103 2308 2142; baseline 0.005 -10"><span class='ocrx_word' id='word_1_1309' title='bbox 1244 2103 1278 2133; x_wconf 69' lang='grc' dir='ltr'>ὃς</span> <span class='ocrx_word' id='word_1_1310' title='bbox 1297 2104 1370 2140; x_wconf 88' lang='lat' dir='ltr'>pacis</span> <span class='ocrx_word' id='word_1_1311' title='bbox 1393 2104 1502 2133; x_wconf 86' lang='lat' dir='ltr'>couniti</span> <span class='ocrx_word' id='word_1_1312' title='bbox 1514 2104 1630 2134; x_wconf 88' lang='lat' dir='ltr'>nexibus</span> <span class='ocrx_word' id='word_1_1313' title='bbox 1644 2128 1653 2142; x_wconf 92' lang='lat'>,</span> <span class='ocrx_word' id='word_1_1314' title='bbox 1679 2105 1708 2134; x_wconf 94' lang='lat' dir='ltr'>in</span> <span class='ocrx_word' id='word_1_1315' title='bbox 1722 2105 1810 2142; x_wconf 88' lang='lat' dir='ltr'>seipsis</span> <span class='ocrx_word' id='word_1_1316' title='bbox 1822 2104 1935 2136; x_wconf 86' lang='lat' dir='ltr'>suavem</span> <span class='ocrx_word' id='word_1_1317' title='bbox 1950 2106 1983 2136; x_wconf 68' lang='grc' dir='ltr'>δί</span> <span class='ocrx_word' id='word_1_1318' title='bbox 1997 2104 2133 2136; x_wconf 85' lang='lat' dir='ltr'>salubrem</span> <span class='ocrx_word' id='word_1_1319' title='bbox 2147 2105 2217 2136; x_wconf 88' lang='lat' dir='ltr'>illius</span> <span class='ocrx_word' id='word_1_1320' title='bbox 2230 2106 2308 2138; x_wconf 86' lang='lat' dir='ltr'>fruc-</span> 
     </span>
     <span class='ocr_line' id='line_1_143' title="bbox 1244 2141 2308 2182; baseline 0.005 -10"><span class='ocrx_word' id='word_1_1321' title='bbox 1244 2150 1306 2172; x_wconf 86' lang='lat' dir='ltr'>tum</span> <span class='ocrx_word' id='word_1_1322' title='bbox 1319 2142 1348 2171; x_wconf 87' lang='lat' dir='ltr'>in</span> <span class='ocrx_word' id='word_1_1323' title='bbox 1362 2142 1480 2180; x_wconf 86' lang='lat' dir='ltr'>propriis</span> <span class='ocrx_word' id='word_1_1324' title='bbox 1493 2141 1641 2181; x_wconf 85' lang='lat' dir='ltr'>degustent</span> <span class='ocrx_word' id='word_1_1325' title='bbox 1652 2142 1834 2182; x_wconf 85' lang='lat' dir='ltr'>commodis,</span> <span class='ocrx_word' id='word_1_1326' title='bbox 1853 2144 1886 2175; x_wconf 64' lang='grc' dir='ltr'>ὃς</span> <span class='ocrx_word' id='word_1_1327' title='bbox 1900 2143 1934 2174; x_wconf 88' lang='lat' dir='ltr'>ad</span> <span class='ocrx_word' id='word_1_1328' title='bbox 1949 2144 2017 2174; x_wconf 86' lang='lat' dir='ltr'>alios</span> <span class='ocrx_word' id='word_1_1329' title='bbox 2031 2143 2112 2182; x_wconf 87' lang='lat' dir='ltr'>ipsius</span> <span class='ocrx_word' id='word_1_1330' title='bbox 2127 2143 2308 2177; x_wconf 82' lang='lat' dir='ltr'>dulcedinem</span> 
     </span>
     <span class='ocr_line' id='line_1_144' title="bbox 1246 2179 2309 2222; baseline 0.006 -13"><span class='ocrx_word' id='word_1_1331' title='bbox 1246 2179 1392 2210; x_wconf 87' lang='lat' dir='ltr'>effundant</span> <span class='ocrx_word' id='word_1_1332' title='bbox 1412 2180 1582 2211; x_wconf 85' lang='lat' dir='ltr'>laudabiliter</span> <span class='ocrx_word' id='word_1_1333' title='bbox 1623 2191 1652 2211; x_wconf 86' lang='lat' dir='ltr'>er</span> <span class='ocrx_word' id='word_1_1334' title='bbox 1673 2182 1835 2219; x_wconf 84' lang='lat' dir='ltr'>exemplum</span> <span class='ocrx_word' id='word_1_1335' title='bbox 1850 2195 1859 2220; x_wconf 88' lang='lat'>3</span> <span class='ocrx_word' id='word_1_1336' title='bbox 1885 2192 1954 2213; x_wconf 90' lang='lat' dir='ltr'>cum</span> <span class='ocrx_word' id='word_1_1337' title='bbox 1970 2183 2053 2222; x_wconf 82' lang='lat' dir='ltr'>igitur</span> <span class='ocrx_word' id='word_1_1338' title='bbox 2066 2182 2204 2213; x_wconf 58' lang='lat' dir='ltr'>dilestum</span> <span class='ocrx_word' id='word_1_1339' title='bbox 2218 2183 2309 2216; x_wconf 89' lang='lat' dir='ltr'>filium</span> 
     </span>
     <span class='ocr_line' id='line_1_145' title="bbox 1245 2217 2310 2262; baseline 0.005 -14"><span class='ocrx_word' id='word_1_1340' title='bbox 1245 2218 1361 2249; x_wconf 85' lang='lat' dir='ltr'>fratrem</span> <span class='ocrx_word' id='word_1_1341' title='bbox 1375 2217 1558 2250; x_wconf 87' lang='lat' dir='ltr'>Mansuetum</span> <span class='ocrx_word' id='word_1_1342' title='bbox 1570 2244 1579 2258; x_wconf 80' lang='lat'>,</span> <span class='ocrx_word' id='word_1_1343' title='bbox 1645 2218 1703 2250; x_wconf 91' lang='lat' dir='ltr'>din.</span> <span class='ocrx_word' id='word_1_1344' title='bbox 1720 2222 1865 2251; x_wconf 88' lang='lat' dir='ltr'>minorum</span> <span class='ocrx_word' id='word_1_1345' title='bbox 1879 2246 1889 2259; x_wconf 75' lang='lat'>,</span> <span class='ocrx_word' id='word_1_1346' title='bbox 1908 2222 2148 2258; x_wconf 79' lang='lat' dir='ltr'>poenitentiarium</span> <span class='ocrx_word' id='word_1_1347' title='bbox 2161 2221 2310 2262; x_wconf 90' lang='lat' dir='ltr'>nostrum,</span> 
     </span>
     <span class='ocr_line' id='line_1_146' title="bbox 1246 2258 2311 2298; baseline 0.004 -11"><span class='ocrx_word' id='word_1_1348' title='bbox 1246 2258 1340 2287; x_wconf 80' lang='lat' dir='ltr'>virum</span> <span class='ocrx_word' id='word_1_1349' title='bbox 1361 2260 1459 2296; x_wconf 87' lang='lat' dir='ltr'>utique</span> <span class='ocrx_word' id='word_1_1350' title='bbox 1474 2258 1608 2298; x_wconf 87' lang='lat' dir='ltr'>religione</span> <span class='ocrx_word' id='word_1_1351' title='bbox 1621 2258 1807 2297; x_wconf 90' lang='lat' dir='ltr'>conspicuum</span> <span class='ocrx_word' id='word_1_1352' title='bbox 1822 2284 1832 2298; x_wconf 89' lang='lat'><strong>‚</strong></span> <span class='ocrx_word' id='word_1_1353' title='bbox 1856 2259 1976 2290; x_wconf 76' lang='lat' dir='ltr'>scientiae</span> <span class='ocrx_word' id='word_1_1354' title='bbox 1991 2260 2141 2297; x_wconf 86' lang='lat' dir='ltr'>praeditum</span> <span class='ocrx_word' id='word_1_1355' title='bbox 2155 2284 2164 2298; x_wconf 88' lang='lat'>,</span> <span class='ocrx_word' id='word_1_1356' title='bbox 2192 2270 2311 2292; x_wconf 89' lang='lat' dir='ltr'>morum</span> 
     </span>
     <span class='ocr_line' id='line_1_147' title="bbox 1246 2295 2310 2338; baseline 0.005 -13"><span class='ocrx_word' id='word_1_1357' title='bbox 1246 2295 1393 2327; x_wconf 82' lang='lat' dir='ltr'>honestate</span> <span class='ocrx_word' id='word_1_1358' title='bbox 1405 2305 1548 2327; x_wconf 78' lang='lat' dir='ltr'>maturum</span> <span class='ocrx_word' id='word_1_1359' title='bbox 1560 2321 1570 2335; x_wconf 90' lang='lat'>,</span> <span class='ocrx_word' id='word_1_1360' title='bbox 1588 2298 1728 2335; x_wconf 89' lang='lat' dir='ltr'>nobisque</span> <span class='ocrx_word' id='word_1_1361' title='bbox 1740 2307 1773 2328; x_wconf 94' lang='lat' dir='ltr'>ac</span> <span class='ocrx_word' id='word_1_1362' title='bbox 1787 2297 1916 2329; x_wconf 88' lang='lat' dir='ltr'>fratribus</span> <span class='ocrx_word' id='word_1_1363' title='bbox 1929 2297 2045 2336; x_wconf 88' lang='lat' dir='ltr'>nostris,</span> <span class='ocrx_word' id='word_1_1364' title='bbox 2063 2298 2112 2329; x_wconf 92' lang='lat' dir='ltr'>suo</span> <span class='ocrx_word' id='word_1_1365' title='bbox 2126 2300 2230 2330; x_wconf 90' lang='lat' dir='ltr'>merito</span> <span class='ocrx_word' id='word_1_1366' title='bbox 2243 2309 2310 2338; x_wconf 90' lang='lat' dir='ltr'>pro-</span> 
     </span>
     <span class='ocr_line' id='line_1_148' title="bbox 1246 2333 2212 2373; baseline 0.003 -9"><span class='ocrx_word' id='word_1_1367' title='bbox 1246 2333 1337 2365; x_wconf 84' lang='lat' dir='ltr'>bitatis</span> <span class='ocrx_word' id='word_1_1368' title='bbox 1350 2359 1360 2373; x_wconf 77' lang='lat'>,</span> <span class='ocrx_word' id='word_1_1369' title='bbox 1384 2344 1534 2372; x_wconf 89' lang='lat' dir='ltr'>acceptum</span> <span class='ocrx_word' id='word_1_1370' title='bbox 1569 2335 1603 2366; x_wconf 91' lang='lat' dir='ltr'>ad</span> <span class='ocrx_word' id='word_1_1371' title='bbox 1616 2336 1789 2366; x_wconf 75' lang='lat' dir='ltr'>carissimum</span> <span class='ocrx_word' id='word_1_1372' title='bbox 1803 2338 1832 2366; x_wconf 92' lang='lat' dir='ltr'>in</span> <span class='ocrx_word' id='word_1_1373' title='bbox 1845 2335 1963 2367; x_wconf 89' lang='lat' dir='ltr'>Christo</span> <span class='ocrx_word' id='word_1_1374' title='bbox 1977 2336 2067 2367; x_wconf 84' lang='lat' dir='ltr'>filiurn</span> <span class='ocrx_word' id='word_1_1375' title='bbox 2081 2336 2212 2367; x_wconf 89' lang='lat' dir='ltr'>nostrum</span> 
     </span>
     <span class='ocr_line' id='line_1_149' title="bbox 1246 2359 2309 2415; baseline 0.004 -13"><span class='ocrx_word' id='word_1_1376' title='bbox 1246 2372 1383 2403; x_wconf 86' lang='lat' dir='ltr'>illustrem</span> <span class='ocrx_word' id='word_1_1377' title='bbox 1402 2373 1516 2403; x_wconf 69' lang='lat' dir='ltr'>Recrem</span> <span class='ocrx_word' id='word_1_1378' title='bbox 1536 2359 1661 2405; x_wconf 67' lang='lat' dir='ltr'>Eranciae</span> <span class='ocrx_word' id='word_1_1379' title='bbox 1675 2399 1684 2414; x_wconf 87' lang='lat'>,</span> <span class='ocrx_word' id='word_1_1380' title='bbox 1712 2385 1766 2413; x_wconf 89' lang='lat' dir='ltr'>pro</span> <span class='ocrx_word' id='word_1_1381' title='bbox 1785 2376 1901 2415; x_wconf 88' lang='lat' dir='ltr'>negotio</span> <span class='ocrx_word' id='word_1_1382' title='bbox 1922 2376 1996 2414; x_wconf 78' lang='lat' dir='ltr'>pacis</span> <span class='ocrx_word' id='word_1_1383' title='bbox 2015 2376 2087 2406; x_wconf 90' lang='lat' dir='ltr'>inter</span> <span class='ocrx_word' id='word_1_1384' title='bbox 2100 2384 2128 2406; x_wconf 91' lang='lat' dir='ltr'>te</span> <span class='ocrx_word' id='word_1_1385' title='bbox 2140 2385 2172 2405; x_wconf 90' lang='lat' dir='ltr'>ac</span> <span class='ocrx_word' id='word_1_1386' title='bbox 2187 2375 2309 2406; x_wconf 91' lang='lat' dir='ltr'>eundern</span> 
     </span>
     <span class='ocr_line' id='line_1_150' title="bbox 1246 2398 2309 2452; baseline 0.004 -11"><span class='ocrx_word' id='word_1_1387' title='bbox 1246 2411 1362 2451; x_wconf 87' lang='lat' dir='ltr'>Regem</span> <span class='ocrx_word' id='word_1_1388' title='bbox 1375 2436 1384 2450; x_wconf 84' lang='lat'>,</span> <span class='ocrx_word' id='word_1_1389' title='bbox 1406 2398 1522 2443; x_wconf 55' lang='lat' dir='ltr'>audiore</span> <span class='ocrx_word' id='word_1_1390' title='bbox 1544 2412 1678 2444; x_wconf 88' lang='lat' dir='ltr'>Domino</span> <span class='ocrx_word' id='word_1_1391' title='bbox 1691 2437 1700 2451; x_wconf 76' lang='lat'>3</span> <span class='ocrx_word' id='word_1_1392' title='bbox 1724 2413 1913 2444; x_wconf 76' lang='lat' dir='ltr'>reformanda:</span> <span class='ocrx_word' id='word_1_1393' title='bbox 1927 2439 1937 2452; x_wconf 88' lang='lat'>,</span> <span class='ocrx_word' id='word_1_1394' title='bbox 1959 2413 1995 2444; x_wconf 88' lang='lat' dir='ltr'>de</span> <span class='ocrx_word' id='word_1_1395' title='bbox 2013 2413 2094 2451; x_wconf 88' lang='lat' dir='ltr'>ipsius</span> <span class='ocrx_word' id='word_1_1396' title='bbox 2111 2415 2309 2452; x_wconf 87' lang='lat' dir='ltr'>poenitentiarii</span> 
     </span>
     <span class='ocr_line' id='line_1_151' title="bbox 1245 2449 2310 2492; baseline 0.002 -12"><span class='ocrx_word' id='word_1_1397' title='bbox 1245 2449 1344 2480; x_wconf 87' lang='lat' dir='ltr'>confisi</span> <span class='ocrx_word' id='word_1_1398' title='bbox 1356 2450 1500 2488; x_wconf 87' lang='lat' dir='ltr'>prudentia</span> <span class='ocrx_word' id='word_1_1399' title='bbox 1511 2475 1520 2489; x_wconf 94' lang='lat'>,</span> <span class='ocrx_word' id='word_1_1400' title='bbox 1545 2451 1695 2489; x_wconf 83' lang='lat' dir='ltr'>specialiter</span> <span class='ocrx_word' id='word_1_1401' title='bbox 1706 2451 1878 2482; x_wconf 87' lang='lat' dir='ltr'>destinemus</span> <span class='ocrx_word' id='word_1_1402' title='bbox 1891 2464 1901 2491; x_wconf 88' lang='lat'>3</span> <span class='ocrx_word' id='word_1_1403' title='bbox 1925 2453 2099 2483; x_wconf 86' lang='lat' dir='ltr'>serenitatem</span> <span class='ocrx_word' id='word_1_1404' title='bbox 2113 2461 2192 2482; x_wconf 79' lang='lat' dir='ltr'>tuam</span> <span class='ocrx_word' id='word_1_1405' title='bbox 2207 2462 2310 2492; x_wconf 82' lang='lat' dir='ltr'>rogari-</span> 
     </span>
     <span class='ocr_line' id='line_1_152' title="bbox 1245 2488 2309 2528; baseline 0.003 -10"><span class='ocrx_word' id='word_1_1406' title='bbox 1245 2488 1311 2518; x_wconf 93' lang='lat' dir='ltr'>dam</span> <span class='ocrx_word' id='word_1_1407' title='bbox 1331 2489 1460 2519; x_wconf 88' lang='lat' dir='ltr'>duximus</span> <span class='ocrx_word' id='word_1_1408' title='bbox 1478 2491 1607 2520; x_wconf 81' lang='lat' dir='ltr'>attentius</span> <span class='ocrx_word' id='word_1_1409' title='bbox 1628 2491 1662 2521; x_wconf 88' lang='lat'>&amp;</span> <span class='ocrx_word' id='word_1_1410' title='bbox 1673 2490 1839 2520; x_wconf 84' lang='lat' dir='ltr'>hortandam</span> <span class='ocrx_word' id='word_1_1411' title='bbox 1851 2514 1861 2528; x_wconf 91' lang='lat'>,</span> <span class='ocrx_word' id='word_1_1412' title='bbox 1887 2492 2013 2528; x_wconf 83' lang='lat' dir='ltr'>quatinus</span> <span class='ocrx_word' id='word_1_1413' title='bbox 2028 2490 2151 2521; x_wconf 86' lang='lat' dir='ltr'>eundem</span> <span class='ocrx_word' id='word_1_1414' title='bbox 2167 2492 2309 2528; x_wconf 88' lang='lat' dir='ltr'>poeniten-</span> 
     </span>
     <span class='ocr_line' id='line_1_153' title="bbox 1247 2527 2309 2567; baseline 0.002 -11"><span class='ocrx_word' id='word_1_1415' title='bbox 1247 2528 1358 2557; x_wconf 84' lang='lat' dir='ltr'>tiarium</span> <span class='ocrx_word' id='word_1_1416' title='bbox 1373 2552 1382 2566; x_wconf 85' lang='lat'>,</span> <span class='ocrx_word' id='word_1_1417' title='bbox 1405 2527 1425 2557; x_wconf 91' lang='lat' dir='ltr'>si</span> <span class='ocrx_word' id='word_1_1418' title='bbox 1446 2538 1512 2557; x_wconf 90' lang='lat' dir='ltr'>eum</span> <span class='ocrx_word' id='word_1_1419' title='bbox 1531 2538 1546 2558; x_wconf 83' lang='lat' dir='ltr'>a</span> <span class='ocrx_word' id='word_1_1420' title='bbox 1558 2528 1695 2565; x_wconf 61' lang='lat' dir='ltr'>priedisto</span> <span class='ocrx_word' id='word_1_1421' title='bbox 1711 2528 1759 2558; x_wconf 90' lang='lat' dir='ltr'>Re</span> <span class='ocrx_word' id='word_1_1422' title='bbox 1778 2539 1794 2558; x_wconf 92' lang='lat' dir='ltr'>e</span> <span class='ocrx_word' id='word_1_1423' title='bbox 1808 2529 1842 2558; x_wconf 91' lang='lat' dir='ltr'>ad</span> <span class='ocrx_word' id='word_1_1424' title='bbox 1856 2538 1884 2559; x_wconf 90' lang='lat' dir='ltr'>te</span> <span class='ocrx_word' id='word_1_1425' title='bbox 1898 2554 1906 2566; x_wconf 91' lang='lat'>,</span> <span class='ocrx_word' id='word_1_1426' title='bbox 1928 2538 2043 2567; x_wconf 89' lang='lat' dir='ltr'>propter</span> <span class='ocrx_word' id='word_1_1427' title='bbox 2056 2529 2114 2559; x_wconf 88' lang='lat' dir='ltr'>hoc</span> <span class='ocrx_word' id='word_1_1428' title='bbox 2129 2531 2226 2560; x_wconf 83' lang='lat' dir='ltr'>venire</span> <span class='ocrx_word' id='word_1_1429' title='bbox 2238 2538 2309 2559; x_wconf 92' lang='lat' dir='ltr'>con-</span> 
     </span>
     <span class='ocr_line' id='line_1_154' title="bbox 1246 2566 2309 2607; baseline 0 -11"><span class='ocrx_word' id='word_1_1430' title='bbox 1246 2567 1360 2604; x_wconf 87' lang='lat' dir='ltr'>tigerit,</span> <span class='ocrx_word' id='word_1_1431' title='bbox 1383 2567 1424 2596; x_wconf 94' lang='lat' dir='ltr'>ob</span> <span class='ocrx_word' id='word_1_1432' title='bbox 1447 2568 1631 2596; x_wconf 89' lang='lat' dir='ltr'>reverentiam</span> <span class='ocrx_word' id='word_1_1433' title='bbox 1652 2566 1763 2604; x_wconf 83' lang='lat' dir='ltr'>Aposto</span> <span class='ocrx_word' id='word_1_1434' title='bbox 1775 2568 1826 2596; x_wconf 79' lang='lat' dir='ltr'>icae</span> <span class='ocrx_word' id='word_1_1435' title='bbox 1846 2566 1913 2597; x_wconf 85' lang='lat' dir='ltr'>sedis</span> <span class='ocrx_word' id='word_1_1436' title='bbox 1932 2566 2107 2598; x_wconf 83' lang='lat' dir='ltr'>&amp;nostram</span> <span class='ocrx_word' id='word_1_1437' title='bbox 2120 2591 2129 2604; x_wconf 85' lang='lat'>,</span> <span class='ocrx_word' id='word_1_1438' title='bbox 2153 2567 2244 2607; x_wconf 82' lang='lat' dir='ltr'>Regia</span> <span class='ocrx_word' id='word_1_1439' title='bbox 2259 2568 2309 2597; x_wconf 89' lang='lat' dir='ltr'>be-</span> 
     </span>
     <span class='ocr_line' id='line_1_155' title="bbox 1249 2604 2311 2643; baseline 0.004 -11"><span class='ocrx_word' id='word_1_1440' title='bbox 1249 2605 1380 2643; x_wconf 83' lang='lat' dir='ltr'>nignitate</span> <span class='ocrx_word' id='word_1_1441' title='bbox 1393 2605 1528 2641; x_wconf 86' lang='lat' dir='ltr'>recipiens</span> <span class='ocrx_word' id='word_1_1442' title='bbox 1539 2628 1548 2642; x_wconf 85' lang='lat'>,</span> <span class='ocrx_word' id='word_1_1443' title='bbox 1571 2606 1604 2636; x_wconf 91' lang='lat'>&amp;</span> <span class='ocrx_word' id='word_1_1444' title='bbox 1617 2604 1737 2634; x_wconf 85' lang='lat' dir='ltr'>honeste</span> <span class='ocrx_word' id='word_1_1445' title='bbox 1749 2605 1933 2642; x_wconf 64' lang='lat' dir='ltr'>pertrac‘tans,</span> <span class='ocrx_word' id='word_1_1446' title='bbox 1949 2606 2057 2643; x_wconf 84' lang='lat' dir='ltr'>verbis,</span> <span class='ocrx_word' id='word_1_1447' title='bbox 2078 2615 2141 2642; x_wconf 74' lang='lat' dir='ltr'>quae</span> <span class='ocrx_word' id='word_1_1448' title='bbox 2157 2607 2185 2635; x_wconf 89' lang='lat' dir='ltr'>in</span> <span class='ocrx_word' id='word_1_1449' title='bbox 2199 2615 2250 2636; x_wconf 86' lang='lat' dir='ltr'>ore</span> <span class='ocrx_word' id='word_1_1450' title='bbox 2261 2605 2311 2636; x_wconf 89' lang='lat' dir='ltr'>suo</span> 
     </span>
     <span class='ocr_line' id='line_1_156' title="bbox 1250 2642 2311 2683; baseline 0.002 -11"><span class='ocrx_word' id='word_1_1451' title='bbox 1250 2642 1393 2679; x_wconf 85' lang='lat' dir='ltr'>posuimus</span> <span class='ocrx_word' id='word_1_1452' title='bbox 1406 2666 1415 2680; x_wconf 84' lang='lat'>,</span> <span class='ocrx_word' id='word_1_1453' title='bbox 1436 2642 1562 2672; x_wconf 90' lang='lat' dir='ltr'>auditum</span> <span class='ocrx_word' id='word_1_1454' title='bbox 1579 2651 1661 2673; x_wconf 91' lang='lat' dir='ltr'>tuum</span> <span class='ocrx_word' id='word_1_1455' title='bbox 1680 2644 1802 2683; x_wconf 85' lang='lat' dir='ltr'>benigne</span> <span class='ocrx_word' id='word_1_1456' title='bbox 1822 2644 1944 2681; x_wconf 85' lang='lat' dir='ltr'>praebeas</span> <span class='ocrx_word' id='word_1_1457' title='bbox 1963 2653 2031 2673; x_wconf 91' lang='lat' dir='ltr'>cum</span> <span class='ocrx_word' id='word_1_1458' title='bbox 2053 2652 2195 2680; x_wconf 80' lang='lat' dir='ltr'>promptae</span> <span class='ocrx_word' id='word_1_1459' title='bbox 2209 2652 2311 2674; x_wconf 64' lang='lat' dir='ltr'>execu-&gt;</span> 
     </span>
     <span class='ocr_line' id='line_1_157' title="bbox 1250 2679 2313 2720; baseline 0.003 -11"><span class='ocrx_word' id='word_1_1460' title='bbox 1250 2681 1333 2710; x_wconf 88' lang='lat' dir='ltr'>tionis</span> <span class='ocrx_word' id='word_1_1461' title='bbox 1347 2679 1454 2710; x_wconf 64' lang='lat' dir='ltr'>effeetu</span> <span class='ocrx_word' id='word_1_1462' title='bbox 1465 2704 1475 2718; x_wconf 82' lang='lat'>,</span> <span class='ocrx_word' id='word_1_1463' title='bbox 1496 2680 1629 2711; x_wconf 89' lang='lat' dir='ltr'>adhibens</span> <span class='ocrx_word' id='word_1_1464' title='bbox 1645 2682 1670 2710; x_wconf 91' lang='lat' dir='ltr'>ei</span> <span class='ocrx_word' id='word_1_1465' title='bbox 1684 2681 1763 2718; x_wconf 91' lang='lat' dir='ltr'>super</span> <span class='ocrx_word' id='word_1_1466' title='bbox 1776 2682 1834 2720; x_wconf 88' lang='lat' dir='ltr'>his,</span> <span class='ocrx_word' id='word_1_1467' title='bbox 1852 2692 1916 2719; x_wconf 85' lang='lat' dir='ltr'>quae</span> <span class='ocrx_word' id='word_1_1468' title='bbox 1928 2682 1979 2712; x_wconf 90' lang='lat' dir='ltr'>tibi</span> <span class='ocrx_word' id='word_1_1469' title='bbox 1993 2691 2026 2711; x_wconf 88' lang='lat' dir='ltr'>ex</span> <span class='ocrx_word' id='word_1_1470' title='bbox 2040 2690 2116 2718; x_wconf 80' lang='lat' dir='ltr'>parte</span> <span class='ocrx_word' id='word_1_1471' title='bbox 2130 2681 2225 2712; x_wconf 90' lang='lat' dir='ltr'>nostra</span> <span class='ocrx_word' id='word_1_1472' title='bbox 2237 2690 2313 2712; x_wconf 90' lang='lat' dir='ltr'>retu-</span> 
     </span>
    </p>
   </div>
   <div class='ocr_carea' id='block_1_12' title="bbox 1250 2717 2313 2787">
    <p class='ocr_par' dir='ltr' id='par_1_33' title="bbox 1250 2717 2313 2787">
     <span class='ocr_line' id='line_1_158' title="bbox 1250 2717 2313 2758; baseline 0.004 -11"><span class='ocrx_word' id='word_1_1473' title='bbox 1250 2718 1333 2756; x_wconf 91' lang='lat' dir='ltr'>lerit,</span> <span class='ocrx_word' id='word_1_1474' title='bbox 1355 2717 1467 2748; x_wconf 85' lang='lat' dir='ltr'>firmam</span> <span class='ocrx_word' id='word_1_1475' title='bbox 1484 2717 1579 2749; x_wconf 83' lang='lat' dir='ltr'>fidem.</span> <span class='ocrx_word' id='word_1_1476' title='bbox 1619 2719 1688 2750; x_wconf 91' lang='lat' dir='ltr'>Dat.</span> <span class='ocrx_word' id='word_1_1477' title='bbox 1709 2719 1837 2750; x_wconf 91' lang='lat' dir='ltr'>Viterbii.</span> <span class='ocrx_word' id='word_1_1478' title='bbox 1877 2719 1918 2750; x_wconf 88' lang='lat' dir='ltr'>Id.</span> <span class='ocrx_word' id='word_1_1479' title='bbox 1938 2720 2014 2758; x_wconf 89' lang='lat' dir='ltr'>Sept.</span> <span class='ocrx_word' id='word_1_1480' title='bbox 2027 2719 2211 2751; x_wconf 83' lang='lat' dir='ltr'>Pontificatus</span> <span class='ocrx_word' id='word_1_1481' title='bbox 2224 2719 2313 2751; x_wconf 89' lang='lat' dir='ltr'>nostri</span> 
     </span>
     <span class='ocr_line' id='line_1_159' title="bbox 1253 2755 1450 2787; baseline -0.005 -1"><span class='ocrx_word' id='word_1_1482' title='bbox 1253 2755 1342 2786; x_wconf 86' lang='lat' dir='ltr'>Anno</span> <span class='ocrx_word' id='word_1_1483' title='bbox 1358 2757 1450 2787; x_wconf 85' lang='lat' dir='ltr'>tertio.</span> 
     </span>
    </p>
   </div>
   <div class='ocr_carea' id='block_1_13' title="bbox 2225 2354 2310 2362">
    <p class='ocr_par' dir='ltr' id='par_1_34' title="bbox 2225 2354 2310 2362">
     <span class='ocr_line' id='line_1_160' title="bbox 2225 2354 2310 2362; baseline 0 1899"><span class='ocrx_word' id='word_1_1484' title='bbox 2225 2354 2310 2362; x_wconf 95' lang='lat' dir='ltr'> </span> 
     </span>
    </p>
   </div>
   <div class='ocr_carea' id='block_1_14' title="bbox 1785 2833 2209 2874">
    <p class='ocr_par' dir='ltr' id='par_1_35' title="bbox 1785 2833 2209 2874">
     <span class='ocr_line' id='line_1_161' title="bbox 1785 2833 2209 2874; baseline -0.002 -9"><span class='ocrx_word' id='word_1_1485' title='bbox 1785 2833 1905 2872; x_wconf 80' lang='lat' dir='ltr'>Sigillum</span> <span class='ocrx_word' id='word_1_1486' title='bbox 1920 2833 2057 2874; x_wconf 78' lang='lat' dir='ltr'>vetustate</span> <span class='ocrx_word' id='word_1_1487' title='bbox 2072 2833 2209 2874; x_wconf 75' lang='lat' dir='ltr'>dilapfhm.</span> 
     </span>
    </p>
   </div>
   <div class='ocr_carea' id='block_1_15' title="bbox 1326 2907 2153 2919">
    <p class='ocr_par' dir='ltr' id='par_1_36' title="bbox 1326 2907 2153 2919">
     <span class='ocr_line' id='line_1_162' title="bbox 1326 2907 2153 2919; baseline 0 0"><span class='ocrx_word' id='word_1_1488' title='bbox 1326 2907 2153 2919; x_wconf 95' lang='lat' dir='ltr'> </span> 
     </span>
    </p>
   </div>
   <div class='ocr_carea' id='block_1_16' title="bbox 1253 2954 2313 3001">
    <p class='ocr_par' dir='ltr' id='par_1_37' title="bbox 1253 2954 2313 3001">
     <span class='ocr_line' id='line_1_163' title="bbox 1253 2954 2313 3001; baseline 0.002 -13"><span class='ocrx_word' id='word_1_1489' title='bbox 1253 2957 1336 3001; x_wconf 72' lang='lat' dir='ltr'>Papa</span> <span class='ocrx_word' id='word_1_1490' title='bbox 1363 2954 1518 2999; x_wconf 78' lang='lat' dir='ltr'>confirmat</span> <span class='ocrx_word' id='word_1_1491' title='bbox 1546 2956 1746 2988; x_wconf 67' lang='lat' dir='ltr'>Taxationem</span> <span class='ocrx_word' id='word_1_1492' title='bbox 1767 2957 1888 3000; x_wconf 61' lang='lat' dir='ltr'>fafiam</span> <span class='ocrx_word' id='word_1_1493' title='bbox 1915 2960 1946 2989; x_wconf 85' lang='lat' dir='ltr'>in</span> <span class='ocrx_word' id='word_1_1494' title='bbox 1964 2957 2095 3000; x_wconf 63' lang='lat' dir='ltr'>Ecclefiis</span> <span class='ocrx_word' id='word_1_1495' title='bbox 2114 2957 2313 2991; x_wconf 75' lang='lat' dir='ltr'>Ecclemrusn</span> 
     </span>
    </p>
   </div>
   <div class='ocr_carea' id='block_1_17' title="bbox 1298 3002 2314 3085">
    <p class='ocr_par' dir='ltr' id='par_1_38' title="bbox 1298 3002 2314 3085">
     <span class='ocr_line' id='line_1_164' title="bbox 1298 3002 2314 3050; baseline 0.004 -15"><span class='ocrx_word' id='word_1_1496' title='bbox 1298 3002 1510 3049; x_wconf 66' lang='lat' dir='ltr'>deputcttarum</span> <span class='ocrx_word' id='word_1_1497' title='bbox 1529 3008 1560 3036; x_wconf 80' lang='lat' dir='ltr'>in</span> <span class='ocrx_word' id='word_1_1498' title='bbox 1576 3004 1645 3050; x_wconf 76' lang='lat' dir='ltr'>usits</span> <span class='ocrx_word' id='word_1_1499' title='bbox 1661 3007 1774 3037; x_wconf 82' lang='lat' dir='ltr'>Prioris</span> <span class='ocrx_word' id='word_1_1500' title='bbox 1798 3008 1834 3043; x_wconf 61' lang='grc' dir='ltr'>(ῤ’</span> <span class='ocrx_word' id='word_1_1501' title='bbox 1864 3008 2029 3038; x_wconf 84' lang='lat' dir='ltr'>Conventus</span> <span class='ocrx_word' id='word_1_1502' title='bbox 2053 3006 2179 3049; x_wconf 73' lang='lat' dir='ltr'>Ecclcfiae</span> <span class='ocrx_word' id='word_1_1503' title='bbox 2203 3007 2314 3040; x_wconf 65' lang='lat' dir='ltr'>Sanflae</span> 
     </span>
     <span class='ocr_line' id='line_1_165' title="bbox 1299 3051 1540 3085; baseline 0.004 -2"><span class='ocrx_word' id='word_1_1504' title='bbox 1299 3053 1386 3084; x_wconf 83' lang='lat' dir='ltr'>Trin.</span> <span class='ocrx_word' id='word_1_1505' title='bbox 1408 3051 1540 3085; x_wconf 83' lang='lat' dir='ltr'>London.</span> 
     </span>
    </p>
   </div>
   <div class='ocr_carea' id='block_1_18' title="bbox 1253 3135 2466 3900">
    <p class='ocr_par' dir='ltr' id='par_1_39' title="bbox 1253 3135 2466 3900">
     <span class='ocr_line' id='line_1_166' title="bbox 1255 3135 2463 3197; baseline 0.002 -31"><span class='ocrx_word' id='word_1_1506' title='bbox 1255 3136 1461 3197; x_wconf 83' lang='lat' dir='ltr'>ALexander</span> <span class='ocrx_word' id='word_1_1507' title='bbox 1475 3135 1645 3174; x_wconf 77' lang='lat' dir='ltr'>Episcopus,</span> <span class='ocrx_word' id='word_1_1508' title='bbox 1663 3136 1755 3167; x_wconf 87' lang='lat' dir='ltr'>servus</span> <span class='ocrx_word' id='word_1_1509' title='bbox 1769 3137 1915 3168; x_wconf 86' lang='lat' dir='ltr'>servorum</span> <span class='ocrx_word' id='word_1_1510' title='bbox 1928 3136 2002 3176; x_wconf 87' lang='lat' dir='ltr'>Dei,</span> <span class='ocrx_word' id='word_1_1511' title='bbox 2020 3136 2127 3168; x_wconf 65' lang='lat' dir='ltr'>dilerftis</span> <span class='ocrx_word' id='word_1_1512' title='bbox 2141 3137 2216 3177; x_wconf 78' lang='lat' dir='ltr'>filiis,</span> <span class='ocrx_word' id='word_1_1513' title='bbox 2232 3138 2314 3169; x_wconf 89' lang='lat' dir='ltr'>Prio-</span> <span class='ocrx_word' id='word_1_1514' title='bbox 2334 3143 2408 3175; x_wconf 75' lang='grc' dir='ltr'>Αῃῃ,</span> <span class='ocrx_word' id='word_1_1515' title='bbox 2423 3143 2463 3174; x_wconf 79' lang='lat' dir='ltr'>D,</span> 
     </span>
     <span class='ocr_line' id='line_1_167' title="bbox 1332 3173 2443 3212; baseline 0.003 -8"><span class='ocrx_word' id='word_1_1516' title='bbox 1332 3176 1355 3204; x_wconf 92' lang='lat' dir='ltr'>ri</span> <span class='ocrx_word' id='word_1_1517' title='bbox 1376 3176 1409 3205; x_wconf 70' lang='grc' dir='ltr'>ὅ(</span> <span class='ocrx_word' id='word_1_1518' title='bbox 1431 3174 1597 3205; x_wconf 90' lang='lat' dir='ltr'>Conventui</span> <span class='ocrx_word' id='word_1_1519' title='bbox 1615 3173 1749 3204; x_wconf 71' lang='lat' dir='ltr'>Ecclesiae</span> <span class='ocrx_word' id='word_1_1520' title='bbox 1763 3175 1874 3205; x_wconf 61' lang='lat' dir='ltr'>Sanetae</span> <span class='ocrx_word' id='word_1_1521' title='bbox 1887 3176 2031 3207; x_wconf 85' lang='lat' dir='ltr'>Trinitatis</span> <span class='ocrx_word' id='word_1_1522' title='bbox 2048 3176 2228 3207; x_wconf 88' lang='lat' dir='ltr'>Londonien.</span> <span class='ocrx_word' id='word_1_1523' title='bbox 2266 3187 2313 3207; x_wconf 87' lang='lat' dir='ltr'>or·</span> <span class='ocrx_word' id='word_1_1524' title='bbox 2358 3184 2443 3212; x_wconf 75' lang='lat'>1162,</span> 
     </span>
     <span class='ocr_line' id='line_1_168' title="bbox 1254 3211 2463 3252; baseline 0.001 -11"><span class='ocrx_word' id='word_1_1525' title='bbox 1254 3211 1325 3242; x_wconf 89' lang='lat' dir='ltr'>dinis</span> <span class='ocrx_word' id='word_1_1526' title='bbox 1339 3213 1434 3243; x_wconf 64' lang='lat' dir='ltr'>Santti</span> <span class='ocrx_word' id='word_1_1527' title='bbox 1447 3212 1610 3252; x_wconf 87' lang='lat' dir='ltr'>Augustini,</span> <span class='ocrx_word' id='word_1_1528' title='bbox 1627 3213 1750 3243; x_wconf 88' lang='lat' dir='ltr'>Salutem</span> <span class='ocrx_word' id='word_1_1529' title='bbox 1763 3215 1797 3244; x_wconf 70' lang='grc' dir='ltr'>δε</span> <span class='ocrx_word' id='word_1_1530' title='bbox 1809 3213 2005 3252; x_wconf 82' lang='lat' dir='ltr'>Apostolicam</span> <span class='ocrx_word' id='word_1_1531' title='bbox 2020 3214 2258 3245; x_wconf 69' lang='lat' dir='ltr'>Benedic‘tionem.</span> <span class='ocrx_word' id='word_1_1532' title='bbox 2333 3223 2463 3249; x_wconf 81' lang='lat' dir='ltr'>A.8.H.2.</span> 
     </span>
     <span class='ocr_line' id='line_1_169' title="bbox 1293 3250 2464 3296; baseline 0.002 -16"><span class='ocrx_word' id='word_1_1533' title='bbox 1293 3251 1372 3289; x_wconf 80' lang='lat' dir='ltr'>Qiae</span> <span class='ocrx_word' id='word_1_1534' title='bbox 1385 3276 1394 3290; x_wconf 88' lang='lat'>,</span> <span class='ocrx_word' id='word_1_1535' title='bbox 1419 3261 1533 3289; x_wconf 88' lang='lat' dir='ltr'>propter</span> <span class='ocrx_word' id='word_1_1536' title='bbox 1546 3252 1657 3281; x_wconf 91' lang='lat' dir='ltr'>bonum</span> <span class='ocrx_word' id='word_1_1537' title='bbox 1671 3250 1860 3283; x_wconf 85' lang='lat' dir='ltr'>Eccleliariim</span> <span class='ocrx_word' id='word_1_1538' title='bbox 1873 3252 1992 3291; x_wconf 88' lang='lat' dir='ltr'>statum,</span> <span class='ocrx_word' id='word_1_1539' title='bbox 2010 3254 2044 3284; x_wconf 69' lang='grc' dir='ltr'>ὃς</span> <span class='ocrx_word' id='word_1_1540' title='bbox 2057 3253 2272 3289; x_wconf 88' lang='lat' dir='ltr'>obsequentium</span> <span class='ocrx_word' id='word_1_1541' title='bbox 2285 3253 2315 3282; x_wconf 86' lang='lat' dir='ltr'>in</span> <span class='ocrx_word' id='word_1_1542' title='bbox 2333 3263 2368 3287; x_wconf 75' lang='grc' dir='ltr'>Α,</span> <span class='ocrx_word' id='word_1_1543' title='bbox 2379 3270 2403 3296; x_wconf 79' lang='lat'>3,</span> <span class='ocrx_word' id='word_1_1544' title='bbox 2419 3260 2464 3287; x_wconf 79' lang='lat' dir='ltr'>Al,</span> 
     </span>
     <span class='ocr_line' id='line_1_170' title="bbox 1256 3289 2360 3332; baseline 0.002 -14"><span class='ocrx_word' id='word_1_1545' title='bbox 1256 3289 1292 3319; x_wconf 91' lang='lat' dir='ltr'>eis</span> <span class='ocrx_word' id='word_1_1546' title='bbox 1313 3290 1437 3327; x_wconf 86' lang='lat' dir='ltr'>quietern</span> <span class='ocrx_word' id='word_1_1547' title='bbox 1449 3315 1458 3327; x_wconf 89' lang='lat'>,</span> <span class='ocrx_word' id='word_1_1548' title='bbox 1484 3299 1533 3327; x_wconf 87' lang='lat' dir='ltr'>per</span> <span class='ocrx_word' id='word_1_1549' title='bbox 1551 3289 1704 3326; x_wconf 78' lang='lat' dir='ltr'>superiores</span> <span class='ocrx_word' id='word_1_1550' title='bbox 1725 3300 1827 3321; x_wconf 87' lang='lat' dir='ltr'>eorum</span> <span class='ocrx_word' id='word_1_1551' title='bbox 1840 3316 1849 3329; x_wconf 91' lang='lat'>,</span> <span class='ocrx_word' id='word_1_1552' title='bbox 1876 3291 2077 3322; x_wconf 86' lang='lat' dir='ltr'>deliberatione</span> <span class='ocrx_word' id='word_1_1553' title='bbox 2095 3290 2212 3332; x_wconf 80' lang='lat' dir='ltr'>provida</span> <span class='ocrx_word' id='word_1_1554' title='bbox 2226 3314 2235 3327; x_wconf 91' lang='lat'>,</span> <span class='ocrx_word' id='word_1_1555' title='bbox 2260 3290 2314 3320; x_wconf 88' lang='lat' dir='ltr'>sta-</span> <span class='ocrx_word' id='word_1_1556' title='bbox 2336 3308 2360 3329; x_wconf 72' lang='lat'>2·</span> 
     </span>
     <span class='ocr_line' id='line_1_171' title="bbox 1255 3327 2466 3372; baseline 0.002 -15"><span class='ocrx_word' id='word_1_1557' title='bbox 1255 3335 1371 3357; x_wconf 88' lang='lat' dir='ltr'>tuuntur</span> <span class='ocrx_word' id='word_1_1558' title='bbox 1384 3352 1393 3366; x_wconf 88' lang='lat'>,</span> <span class='ocrx_word' id='word_1_1559' title='bbox 1416 3329 1584 3358; x_wconf 89' lang='lat' dir='ltr'>corroborat</span> <span class='ocrx_word' id='word_1_1560' title='bbox 1598 3328 1773 3366; x_wconf 82' lang='lat' dir='ltr'>Apostolicae</span> <span class='ocrx_word' id='word_1_1561' title='bbox 1785 3329 1852 3359; x_wconf 86' lang='lat' dir='ltr'>sedis</span> <span class='ocrx_word' id='word_1_1562' title='bbox 1866 3330 2014 3360; x_wconf 68' lang='lat' dir='ltr'>au&amp;01·itas</span> <span class='ocrx_word' id='word_1_1563' title='bbox 2027 3338 2086 3358; x_wconf 92' lang='lat' dir='ltr'>non</span> <span class='ocrx_word' id='word_1_1564' title='bbox 2100 3327 2228 3366; x_wconf 76' lang='lat' dir='ltr'>indigne3</span> <span class='ocrx_word' id='word_1_1565' title='bbox 2245 3337 2314 3359; x_wconf 86' lang='lat' dir='ltr'>cum</span> <span class='ocrx_word' id='word_1_1566' title='bbox 2336 3330 2379 3364; x_wconf 58' lang='lat' dir='ltr'>‘Ex</span> <span class='ocrx_word' id='word_1_1567' title='bbox 2393 3337 2466 3372; x_wconf 69' lang='lat' dir='ltr'>erig.</span> 
     </span>
     <span class='ocr_line' id='line_1_172' title="bbox 1254 3366 2316 3408; baseline 0.004 -13"><span class='ocrx_word' id='word_1_1568' title='bbox 1254 3366 1337 3404; x_wconf 81' lang='lat' dir='ltr'>igitur</span> <span class='ocrx_word' id='word_1_1569' title='bbox 1350 3390 1359 3403; x_wconf 87' lang='grc'>.,</span> <span class='ocrx_word' id='word_1_1570' title='bbox 1387 3366 1456 3396; x_wconf 91' lang='lat' dir='ltr'>sicut</span> <span class='ocrx_word' id='word_1_1571' title='bbox 1468 3367 1550 3397; x_wconf 88' lang='lat' dir='ltr'>nobis</span> <span class='ocrx_word' id='word_1_1572' title='bbox 1566 3376 1708 3404; x_wconf 79' lang='lat' dir='ltr'>exponere</span> <span class='ocrx_word' id='word_1_1573' title='bbox 1719 3367 1862 3397; x_wconf 87' lang='lat' dir='ltr'>curavistis</span> <span class='ocrx_word' id='word_1_1574' title='bbox 1876 3392 1885 3406; x_wconf 87' lang='lat'>,</span> <span class='ocrx_word' id='word_1_1575' title='bbox 1909 3369 1938 3397; x_wconf 92' lang='lat' dir='ltr'>in</span> <span class='ocrx_word' id='word_1_1576' title='bbox 1951 3366 2096 3403; x_wconf 73' lang='lat' dir='ltr'>Ecclesijs,</span> <span class='ocrx_word' id='word_1_1577' title='bbox 2109 3367 2196 3408; x_wconf 31' lang='lat' dir='ltr'>*vobis</span> <span class='ocrx_word' id='word_1_1578' title='bbox 2210 3368 2240 3396; x_wconf 93' lang='lat' dir='ltr'>in</span> <span class='ocrx_word' id='word_1_1579' title='bbox 2254 3367 2316 3399; x_wconf 87' lang='lat' dir='ltr'>usus</span> 
     </span>
     <span class='ocr_line' id='line_1_173' title="bbox 1254 3402 2316 3445; baseline 0.003 -12"><span class='ocrx_word' id='word_1_1580' title='bbox 1254 3404 1383 3441; x_wconf 85' lang='lat' dir='ltr'>proprios</span> <span class='ocrx_word' id='word_1_1581' title='bbox 1396 3404 1531 3442; x_wconf 87' lang='lat' dir='ltr'>deputatis</span> <span class='ocrx_word' id='word_1_1582' title='bbox 1544 3429 1553 3443; x_wconf 88' lang='lat'>,</span> <span class='ocrx_word' id='word_1_1583' title='bbox 1579 3405 1712 3436; x_wconf 90' lang='lat' dir='ltr'>locorum</span> <span class='ocrx_word' id='word_1_1584' title='bbox 1720 3406 1864 3439; x_wconf 59' lang='lat' dir='ltr'>(diocesani</span> <span class='ocrx_word' id='word_1_1585' title='bbox 1877 3406 2041 3435; x_wconf 55' lang='lat' dir='ltr'>austoritate</span> <span class='ocrx_word' id='word_1_1586' title='bbox 2053 3402 2189 3445; x_wconf 67' lang='lat' dir='ltr'>ordinaria</span> <span class='ocrx_word' id='word_1_1587' title='bbox 2200 3428 2210 3442; x_wconf 87' lang='lat'>,</span> <span class='ocrx_word' id='word_1_1588' title='bbox 2230 3414 2316 3442; x_wconf 88' lang='lat' dir='ltr'>prout</span> 
     </span>
     <span class='ocr_line' id='line_1_174' title="bbox 1253 3441 2317 3480; baseline 0.003 -9"><span class='ocrx_word' id='word_1_1589' title='bbox 1253 3441 1288 3471; x_wconf 88' lang='lat' dir='ltr'>ad</span> <span class='ocrx_word' id='word_1_1590' title='bbox 1300 3452 1348 3472; x_wconf 87' lang='lat' dir='ltr'>eos</span> <span class='ocrx_word' id='word_1_1591' title='bbox 1363 3444 1484 3479; x_wconf 88' lang='lat' dir='ltr'>pertinet</span> <span class='ocrx_word' id='word_1_1592' title='bbox 1529 3447 1682 3475; x_wconf 81' lang='lat' dir='ltr'>taxaverint</span> <span class='ocrx_word' id='word_1_1593' title='bbox 1695 3445 1807 3474; x_wconf 79' lang='lat' dir='ltr'>vicarias</span> <span class='ocrx_word' id='word_1_1594' title='bbox 1821 3443 1973 3474; x_wconf 77' lang='lat' dir='ltr'>earundem</span> <span class='ocrx_word' id='word_1_1595' title='bbox 1986 3441 2191 3480; x_wconf 84' lang='lat' dir='ltr'>Eccleliarum,</span> <span class='ocrx_word' id='word_1_1596' title='bbox 2208 3444 2317 3474; x_wconf 87' lang='lat' dir='ltr'>vicariis</span> 
     </span>
     <span class='ocr_line' id='line_1_175' title="bbox 1253 3467 2316 3524; baseline 0.003 -15"><span class='ocrx_word' id='word_1_1597' title='bbox 1253 3480 1290 3510; x_wconf 91' lang='lat' dir='ltr'>de</span> <span class='ocrx_word' id='word_1_1598' title='bbox 1310 3480 1430 3517; x_wconf 87' lang='lat' dir='ltr'>ipsarum</span> <span class='ocrx_word' id='word_1_1599' title='bbox 1453 3467 1606 3512; x_wconf 78' lang='lat' dir='ltr'>redditibus</span> <span class='ocrx_word' id='word_1_1600' title='bbox 1617 3507 1626 3520; x_wconf 72' lang='lat'>3</span> <span class='ocrx_word' id='word_1_1601' title='bbox 1653 3492 1706 3520; x_wconf 84' lang='lat' dir='ltr'>pro</span> <span class='ocrx_word' id='word_1_1602' title='bbox 1722 3481 1917 3512; x_wconf 83' lang='lat' dir='ltr'>sustentatione</span> <span class='ocrx_word' id='word_1_1603' title='bbox 1928 3480 1972 3510; x_wconf 82' lang='lat' dir='ltr'>sua</span> <span class='ocrx_word' id='word_1_1604' title='bbox 1988 3505 1997 3519; x_wconf 90' lang='lat'>,</span> <span class='ocrx_word' id='word_1_1605' title='bbox 2020 3481 2054 3511; x_wconf 90' lang='lat'>&amp;</span> <span class='ocrx_word' id='word_1_1606' title='bbox 2066 3480 2202 3524; x_wconf 84' lang='lat' dir='ltr'>consuetis</span> <span class='ocrx_word' id='word_1_1607' title='bbox 2217 3491 2316 3514; x_wconf 87' lang='lat' dir='ltr'>earum</span> 
     </span>
     <span class='ocr_line' id='line_1_176' title="bbox 1254 3518 2316 3559; baseline 0.004 -12"><span class='ocrx_word' id='word_1_1608' title='bbox 1254 3520 1387 3548; x_wconf 85' lang='lat' dir='ltr'>oneribus</span> <span class='ocrx_word' id='word_1_1609' title='bbox 1408 3519 1599 3557; x_wconf 87' lang='lat' dir='ltr'>supportandis</span> <span class='ocrx_word' id='word_1_1610' title='bbox 1615 3545 1624 3559; x_wconf 78' lang='lat'>,</span> <span class='ocrx_word' id='word_1_1611' title='bbox 1656 3522 1785 3559; x_wconf 80' lang='lat' dir='ltr'>congruis</span> <span class='ocrx_word' id='word_1_1612' title='bbox 1806 3519 1981 3558; x_wconf 86' lang='lat' dir='ltr'>portionibus</span> <span class='ocrx_word' id='word_1_1613' title='bbox 2000 3518 2156 3557; x_wconf 75' lang='lat' dir='ltr'>assignatis,</span> <span class='ocrx_word' id='word_1_1614' title='bbox 2180 3528 2266 3557; x_wconf 88' lang='lat' dir='ltr'>prout</span> <span class='ocrx_word' id='word_1_1615' title='bbox 2286 3522 2316 3551; x_wconf 89' lang='lat' dir='ltr'>in</span> 
     </span>
     <span class='ocr_line' id='line_1_177' title="bbox 1254 3556 2315 3597; baseline 0.003 -11"><span class='ocrx_word' id='word_1_1616' title='bbox 1254 3557 1379 3594; x_wconf 89' lang='lat' dir='ltr'>ipsorum</span> <span class='ocrx_word' id='word_1_1617' title='bbox 1397 3557 1611 3589; x_wconf 83' lang='lat' dir='ltr'>diocesanoruni</span> <span class='ocrx_word' id='word_1_1618' title='bbox 1622 3583 1631 3597; x_wconf 89' lang='lat'>,</span> <span class='ocrx_word' id='word_1_1619' title='bbox 1653 3559 1732 3595; x_wconf 85' lang='lat' dir='ltr'>super</span> <span class='ocrx_word' id='word_1_1620' title='bbox 1746 3559 1802 3588; x_wconf 88' lang='lat' dir='ltr'>hoc</span> <span class='ocrx_word' id='word_1_1621' title='bbox 1814 3583 1823 3596; x_wconf 87' lang='lat'>,</span> <span class='ocrx_word' id='word_1_1622' title='bbox 1847 3557 1983 3587; x_wconf 49' lang='lat' dir='ltr'>conferitis</span> <span class='ocrx_word' id='word_1_1623' title='bbox 1998 3556 2080 3586; x_wconf 87' lang='lat' dir='ltr'>literis</span> <span class='ocrx_word' id='word_1_1624' title='bbox 2094 3556 2200 3594; x_wconf 89' lang='lat' dir='ltr'>plenius</span> <span class='ocrx_word' id='word_1_1625' title='bbox 2214 3557 2315 3589; x_wconf 83' lang='lat' dir='ltr'>dicitur</span> 
     </span>
     <span class='ocr_line' id='line_1_178' title="bbox 1255 3594 2315 3640; baseline 0.003 -16"><span class='ocrx_word' id='word_1_1626' title='bbox 1255 3596 1395 3626; x_wconf 88' lang='lat' dir='ltr'>contineri</span> <span class='ocrx_word' id='word_1_1627' title='bbox 1408 3608 1419 3640; x_wconf 56' lang='grc' dir='ltr'><strong>ᾗ</strong></span> <span class='ocrx_word' id='word_1_1628' title='bbox 1444 3607 1513 3636; x_wconf 90' lang='lat' dir='ltr'>nos,</span> <span class='ocrx_word' id='word_1_1629' title='bbox 1532 3598 1614 3627; x_wconf 90' lang='lat' dir='ltr'>vobis</span> <span class='ocrx_word' id='word_1_1630' title='bbox 1627 3598 1655 3626; x_wconf 93' lang='lat' dir='ltr'>in</span> <span class='ocrx_word' id='word_1_1631' title='bbox 1669 3597 1721 3626; x_wconf 84' lang='lat' dir='ltr'>hac</span> <span class='ocrx_word' id='word_1_1632' title='bbox 1734 3605 1810 3633; x_wconf 75' lang='lat' dir='ltr'>parte</span> <span class='ocrx_word' id='word_1_1633' title='bbox 1823 3594 1967 3635; x_wconf 85' lang='lat' dir='ltr'>gratificari</span> <span class='ocrx_word' id='word_1_1634' title='bbox 1980 3595 2123 3634; x_wconf 75' lang='lat' dir='ltr'>volentes,</span> <span class='ocrx_word' id='word_1_1635' title='bbox 2140 3595 2237 3626; x_wconf 88' lang='lat' dir='ltr'>vestris</span> <span class='ocrx_word' id='word_1_1636' title='bbox 2250 3607 2315 3634; x_wconf 91' lang='lat' dir='ltr'>pre-</span> 
     </span>
     <span class='ocr_line' id='line_1_179' title="bbox 1256 3632 2316 3673; baseline 0.002 -10"><span class='ocrx_word' id='word_1_1637' title='bbox 1256 3632 1334 3664; x_wconf 87' lang='lat' dir='ltr'>cibus</span> <span class='ocrx_word' id='word_1_1638' title='bbox 1348 3634 1471 3665; x_wconf 88' lang='lat' dir='ltr'>inclinati</span> <span class='ocrx_word' id='word_1_1639' title='bbox 1485 3660 1494 3673; x_wconf 83' lang='lat'>,</span> <span class='ocrx_word' id='word_1_1640' title='bbox 1520 3635 1598 3673; x_wconf 90' lang='lat' dir='ltr'>quod</span> <span class='ocrx_word' id='word_1_1641' title='bbox 1613 3635 1649 3664; x_wconf 89' lang='lat' dir='ltr'>ab</span> <span class='ocrx_word' id='word_1_1642' title='bbox 1664 3634 1770 3664; x_wconf 85' lang='lat' dir='ltr'>eisdem</span> <span class='ocrx_word' id='word_1_1643' title='bbox 1783 3633 1934 3664; x_wconf 85' lang='lat' dir='ltr'>diocesanis</span> <span class='ocrx_word' id='word_1_1644' title='bbox 1947 3633 2026 3671; x_wconf 88' lang='lat' dir='ltr'>super</span> <span class='ocrx_word' id='word_1_1645' title='bbox 2038 3633 2183 3670; x_wconf 87' lang='lat' dir='ltr'>praemiffis</span> <span class='ocrx_word' id='word_1_1646' title='bbox 2194 3635 2316 3671; x_wconf 91' lang='lat' dir='ltr'>provide</span> 
     </span>
     <span class='ocr_line' id='line_1_180' title="bbox 1254 3670 2316 3712; baseline 0.003 -11"><span class='ocrx_word' id='word_1_1647' title='bbox 1254 3671 1364 3702; x_wconf 65' lang='lat' dir='ltr'>far-[ium</span> <span class='ocrx_word' id='word_1_1648' title='bbox 1383 3672 1424 3702; x_wconf 93' lang='lat' dir='ltr'>est</span> <span class='ocrx_word' id='word_1_1649' title='bbox 1442 3681 1534 3703; x_wconf 80' lang='lat' dir='ltr'>ratum</span> <span class='ocrx_word' id='word_1_1650' title='bbox 1556 3674 1589 3704; x_wconf 65' lang='grc' dir='ltr'>ὃς</span> <span class='ocrx_word' id='word_1_1651' title='bbox 1609 3682 1720 3712; x_wconf 78' lang='lat' dir='ltr'>grauun</span> <span class='ocrx_word' id='word_1_1652' title='bbox 1741 3672 1874 3702; x_wconf 88' lang='lat' dir='ltr'>habentes</span> <span class='ocrx_word' id='word_1_1653' title='bbox 1887 3696 1896 3710; x_wconf 89' lang='lat'>,</span> <span class='ocrx_word' id='word_1_1654' title='bbox 1918 3670 1948 3701; x_wconf 92' lang='lat' dir='ltr'>id</span> <span class='ocrx_word' id='word_1_1655' title='bbox 1965 3671 2131 3702; x_wconf 69' lang='lat' dir='ltr'>au&amp;oritate</span> <span class='ocrx_word' id='word_1_1656' title='bbox 2150 3671 2316 3710; x_wconf 86' lang='lat' dir='ltr'>Apostolica</span> 
     </span>
     <span class='ocr_line' id='line_1_181' title="bbox 1255 3710 2201 3749; baseline 0 -9"><span class='ocrx_word' id='word_1_1657' title='bbox 1255 3710 1475 3749; x_wconf 69' lang='lat' dir='ltr'>confirmamus,</span> <span class='ocrx_word' id='word_1_1658' title='bbox 1491 3713 1524 3742; x_wconf 88' lang='lat'>&amp;</span> <span class='ocrx_word' id='word_1_1659' title='bbox 1537 3712 1675 3747; x_wconf 66' lang='lat' dir='ltr'>praesentis</span> <span class='ocrx_word' id='word_1_1660' title='bbox 1689 3710 1780 3747; x_wconf 83' lang='lat' dir='ltr'>scripti</span> <span class='ocrx_word' id='word_1_1661' title='bbox 1793 3710 1964 3748; x_wconf 83' lang='lat' dir='ltr'>pratrocinio</span> <span class='ocrx_word' id='word_1_1662' title='bbox 1978 3711 2201 3740; x_wconf 88' lang='lat' dir='ltr'>communimus.</span> 
     </span>
     <span class='ocr_line' id='line_1_182' title="bbox 1292 3747 2315 3792; baseline 0.001 -14"><span class='ocrx_word' id='word_1_1663' title='bbox 1292 3747 1377 3778; x_wconf 90' lang='lat' dir='ltr'>Nulli</span> <span class='ocrx_word' id='word_1_1664' title='bbox 1399 3758 1467 3792; x_wconf 80' lang='lat' dir='ltr'>ergo</span> <span class='ocrx_word' id='word_1_1665' title='bbox 1485 3758 1607 3779; x_wconf 90' lang='lat' dir='ltr'>omnino</span> <span class='ocrx_word' id='word_1_1666' title='bbox 1625 3749 1776 3778; x_wconf 89' lang='lat' dir='ltr'>hominum</span> <span class='ocrx_word' id='word_1_1667' title='bbox 1798 3749 1877 3779; x_wconf 80' lang='lat' dir='ltr'>liceat</span> <span class='ocrx_word' id='word_1_1668' title='bbox 1897 3747 1969 3777; x_wconf 91' lang='lat' dir='ltr'>hanc</span> <span class='ocrx_word' id='word_1_1669' title='bbox 1987 3749 2114 3787; x_wconf 85' lang='lat' dir='ltr'>paginam</span> <span class='ocrx_word' id='word_1_1670' title='bbox 2127 3748 2232 3779; x_wconf 88' lang='lat' dir='ltr'>nostrae</span> <span class='ocrx_word' id='word_1_1671' title='bbox 2244 3758 2315 3779; x_wconf 86' lang='lat' dir='ltr'>con-</span> 
     </span>
     <span class='ocr_line' id='line_1_183' title="bbox 1256 3785 2098 3825; baseline -0.001 -9"><span class='ocrx_word' id='word_1_1672' title='bbox 1256 3785 1420 3817; x_wconf 83' lang='lat' dir='ltr'>firmationis</span> <span class='ocrx_word' id='word_1_1673' title='bbox 1432 3787 1505 3816; x_wconf 87' lang='lat' dir='ltr'>infrii</span> <span class='ocrx_word' id='word_1_1674' title='bbox 1537 3796 1599 3825; x_wconf 75' lang='lat' dir='ltr'>ere,</span> <span class='ocrx_word' id='word_1_1675' title='bbox 1615 3786 1660 3817; x_wconf 84' lang='lat' dir='ltr'>vel</span> <span class='ocrx_word' id='word_1_1676' title='bbox 1677 3787 1702 3816; x_wconf 91' lang='lat' dir='ltr'>ei</span> <span class='ocrx_word' id='word_1_1677' title='bbox 1713 3787 1776 3817; x_wconf 88' lang='lat' dir='ltr'>ausu</span> <span class='ocrx_word' id='word_1_1678' title='bbox 1789 3787 1939 3817; x_wconf 90' lang='lat' dir='ltr'>temerario</span> <span class='ocrx_word' id='word_1_1679' title='bbox 1952 3788 2098 3817; x_wconf 90' lang='lat' dir='ltr'>contraire.</span> 
     </span>
     <span class='ocr_line' id='line_1_184' title="bbox 1296 3824 2316 3865; baseline 0 -11"><span class='ocrx_word' id='word_1_1680' title='bbox 1296 3824 1326 3854; x_wconf 83' lang='lat' dir='ltr'>Si</span> <span class='ocrx_word' id='word_1_1681' title='bbox 1339 3826 1399 3862; x_wconf 89' lang='lat' dir='ltr'>quis</span> <span class='ocrx_word' id='word_1_1682' title='bbox 1412 3833 1507 3854; x_wconf 90' lang='lat' dir='ltr'>autem</span> <span class='ocrx_word' id='word_1_1683' title='bbox 1540 3835 1578 3854; x_wconf 93' lang='lat' dir='ltr'>oc</span> <span class='ocrx_word' id='word_1_1684' title='bbox 1591 3832 1755 3863; x_wconf 86' lang='lat' dir='ltr'>attemptare</span> <span class='ocrx_word' id='word_1_1685' title='bbox 1769 3824 1969 3862; x_wconf 74' lang='lat' dir='ltr'>praesumpserit</span> <span class='ocrx_word' id='word_1_1686' title='bbox 1981 3849 1990 3863; x_wconf 86' lang='lat'>,</span> <span class='ocrx_word' id='word_1_1687' title='bbox 2017 3825 2236 3865; x_wconf 86' lang='lat' dir='ltr'>indignationem</span> <span class='ocrx_word' id='word_1_1688' title='bbox 2249 3834 2316 3854; x_wconf 92' lang='lat' dir='ltr'>om-</span> 
     </span>
     <span class='ocr_line' id='line_1_185' title="bbox 1258 3862 2318 3900; baseline 0 -8"><span class='ocrx_word' id='word_1_1689' title='bbox 1258 3863 1409 3900; x_wconf 76' lang='lat' dir='ltr'>nipotentis</span> <span class='ocrx_word' id='word_1_1690' title='bbox 1424 3862 1482 3892; x_wconf 93' lang='lat' dir='ltr'>Dei</span> <span class='ocrx_word' id='word_1_1691' title='bbox 1497 3887 1506 3900; x_wconf 86' lang='lat'>,</span> <span class='ocrx_word' id='word_1_1692' title='bbox 1525 3863 1558 3893; x_wconf 67' lang='grc' dir='ltr'>ὃς</span> <span class='ocrx_word' id='word_1_1693' title='bbox 1572 3863 1721 3893; x_wconf 85' lang='lat' dir='ltr'>beatorum</span> <span class='ocrx_word' id='word_1_1694' title='bbox 1735 3863 1810 3893; x_wconf 88' lang='lat' dir='ltr'>Petri</span> <span class='ocrx_word' id='word_1_1695' title='bbox 1823 3865 1856 3894; x_wconf 72' lang='grc' dir='ltr'>ὃς</span> <span class='ocrx_word' id='word_1_1696' title='bbox 1870 3863 1947 3893; x_wconf 87' lang='lat' dir='ltr'>Pauli</span> <span class='ocrx_word' id='word_1_1697' title='bbox 1981 3862 2007 3893; x_wconf 83' lang='lat' dir='ltr'><strong>A</strong></span> <span class='ocrx_word' id='word_1_1698' title='bbox 2028 3863 2189 3893; x_wconf 89' lang='lat' dir='ltr'>ostolorum</span> <span class='ocrx_word' id='word_1_1699' title='bbox 2200 3862 2273 3900; x_wconf 84' lang='lat' dir='ltr'>ejus,</span> <span class='ocrx_word' id='word_1_1700' title='bbox 2290 3863 2318 3892; x_wconf 89' lang='lat' dir='ltr'>se</span> 
     </span>
    </p>
   </div>
   <div class='ocr_carea' id='block_1_19' title="bbox 1259 3887 2319 3970">
    <p class='ocr_par' dir='ltr' id='par_1_40' title="bbox 1259 3887 2319 3970">
     <span class='ocr_line' id='line_1_186' title="bbox 1259 3887 2319 3934; baseline 0 -4"><span class='ocrx_word' id='word_1_1701' title='bbox 1259 3902 1371 3931; x_wconf 89' lang='lat' dir='ltr'>noverit</span> <span class='ocrx_word' id='word_1_1702' title='bbox 1389 3900 1572 3930; x_wconf 87' lang='lat' dir='ltr'>incursurum.</span> <span class='ocrx_word' id='word_1_1703' title='bbox 1612 3899 1679 3934; x_wconf 84' lang='lat' dir='ltr'>Dat.</span> <span class='ocrx_word' id='word_1_1704' title='bbox 1700 3901 1820 3933; x_wconf 80' lang='lat' dir='ltr'>Viterbii</span> <span class='ocrx_word' id='word_1_1705' title='bbox 1840 3900 1890 3933; x_wconf 87' lang='lat' dir='ltr'>VI.</span> <span class='ocrx_word' id='word_1_1706' title='bbox 1928 3887 1968 3932; x_wconf 81' lang='lat' dir='ltr'>Id.</span> <span class='ocrx_word' id='word_1_1707' title='bbox 2023 3901 2115 3933; x_wconf 66' lang='lat' dir='ltr'>stobr.</span> <span class='ocrx_word' id='word_1_1708' title='bbox 2135 3899 2319 3932; x_wconf 83' lang='lat' dir='ltr'>Pontificatus</span> 
     </span>
     <span class='ocr_line' id='line_1_187' title="bbox 1260 3937 1555 3970; baseline -0.007 -1"><span class='ocrx_word' id='word_1_1709' title='bbox 1260 3937 1349 3970; x_wconf 86' lang='lat' dir='ltr'>nostri</span> <span class='ocrx_word' id='word_1_1710' title='bbox 1362 3937 1450 3970; x_wconf 88' lang='lat' dir='ltr'>Anno</span> <span class='ocrx_word' id='word_1_1711' title='bbox 1463 3939 1555 3970; x_wconf 81' lang='lat' dir='ltr'>tertio.</span> 
     </span>
    </p>
   </div>
   <div class='ocr_carea' id='block_1_20' title="bbox 1995 4013 2212 4055">
    <p class='ocr_par' dir='ltr' id='par_1_41' title="bbox 1995 4013 2212 4055">
     <span class='ocr_line' id='line_1_188' title="bbox 1995 4013 2212 4055; baseline -0.014 -9"><span class='ocrx_word' id='word_1_1712' title='bbox 1995 4014 2076 4055; x_wconf 75' lang='lat' dir='ltr'>Deest</span> <span class='ocrx_word' id='word_1_1713' title='bbox 2087 4013 2212 4055; x_wconf 80' lang='lat' dir='ltr'>figillum.</span> 
     </span>
    </p>
   </div>
   <div class='ocr_carea' id='block_1_21' title="bbox 2244 4089 2319 4122">
    <p class='ocr_par' dir='ltr' id='par_1_42' title="bbox 2244 4089 2319 4122">
     <span class='ocr_line' id='line_1_189' title="bbox 2244 4089 2319 4122; baseline -0.027 0"><span class='ocrx_word' id='word_1_1714' title='bbox 2244 4089 2319 4122; x_wconf 59' lang='lat' dir='ltr'>Com:</span> 
     </span>
    </p>
   </div>
  </div>
 </body>
</html>
