2570 4261
86 201 162 236 Ann.
175 203 215 234 D.

34 251 35 254 ’
107 253 191 281 1227.

86 287 149 312 Heri.
172 293 196 320 3.

75 1333 150 1364 Ann.
162 1333 201 1364 D.

94 1381 179 1410 1227.

71 1415 124 1439 An.
148 1421 189 1440 12.

70 1455 158 1522 ἔιῖιέὶ.

75 1535 116 1553 12.
127 1531 195 1562 H.3.

69 1574 107 1592 m.
119 1565 193 1592 12.-d.

72 1603 88 1619 ³
104 1604 126 1631 1.
137 1612 199 1638 ²97·

67 2010 143 2041 Ann.
154 2010 193 2041 D.

83 2058 167 2087 1227.

61 2091 114 2116 An.
137 2098 178 2116 12.

61 2130 97 2153 H.
120 2135 146 2162 3.

60 2168 100 2192 Ex
113 2167 185 2204 orig.

239 133 313 161 102

269 202 415 234 Serenitati
431 202 531 234 vestrae
551 202 735 240 significamus
757 202 836 240 quod
851 226 860 241 ,
892 204 1042 243 postquam
1071 205 1146 234 initae
1176 203 1290 248 fuerunt

233 250 338 281 treugae
351 244 423 272 inter
436 252 502 278 nOS,
519 242 551 271 &
564 251 633 278 VOS,
650 240 738 279 usque
750 242 784 271 ad
799 241 902 272 festum
913 243 1009 273 Sanc‘ti
1027 243 1163 280 johannis
1185 243 1291 280 Baptis-

235 289 271 311 tae
283 282 415 318 proximo
430 279 573 316 futurum,
592 289 635 308 eas
649 289 699 316 per
714 288 804 310 totam
816 280 985 317 potestatem
999 280 1125 311 nostram
1134 304 1144 318 ,
1163 290 1215 318 pro
1262 290 1289 309 s·-

235 318 263 348 se
285 317 399 355 nostro,
418 315 532 346 firmiter
552 317 671 347 fecimus
691 318 849 356 observari,
867 319 901 349 &
924 320 1058 350 omnibus
1071 343 1081 357 ,
1098 319 1135 348 dc
1153 328 1221 358 pote
1262 326 1290 347 te

236 355 327 387 vestra
346 356 382 385 de
400 363 568 392 quacunque
590 357 812 394 interceptione,
828 357 866 386 eis
884 357 956 388 infra
975 366 1083 396 treugas
1102 357 1176 386 faita
1190 379 1200 394 ,
1217 365 1290 386 con-

234 393 338 432 questis
352 417 362 430 ,
381 392 426 422 vel
445 392 587 430 conqueri
606 393 767 425 volentibus
806 394 961 426 secundum
981 396 1105 426 formam
1126 394 1290 438 eariuiidem

234 440 294 462 treu
314 440 408 467 arum,
427 431 460 460 &
472 431 592 462 modum
605 431 743 471 querelae,
761 419 873 471 plenam
893 433 1024 471 justitiam
1045 433 1239 470 exhibuimus,
1256 433 1290 463 ὃς

235 440 357 499 εκὴίἰεῑί
372 467 513 499 faciemus.
1283 509 1289 514 ·

273 505 403 536 Dilet‘tus
423 517 493 537 vero
513 507 547 538 &
567 506 654 539 fidelis
673 508 769 539 noster
790 508 934 540 Savaricus
957 509 993 540 de
1007 509 1223 546 Malo-Leone,
1241 517 1291 546 qui

234 554 304 574 unus
320 552 377 574 erat
391 545 571 582 inprisiorum
590 546 755 578 nostrorum
770 556 901 586 tempore
916 558 975 585 quo
995 556 1100 591 treugae
1117 556 1292 585 praememo—

233 590 299 613 ratae
318 582 394 612 initae
415 584 546 622 fuerunt,
564 584 633 616 sicut
651 585 743 615 vestra
764 595 824 616 non
843 587 954 625 ignorat
965 586 1107 623 serenitaS,
1125 585 1160 615 ad
1174 595 1226 615 nos
1240 594 1291 629 ve-

232 621 289 658 nit,
308 620 460 652 ostendens
475 623 557 652 nobis
570 625 604 654 &
617 633 795 660 conquerens
808 623 887 661 quod
900 623 998 653 Ballivi
1010 623 1096 653 vestri
1107 633 1174 654 eum
1194 623 1293 667 spoha-

230 667 332 688 verunt
345 659 510 697 quibusdam
523 662 619 698 terris,
637 660 788 692 redditibus
802 662 836 692 &
851 661 1083 702 possessionibus,
1101 672 1167 700 quas
1175 661 1292 706 paerfice

231 698 320 727 tenuit
335 706 399 727 ante
413 706 520 736 treugas
532 708 775 736 praememoratas·,
792 699 861 730 sicut
877 700 984 738 plenius
998 701 1080 730 vobis
1104 709 1227 738 poterint
1247 710 1291 729 in-

231 736 329 765 timare
349 735 444 766 dileffi
465 738 498 767 &
519 735 612 767 fideles
630 737 720 768 nostri
743 737 874 774 Magistri
894 737 1047 768 Umfridus
1067 738 1104 768 de
1127 738 1241 769 Milliar.
1256 739 1291 769 δε

230 773 406 803 Willielmus
420 773 527 804 Gauler
536 799 545 812 ,
564 786 653 814 quos,
672 784 788 816 propter
799 776 876 814 hoc,
892 776 927 807 ad
940 776 1063 807 vestram
1075 776 1206 808 duximus
1218 786 1292 816 prae-

230 810 344 840 sentiam
361 812 592 843 transmittendos.

265 848 450 880 Serenitatem
464 852 546 890 igitur
561 847 682 882 vestram
697 861 827 891 rogamus
842 853 989 891 attentius,
1009 854 1136 891 quatinus
1151 854 1291 898 intercep-

229 888 335 926 tiones,
353 888 403 925 ipsi
423 888 571 928 Savarico,
590 891 624 921 &
647 891 704 920 aliis
724 892 839 928 inpriiiis
858 891 959 921 nostris
973 891 1075 930 factm,
1094 892 1237 936 emendari
1249 892 1290 936 fa-

229 926 320 963 ciatis3
340 926 409 956 sicut
430 927 512 958 vultis
534 928 611 966 quod
633 928 679 967 id,
695 929 774 967 quod
786 939 886 960 contra
898 930 1022 972 inprisios
1035 930 1143 961 vestros
1158 930 1242 961 fuerit
1260 940 1290 960 in

226 964 364 1002 potestate
377 964 471 995 nostra
485 967 690 1005 interceptum,
708 968 908 1006 emendemus,
927 971 961 999 &
974 971 1062 1007 licut,
1078 970 1137 999 tam
1159 978 1192 999 ex
1214 977 1291 1007 parte

231 1001 344 1040 nostra,
361 1003 446 1040 quam
460 1004 567 1044 vestra,
585 1005 667 1036 fuerit
676 1008 808 1045 juratum.

264 1077 355 1109 Teste
378 1079 485 1118 meipso
505 1079 579 1118 apud
600 1080 909 1123 Westmonasterium,
927 1083 1043 1115 decimo
1063 1084 1110 1115 die
1131 1083 1287 1122 Ostobris,

225 1125 319 1155 anno,
337 1118 397 1149 &c.
417 1118 580 1149 undecimo.

508 1247 628 1278 Littera
643 1245 771 1279 Saldania
794 1248 985 1293 Dammafii.

223 1325 318 1388 RE
327 1327 357 1358 Χ
384 1328 530 1361 Coradino
543 1329 640 1361 illustri
654 1331 779 1362 Soldano
793 1331 958 1363 Dammasci
973 1333 1096 1365 salutem.

321 1365 370 1397 De
383 1368 540 1399 transmissis
553 1370 635 1399 nobis
648 1379 663 1399 a
676 1370 821 1401 nobilitate
842 1370 934 1401 vestra
955 1373 1137 1411 muneribus,
1158 1383 1206 1411 per
1225 1373 1279 1412 Ju-

222 1402 338 1434 selinum
352 1405 388 1436 de
395 1406 488 1444 Jenue
504 1407 643 1438 Mallonn.
681 1408 813 1447 Soldani,
831 1411 976 1448 gratiaram
997 1412 1080 1442 vobis
1101 1412 1280 1452 rependimus

219 1442 361 1508 fOEones,
376 1446 502 1485 prompti
523 1446 556 1477 &
579 1447 662 1484 parati
683 1446 719 1477 de
742 1447 793 1477 hiis
807 1448 965 1487 quaelicet,
984 1449 1085 1480 vestrae
1100 1450 1211 1488 placere
1223 1460 1276 1482 vo-

232 1488 326 1510 untati.

258 1517 329 1549 Hoc
343 1519 459 1557 quidem
472 1531 486 1551 a
500 1521 643 1553 serenitate
656 1523 745 1554 vesti-a
757 1534 809 1562 pro
824 1523 955 1562 ampliori
970 1527 1088 1563 petimus
1100 1536 1217 1558 munere
1232 1535 1273 1566 ut,

215 1555 237 1585 si
257 1567 331 1595 quos
351 1562 433 1588 terrae'
453 1559 553 1590 vestiae
574 1562 738 1593 christianos
758 1564 912 1600 captivatos
933 1565 1049 1602 tenetis,
1067 1575 1115 1594 eos
1126 1566 1228 1596 liberos
1243 1567 1277 1597 &

217 1595 362 1632 expeditos
382 1596 497 1628 reddere
530 1599 563 1630 δε
585 1601 686 1631 intuitu
706 1602 725 1619 ἢ*
745 1601 834 1631 nostri
851 1602 934 1631 nobis
953 1604 1064 1633 mittere
1073 1603 1179 1642 velitis,
1197 1606 1279 1635 certis

218 1632 287 1664 datis
309 1633 416 1666 indiciis
436 1646 496 1674 quo
521 1661 530 1676 ,
548 1638 582 1668 ad
605 1649 703 1669 eorum
723 1639 938 1678 liberationem,
952 1640 1049 1671 noster
1062 1643 1101 1672 eis
1113 1643 1220 1680 profuit
1234 1644 1278 1673 in-

218 1679 362 1704 terventus
377 1686 386 1712 3
414 1684 473 1712 quo
494 1676 639 1708 intellecto
660 1677 695 1708 ad
714 1677 885 1718 condignam
904 1677 1123 1710 vicissitudinem
1142 1680 1278 1714 serenitati

217 1709 318 1741 vestrae
332 1713 435 1744 merito
449 1722 604 1746 teneamur.

250 1788 341 1821 Teste
353 1783 461 1829 meipso
475 1792 549 1834 apud
563 1792 850 1825 westmonasterium
859 1818 868 1834 ,
887 1796 947 1828 &c.

260 1914 351 1946 Bulla
372 1913 408 1948 de
424 1913 604 1961 observando
625 1921 661 1957 ὠ*
685 1917 857 1952 celebrando
874 1918 954 1964 Festo
974 1918 1054 1954 beati
1062 1922 1224 1959 Edwardi.

216 1998 426 2061 GRegorius
440 1999 613 2042 Episcopus,
631 1999 724 2034 servus
738 2002 885 2035 servorum
907 2004 982 2044 Dei,
999 2009 1205 2040 venerabilibus
1218 2010 1273 2042 fra-

299 2041 387 2070 tribus
406 2040 590 2080 Archiepisco
611 2043 632 2072 is
643 2067 652 2081 ‚
669 2043 703 2074 &
716 2042 879 2082 Episcopis,
897 2054 929 2075 ac
941 2044 1048 2076 dilectis
1067 2046 1128 2077 filiis
1151 2047 1272 2080 Abbati-

212 2076 279 2114 buS,
298 2077 461 2118 Prioribus,
479 2081 512 2111 &
525 2080 581 2110 aliis
591 2052 783 2112 {eclesiarum
799 2081 938 2121 Praelatis,
956 2093 1006 2125 per
1021 2084 1155 2124 Angliam
1163 2087 1270 2118 consti-

212 2116 295 2153 tutiS,
313 2116 426 2147 salutem
440 2119 473 2149 &
488 2118 686 2156 Apostolicam
702 2120 942 2152 benedictionem.

250 2152 297 2183 Ut
318 2163 417 2186 notam
436 2156 517 2187 faciat
537 2157 598 2188 filiis
617 2159 770 2189 hominum
790 2162 946 2198 potentiam
962 2161 1040 2193 suam
1060 2162 1208 2196 Dominus
1237 2166 1271 2197 &

209 2191 330 2230 gloriam
345 2194 559 2232 magnificentiae
574 2195 670 2233 Regni
681 2197 738 2235 sui,
755 2207 972 2238 nonnumquam
987 2201 1094 2232 eleetos
1108 2202 1186 2241 suos,
1220 2214 1272 2235 uos

209 2231 240 2260 in
255 2230 312 2274 hac·
327 2233 385 2263 vira
401 2232 533 2271 justificat
553 2235 587 2266 &
609 2244 744 2274 coronat,
761 2237 789 2266 in
803 2238 887 2275 patria
901 2238 1038 2284 signanter
1051 2240 1190 2280 honorat,
1224 2252 1272 2273 ans

209 2278 259 2299 eos
274 2271 412 2301 miraculis
425 2272 600 2310 corruscare,
619 2272 707 2312 dum,
722 2277 802 2305 omni
815 2276 929 2313 perfidia
940 2278 1103 2318 confutata,
1120 2281 1271 2313 roboratur

207 2306 277 2338 fides
292 2309 446 2347 catholica,
466 2310 524 2348 spes
536 2312 665 2351 erigitur,
682 2313 715 2343 δε
728 2314 823 2345 caritas
836 2315 972 2346 dilatatur.

249 2346 348 2386 Qare
363 2347 472 2380 Christi
484 2349 576 2381 fideles
592 2360 664 2388 quos
675 2351 764 2382 taliter
779 2353 834 2390 ipse
845 2354 992 2394 clarificat,
1010 2357 1059 2394 pio
1073 2357 1270 2396 complebim-

208 2392 250 2415 tes
266 2395 381 2424 amore,
399 2386 555 2418 devotione
566 2388 671 2419 debent
686 2390 790 2421 celebri
803 2394 942 2432 venerari,
958 2395 1044 2432 ut,in
1058 2395 1155 2426 sanffis
1167 2396 1270 2428 saneti-

207 2422 340 2455 ficantem
363 2426 521 2464 suppliciter
545 2427 732 2468 honorantes,
751 2429 821 2460 illius
843 2433 1073 2470 propitiationem
1094 2436 1129 2466 &
1149 2434 1269 2467 istorum

206 2461 335 2503 suffragia
346 2463 487 2495 salubriter
501 2474 669 2497 mereantur.

243 2499 289 2530 Ex
312 2501 395 2533 literis
416 2503 553 2541 liquidem
576 2505 673 2535 Faelicis
693 2506 893 2539 recordat-lonis
906 2509 1056 2541 Alexandri
1070 2511 1154 2550 Papae
1167 2537 1176 2552 ‚
1195 2524 1268 2552 prae-

203 2537 356 2570 decessoris
377 2540 486 2579 nostri,
506 2543 589 2573 nobis
611 2544 738 2575 exhibitis
756 2548 845 2577 extitit
867 2547 1035 2580 declaratum
1049 2573 1059 2588 ,
1078 2551 1156 2588 quod
1207 2553 1267 2583 tam

206 2576 289 2620 clarae
303 2581 451 2610 memoriae
465 2581 598 2612 Henrico
614 2583 775 2621 Anglorum
789 2585 889 2624 Rege,
907 2588 993 2624 quam
1013 2589 1146 2619 omnibus
1164 2576 1268 2621 &raela-

204 2622 239 2645 tis
254 2616 378 2656 Angliae,
393 2619 445 2686 ἕυί
459 2627 529 2650 tunc
544 2628 639 2657 erant,
657 2623 683 2651 ei
694 2621 908 2661 supplicantibus
923 2626 1065 2656 humiliter
1079 2628 1113 2658 &
1134 2628 1267 2661 instanter

204 2661 237 2684 ut
258 2654 372 2686 bmtum
420 2656 566 2688 dwardum
579 2682 589 2696 ,
607 2659 761 2698 gloriosum
784 2662 929 2699 quondam
948 2663 1063 2703 Regem
1084 2665 1265 2707 Anglorum,

203 2691 352 2725 ascriberet
373 2694 534 2726 finitorum
554 2697 701 2735 cathalago
721 2700 750 2728 in
772 2699 899 2732 Ecclesia
912 2702 1055 2741 militanti,
1072 2713 1175 2744 quem,
1194 2715 1265 2737 atte-

203 2729 336 2762 stantibus
357 2734 560 2765 miraculorum
579 2735 695 2766 suorum
717 2737 883 2777 insignibus,
901 2741 930 2769 in
954 2741 1136 2779 triumphanti
1149 2753 1266 2781 regnare

204 2770 324 2801 minime
344 2771 491 2810 dubitant,
511 2773 581 2811 ipse,
599 2773 724 2814 diligenti
746 2786 815 2806 cum
839 2777 967 2809 fratribus
980 2778 1181 2812 deliberatione
1194 2792 1265 2820 prae-

202 2807 314 2847 habita,
330 2810 363 2841 &
385 2810 458 2841 libro
479 2812 681 2843 miraculorum
702 2814 828 2852 inspe&o
841 2840 850 2854 ‚
870 2818 971 2854 quibus
991 2817 1079 2855 ipsum
1104 2820 1133 2848 in
1152 2821 1263 2852 mortali

203 2854 288 2875 carne
308 2849 469 2886 viventem,
485 2850 519 2880 &
540 2858 656 2880 exutum
677 2853 713 2882 ab
734 2863 766 2883 ea
780 2853 925 2886 Dominus
941 2856 1131 2894 multipliciter
1144 2859 1263 2890 illustra-

204 2892 260 2920 rat,
279 2885 340 2928 visis
353 2896 468 2925 quoque
483 2888 567 2919 literis
581 2888 742 2921 Innocentii
757 2891 859 2931 Papae,
877 2895 923 2924 cui
939 2893 1015 2924 idem
1029 2895 1210 2936 successerat,
1228 2900 1262 2929 ὅτ,

202 2930 322 2960 receptis
338 2924 504 2955 testimoniis
518 2927 747 2968 supplicantium,
786 2933 891 2962 uamvis
905 2935 1052 2972 negotium
1065 2934 1124 2964 tam
1141 2936 1261 2967 arduum

202 2968 263 2989 non
277 2960 437 3005 frequenter
452 2964 552 3003 soleat,
570 2966 617 2996 nisi
634 2967 708 2998 forte
721 2969 749 2997 in
765 2941 964 3008 Follempnibus
980 2972 1123 3011 conciliis,
1141 2973 1177 3005 de
1197 2986 1262 3006 mo-

203 3007 236 3027 re
249 3000 387 3042 concedi,
406 3001 442 3030 de
456 3001 571 3044 fratrum
584 3013 679 3035 tamen
694 3007 826 3046 consilio,
840 3009 918 3047 juxta
933 3017 1036 3040 votum
1048 3011 1081 3042 &
1092 3010 1261 3044 desiderium

202 3044 376 3075 petentium,
394 3039 558 3075 praedistum
573 3042 697 3073 sanetum
710 3046 782 3076 inter
796 3047 892 3078 beatos
908 3048 1082 3079 confeffores
1095 3051 1201 3083 censuit
1207 3062 1261 3083 nu-

201 3074 372 3105 merandum
386 3099 395 3114 ,
422 3077 541 3117 dirigens
562 3082 692 3112 universis
713 3084 893 3116 ecclesiarum
918 3086 1040 3118 Praelatis
1063 3087 1175 3127 Angliae
1195 3100 1262 3122 mo-

201 3114 262 3181 rfiits}
277 3114 310 3144 &
332 3114 477 3154 mandata,
495 3125 525 3147 ut
549 3121 726 3151 veneratione
748 3122 840 3153 debita
861 3124 1030 3162 praediCtum
1049 3126 1176 3159 colerent
1190 3139 1262 3160 con-

216 3162 231 3181 e
257 3161 347 3182 orem.

239 3189 346 3228 Nuper
359 3200 453 3222 autem
468 3194 633 3225 venerabilis
646 3195 727 3227 frater
741 3199 834 3230 noster

242 3229 247 3233 ι
288 3231 292 3234 ⁴
992 3201 1196 3236 Cantuariensis
1204 3206 1259 3237 Ar-

202 3228 394 3267 chiepiscopus
406 3231 459 3274 suis
479 3233 561 3262 nobis
581 3233 665 3264 literis
683 3236 824 3268 humiliter
845 3238 1022 3279 supplicavit,
1041 3249 1086 3280 ut,
1104 3243 1260 3282 supplentes

201 3267 279 3303 quod
295 3277 309 3296 a
325 3267 463 3312 praedufto
478 3270 682 3308 praedeceffore
694 3274 793 3305 nostro
815 3278 950 3307 omissum
971 3280 1080 3310 videtur
1115 3283 1259 3313 mandare-

199 3313 261 3333 mus
278 3305 396 3350 ¹Festum
421 3317 477 3345 ejus
498 3309 687 3352 sollempniter
706 3313 856 3352 celebrari,
875 3326 960 3352 quem
979 3305 1116 3357 gloriosiis
1131 3319 1212 3352 Deus
1227 3324 1257 3352 in

200 3341 296 3372 sanstis
307 3343 361 3386 ’slus
375 3345 466 3376 adhuc
482 3349 619 3378 miraculis
632 3350 763 3382 clarificat
775 3352 908 3390 gloriosis.

221 3379 288 3422 'Ne
304 3392 312 3410 i
334 3383 386 3426 itur
406 3384 531 3415 videatur
551 3387 768 3424 quodammodo
786 3391 867 3428 ipsius
886 3392 984 3427 gloriae
1005 3395 1153 3435 derogari,
1169 3407 1256 3436 quem

199 3415 283 3460 digne
297 3427 314 3456 g
325 3421 624 3466 orificare'poffibilitas
638 3426 757 3458 humana
771 3439 831 3459 nori
844 3428 961 3469 sufficit,
981 3442 1049 3463 cum
1070 3436 1257 3472 reputandum

201 3454 233 3483 fit
255 3465 283 3484 in
305 3467 518 3491 canonizatione
542 3463 615 3494 Festi
636 3466 791 3498 celebratio
807 3467 868 3498 fore
881 3470 1031 3509 concessa,
1048 3473 1256 3505 universitatem

200 3491 321 3537 uestram
333 3505 483 3543 monemus
495 3507 615 3540 attente,
633 3513 683 3540 per
699 3504 865 3544 Apostolica
877 3507 975 3545 scripta
989 3509 1169 3550 mandanteS,
1185 3522 1255 3550 qua-

200 3537 291 3573 tinus,
309 3533 387 3574 ipsius
399 3535 485 3566 fanin
501 3537 617 3569 Festum
631 3543 721 3574 annua
737 3543 897 3576 celebritate
909 3545 1051 3586 colentes,
1069 3551 1254 3586 pronobis&

199 3568 282 3597 vobis
296 3578 351 3607 ejus
363 3573 435 3610 apud
449 3574 549 3607 Deum
562 3577 692 3617 suffragia
706 3581 863 3620 suppliciter
879 3584 1044 3622 imploretis.

237 3641 303 3674 Dat.
323 3643 450 3696 Laterani
465 3658 481 3688 5
497 3650 538 3682 Id.
552 3652 720 3685 Novembr.
734 3655 915 3690 Pontificatus
929 3659 1016 3691 nostri
1027 3670 1103 3692 anno
1117 3664 1220 3701 primo.

645 3729 710 3761 Filis
717 3730 810 3770 sericis
817 3734 897 3773 flavi
910 3737 1035 3779 rubeique
1049 3737 1146 3769 coloris.

691 109 1930 173 CONVENTIONE55L1TERAE,

2413 236 2489 268 Aiin.
2503 234 2544 271 D‘.

1336 291 1427 323 Bulla
1443 294 1580 339 Gregorii
1592 305 1647 340 pro
1666 293 1791 329 Abbate
1808 297 1844 332 ὠ·
1864 297 2018 327 conventu
2034 293 2216 339 mnasterii
2231 295 2266 330 de
2285 299 2396 346 Qar·
2415 277 2529 353 Ηιιῗξ
2547 334 2552 338 -

1821 347 1920 376 raria-

1340 420 1550 484 GRegorius
1573 425 1744 468 Episcopus,
1761 428 1853 459 servus
1873 427 2020 459 servorum
2042 429 2118 466 Dei,
2139 429 2244 462 dileeco
2258 431 2393 476 filio-Ab-
2413 423 2466 449 ²³²¹·
2481 431 2491 449 ¹
2498 422 2524 452 ²3

1424 464 1481 494 bati
1503 464 1672 496 Monasterii
1695 467 1732 497 de
1757 466 1919 506 Tychefeld
1932 491 1942 505 ,
1974 467 2246 514 praemonstratensis
2265 471 2369 502 ordinis
2382 493 2392 509 ‚
2412 462 2448 523 ἕ·
2462 468 2488 496 3”
2510 500 2516 505 .
2546 486 2550 491 ·

1338 499 1544 532 Wintoniensis
1558 502 1702 542 Diocesis,
1721 506 1835 536 salutem
1849 506 1882 537 &
1898 504 2091 543 Apostolicam
2105 506 2345 540 benedictionem.
2435 507 2454 524 x
2471 502 2540 537 ⁰⁷¹3·

1374 538 1430 570 Sua
1443 540 1541 578 nobis,
1559 541 1654 573 dileffi
1668 543 1716 573 filii
1729 544 1824 574 Abbas
1838 544 1872 574 &
1886 543 2056 574 Conventus
2071 544 2242 576 Monasterii
2254 546 2291 578 de
2297 548 2393 587 Qar-

1336 576 2393 661 mmmm„

1336 654 1439 691 cimas,
1456 627 1570 694 c’eiisus,
1588 657 1710 688 redditus
1724 661 1758 690 δε
1768 631 1823 689 (iilia
1833 660 1912 697 jura,
1930 645 1994 697 <suae
2006 660 2057 698 ipsi
2071 659 2250 691 Monasterio
2262 648 2394 700 pr‘ae'stare

1334 699 1466 722 tenentur
1478 717 1488 731 ,
1511 703 1627 725 necnon
1647 696 1830 733 possessiones
1843 722 1854 735 ,
1877 705 1978 736 terras,
1995 706 2086 737 prata,
2101 698 2199 736 pascua
2219 700 2252 730 &
2264 700 2395 738 quaedam

1335 730 1386 760 alia
1400 731 1493 769 bona,
1511 731 1545 761 ad
1553 732 1764 766 Monasterium
1778 736 1868 773 ipsum
1880 735 2232 775 speetantia,occultarunt
2246 739 2394 778 malitiose,

1335 769 1370 799 ὃς
1389 770 1504 800 occulte
1522 770 1647 801 detinere
1668 774 1838 810 praesumunt
1853 798 1862 812 ,
1888 784 1948 804 non
1963 784 2089 805 curantes
2102 785 2133 805 ea
2147 776 2223 805 diliis
2239 776 2344 808 Abbati
2357 780 2392 810 ὃς

1336 806 1504 850 Conventui
1519 809 1538 828 ²*
1552 810 1700 849 exhibere3
1718 812 1798 850 super
1810 823 1869 851 quo
1882 813 2024 854 provideri
2037 813 2087 844 sibi
2101 814 2134 845 &
2143 814 2236 846 eidem
2244 814 2393 848 Monaste-

1336 855 1379 876 rio
1392 846 1534 877 humiliter
1547 847 1736 885 postularunt:

1376 884 1525 924 Qiocirca
1539 886 1700 917 discretioni
1712 897 1769 919 tuae
1782 898 1832 926 per
1846 888 2011 927 Apostolica
2022 889 2121 928 scripta
2136 892 2315 931 mandamus,
2325 905 2392 933 qua-

1336 924 1410 953 tinus
1429 934 1530 954 omnes
1552 925 1711 963 hujusmodi
1730 927 1860 958 occultos
1871 927 2030 959 detentores
2046 929 2237 969 decimarum,
2256 932 2391 964 censuum

1335 963 1369 992 δε
1385 962 1532 993 bonorum
1550 963 1751 1001 praedidlorum
1764 966 1878 1003 publice
1889 967 1919 996 in
1933 966 2078 1006 Ecclesiis,
2096 978 2194 999 coram
2210 971 2333 1010 populo,
2342 982 2390 1010 per
2434 983 2435 986 ¹

1335 1008 1379 1039 te,
1399 1001 1445 1031 vel
1458 1012 1508 1040 per
1522 1002 1627 1041 alium,
1645 1011 1690 1033 aut
1704 1003 1771 1034 alios
1790 1013 1906 1034 moneas
1926 1013 1956 1035 ut
1975 1006 2046 1037 infra
2067 1016 2279 1045 competentem
2291 1012 2390 1040 termi-
2416 1043 2418 1045 ,

1335 1049 1406 1069 num
1417 1063 1427 1078 ,
1454 1050 1469 1070 a
1487 1048 1515 1071 te
1537 1040 1740 1080 praefigendum
1752 1065 1763 1080 ,
1787 1041 1892 1072 eisdem
1912 1042 2034 1075 decimas
2048 1045 2081 1076 ὅ(
2096 1046 2146 1076 alia
2165 1046 2318 1085 supradiera
2331 1059 2347 1078 a
2360 1049 2388 1079 se

1334 1078 1426 1108 debita
1450 1079 1629 1110 manifestent
1641 1105 1651 1118 ,
1675 1082 1709 1112 &
1730 1080 1842 1118 plenam
1862 1091 1895 1111 ac
1914 1081 2040 1112 debitam
2059 1083 2096 1113 de
2107 1084 2158 1114 hiis
2172 1085 2387 1118 satisfactionem

1333 1116 1521 1156 impendant,
1546 1128 1661 1149 necnon
1682 1118 1864 1157 poffeffiones
1886 1120 1920 1150 &
1940 1121 1991 1150 alia
2001 1121 2076 1151 bona
2091 1123 2225 1159 praedieta
2243 1125 2387 1157 restituant

1332 1155 1439 1186 Abbati
1461 1157 1494 1188 &
1516 1155 1682 1188 Conventui
1697 1159 1876 1188 memoratis:
1896 1158 2020 1197 alioquin
2040 1168 2143 1190 extunc
2157 1161 2186 1190 in
2198 1171 2263 1200 em,
2280 1164 2329 1194 nisi
2343 1165 2387 1194 in-

1331 1194 1371 1224 fra
1386 1195 1471 1225 alium
1486 1205 1649 1233 congruum
1664 1197 1820 1227 terminum
1834 1199 2075 1236 peremptorium,
2092 1208 2178 1236 quem
2193 1199 2228 1229 ad
2241 1199 2299 1231 hoc
2313 1212 2386 1240 prae-

1330 1231 1398 1270 figas
1411 1232 1533 1272 eisdem,
1548 1242 1605 1265 tuae
1618 1236 1773 1265 monitioni
1785 1236 1926 1273 paruerint
1947 1237 1977 1265 in
1990 1236 2042 1266 hac
2056 1246 2150 1276 parte,
2167 1239 2325 1277 generalem
2337 1251 2386 1270 ex-

1330 1272 1599 1303 communicationis
1610 1273 1772 1304 sententiam
1784 1273 1923 1312 proferas,
1941 1274 2045 1305 faciens
2066 1285 2146 1313 eam,
2164 1277 2260 1308 ubi&
2272 1279 2385 1316 quando

1327 1309 1497 1379 neciffiiritkc'tlriz
1517 1310 1643 1355 videtur,
1662 1312 1748 1350 usque
1767 1312 1802 1343 ad
1816 1312 2031 1344 satisfactionem
2044 1314 2233 1354 condignam,
2252 1317 2385 1356 sollemp-

1327 1356 1399 1379 niter
1414 1359 1451 1387 pu
1492 1359 1555 1380 cari.

2411 812 2427 830 ⁴
2438 813 2460 842 Ῑ.
2476 815 2541 851 ι98,

1362 1424 1430 1456 Dat.
1451 1425 1579 1458 Lateran.
1597 1436 1617 1458 2
1631 1426 1673 1458 Id.
1693 1427 1776 1459 Febr.
1795 1427 1980 1461 Pontificatfis
1992 1428 2081 1460 nostri
2093 1440 2168 1462 anno
2178 1433 2282 1470 primo.

2043 1505 2134 1544 Sigillo
2148 1507 2253 1547 avulsi).

1324 1634 1370 1667 Ut
1389 1631 1511 1676 fratros
1538 1630 1663 1665 Militiae
1685 1630 1801 1676 Templi
1819 1628 1920 1677 poffint
1940 1629 2069 1677 produci
2089 1634 2121 1665 in
2136 1630 2333 1676 testimonium
2349 1638 2382 1668 in

1740 1679 1832 1723 causts
1848 1679 1962 1713 domus.

1399 1767 1542 1803 Regorius
1555 1765 1728 1806 Episcopus,
1746 1765 1838 1797 servus
1859 1765 2006 1797 servorum
2026 1765 2101 1805 Dei,
2118 1766 2228 1798 dilectis
2239 1768 2300 1799 filiis
2313 1768 2381 1800 Ma-
2398 1764 2474 1796 Ann.
2489 1766 2529 1798 D.

1410 1806 1499 1844 gistro
1511 1807 1546 1838 &
1558 1806 1687 1837 fratribus
1700 1804 1807 1837 domus
1819 1805 1934 1836 Milin'ae
1945 1804 2066 1845 Templi
2077 1805 2192 1836 salutem
2205 1808 2239 1839 &
2254 1807 2381 1846 Aposto-
2410 1804 2504 1838 1228-

1321 1844 1407 1876 licam
1418 1845 1660 1876 benedictionem.
2076 1864 2095 1890 2·
2397 1848 2451 1872 An.
2467 1854 2510 1873 i2.

1355 1883 1442 1922 Justis
1460 1885 1617 1922 petentium
1631 1882 1770 1914 desideriis
1784 1882 1903 1922 dignum
1921 1881 1963 1913 est
1976 1892 2030 1914 nos
2042 1882 2154 1914 facilem
2167 1885 2294 1922 praebere
2307 1895 2380 1916 con·
2395 1887 2424 1910 H
2426 1905 2431 1911 -
2450 1893 2476 1919 3-
2490 1923 2495 1927 η

1320 1921 1427 1953 sensum
1443 1945 1453 1960 ,
1479 1923 1513 1954 ὃ(
1534 1931 1601 1954 vota
1615 1945 1625 1960 ,
1650 1932 1714 1960 quae
1726 1932 1787 1953 non
1800 1933 1817 1953 a
1829 1923 1941 1952 rationis
1955 1923 2066 1953 tramite
2079 1921 2255 1962 discordant,
2272 1923 2380 1956 effezfihi
2397 1926 2437 1949 Ex
2449 1926 2520 1958 01‘11-

1319 1960 1504 1999 prosequente
1516 1961 1670 1998 complere.
1689 1960 1732 1991 Ea
1743 1969 1874 2000 propter,
1889 1959 1986 1991 dileffi
2000 1961 2030 1990 in
2044 1960 2179 1992 Domino
2193 1961 2241 1992 filii
2254 1987 2265 2001 ,
2282 1963 2380 1994 vestris

1315 1999 1396 2037 Justis
1407 1999 1642 2038 postulationibus
1656 2007 1736 2039 grato
1757 2008 1958 2030 concurrentes
1972 1998 2077 2044 assensu
2085 2024 2095 2039 ,
2114 1999 2148 2029 ad
2162 2001 2304 2044 exemplar
2318 2002 2381 2046 feli-

1320 2039 1360 2069 cis
1374 2037 1576 2069 recordationis
1588 2037 1738 2068 Alexandri
1751 2037 1836 2076 Papae
1850 2062 1860 2076 ‚
1878 2036 2088 2077 praedecessorls
2107 2038 2214 2082 nostri,
2230 2041 2380 2071 austorita-

1319 2084 1349 2107 te
1367 2078 1450 2108 vobis
1469 2076 1647 2115 praesentium
1666 2076 1843 2115 indulgemus
1858 2085 1890 2107 ut
1901 2100 1910 2115 ,
1928 2078 1958 2107 in
1973 2076 2058 2107 caufis
2073 2076 2187 2114 vestris,
2206 2077 2302 2108 fratres
2314 2089 2377 2109 ves-

1318 2121 1377 2146 tros
1396 2115 1503 2154 possitis
1523 2116 1552 2145 in
1573 2114 1770 2145 testimonium
1787 2114 1936 2145 ferendum
1956 2114 2135 2158 producere,
2162 2125 2226 2159 nec·
2237 2126 2291 2153 pro
2314 2127 2350 2148 eo
2364 2140 2375 2155 ‚

1318 2153 1398 2192 quod
1414 2154 1511 2185 fratres
1530 2153 1616 2184 vestri
1639 2153 1717 2192 sunt,
1736 2153 1755 2183 si
1770 2154 1820 2184 alia
1833 2153 1911 2184 causa
1924 2152 2090 2183 rationabilis
2104 2153 2137 2184 &
2153 2154 2298 2185 manifesta
2313 2165 2375 2186 non

1317 2192 1428 2232 obstat,
1446 2203 1461 2223 a
1477 2192 1594 2224 ferendo
1604 2191 1770 2223 testimonio
1789 2191 1954 2229 repellantur
1968 2215 1978 2230 ,
1993 2190 2173 2236 dummodo,
2194 2192 2261 2235 sicut
2275 2193 2375 2238 censu-

1316 2241 1345 2262 ra
1361 2241 1506 2263 canonum
1526 2232 1560 2263 &
1581 2231 1677 2270 legum
1690 2230 1776 2261 sancit
1787 2230 1952 2269 auctoritas,
1970 2229 2059 2261 velint
2072 2229 2269 2262 testiinomum
2281 2232 2374 2274 perhi-

1317 2271 1392 2340 bei&
1391 2309 1438 2340 ulli
1456 2318 1525 2348 ergo
1546 2308 1666 2339 omnino
1690 2307 1842 2338 hominum
1855 2306 2026 2352 liceathanc
2040 2308 2171 2353 paginam
2184 2305 2289 2340 nostrae
2301 2319 2373 2341 con-

1316 2347 1446 2379 cessionis
1462 2348 1630 2385 infringere,
1647 2345 1693 2377 vel
1707 2348 1733 2376 ei
1746 2346 1808 2377 ausu
1822 2354 1970 2377 temerario
1983 2356 2132 2391 contraire.
2196 2386 2202 2391 ⁸

1352 2386 1444 2425 Siquis
1461 2395 1555 2416 autem
1576 2386 1633 2416 hoc
1654 2393 1818 2422 attemptare
1831 2384 2050 2422 praesumpserit,
2068 2385 2291 2425 indignationem
2306 2396 2374 2429 om-

1315 2426 1468 2494 isiipotentis
1484 2424 1581 2493 Dei,s
1597 2425 1630 2455 &
1646 2424 1795 2454 beatorum
1816 2423 1892 2455 Petri
1911 2424 1945 2456 &
1967 2422 2063 2462 Pauli,
2081 2423 2289 2462 Apostolorum
2302 2434 2375 2464 eJuS,

1327 2474 1343 2495 e
1357 2471 1468 2496 noverit
1482 2473 1563 2494 incur
1575 2471 1667 2494 urum.

1351 2533 1418 2565 Dat.
1436 2534 1563 2564 Lateran.
1583 2542 1604 2563 2
1616 2531 1658 2563 Id.
1677 2531 1836 2570 Februarii,
1853 2530 2039 2563 Pontificati'is
2052 2531 2141 2562 nostri
2155 2541 2231 2563 anno
2246 2533 2349 2571 primo.

1415 2601 1504 2641 sigillo
1513 2601 1635 2641 plumbeo
1645 2626 1654 2641 ,
1663 2603 1796 2641 pendente
1808 2614 1826 2632 a
1832 2600 1893 2642 filis
1902 2603 1997 2642 sericis
2003 2601 2083 2640 flavi
2099 2601 2224 2643 rubeique
2237 2601 2336 2632 coloris.

1651 2729 1700 2761 De
1721 2723 1848 2771 Falkgſso
1863 2724 1898 2758 de
1914 2727 2036 2759 Breane.

1310 2811 1398 2870 RE
1410 2812 1441 2843 X
1469 2812 1509 2842 H.
1529 2812 1650 2843 Cantori
1662 2811 1792 2843 Tretenfi
1805 2811 1929 2842 salutem.
2390 2807 2466 2839 Ann.
2480 2809 2531 2840 D:-

1407 2851 1455 2882 Ut
1475 2853 1544 2882 certi
1567 2851 1620 2882 fitis
1640 2849 1676 2881 de
1695 2852 1787 2890 quieta
1806 2850 1954 2881 clamantia
1972 2858 2057 2893 quam
2070 2848 2207 2881 Falkefius
2220 2850 2256 2881 de
2267 2849 2367 2882 Breant
2408 2849 2492 2878 1228·

1310 2890 1393 2920 nobis
1405 2889 1473 2920 fecit
1491 2900 1541 2928 per
1555 2889 1672 2920 Cartam
1685 2889 1776 2928 suani,
1795 2889 1928 2928 signatam
1949 2887 2038 2927 figillo
2059 2889 2109 2919 suo
2122 2914 2132 2928 ,
2151 2888 2302 2932 postquam
2316 2899 2368 2920 nos
2385 2889 2438 2913 An.
2457 2897 2502 2915 11--

1309 2929 1343 2959 &
1360 2928 1497 2968 Regnum
1511 2928 1641 2959 nostrum
1655 2928 1791 2959 malitiose
1805 2928 1916 2958 turbare
1929 2927 2117 2966 praesumpsit,
2134 2927 2257 2966 ejusdem
2271 2927 2366 2959 Carrae
2385 2929 2412 2951 H
2415 2947 2420 2952 ·
2443 2934 2469 2962 3·

1310 2966 1502 3004 transcriptum
1515 2968 1598 2998 vobis
1611 2967 1748 2997 mittimus
1759 2967 1791 2997 in
1803 2966 1867 2996 haec
1880 2966 1974 3009 verba.
2071 3005 2076 3010 ι
2210 3005 2215 3010 ¹
2383 2966 2444 2991 Pat.
2460 2973 2470 2990 ι
2478 2972 2503 2991 2.

1347 3004 1492 3035 Omnibus
1507 3005 1613 3037 Christi
1628 3004 1772 3043 fidelibus,
1790 3004 1937 3042 praesentes
1950 3004 2051 3035 htteras
2068 3004 2247 3046 impedium,
2266 3004 2365 3037 Falke-
2384 3005 2413 3028 H
2416 3021 2423 3027 ·
2442 3010 2468 3037 3·
2481 3011 2517 3029 m-

1309 3043 1361 3074 sius
1376 3043 1412 3074 de
1424 3043 1524 3074 Breant
1537 3044 1652 3075 salutem
1667 3045 1697 3073 in
1711 3042 1852 3074 Domino.
1988 3082 1992 3087 Ι
2387 3040 2416 3066 ⁶·
2430 3040 2456 3066 d.

1345 3082 1392 3113 Ad
1412 3082 1593 3114 universitatis
1607 3081 1709 3112 vestrae
1730 3083 1859 3112 notitiam
1879 3091 2026 3120 pervenire
2040 3080 2174 3112 volumus
2193 3081 2271 3119 quod
2295 3092 2365 3113 cum

1307 3122 1569 3152 excommunicatus
1582 3120 1687 3158 essem,
1704 3121 1765 3152 &c.
1784 3127 1815 3149 ut
1832 3119 1930 3160 si'apra,
1947 3124 1975 3150 in
1991 3131 2062 3150 anno
2082 3123 2180 3150 ottavo
2195 3123 2279 3159 Regni
2297 3121 2364 3151 dicii

1310 3162 1388 3197 Regis
1396 3184 1405 3198 ,
1423 3158 1502 3199 respue
1514 3161 1555 3189 ad
1563 3159 1621 3189 haec
1633 3159 1738 3197 verba,
1753 3162 1814 3188 viz.
2030 3198 2036 3204 ι
2249 3199 2254 3204 Ι

1344 3198 1395 3227 Ro
1430 3208 1493 3228 mus
1507 3199 1591 3229 etiam
1605 3197 1804 3228 discretionem
1817 3197 1940 3228 vestram
1962 3206 2090 3235 quatinus
2109 3201 2208 3229 contr'a
2226 3197 2359 3242 dileEtam

1305 3236 1388 3266 nobis
1442 3244 1609 3275 argaretam,
1627 3236 1771 3273 quondam
1786 3246 1903 3266 uxorem
1918 3235 2000 3274 ipsius
2013 3235 2151 3281 Falkefii,⁸
2162 3245 2224 3275 quae
2236 3236 2359 3266 austori-
2407 3245 2412 3249 ·

1305 3283 1360 3305 tate
1372 3275 1526 3305 litterarum
1541 3274 1666 3304 Domini
1681 3274 1763 3312 Papie
1776 3276 1912 3306 convenit
1926 3299 1936 3313 ,
1961 3284 2062 3305 coram
2083 3275 2166 3319 vobis
2184 3284 2244 3305 nou
2257 3283 2360 3311 proce-

1303 3313 1389 3350 datis3
1408 3314 1532 3343 maxime
1546 3322 1615 3343 cum
1626 3311 1710 3350 justas
1725 3313 1847 3344 habeatis
1858 3312 2049 3351 supersedendi
2066 3320 2186 3343 rationes
2199 3336 2209 3351 ,
2227 3321 2263 3342 eo
2279 3311 2359 3356 quod

1302 3351 1336 3381 ad
1355 3351 1563 3389 Judicatorium
1581 3351 1698 3382 trahitur
1720 3352 1749 3381 in
1770 3351 1878 3391 Regno
1900 3352 1991 3382 alieno
2003 3376 2013 3391 ‚
2030 3351 2082 3382 sibi
2096 3349 2240 3396 manifesta
2253 3358 2361 3381 ratione

1302 3389 1459 3428 suspeeium
1476 3400 1482 3419 :
1507 3391 1541 3422 &
1564 3399 1633 3420 cum
1653 3389 1691 3419 nil
1703 3389 1802 3420 habeat
1815 3392 1844 3420 in
1859 3391 1989 3421 manibus
2006 3390 2043 3422 de
2057 3391 2140 3420 bonis
2154 3388 2252 3432 ipsius3
2271 3389 2310 3419 set
2326 3389 2362 3420 &

1302 3428 1379 3458 idem
1400 3427 1536 3458 Falkefius
1559 3437 1609 3465 per
1626 3427 1771 3467 Judiciurn
1786 3428 1882 3459 Curiae
1899 3428 2005 3460 nostrae
2040 3435 2158 3467 propter
2169 3426 2250 3464 ipsius
2265 3427 2362 3465 prodi-

1303 3468 1414 3497 tionem
1436 3465 1612 3497 manifestam
1626 3490 1636 3504 ,
1657 3468 1792 3497 omnibus
1812 3468 1912 3506 bonis,
1931 3477 1996 3506 quae
2009 3453 2142 3497 habuerat
2156 3464 2361 3503 postmodum,

1302 3505 1355 3535 fuit
1368 3504 1555 3543 abjudicatus,
1572 3504 1649 3536 unde
1663 3505 1750 3536 nichil
1763 3506 1860 3538 habuit
1873 3508 1903 3537 in
1923 3505 2031 3546 Regno
2049 3502 2149 3534 nostro
2172 3503 2251 3542 quod
2267 3502 2360 3542 poffet

1302 3543 1490 3582 postmodum
1505 3543 1637 3583 obligare.

1337 3611 1428 3642 Teste
1440 3612 1548 3649 meipso
1562 3612 1635 3650 apud
1649 3612 1692 3643 W
1693 3612 1955 3652 estmonasterium,
1976 3610 2011 3643 18
2025 3610 2072 3642 die
2088 3610 2248 3649 Februarii,
2264 3618 2360 3647 anm,

1302 3650 1363 3681 &c.
1382 3650 1566 3681 duodecimo.

1298 3772 1326 3799 *ἒ
1351 3775 1473 3805 Littera
1499 3775 1586 3820 Regis
1601 3778 1684 3822 Papae
1706 3775 1742 3808 de
1765 3773 1925 3822 recipiendo
1940 3777 2154 3821 Imperatorem
2177 3770 2222 3804 ad
2234 3782 2352 3818 pacem.
2375 3779 2507 3849 AlriziggD.

1377 3855 1489 3886 Omino
1504 3856 1596 3894 Papae.
2135 3895 2141 3901 ,
2283 3896 2288 3901 ,
2372 3861 2424 3887 Aa.
2447 3868 2490 3885 ¹2·

1410 3893 1567 3926 Sanctitacis
1580 3896 1678 3928 vestrae
1691 3897 1793 3929 litteras
1807 3898 1977 3935 devotione,
1994 3904 2048 3934 qua
2060 3895 2156 3926 decuit
2168 3918 2179 3933 ,
2196 3905 2354 3934 recepimus
2373 3901 2408 3924 Η.
2430 3905 2456 3932 3.

1296 3933 1492 3972 continentes,
1509 3936 1666 3966 narratione
1679 3937 1776 3974 brevi,
1791 3936 1936 3966 defectum
1949 3933 2088 3965 succursus
2102 3933 2204 3977 Terrae
2225 3934 2354 3978 Sanstae,
2371 3933 2461 3971 Claus.

1295 3980 1384 4008 quem
1397 3971 1426 4000 in
1442 3971 1568 4011 praesenti
1581 3973 1744 4014 sperabatis,
1761 3984 1810 4013 per
1824 3972 2010 4005 ministerium
2024 3970 2219 4010 Imperatoris,
2239 3972 2354 4003 ordina·
2376 3981 2420 3999 12.
2438 3975 2473 3998 H.
2483 3980 2509 4009 3.

1298 4016 1361 4040 tum
1374 4008 1462 4041 fuisse.
1476 4027 1478 4030 >
2280 4046 2354 4079 sane
2371 4018 2478 4083 Ζιοψζκ.
