<?xml version="1.0" encoding="UTF-8"?>
<!DOCTYPE html PUBLIC "-//W3C//DTD XHTML 1.0 Transitional//EN"
    "http://www.w3.org/TR/xhtml1/DTD/xhtml1-transitional.dtd">
<html xmlns="http://www.w3.org/1999/xhtml" xml:lang="en" lang="en">
 <head>
  <title>
</title>
<meta http-equiv="Content-Type" content="text/html;charset=utf-8" />
  <meta name='ocr-system' content='tesseract 3.04.00' />
  <meta name='ocr-capabilities' content='ocr_page ocr_carea ocr_par ocr_line ocrx_word'/>
</head>
<body>
  <div class='ocr_page' id='page_1' title='image "./fderaconventione01ryme_0363.png"; bbox 0 0 2570 4261; ppageno 0'>
   <div class='ocr_carea' id='block_1_1' title="bbox 748 219 1609 262">
    <p class='ocr_par' dir='ltr' id='par_1_1' title="bbox 748 219 1609 262">
     <span class='ocr_line' id='line_1_1' title="bbox 748 219 1609 262; baseline 0.002 -2"><span class='ocrx_word' id='word_1_1' title='bbox 748 219 847 260; x_wconf 80' lang='lat' dir='ltr'>ET</span> <span class='ocrx_word' id='word_1_2' title='bbox 905 219 1142 262; x_wconf 89' lang='lat' dir='ltr'>ACTA</span> <span class='ocrx_word' id='word_1_3' title='bbox 1196 219 1609 262; x_wconf 89' lang='lat' dir='ltr'>PUBLICA.</span> 
     </span>
    </p>
   </div>
   <div class='ocr_carea' id='block_1_2' title="bbox 0 308 97 387">
    <p class='ocr_par' dir='ltr' id='par_1_2' title="bbox 0 308 97 387">
     <span class='ocr_line' id='line_1_2' title="bbox 0 308 97 343; baseline -0.041 -1"><span class='ocrx_word' id='word_1_4' title='bbox 0 321 41 343; x_wconf 68' lang='lat' dir='ltr'>an.</span> <span class='ocrx_word' id='word_1_5' title='bbox 56 308 97 339; x_wconf 91' lang='lat' dir='ltr'>D.</span> 
     </span>
     <span class='ocr_line' id='line_1_3' title="bbox 4 349 68 387; baseline -0.031 -9"><span class='ocrx_word' id='word_1_6' title='bbox 4 349 68 387; x_wconf 89' lang='lat'><em>265.</em></span> 
     </span>
    </p>
   </div>
   <div class='ocr_carea' id='block_1_3' title="bbox 0 396 77 422">
    <p class='ocr_par' dir='ltr' id='par_1_3' title="bbox 0 396 77 422">
     <span class='ocr_line' id='line_1_4' title="bbox 0 396 77 422; baseline -0.039 -6"><span class='ocrx_word' id='word_1_7' title='bbox 0 399 30 416; x_wconf 64' lang='grc' dir='ltr'>π.</span> <span class='ocrx_word' id='word_1_8' title='bbox 52 396 77 422; x_wconf 83' lang='lat'>3.</span> 
     </span>
    </p>
   </div>
   <div class='ocr_carea' id='block_1_4' title="bbox 118 398 1180 446">
    <p class='ocr_par' dir='ltr' id='par_1_4' title="bbox 118 398 1180 446">
     <span class='ocr_line' id='line_1_5' title="bbox 118 398 1180 446; baseline -0.007 -9"><span class='ocrx_word' id='word_1_9' title='bbox 118 401 144 427; x_wconf 46' lang='grc' dir='ltr'>Ψ(</span> <span class='ocrx_word' id='word_1_10' title='bbox 162 400 341 446; x_wconf 78' lang='lat' dir='ltr'>Remiffiones</span> <span class='ocrx_word' id='word_1_11' title='bbox 363 405 399 439; x_wconf 63' lang='grc' dir='ltr'>(ῤ’</span> <span class='ocrx_word' id='word_1_12' title='bbox 424 398 607 442; x_wconf 80' lang='lat' dir='ltr'>Conccffiones</span> <span class='ocrx_word' id='word_1_13' title='bbox 624 402 754 444; x_wconf 83' lang='lat' dir='ltr'>Principi</span> <span class='ocrx_word' id='word_1_14' title='bbox 773 400 901 442; x_wconf 71' lang='lat' dir='ltr'>Williae,</span> <span class='ocrx_word' id='word_1_15' title='bbox 928 399 1059 446; x_wconf 80' lang='lat' dir='ltr'>complici</span> <span class='ocrx_word' id='word_1_16' title='bbox 1081 402 1180 432; x_wconf 81' lang='lat' dir='ltr'>Simo-</span> 
     </span>
    </p>
   </div>
   <div class='ocr_carea' id='block_1_5' title="bbox 0 426 1180 667">
    <p class='ocr_par' dir='ltr' id='par_1_5' title="bbox 0 426 814 491">
     <span class='ocr_line' id='line_1_6' title="bbox 0 426 814 491; baseline -0.012 -3"><span class='ocrx_word' id='word_1_17' title='bbox 0 426 95 461; x_wconf 77' lang='lat' dir='ltr'>1.St4.</span> <span class='ocrx_word' id='word_1_18' title='bbox 486 453 531 480; x_wconf 84' lang='lat' dir='ltr'>nis</span> <span class='ocrx_word' id='word_1_19' title='bbox 555 447 591 480; x_wconf 83' lang='lat' dir='ltr'>de</span> <span class='ocrx_word' id='word_1_20' title='bbox 606 447 814 491; x_wconf 71' lang='lat' dir='ltr'>Monte-forti.</span> 
     </span>
    </p>

    <p class='ocr_par' dir='ltr' id='par_1_6' title="bbox 0 535 1180 667">
     <span class='ocr_line' id='line_1_7' title="bbox 2 535 1179 593; baseline -0.021 -9"><span class='ocrx_word' id='word_1_21' title='bbox 2 561 62 592; x_wconf 70' lang='lat' dir='ltr'>Rege</span> <span class='ocrx_word' id='word_1_22' title='bbox 120 563 141 581; x_wconf 72' lang='grc' dir='ltr'>υ</span> <span class='ocrx_word' id='word_1_23' title='bbox 158 536 283 593; x_wconf 77' lang='lat' dir='ltr'>REX</span> <span class='ocrx_word' id='word_1_24' title='bbox 301 536 448 582; x_wconf 50' lang='lat' dir='ltr'>Omnibus,</span> <span class='ocrx_word' id='word_1_25' title='bbox 469 537 529 568; x_wconf 65' lang='lat' dir='ltr'>&amp;C</span> <span class='ocrx_word' id='word_1_26' title='bbox 551 535 672 566; x_wconf 83' lang='lat' dir='ltr'>salutem.</span> <span class='ocrx_word' id='word_1_27' title='bbox 697 535 794 566; x_wconf 84' lang='lat' dir='ltr'>Sciatis</span> <span class='ocrx_word' id='word_1_28' title='bbox 815 535 906 580; x_wconf 80' lang='lat' dir='ltr'>quod,</span> <span class='ocrx_word' id='word_1_29' title='bbox 924 546 974 576; x_wconf 86' lang='lat' dir='ltr'>per</span> <span class='ocrx_word' id='word_1_30' title='bbox 984 536 1070 580; x_wconf 71' lang='lat' dir='ltr'>finem</span> <span class='ocrx_word' id='word_1_31' title='bbox 1084 536 1179 580; x_wconf 60' lang='lat' dir='ltr'>trigin-</span> 
     </span>
     <span class='ocr_line' id='line_1_8' title="bbox 0 574 1180 632; baseline -0.009 -23"><span class='ocrx_word' id='word_1_32' title='bbox 0 598 77 632; x_wconf 77' lang='lat' dir='ltr'>ptivo.</span> <span class='ocrx_word' id='word_1_33' title='bbox 198 616 202 621; x_wconf 93' lang='lat'>.</span> <span class='ocrx_word' id='word_1_34' title='bbox 231 599 250 614; x_wconf 90' lang='lat'>„</span> <span class='ocrx_word' id='word_1_35' title='bbox 268 584 295 605; x_wconf 88' lang='lat' dir='ltr'>ta</span> <span class='ocrx_word' id='word_1_36' title='bbox 317 576 436 619; x_wconf 80' lang='lat' dir='ltr'>millium</span> <span class='ocrx_word' id='word_1_37' title='bbox 459 575 641 619; x_wconf 69' lang='lat' dir='ltr'>Marcaruni,</span> <span class='ocrx_word' id='word_1_38' title='bbox 663 584 726 611; x_wconf 69' lang='lat' dir='ltr'>quie</span> <span class='ocrx_word' id='word_1_39' title='bbox 749 574 929 619; x_wconf 78' lang='lat' dir='ltr'>Lewelinus,</span> <span class='ocrx_word' id='word_1_40' title='bbox 953 575 1024 605; x_wconf 65' lang='lat' dir='ltr'>filius</span> <span class='ocrx_word' id='word_1_41' title='bbox 1045 574 1180 618; x_wconf 42' lang='lat' dir='ltr'>Curium,</span> 
     </span>
     <span class='ocr_line' id='line_1_9' title="bbox 0 612 1179 667; baseline -0.006 -20"><span class='ocrx_word' id='word_1_42' title='bbox 0 643 19 660; x_wconf 39' lang='lat'>2·</span> <span class='ocrx_word' id='word_1_43' title='bbox 33 641 81 667; x_wconf 38' lang='lat'>49.</span> <span class='ocrx_word' id='word_1_44' title='bbox 121 639 141 655; x_wconf 84' lang='lat'>„</span> <span class='ocrx_word' id='word_1_45' title='bbox 158 615 290 657; x_wconf 79' lang='lat' dir='ltr'>Princeps</span> <span class='ocrx_word' id='word_1_46' title='bbox 310 614 422 644; x_wconf 82' lang='lat' dir='ltr'>Walliae</span> <span class='ocrx_word' id='word_1_47' title='bbox 442 614 508 644; x_wconf 81' lang='lat' dir='ltr'>feeit</span> <span class='ocrx_word' id='word_1_48' title='bbox 528 612 694 650; x_wconf 85' lang='lat' dir='ltr'>nobiscum,</span> <span class='ocrx_word' id='word_1_49' title='bbox 711 622 778 651; x_wconf 89' lang='lat' dir='ltr'>nos,</span> <span class='ocrx_word' id='word_1_50' title='bbox 796 622 867 652; x_wconf 88' lang='lat' dir='ltr'>puro</span> <span class='ocrx_word' id='word_1_51' title='bbox 880 623 975 643; x_wconf 81' lang='lat' dir='ltr'>animo</span> <span class='ocrx_word' id='word_1_52' title='bbox 991 614 1024 643; x_wconf 75' lang='grc' dir='ltr'>ὃ(</span> <span class='ocrx_word' id='word_1_53' title='bbox 1038 613 1179 651; x_wconf 59' lang='lat' dir='ltr'>benigno,</span> 
     </span>
    </p>
   </div>
   <div class='ocr_carea' id='block_1_6' title="bbox 122 650 1197 1919">
    <p class='ocr_par' dir='ltr' id='par_1_7' title="bbox 122 650 1186 962">
     <span class='ocr_line' id='line_1_10' title="bbox 122 650 1179 693; baseline -0.004 -9"><span class='ocrx_word' id='word_1_54' title='bbox 122 677 143 693; x_wconf 87' lang='lat'>„</span> <span class='ocrx_word' id='word_1_55' title='bbox 162 655 316 684; x_wconf 83' lang='lat' dir='ltr'>remilimus</span> <span class='ocrx_word' id='word_1_56' title='bbox 339 654 380 690; x_wconf 89' lang='lat' dir='ltr'>ei,</span> <span class='ocrx_word' id='word_1_57' title='bbox 398 653 432 683; x_wconf 73' lang='grc' dir='ltr'>δε</span> <span class='ocrx_word' id='word_1_58' title='bbox 454 652 505 681; x_wconf 90' lang='lat' dir='ltr'>suis</span> <span class='ocrx_word' id='word_1_59' title='bbox 520 650 742 688; x_wconf 81' lang='lat' dir='ltr'>coadjutoribus,</span> <span class='ocrx_word' id='word_1_60' title='bbox 760 661 879 681; x_wconf 89' lang='lat' dir='ltr'>omnem</span> <span class='ocrx_word' id='word_1_61' title='bbox 892 661 1038 682; x_wconf 81' lang='lat' dir='ltr'>rancorem</span> <span class='ocrx_word' id='word_1_62' title='bbox 1052 652 1179 681; x_wconf 85' lang='lat' dir='ltr'>nostrum</span> 
     </span>
     <span class='ocr_line' id='line_1_11' title="bbox 122 689 1186 732; baseline -0.005 -9"><span class='ocrx_word' id='word_1_63' title='bbox 122 716 143 732; x_wconf 91' lang='lat'>„</span> <span class='ocrx_word' id='word_1_64' title='bbox 163 693 196 723; x_wconf 89' lang='lat'>&amp;</span> <span class='ocrx_word' id='word_1_65' title='bbox 208 691 444 728; x_wconf 76' lang='lat' dir='ltr'>indignationem,</span> <span class='ocrx_word' id='word_1_66' title='bbox 463 700 528 729; x_wconf 84' lang='lat' dir='ltr'>quas</span> <span class='ocrx_word' id='word_1_67' title='bbox 543 698 641 719; x_wconf 86' lang='lat' dir='ltr'>contra</span> <span class='ocrx_word' id='word_1_68' title='bbox 656 689 741 727; x_wconf 84' lang='lat' dir='ltr'>ipsos,</span> <span class='ocrx_word' id='word_1_69' title='bbox 758 698 869 730; x_wconf 85' lang='lat' dir='ltr'>propter</span> <span class='ocrx_word' id='word_1_70' title='bbox 883 690 989 720; x_wconf 62' lang='lat' dir='ltr'>factum</span> <span class='ocrx_word' id='word_1_71' title='bbox 1005 689 1084 727; x_wconf 73' lang='lat' dir='ltr'>ipsius</span> <span class='ocrx_word' id='word_1_72' title='bbox 1099 690 1186 719; x_wconf 64' lang='lat' dir='ltr'>Prin-</span> 
     </span>
     <span class='ocr_line' id='line_1_12' title="bbox 124 727 1181 772; baseline -0.005 -11"><span class='ocrx_word' id='word_1_73' title='bbox 124 754 144 770; x_wconf 91' lang='lat'>„</span> <span class='ocrx_word' id='word_1_74' title='bbox 162 731 248 770; x_wconf 80' lang='lat' dir='ltr'>cipis,</span> <span class='ocrx_word' id='word_1_75' title='bbox 268 729 440 772; x_wconf 85' lang='lat' dir='ltr'><strong>temporibus</strong></span> <span class='ocrx_word' id='word_1_76' title='bbox 456 729 514 767; x_wconf 81' lang='lat' dir='ltr'>jam</span> <span class='ocrx_word' id='word_1_77' title='bbox 537 728 697 765; x_wconf 76' lang='lat' dir='ltr'>praeteritis,</span> <span class='ocrx_word' id='word_1_78' title='bbox 712 730 915 767; x_wconf 80' lang='lat' dir='ltr'>concepimus:</span> <span class='ocrx_word' id='word_1_79' title='bbox 953 727 1085 758; x_wconf 86' lang='lat' dir='ltr'>Volentes</span> <span class='ocrx_word' id='word_1_80' title='bbox 1104 727 1181 765; x_wconf 80' lang='lat' dir='ltr'>quod</span> 
     </span>
     <span class='ocr_line' id='line_1_13' title="bbox 124 765 1182 809; baseline -0.005 -10"><span class='ocrx_word' id='word_1_81' title='bbox 124 793 145 809; x_wconf 88' lang='lat'>„</span> <span class='ocrx_word' id='word_1_82' title='bbox 163 778 262 799; x_wconf 87' lang='lat' dir='ltr'>omnes</span> <span class='ocrx_word' id='word_1_83' title='bbox 279 767 463 797; x_wconf 73' lang='lat' dir='ltr'>oblioariones</span> <span class='ocrx_word' id='word_1_84' title='bbox 481 766 606 797; x_wconf 76' lang='lat' dir='ltr'>litterales</span> <span class='ocrx_word' id='word_1_85' title='bbox 620 789 629 804; x_wconf 94' lang='lat'>,</span> <span class='ocrx_word' id='word_1_86' title='bbox 652 776 717 805; x_wconf 83' lang='lat' dir='ltr'>quas</span> <span class='ocrx_word' id='word_1_87' title='bbox 736 766 826 797; x_wconf 64' lang='lat' dir='ltr'>dietus</span> <span class='ocrx_word' id='word_1_88' title='bbox 846 766 996 803; x_wconf 81' lang='lat' dir='ltr'>Princeps,</span> <span class='ocrx_word' id='word_1_89' title='bbox 1020 765 1065 795; x_wconf 88' lang='lat' dir='ltr'>vel</span> <span class='ocrx_word' id='word_1_90' title='bbox 1086 765 1182 795; x_wconf 89' lang='lat' dir='ltr'>David</span> 
     </span>
     <span class='ocr_line' id='line_1_14' title="bbox 124 791 1184 846; baseline -0.005 -9"><span class='ocrx_word' id='word_1_91' title='bbox 124 831 144 846; x_wconf 62' lang='lat'>2,</span> <span class='ocrx_word' id='word_1_92' title='bbox 159 808 228 838; x_wconf 88' lang='lat' dir='ltr'>filius</span> <span class='ocrx_word' id='word_1_93' title='bbox 253 791 405 844; x_wconf 73' lang='lat' dir='ltr'>Lewelini,</span> <span class='ocrx_word' id='word_1_94' title='bbox 422 804 606 843; x_wconf 71' lang='lat' dir='ltr'>praedeceffor</span> <span class='ocrx_word' id='word_1_95' title='bbox 626 804 703 842; x_wconf 81' lang='lat' dir='ltr'>suus,</span> <span class='ocrx_word' id='word_1_96' title='bbox 719 805 865 835; x_wconf 87' lang='lat' dir='ltr'>nobiscum</span> <span class='ocrx_word' id='word_1_97' title='bbox 875 805 1002 834; x_wconf 88' lang='lat' dir='ltr'>fecerunt</span> <span class='ocrx_word' id='word_1_98' title='bbox 1015 811 1113 846; x_wconf 81' lang='lat' dir='ltr'>contra</span> <span class='ocrx_word' id='word_1_99' title='bbox 1124 805 1184 842; x_wconf 86' lang='lat' dir='ltr'>jura</span> 
     </span>
     <span class='ocr_line' id='line_1_15' title="bbox 123 842 1183 886; baseline -0.005 -11"><span class='ocrx_word' id='word_1_100' title='bbox 123 870 144 886; x_wconf 85' lang='lat'>,‚</span> <span class='ocrx_word' id='word_1_101' title='bbox 160 847 192 876; x_wconf 70' lang='grc' dir='ltr'>δε</span> <span class='ocrx_word' id='word_1_102' title='bbox 210 845 348 875; x_wconf 82' lang='lat' dir='ltr'>libertates</span> <span class='ocrx_word' id='word_1_103' title='bbox 368 844 440 881; x_wconf 69' lang='lat' dir='ltr'>suas,</span> <span class='ocrx_word' id='word_1_104' title='bbox 457 846 578 873; x_wconf 89' lang='lat' dir='ltr'>omnino</span> <span class='ocrx_word' id='word_1_105' title='bbox 599 842 788 881; x_wconf 83' lang='lat' dir='ltr'>destruantur,</span> <span class='ocrx_word' id='word_1_106' title='bbox 805 844 837 874; x_wconf 90' lang='lat'>&amp;</span> <span class='ocrx_word' id='word_1_107' title='bbox 863 853 914 881; x_wconf 85' lang='lat' dir='ltr'>pro</span> <span class='ocrx_word' id='word_1_108' title='bbox 936 843 1043 872; x_wconf 72' lang='lat' dir='ltr'>infectis</span> <span class='ocrx_word' id='word_1_109' title='bbox 1062 843 1183 884; x_wconf 80' lang='lat' dir='ltr'>habean-</span> 
     </span>
     <span class='ocr_line' id='line_1_16' title="bbox 124 880 1182 924; baseline -0.004 -11"><span class='ocrx_word' id='word_1_110' title='bbox 124 907 144 924; x_wconf 89' lang='lat'><em>„</em></span> <span class='ocrx_word' id='word_1_111' title='bbox 163 892 230 922; x_wconf 68' lang='lat' dir='ltr'>tur,</span> <span class='ocrx_word' id='word_1_112' title='bbox 255 883 287 912; x_wconf 70' lang='grc' dir='ltr'>δε</span> <span class='ocrx_word' id='word_1_113' title='bbox 309 882 497 912; x_wconf 73' lang='lat' dir='ltr'><strong>concedentes</strong></span> <span class='ocrx_word' id='word_1_114' title='bbox 517 882 607 912; x_wconf 87' lang='lat' dir='ltr'>eidem</span> <span class='ocrx_word' id='word_1_115' title='bbox 628 880 750 918; x_wconf 84' lang='lat' dir='ltr'>Principi</span> <span class='ocrx_word' id='word_1_116' title='bbox 765 904 774 919; x_wconf 88' lang='lat'>,</span> <span class='ocrx_word' id='word_1_117' title='bbox 793 882 825 912; x_wconf 67' lang='grc' dir='ltr'>ὃς</span> <span class='ocrx_word' id='word_1_118' title='bbox 847 883 898 912; x_wconf 89' lang='lat' dir='ltr'>suis</span> <span class='ocrx_word' id='word_1_119' title='bbox 911 904 920 919; x_wconf 84' lang='lat'>,</span> <span class='ocrx_word' id='word_1_120' title='bbox 944 890 1042 910; x_wconf 81' lang='lat' dir='ltr'>omnes</span> <span class='ocrx_word' id='word_1_121' title='bbox 1064 881 1182 916; x_wconf 84' lang='lat' dir='ltr'>seilinas,</span> 
     </span>
     <span class='ocr_line' id='line_1_17' title="bbox 122 919 1100 962; baseline -0.005 -10"><span class='ocrx_word' id='word_1_122' title='bbox 122 945 144 962; x_wconf 92' lang='lat'>„</span> <span class='ocrx_word' id='word_1_123' title='bbox 156 931 225 962; x_wconf 51' lang='lat' dir='ltr'>*quas</span> <span class='ocrx_word' id='word_1_124' title='bbox 240 919 394 951; x_wconf 88' lang='lat' dir='ltr'>habuerunt</span> <span class='ocrx_word' id='word_1_125' title='bbox 409 929 537 958; x_wconf 85' lang='lat' dir='ltr'>tempore</span> <span class='ocrx_word' id='word_1_126' title='bbox 549 920 736 950; x_wconf 64' lang='lat' dir='ltr'>confectionis</span> <span class='ocrx_word' id='word_1_127' title='bbox 749 920 925 957; x_wconf 75' lang='lat' dir='ltr'>praesentium</span> <span class='ocrx_word' id='word_1_128' title='bbox 939 919 1100 949; x_wconf 83' lang='lat' dir='ltr'>litterarum.</span> 
     </span>
    </p>

    <p class='ocr_par' dir='ltr' id='par_1_8' title="bbox 125 955 1192 1383">
     <span class='ocr_line' id='line_1_18' title="bbox 161 955 1184 999; baseline -0.005 -9"><span class='ocrx_word' id='word_1_129' title='bbox 161 983 182 999; x_wconf 94' lang='lat'>„</span> <span class='ocrx_word' id='word_1_130' title='bbox 205 959 378 990; x_wconf 87' lang='lat' dir='ltr'>Dominium</span> <span class='ocrx_word' id='word_1_131' title='bbox 398 960 480 989; x_wconf 88' lang='lat' dir='ltr'>etiam</span> <span class='ocrx_word' id='word_1_132' title='bbox 498 956 630 989; x_wconf 80' lang='lat' dir='ltr'>omniurn</span> <span class='ocrx_word' id='word_1_133' title='bbox 652 957 821 997; x_wconf 83' lang='lat' dir='ltr'>Magnarum</span> <span class='ocrx_word' id='word_1_134' title='bbox 842 958 975 995; x_wconf 62' lang='lat' dir='ltr'>walliae,</span> <span class='ocrx_word' id='word_1_135' title='bbox 994 966 1061 987; x_wconf 88' lang='lat' dir='ltr'>curn</span> <span class='ocrx_word' id='word_1_136' title='bbox 1075 955 1184 986; x_wconf 89' lang='lat' dir='ltr'>Princi-</span> 
     </span>
     <span class='ocr_line' id='line_1_19' title="bbox 125 994 1185 1039; baseline -0.004 -11"><span class='ocrx_word' id='word_1_137' title='bbox 125 1022 146 1039; x_wconf 85' lang='lat'>„</span> <span class='ocrx_word' id='word_1_138' title='bbox 162 1007 227 1036; x_wconf 85' lang='lat' dir='ltr'>patu</span> <span class='ocrx_word' id='word_1_139' title='bbox 276 997 409 1027; x_wconf 81' lang='lat' dir='ltr'>Castrum</span> <span class='ocrx_word' id='word_1_140' title='bbox 438 996 540 1028; x_wconf 88' lang='lat' dir='ltr'>Matill.</span> <span class='ocrx_word' id='word_1_141' title='bbox 573 996 762 1027; x_wconf 87' lang='lat' dir='ltr'>Hundredum</span> <span class='ocrx_word' id='word_1_142' title='bbox 786 997 821 1026; x_wconf 93' lang='lat' dir='ltr'>de</span> <span class='ocrx_word' id='word_1_143' title='bbox 839 996 984 1033; x_wconf 80' lang='lat' dir='ltr'>Ellesmer,</span> <span class='ocrx_word' id='word_1_144' title='bbox 1003 997 1036 1026; x_wconf 69' lang='grc' dir='ltr'>ὃς</span> <span class='ocrx_word' id='word_1_145' title='bbox 1051 994 1185 1025; x_wconf 87' lang='lat' dir='ltr'>Castrum</span> 
     </span>
     <span class='ocr_line' id='line_1_20' title="bbox 126 1021 1186 1077; baseline -0.004 -11"><span class='ocrx_word' id='word_1_146' title='bbox 126 1060 147 1077; x_wconf 91' lang='lat'>„</span> <span class='ocrx_word' id='word_1_147' title='bbox 163 1037 201 1067; x_wconf 88' lang='lat' dir='ltr'>de</span> <span class='ocrx_word' id='word_1_148' title='bbox 221 1021 395 1073; x_wconf 67' lang='lat' dir='ltr'>I-iawardin,</span> <span class='ocrx_word' id='word_1_149' title='bbox 415 1045 482 1065; x_wconf 87' lang='lat' dir='ltr'>curn</span> <span class='ocrx_word' id='word_1_150' title='bbox 501 1036 688 1076; x_wconf 73' lang='lat' dir='ltr'>pertinentiis,</span> <span class='ocrx_word' id='word_1_151' title='bbox 703 1035 751 1065; x_wconf 83' lang='lat' dir='ltr'>sibi</span> <span class='ocrx_word' id='word_1_152' title='bbox 772 1035 805 1065; x_wconf 72' lang='grc' dir='ltr'>δε</span> <span class='ocrx_word' id='word_1_153' title='bbox 823 1034 976 1065; x_wconf 69' lang='lat' dir='ltr'>haeredibus</span> <span class='ocrx_word' id='word_1_154' title='bbox 991 1033 1058 1071; x_wconf 91' lang='lat' dir='ltr'>suis,</span> <span class='ocrx_word' id='word_1_155' title='bbox 1073 1033 1186 1077; x_wconf 73' lang='lat' dir='ltr'>decor-</span> 
     </span>
     <span class='ocr_line' id='line_1_21' title="bbox 125 1072 1185 1114; baseline -0.004 -9"><span class='ocrx_word' id='word_1_156' title='bbox 125 1099 146 1114; x_wconf 94' lang='lat'><strong>„</strong></span> <span class='ocrx_word' id='word_1_157' title='bbox 162 1085 229 1112; x_wconf 89' lang='lat' dir='ltr'>pore</span> <span class='ocrx_word' id='word_1_158' title='bbox 257 1075 307 1104; x_wconf 87' lang='lat' dir='ltr'>suo</span> <span class='ocrx_word' id='word_1_159' title='bbox 328 1075 476 1113; x_wconf 88' lang='lat' dir='ltr'>procreatis</span> <span class='ocrx_word' id='word_1_160' title='bbox 490 1098 499 1111; x_wconf 87' lang='lat'>,</span> <span class='ocrx_word' id='word_1_161' title='bbox 523 1074 706 1105; x_wconf 83' lang='lat' dir='ltr'>concedimus</span> <span class='ocrx_word' id='word_1_162' title='bbox 728 1083 736 1102; x_wconf 73' lang='lat'>2</span> <span class='ocrx_word' id='word_1_163' title='bbox 766 1075 960 1110; x_wconf 84' lang='lat' dir='ltr'>promittentes</span> <span class='ocrx_word' id='word_1_164' title='bbox 979 1081 1032 1109; x_wconf 89' lang='lat' dir='ltr'>pro</span> <span class='ocrx_word' id='word_1_165' title='bbox 1053 1072 1133 1101; x_wconf 84' lang='lat' dir='ltr'>nobis</span> <span class='ocrx_word' id='word_1_166' title='bbox 1151 1072 1185 1102; x_wconf 73' lang='grc' dir='ltr'>δε</span> 
     </span>
     <span class='ocr_line' id='line_1_22' title="bbox 125 1111 1186 1154; baseline -0.005 -11"><span class='ocrx_word' id='word_1_167' title='bbox 125 1137 147 1154; x_wconf 88' lang='lat'>„</span> <span class='ocrx_word' id='word_1_168' title='bbox 166 1113 346 1152; x_wconf 71' lang='lat' dir='ltr'>Magnatibus</span> <span class='ocrx_word' id='word_1_169' title='bbox 361 1112 459 1143; x_wconf 78' lang='lat' dir='ltr'>nostris</span> <span class='ocrx_word' id='word_1_170' title='bbox 471 1113 562 1152; x_wconf 73' lang='lat' dir='ltr'>quod,</span> <span class='ocrx_word' id='word_1_171' title='bbox 578 1111 611 1142; x_wconf 91' lang='lat' dir='ltr'>ad</span> <span class='ocrx_word' id='word_1_172' title='bbox 627 1112 861 1152; x_wconf 77' lang='lat' dir='ltr'>conquisitionem</span> <span class='ocrx_word' id='word_1_173' title='bbox 874 1112 1038 1149; x_wconf 85' lang='lat' dir='ltr'>reliquarum</span> <span class='ocrx_word' id='word_1_174' title='bbox 1052 1118 1186 1139; x_wconf 83' lang='lat' dir='ltr'>terrarum</span> 
     </span>
     <span class='ocr_line' id='line_1_23' title="bbox 126 1148 1186 1191; baseline -0.005 -8"><span class='ocrx_word' id='word_1_175' title='bbox 126 1175 146 1191; x_wconf 91' lang='lat'>„</span> <span class='ocrx_word' id='word_1_176' title='bbox 166 1152 200 1183; x_wconf 91' lang='lat'>&amp;</span> <span class='ocrx_word' id='word_1_177' title='bbox 226 1150 380 1181; x_wconf 89' lang='lat' dir='ltr'>castrorum</span> <span class='ocrx_word' id='word_1_178' title='bbox 396 1173 405 1189; x_wconf 91' lang='lat'>,</span> <span class='ocrx_word' id='word_1_179' title='bbox 430 1152 629 1188; x_wconf 83' lang='lat' dir='ltr'>pertinentium</span> <span class='ocrx_word' id='word_1_180' title='bbox 653 1150 686 1181; x_wconf 84' lang='lat' dir='ltr'>ad</span> <span class='ocrx_word' id='word_1_181' title='bbox 709 1151 754 1189; x_wconf 88' lang='lat' dir='ltr'>jus</span> <span class='ocrx_word' id='word_1_182' title='bbox 773 1149 842 1181; x_wconf 65' lang='lat' dir='ltr'>dieti</span> <span class='ocrx_word' id='word_1_183' title='bbox 863 1149 999 1188; x_wconf 81' lang='lat' dir='ltr'>Principis</span> <span class='ocrx_word' id='word_1_184' title='bbox 1020 1149 1053 1178; x_wconf 88' lang='lat'>&amp;</span> <span class='ocrx_word' id='word_1_185' title='bbox 1075 1148 1186 1178; x_wconf 89' lang='lat' dir='ltr'>suorum</span> 
     </span>
     <span class='ocr_line' id='line_1_24' title="bbox 127 1187 1189 1230; baseline -0.004 -10"><span class='ocrx_word' id='word_1_186' title='bbox 127 1213 149 1230; x_wconf 95' lang='lat'>„</span> <span class='ocrx_word' id='word_1_187' title='bbox 167 1189 204 1220; x_wconf 91' lang='lat' dir='ltr'>M</span> <span class='ocrx_word' id='word_1_188' title='bbox 220 1198 334 1219; x_wconf 63' lang='lat' dir='ltr'>Gnatum</span> <span class='ocrx_word' id='word_1_189' title='bbox 348 1212 358 1228; x_wconf 91' lang='lat'>,</span> <span class='ocrx_word' id='word_1_190' title='bbox 383 1199 446 1228; x_wconf 82' lang='lat' dir='ltr'>quae</span> <span class='ocrx_word' id='word_1_191' title='bbox 469 1189 529 1220; x_wconf 88' lang='lat' dir='ltr'>sunt</span> <span class='ocrx_word' id='word_1_192' title='bbox 550 1191 578 1220; x_wconf 88' lang='lat' dir='ltr'>in</span> <span class='ocrx_word' id='word_1_193' title='bbox 606 1189 733 1219; x_wconf 83' lang='lat' dir='ltr'>manibus</span> <span class='ocrx_word' id='word_1_194' title='bbox 750 1189 951 1219; x_wconf 89' lang='lat' dir='ltr'>communium</span> <span class='ocrx_word' id='word_1_195' title='bbox 969 1187 1189 1218; x_wconf 88' lang='lat' dir='ltr'>adversariorum</span> 
     </span>
     <span class='ocr_line' id='line_1_25' title="bbox 127 1226 1190 1268; baseline -0.004 -10"><span class='ocrx_word' id='word_1_196' title='bbox 127 1252 148 1268; x_wconf 89' lang='lat'>„</span> <span class='ocrx_word' id='word_1_197' title='bbox 168 1238 207 1258; x_wconf 90' lang='lat' dir='ltr'>no</span> <span class='ocrx_word' id='word_1_198' title='bbox 234 1238 327 1258; x_wconf 83' lang='lat' dir='ltr'>rorum</span> <span class='ocrx_word' id='word_1_199' title='bbox 351 1229 383 1259; x_wconf 82' lang='lat'>&amp;</span> <span class='ocrx_word' id='word_1_200' title='bbox 405 1227 518 1258; x_wconf 90' lang='lat' dir='ltr'>suorum</span> <span class='ocrx_word' id='word_1_201' title='bbox 531 1250 541 1266; x_wconf 93' lang='lat'>,</span> <span class='ocrx_word' id='word_1_202' title='bbox 562 1237 631 1258; x_wconf 89' lang='lat' dir='ltr'>cum</span> <span class='ocrx_word' id='word_1_203' title='bbox 651 1227 752 1258; x_wconf 88' lang='lat' dir='ltr'>eodem</span> <span class='ocrx_word' id='word_1_204' title='bbox 776 1226 908 1266; x_wconf 87' lang='lat' dir='ltr'>Principe</span> <span class='ocrx_word' id='word_1_205' title='bbox 926 1226 1091 1262; x_wconf 83' lang='lat' dir='ltr'>confilium,</span> <span class='ocrx_word' id='word_1_206' title='bbox 1115 1226 1190 1254; x_wconf 81' lang='lat' dir='ltr'>auxi-</span> 
     </span>
     <span class='ocr_line' id='line_1_26' title="bbox 127 1264 1189 1307; baseline -0.002 -11"><span class='ocrx_word' id='word_1_207' title='bbox 127 1290 147 1307; x_wconf 89' lang='lat'>„</span> <span class='ocrx_word' id='word_1_208' title='bbox 166 1267 234 1296; x_wconf 89' lang='lat' dir='ltr'>lium</span> <span class='ocrx_word' id='word_1_209' title='bbox 257 1268 290 1297; x_wconf 89' lang='lat'>&amp;</span> <span class='ocrx_word' id='word_1_210' title='bbox 306 1267 434 1297; x_wconf 85' lang='lat' dir='ltr'>favorem</span> <span class='ocrx_word' id='word_1_211' title='bbox 457 1276 648 1304; x_wconf 66' lang='lat' dir='ltr'>apponemus,</span> <span class='ocrx_word' id='word_1_212' title='bbox 672 1266 705 1295; x_wconf 90' lang='lat'>&amp;</span> <span class='ocrx_word' id='word_1_213' title='bbox 725 1265 859 1303; x_wconf 58' lang='lat' dir='ltr'>praedicta</span> <span class='ocrx_word' id='word_1_214' title='bbox 877 1273 959 1294; x_wconf 91' lang='lat' dir='ltr'>terras</span> <span class='ocrx_word' id='word_1_215' title='bbox 979 1265 1012 1294; x_wconf 88' lang='lat'>&amp;</span> <span class='ocrx_word' id='word_1_216' title='bbox 1034 1264 1136 1302; x_wconf 79' lang='lat' dir='ltr'>castra,</span> <span class='ocrx_word' id='word_1_217' title='bbox 1152 1264 1189 1294; x_wconf 90' lang='lat' dir='ltr'>sic</span> 
     </span>
     <span class='ocr_line' id='line_1_27' title="bbox 127 1302 1192 1345; baseline -0.004 -10"><span class='ocrx_word' id='word_1_218' title='bbox 127 1329 148 1345; x_wconf 89' lang='lat'>„</span> <span class='ocrx_word' id='word_1_219' title='bbox 167 1305 337 1344; x_wconf 80' lang='lat' dir='ltr'>conquisita,</span> <span class='ocrx_word' id='word_1_220' title='bbox 349 1305 381 1335; x_wconf 69' lang='grc' dir='ltr'>ὃς</span> <span class='ocrx_word' id='word_1_221' title='bbox 398 1306 518 1335; x_wconf 80' lang='lat' dir='ltr'>maxime</span> <span class='ocrx_word' id='word_1_222' title='bbox 532 1304 653 1334; x_wconf 89' lang='lat' dir='ltr'>castrum</span> <span class='ocrx_word' id='word_1_223' title='bbox 662 1302 973 1341; x_wconf 84' lang='lat' dir='ltr'>Montisgomeri,cum</span> <span class='ocrx_word' id='word_1_224' title='bbox 987 1302 1038 1332; x_wconf 81' lang='lat' dir='ltr'>suis</span> <span class='ocrx_word' id='word_1_225' title='bbox 1051 1303 1192 1340; x_wconf 86' lang='lat' dir='ltr'>pertinen-</span> 
     </span>
     <span class='ocr_line' id='line_1_28' title="bbox 126 1340 1192 1383; baseline -0.003 -10"><span class='ocrx_word' id='word_1_226' title='bbox 126 1367 148 1383; x_wconf 85' lang='lat'>„</span> <span class='ocrx_word' id='word_1_227' title='bbox 167 1343 207 1373; x_wconf 89' lang='lat' dir='ltr'>tiis</span> <span class='ocrx_word' id='word_1_228' title='bbox 226 1367 236 1382; x_wconf 82' lang='lat'>,</span> <span class='ocrx_word' id='word_1_229' title='bbox 267 1343 338 1382; x_wconf 88' lang='lat' dir='ltr'>sibi,</span> <span class='ocrx_word' id='word_1_230' title='bbox 374 1344 407 1374; x_wconf 90' lang='lat'>&amp;</span> <span class='ocrx_word' id='word_1_231' title='bbox 434 1342 588 1372; x_wconf 75' lang='lat' dir='ltr'>haeredibus</span> <span class='ocrx_word' id='word_1_232' title='bbox 614 1341 665 1372; x_wconf 87' lang='lat' dir='ltr'>suis</span> <span class='ocrx_word' id='word_1_233' title='bbox 699 1341 837 1382; x_wconf 69' lang='lat' dir='ltr'>praediffis</span> <span class='ocrx_word' id='word_1_234' title='bbox 863 1340 1024 1379; x_wconf 78' lang='lat' dir='ltr'>poffidenda</span> <span class='ocrx_word' id='word_1_235' title='bbox 1050 1340 1192 1371; x_wconf 86' lang='lat' dir='ltr'>concede-</span> 
     </span>
    </p>

    <p class='ocr_par' dir='ltr' id='par_1_9' title="bbox 171 1392 241 1412">
     <span class='ocr_line' id='line_1_29' title="bbox 171 1392 241 1412; baseline -0.014 0"><span class='ocrx_word' id='word_1_236' title='bbox 171 1392 241 1412; x_wconf 79' lang='lat' dir='ltr'>mUS.</span> 
     </span>
    </p>

    <p class='ocr_par' dir='ltr' id='par_1_10' title="bbox 131 1405 1194 1652">
     <span class='ocr_line' id='line_1_30' title="bbox 131 1405 1193 1459; baseline -0.003 -8"><span class='ocrx_word' id='word_1_237' title='bbox 131 1405 151 1422; x_wconf 55' lang='grc' dir='ltr'>υ</span> <span class='ocrx_word' id='word_1_238' title='bbox 167 1444 187 1459; x_wconf 93' lang='lat'>„</span> <span class='ocrx_word' id='word_1_239' title='bbox 207 1421 255 1450; x_wconf 89' lang='lat' dir='ltr'>De</span> <span class='ocrx_word' id='word_1_240' title='bbox 274 1418 365 1450; x_wconf 86' lang='lat' dir='ltr'>castro</span> <span class='ocrx_word' id='word_1_241' title='bbox 382 1427 475 1450; x_wconf 89' lang='lat' dir='ltr'>autern</span> <span class='ocrx_word' id='word_1_242' title='bbox 490 1417 525 1448; x_wconf 92' lang='lat' dir='ltr'>de</span> <span class='ocrx_word' id='word_1_243' title='bbox 537 1417 582 1448; x_wconf 84' lang='lat' dir='ltr'>W</span> <span class='ocrx_word' id='word_1_244' title='bbox 582 1418 701 1458; x_wconf 75' lang='lat' dir='ltr'>ytinton.</span> <span class='ocrx_word' id='word_1_245' title='bbox 720 1416 819 1447; x_wconf 87' lang='lat' dir='ltr'>habeat</span> <span class='ocrx_word' id='word_1_246' title='bbox 831 1416 921 1447; x_wconf 62' lang='lat' dir='ltr'>dietus</span> <span class='ocrx_word' id='word_1_247' title='bbox 937 1415 1072 1457; x_wconf 86' lang='lat' dir='ltr'>Princeps</span> <span class='ocrx_word' id='word_1_248' title='bbox 1086 1417 1193 1448; x_wconf 89' lang='lat' dir='ltr'>Domi-</span> 
     </span>
     <span class='ocr_line' id='line_1_31' title="bbox 131 1454 1192 1499; baseline -0.003 -10"><span class='ocrx_word' id='word_1_249' title='bbox 131 1482 152 1499; x_wconf 91' lang='lat'>„</span> <span class='ocrx_word' id='word_1_250' title='bbox 168 1461 248 1489; x_wconf 90' lang='lat' dir='ltr'>nium</span> <span class='ocrx_word' id='word_1_251' title='bbox 271 1459 307 1488; x_wconf 83' lang='lat' dir='ltr'>ita</span> <span class='ocrx_word' id='word_1_252' title='bbox 331 1457 408 1496; x_wconf 86' lang='lat' dir='ltr'>quod</span> <span class='ocrx_word' id='word_1_253' title='bbox 423 1458 510 1487; x_wconf 83' lang='lat' dir='ltr'>haeres</span> <span class='ocrx_word' id='word_1_254' title='bbox 525 1455 650 1494; x_wconf 51' lang='lat' dir='ltr'>praedicti</span> <span class='ocrx_word' id='word_1_255' title='bbox 666 1454 759 1490; x_wconf 81' lang='lat' dir='ltr'>Castri</span> <span class='ocrx_word' id='word_1_256' title='bbox 772 1455 852 1486; x_wconf 85' lang='lat' dir='ltr'>faciat</span> <span class='ocrx_word' id='word_1_257' title='bbox 863 1454 955 1485; x_wconf 83' lang='lat' dir='ltr'>eidem</span> <span class='ocrx_word' id='word_1_258' title='bbox 970 1454 1094 1495; x_wconf 89' lang='lat' dir='ltr'>Principi</span> <span class='ocrx_word' id='word_1_259' title='bbox 1108 1456 1192 1486; x_wconf 83' lang='lat' dir='ltr'>servi-</span> 
     </span>
     <span class='ocr_line' id='line_1_32' title="bbox 132 1493 1191 1536; baseline -0.002 -9"><span class='ocrx_word' id='word_1_260' title='bbox 132 1521 152 1536; x_wconf 91' lang='lat'>„</span> <span class='ocrx_word' id='word_1_261' title='bbox 167 1498 255 1535; x_wconf 89' lang='lat' dir='ltr'>tium,</span> <span class='ocrx_word' id='word_1_262' title='bbox 271 1495 423 1526; x_wconf 71' lang='lat' dir='ltr'>secundum</span> <span class='ocrx_word' id='word_1_263' title='bbox 446 1495 523 1536; x_wconf 89' lang='lat' dir='ltr'>quod</span> <span class='ocrx_word' id='word_1_264' title='bbox 536 1494 719 1525; x_wconf 78' lang='lat' dir='ltr'>antecessores</span> <span class='ocrx_word' id='word_1_265' title='bbox 730 1494 799 1532; x_wconf 64' lang='lat' dir='ltr'>dieti</span> <span class='ocrx_word' id='word_1_266' title='bbox 818 1493 933 1524; x_wconf 77' lang='lat' dir='ltr'>haeredis</span> <span class='ocrx_word' id='word_1_267' title='bbox 946 1495 1191 1533; x_wconf 75' lang='lat' dir='ltr'>praedecefforibus</span> 
     </span>
     <span class='ocr_line' id='line_1_33' title="bbox 131 1532 1194 1575; baseline -0.003 -10"><span class='ocrx_word' id='word_1_268' title='bbox 131 1559 152 1575; x_wconf 87' lang='lat'><strong>„</strong></span> <span class='ocrx_word' id='word_1_269' title='bbox 171 1535 276 1574; x_wconf 78' lang='lat' dir='ltr'>praefati</span> <span class='ocrx_word' id='word_1_270' title='bbox 297 1534 434 1574; x_wconf 83' lang='lat' dir='ltr'>Principis</span> <span class='ocrx_word' id='word_1_271' title='bbox 457 1534 524 1564; x_wconf 89' lang='lat' dir='ltr'>inde</span> <span class='ocrx_word' id='word_1_272' title='bbox 545 1533 638 1564; x_wconf 87' lang='lat' dir='ltr'>facere</span> <span class='ocrx_word' id='word_1_273' title='bbox 658 1532 860 1563; x_wconf 87' lang='lat' dir='ltr'>debuerunt&amp;</span> <span class='ocrx_word' id='word_1_274' title='bbox 875 1535 1097 1567; x_wconf 79' lang='lat' dir='ltr'>consueverunt:</span> <span class='ocrx_word' id='word_1_275' title='bbox 1137 1533 1194 1572; x_wconf 85' lang='lat' dir='ltr'>Et,</span> 
     </span>
     <span class='ocr_line' id='line_1_34' title="bbox 132 1570 1193 1614; baseline -0.001 -10"><span class='ocrx_word' id='word_1_276' title='bbox 132 1597 153 1614; x_wconf 88' lang='lat'>„</span> <span class='ocrx_word' id='word_1_277' title='bbox 170 1574 190 1604; x_wconf 87' lang='lat' dir='ltr'>fi</span> <span class='ocrx_word' id='word_1_278' title='bbox 206 1572 296 1604; x_wconf 69' lang='lat' dir='ltr'>dietus</span> <span class='ocrx_word' id='word_1_279' title='bbox 309 1573 394 1603; x_wconf 75' lang='lat' dir='ltr'>haeres</span> <span class='ocrx_word' id='word_1_280' title='bbox 406 1582 504 1603; x_wconf 84' lang='lat' dir='ltr'>contra</span> <span class='ocrx_word' id='word_1_281' title='bbox 518 1573 628 1603; x_wconf 58' lang='lat' dir='ltr'>dietum</span> <span class='ocrx_word' id='word_1_282' title='bbox 641 1570 803 1608; x_wconf 89' lang='lat' dir='ltr'>Principem</span> <span class='ocrx_word' id='word_1_283' title='bbox 817 1571 862 1601; x_wconf 90' lang='lat' dir='ltr'>vel</span> <span class='ocrx_word' id='word_1_284' title='bbox 875 1571 936 1601; x_wconf 89' lang='lat' dir='ltr'>suos</span> <span class='ocrx_word' id='word_1_285' title='bbox 949 1571 1107 1611; x_wconf 81' lang='lat' dir='ltr'>delinquat,</span> <span class='ocrx_word' id='word_1_286' title='bbox 1126 1572 1193 1603; x_wconf 88' lang='lat' dir='ltr'>illud</span> 
     </span>
     <span class='ocr_line' id='line_1_35' title="bbox 132 1609 964 1652; baseline -0.001 -10"><span class='ocrx_word' id='word_1_287' title='bbox 132 1635 154 1652; x_wconf 91' lang='lat'>„</span> <span class='ocrx_word' id='word_1_288' title='bbox 171 1612 324 1643; x_wconf 90' lang='lat' dir='ltr'>secundum</span> <span class='ocrx_word' id='word_1_289' title='bbox 338 1611 410 1651; x_wconf 87' lang='lat' dir='ltr'>leges</span> <span class='ocrx_word' id='word_1_290' title='bbox 424 1612 458 1647; x_wconf 66' lang='grc' dir='ltr'>ὃς</span> <span class='ocrx_word' id='word_1_291' title='bbox 472 1610 684 1641; x_wconf 77' lang='lat' dir='ltr'>conluetudines</span> <span class='ocrx_word' id='word_1_292' title='bbox 698 1610 811 1639; x_wconf 82' lang='lat' dir='ltr'>Walliae</span> <span class='ocrx_word' id='word_1_293' title='bbox 825 1609 964 1641; x_wconf 87' lang='lat' dir='ltr'>emendet.</span> 
     </span>
    </p>

    <p class='ocr_par' dir='ltr' id='par_1_11' title="bbox 134 1647 1197 1881">
     <span class='ocr_line' id='line_1_36' title="bbox 170 1647 1195 1689; baseline -0.002 -9"><span class='ocrx_word' id='word_1_294' title='bbox 170 1674 191 1689; x_wconf 90' lang='lat'>„</span> <span class='ocrx_word' id='word_1_295' title='bbox 208 1648 266 1680; x_wconf 92' lang='lat' dir='ltr'>Pro</span> <span class='ocrx_word' id='word_1_296' title='bbox 286 1649 448 1687; x_wconf 87' lang='lat' dir='ltr'>Principatu</span> <span class='ocrx_word' id='word_1_297' title='bbox 467 1656 577 1687; x_wconf 86' lang='lat' dir='ltr'>autem,</span> <span class='ocrx_word' id='word_1_298' title='bbox 604 1648 750 1678; x_wconf 87' lang='lat' dir='ltr'>Dominiis</span> <span class='ocrx_word' id='word_1_299' title='bbox 791 1647 903 1687; x_wconf 88' lang='lat' dir='ltr'>Terris,</span> <span class='ocrx_word' id='word_1_300' title='bbox 921 1648 1041 1686; x_wconf 82' lang='lat' dir='ltr'>Castris,</span> <span class='ocrx_word' id='word_1_301' title='bbox 1060 1647 1195 1678; x_wconf 85' lang='lat' dir='ltr'>Hiindre-</span> 
     </span>
     <span class='ocr_line' id='line_1_37' title="bbox 134 1670 1196 1728; baseline -0.001 -10"><span class='ocrx_word' id='word_1_302' title='bbox 134 1712 156 1728; x_wconf 81' lang='lat'>‚,</span> <span class='ocrx_word' id='word_1_303' title='bbox 175 1689 232 1727; x_wconf 83' lang='lat' dir='ltr'>dis,</span> <span class='ocrx_word' id='word_1_304' title='bbox 248 1688 372 1727; x_wconf 82' lang='lat' dir='ltr'>Seisinis,</span> <span class='ocrx_word' id='word_1_305' title='bbox 391 1687 424 1718; x_wconf 89' lang='lat'>&amp;</span> <span class='ocrx_word' id='word_1_306' title='bbox 445 1688 577 1717; x_wconf 88' lang='lat' dir='ltr'>omnibus</span> <span class='ocrx_word' id='word_1_307' title='bbox 599 1687 655 1716; x_wconf 83' lang='lat' dir='ltr'>aliis</span> <span class='ocrx_word' id='word_1_308' title='bbox 669 1670 825 1724; x_wconf 65' lang='lat' dir='ltr'>supradietis</span> <span class='ocrx_word' id='word_1_309' title='bbox 839 1687 942 1717; x_wconf 86' lang='lat' dir='ltr'>facient</span> <span class='ocrx_word' id='word_1_310' title='bbox 957 1687 1105 1725; x_wconf 59' lang='lat' dir='ltr'>praedictus</span> <span class='ocrx_word' id='word_1_311' title='bbox 1115 1686 1196 1717; x_wconf 90' lang='lat' dir='ltr'>Prin-</span> 
     </span>
     <span class='ocr_line' id='line_1_38' title="bbox 135 1724 1197 1767; baseline -0.003 -9"><span class='ocrx_word' id='word_1_312' title='bbox 135 1750 156 1767; x_wconf 90' lang='lat'>„</span> <span class='ocrx_word' id='word_1_313' title='bbox 175 1737 239 1766; x_wconf 84' lang='lat' dir='ltr'>ceps</span> <span class='ocrx_word' id='word_1_314' title='bbox 256 1728 289 1757; x_wconf 90' lang='lat'>&amp;</span> <span class='ocrx_word' id='word_1_315' title='bbox 311 1726 436 1757; x_wconf 80' lang='lat' dir='ltr'>haeredes</span> <span class='ocrx_word' id='word_1_316' title='bbox 454 1726 491 1755; x_wconf 88' lang='lat' dir='ltr'>sui</span> <span class='ocrx_word' id='word_1_317' title='bbox 511 1725 652 1763; x_wconf 71' lang='lat' dir='ltr'>praediffl,</span> <span class='ocrx_word' id='word_1_318' title='bbox 671 1735 722 1763; x_wconf 87' lang='lat' dir='ltr'>pro</span> <span class='ocrx_word' id='word_1_319' title='bbox 743 1724 769 1756; x_wconf 88' lang='lat' dir='ltr'>se</span> <span class='ocrx_word' id='word_1_320' title='bbox 790 1725 823 1755; x_wconf 88' lang='lat'>&amp;</span> <span class='ocrx_word' id='word_1_321' title='bbox 839 1724 1016 1765; x_wconf 84' lang='lat' dir='ltr'>Magnatibus</span> <span class='ocrx_word' id='word_1_322' title='bbox 1029 1725 1098 1764; x_wconf 85' lang='lat' dir='ltr'>suis,</span> <span class='ocrx_word' id='word_1_323' title='bbox 1115 1726 1197 1756; x_wconf 84' lang='lat' dir='ltr'>nobis</span> 
     </span>
     <span class='ocr_line' id='line_1_39' title="bbox 135 1763 1197 1806; baseline -0.002 -10"><span class='ocrx_word' id='word_1_324' title='bbox 135 1789 157 1806; x_wconf 87' lang='lat'>„</span> <span class='ocrx_word' id='word_1_325' title='bbox 175 1767 208 1796; x_wconf 90' lang='lat'>&amp;</span> <span class='ocrx_word' id='word_1_326' title='bbox 221 1764 377 1795; x_wconf 79' lang='lat' dir='ltr'>haeredibus</span> <span class='ocrx_word' id='word_1_327' title='bbox 390 1763 488 1794; x_wconf 79' lang='lat' dir='ltr'>n&#39;ostris</span> <span class='ocrx_word' id='word_1_328' title='bbox 499 1763 620 1801; x_wconf 85' lang='lat' dir='ltr'>servitia,</span> <span class='ocrx_word' id='word_1_329' title='bbox 639 1773 704 1801; x_wconf 84' lang='lat' dir='ltr'>quae</span> <span class='ocrx_word' id='word_1_330' title='bbox 717 1763 755 1794; x_wconf 89' lang='lat' dir='ltr'>sui</span> <span class='ocrx_word' id='word_1_331' title='bbox 768 1765 948 1795; x_wconf 65' lang='lat' dir='ltr'>antecessores</span> <span class='ocrx_word' id='word_1_332' title='bbox 960 1765 1060 1803; x_wconf 90' lang='lat' dir='ltr'>nobis,</span> <span class='ocrx_word' id='word_1_333' title='bbox 1075 1765 1112 1795; x_wconf 65' lang='grc' dir='ltr'>δι’,</span> <span class='ocrx_word' id='word_1_334' title='bbox 1124 1775 1197 1802; x_wconf 81' lang='lat' dir='ltr'>prae-</span> 
     </span>
     <span class='ocr_line' id='line_1_40' title="bbox 135 1801 1197 1844; baseline 0.001 -11"><span class='ocrx_word' id='word_1_335' title='bbox 135 1827 156 1844; x_wconf 87' lang='lat'>„</span> <span class='ocrx_word' id='word_1_336' title='bbox 174 1802 362 1835; x_wconf 83' lang='lat' dir='ltr'>decessoribus</span> <span class='ocrx_word' id='word_1_337' title='bbox 377 1801 477 1836; x_wconf 84' lang='lat' dir='ltr'>nostris</span> <span class='ocrx_word' id='word_1_338' title='bbox 483 1824 494 1841; x_wconf 92' lang='lat'>,</span> <span class='ocrx_word' id='word_1_339' title='bbox 511 1801 640 1842; x_wconf 87' lang='lat' dir='ltr'>Regibus</span> <span class='ocrx_word' id='word_1_340' title='bbox 659 1801 788 1843; x_wconf 70' lang='lat' dir='ltr'>Anghae,</span> <span class='ocrx_word' id='word_1_341' title='bbox 806 1802 872 1833; x_wconf 85' lang='lat' dir='ltr'>inde</span> <span class='ocrx_word' id='word_1_342' title='bbox 890 1803 980 1835; x_wconf 82' lang='lat' dir='ltr'>facere</span> <span class='ocrx_word' id='word_1_343' title='bbox 993 1803 1150 1834; x_wconf 82' lang='lat' dir='ltr'>debuerunt</span> <span class='ocrx_word' id='word_1_344' title='bbox 1164 1804 1197 1834; x_wconf 73' lang='grc' dir='ltr'>δε</span> 
     </span>
     <span class='ocr_line' id='line_1_41' title="bbox 138 1841 433 1881; baseline -0.003 -10"><span class='ocrx_word' id='word_1_345' title='bbox 138 1864 159 1881; x_wconf 89' lang='lat'>„</span> <span class='ocrx_word' id='word_1_346' title='bbox 177 1841 395 1872; x_wconf 69' lang='lat' dir='ltr'>consueverunt:</span> <span class='ocrx_word' id='word_1_347' title='bbox 429 1847 433 1849; x_wconf 58' lang='lat'><em>⁷</em></span> 
     </span>
    </p>

    <p class='ocr_par' dir='ltr' id='par_1_12' title="bbox 174 1878 434 1919">
     <span class='ocr_line' id='line_1_42' title="bbox 174 1878 434 1919; baseline 0.008 -10"><span class='ocrx_word' id='word_1_348' title='bbox 174 1903 195 1919; x_wconf 87' lang='lat'>„</span> <span class='ocrx_word' id='word_1_349' title='bbox 210 1878 246 1909; x_wconf 93' lang='lat' dir='ltr'>In</span> <span class='ocrx_word' id='word_1_350' title='bbox 261 1880 355 1919; x_wconf 86' lang='lat' dir='ltr'>cujus,</span> <span class='ocrx_word' id='word_1_351' title='bbox 373 1880 434 1911; x_wconf 88' lang='lat' dir='ltr'>&amp;c.</span> 
     </span>
    </p>
   </div>
   <div class='ocr_carea' id='block_1_7' title="bbox 0 680 34 735">
    <p class='ocr_par' dir='ltr' id='par_1_13' title="bbox 0 680 34 735">
     <span class='ocr_line' id='line_1_43' title="bbox 0 680 34 706; baseline 0 0"><span class='ocrx_word' id='word_1_352' title='bbox 0 680 34 706; x_wconf 80' lang='lat'>·3</span> 
     </span>
     <span class='ocr_line' id='line_1_44' title="bbox 0 716 26 735; baseline 0.077 -2"><span class='ocrx_word' id='word_1_353' title='bbox 0 716 26 735; x_wconf 71' lang='lat' dir='ltr'>lt.</span> 
     </span>
    </p>
   </div>
   <div class='ocr_carea' id='block_1_8' title="bbox 171 1946 836 2002">
    <p class='ocr_par' dir='ltr' id='par_1_14' title="bbox 171 1946 836 2002">
     <span class='ocr_line' id='line_1_45' title="bbox 171 1946 836 2002; baseline 0.003 -12"><span class='ocrx_word' id='word_1_354' title='bbox 171 1959 262 1990; x_wconf 88' lang='lat' dir='ltr'>Teste</span> <span class='ocrx_word' id='word_1_355' title='bbox 276 1959 358 2002; x_wconf 79' lang='lat' dir='ltr'>Rege</span> <span class='ocrx_word' id='word_1_356' title='bbox 371 1959 444 1999; x_wconf 86' lang='lat' dir='ltr'>apud</span> <span class='ocrx_word' id='word_1_357' title='bbox 460 1959 622 2000; x_wconf 86' lang='lat' dir='ltr'>Hereford,</span> <span class='ocrx_word' id='word_1_358' title='bbox 641 1970 680 1991; x_wconf 87' lang='lat'>22</span> <span class='ocrx_word' id='word_1_359' title='bbox 694 1946 739 1992; x_wconf 84' lang='lat' dir='ltr'>die</span> <span class='ocrx_word' id='word_1_360' title='bbox 749 1960 836 2000; x_wconf 89' lang='lat' dir='ltr'>Junii.</span> 
     </span>
    </p>
   </div>
   <div class='ocr_carea' id='block_1_9' title="bbox 520 2037 1133 2045">
    <p class='ocr_par' dir='ltr' id='par_1_15' title="bbox 520 2037 1133 2045">
     <span class='ocr_line' id='line_1_46' title="bbox 520 2037 1133 2045; baseline 0 0"><span class='ocrx_word' id='word_1_361' title='bbox 520 2037 1133 2045; x_wconf 95' lang='lat' dir='ltr'> </span> 
     </span>
    </p>
   </div>
   <div class='ocr_carea' id='block_1_10' title="bbox 139 2085 1204 2229">
    <p class='ocr_par' dir='ltr' id='par_1_16' title="bbox 139 2085 1204 2229">
     <span class='ocr_line' id='line_1_47' title="bbox 139 2085 1200 2136; baseline 0 -14"><span class='ocrx_word' id='word_1_362' title='bbox 139 2085 199 2122; x_wconf 76' lang='lat' dir='ltr'>Pro</span> <span class='ocrx_word' id='word_1_363' title='bbox 223 2092 343 2122; x_wconf 81' lang='lat' dir='ltr'>Simone</span> <span class='ocrx_word' id='word_1_364' title='bbox 369 2088 406 2122; x_wconf 85' lang='lat' dir='ltr'>de</span> <span class='ocrx_word' id='word_1_365' title='bbox 435 2089 610 2133; x_wconf 84' lang='lat' dir='ltr'>Montfort‚</span> <span class='ocrx_word' id='word_1_366' title='bbox 634 2092 670 2127; x_wconf 64' lang='grc' dir='ltr'>σὰ·</span> <span class='ocrx_word' id='word_1_367' title='bbox 700 2087 834 2121; x_wconf 71' lang='lat' dir='ltr'>omnibns</span> <span class='ocrx_word' id='word_1_368' title='bbox 851 2093 882 2121; x_wconf 83' lang='lat' dir='ltr'>in</span> <span class='ocrx_word' id='word_1_369' title='bbox 899 2086 1027 2136; x_wconf 69' lang='lat' dir='ltr'>quolibet</span> <span class='ocrx_word' id='word_1_370' title='bbox 1047 2091 1200 2122; x_wconf 76' lang='lat' dir='ltr'>comitatu</span> 
     </span>
     <span class='ocr_line' id='line_1_48' title="bbox 181 2136 1204 2185; baseline 0.002 -16"><span class='ocrx_word' id='word_1_371' title='bbox 181 2141 266 2182; x_wconf 82' lang='lat' dir='ltr'>pacis</span> <span class='ocrx_word' id='word_1_372' title='bbox 297 2136 480 2180; x_wconf 71' lang='lat' dir='ltr'>custodibus,</span> <span class='ocrx_word' id='word_1_373' title='bbox 513 2137 558 2170; x_wconf 55' lang='grc' dir='ltr'>(ια’</span> <span class='ocrx_word' id='word_1_374' title='bbox 577 2136 780 2184; x_wconf 75' lang='lat' dir='ltr'>gravandum</span> <span class='ocrx_word' id='word_1_375' title='bbox 797 2137 984 2172; x_wconf 71' lang='lat' dir='ltr'>Edwardum</span> <span class='ocrx_word' id='word_1_376' title='bbox 993 2136 1098 2182; x_wconf 82' lang='lat' dir='ltr'>filium</span> <span class='ocrx_word' id='word_1_377' title='bbox 1119 2141 1204 2185; x_wconf 82' lang='lat' dir='ltr'>Regis</span> 
     </span>
     <span class='ocr_line' id='line_1_49' title="bbox 187 2183 1003 2229; baseline 0.006 -12"><span class='ocrx_word' id='word_1_378' title='bbox 187 2188 223 2223; x_wconf 58' lang='grc' dir='ltr'><em>ὠ</em></span> <span class='ocrx_word' id='word_1_379' title='bbox 246 2198 342 2218; x_wconf 79' lang='lat' dir='ltr'>omnes</span> <span class='ocrx_word' id='word_1_380' title='bbox 345 2183 407 2229; x_wconf 78' lang='lat' dir='ltr'>fibi</span> <span class='ocrx_word' id='word_1_381' title='bbox 423 2186 610 2220; x_wconf 74' lang='lat' dir='ltr'>adhaerentes.</span> <span class='ocrx_word' id='word_1_382' title='bbox 648 2210 649 2214; x_wconf 64' lang='lat'>,</span> <span class='ocrx_word' id='word_1_383' title='bbox 693 2212 695 2214; x_wconf 91' lang='lat'><em>-</em></span> <span class='ocrx_word' id='word_1_384' title='bbox 998 2204 1003 2207; x_wconf 62' lang='grc'><em>”</em></span> 
     </span>
    </p>
   </div>
   <div class='ocr_carea' id='block_1_11' title="bbox 45 2273 1216 3166">
    <p class='ocr_par' dir='ltr' id='par_1_17' title="bbox 45 2273 1216 3166">
     <span class='ocr_line' id='line_1_50' title="bbox 115 2273 810 2332; baseline 0.003 -27"><span class='ocrx_word' id='word_1_385' title='bbox 115 2292 121 2299; x_wconf 85' lang='grc'>-</span> <span class='ocrx_word' id='word_1_386' title='bbox 142 2298 163 2314; x_wconf 93' lang='lat'><em>„</em></span> <span class='ocrx_word' id='word_1_387' title='bbox 179 2273 307 2332; x_wconf 76' lang='lat' dir='ltr'>REX</span> <span class='ocrx_word' id='word_1_388' title='bbox 326 2275 437 2307; x_wconf 88' lang='lat' dir='ltr'>Simoni</span> <span class='ocrx_word' id='word_1_389' title='bbox 458 2277 494 2308; x_wconf 91' lang='lat' dir='ltr'>de</span> <span class='ocrx_word' id='word_1_390' title='bbox 516 2275 810 2317; x_wconf 87' lang='lat' dir='ltr'>MontefortiJuniori</span> 
     </span>
     <span class='ocr_line' id='line_1_51' title="bbox 254 2315 984 2352; baseline 0.001 -8"><span class='ocrx_word' id='word_1_391' title='bbox 254 2337 276 2352; x_wconf 88' lang='lat'>„</span> <span class='ocrx_word' id='word_1_392' title='bbox 295 2315 395 2345; x_wconf 88' lang='lat' dir='ltr'>tatibus</span> <span class='ocrx_word' id='word_1_393' title='bbox 409 2315 485 2350; x_wconf 72' lang='lat' dir='ltr'>Surr.</span> <span class='ocrx_word' id='word_1_394' title='bbox 505 2316 538 2347; x_wconf 91' lang='lat'>&amp;</span> <span class='ocrx_word' id='word_1_395' title='bbox 556 2316 802 2347; x_wconf 56' lang='lat' dir='ltr'>Su&#39;l&#39;iexjialutem.</span> <span class='ocrx_word' id='word_1_396' title='bbox 980 2336 984 2339; x_wconf 87' lang='lat'>-</span> 
     </span>
     <span class='ocr_line' id='line_1_52' title="bbox 183 2352 1208 2393; baseline 0 -10"><span class='ocrx_word' id='word_1_397' title='bbox 183 2375 205 2391; x_wconf 82' lang='lat'><strong>„</strong></span> <span class='ocrx_word' id='word_1_398' title='bbox 223 2352 302 2383; x_wconf 91' lang='lat' dir='ltr'>Cum</span> <span class='ocrx_word' id='word_1_399' title='bbox 322 2352 476 2385; x_wconf 84' lang='lat' dir='ltr'>Edwardus</span> <span class='ocrx_word' id='word_1_400' title='bbox 499 2354 569 2385; x_wconf 87' lang='lat' dir='ltr'>filius</span> <span class='ocrx_word' id='word_1_401' title='bbox 590 2354 702 2393; x_wconf 85' lang='lat' dir='ltr'>noster,</span> <span class='ocrx_word' id='word_1_402' title='bbox 727 2355 761 2385; x_wconf 91' lang='lat'>&amp;</span> <span class='ocrx_word' id='word_1_403' title='bbox 776 2354 923 2385; x_wconf 88' lang='lat' dir='ltr'>Gilbertus</span> <span class='ocrx_word' id='word_1_404' title='bbox 941 2355 977 2385; x_wconf 88' lang='lat' dir='ltr'>de</span> <span class='ocrx_word' id='word_1_405' title='bbox 995 2353 1079 2384; x_wconf 89' lang='lat' dir='ltr'>Clare</span> <span class='ocrx_word' id='word_1_406' title='bbox 1099 2353 1208 2384; x_wconf 86' lang='lat' dir='ltr'>Comes</span> 
     </span>
     <span class='ocr_line' id='line_1_53' title="bbox 146 2391 1209 2432; baseline 0.001 -11"><span class='ocrx_word' id='word_1_407' title='bbox 146 2415 166 2431; x_wconf 86' lang='lat'>„</span> <span class='ocrx_word' id='word_1_408' title='bbox 185 2391 391 2431; x_wconf 79' lang='lat' dir='ltr'>Gloucestriae,</span> <span class='ocrx_word' id='word_1_409' title='bbox 410 2394 463 2423; x_wconf 74' lang='lat' dir='ltr'>una</span> <span class='ocrx_word' id='word_1_410' title='bbox 476 2403 545 2423; x_wconf 91' lang='lat' dir='ltr'>cum</span> <span class='ocrx_word' id='word_1_411' title='bbox 553 2393 685 2432; x_wconf 87' lang='lat' dir='ltr'>Johanne</span> <span class='ocrx_word' id='word_1_412' title='bbox 698 2393 734 2423; x_wconf 90' lang='lat' dir='ltr'>de</span> <span class='ocrx_word' id='word_1_413' title='bbox 747 2393 893 2423; x_wconf 88' lang='lat' dir='ltr'>Warenna</span> <span class='ocrx_word' id='word_1_414' title='bbox 902 2415 912 2431; x_wconf 88' lang='lat'>,</span> <span class='ocrx_word' id='word_1_415' title='bbox 929 2392 1089 2423; x_wconf 83' lang='lat' dir='ltr'>Williclmo</span> <span class='ocrx_word' id='word_1_416' title='bbox 1102 2392 1137 2422; x_wconf 88' lang='lat' dir='ltr'>de</span> <span class='ocrx_word' id='word_1_417' title='bbox 1152 2391 1209 2422; x_wconf 91' lang='lat' dir='ltr'>Va-</span> 
     </span>
     <span class='ocr_line' id='line_1_54' title="bbox 45 2429 1210 2470; baseline 0.002 -11"><span class='ocrx_word' id='word_1_418' title='bbox 45 2449 50 2453; x_wconf 87' lang='lat'>·</span> <span class='ocrx_word' id='word_1_419' title='bbox 101 2449 106 2454; x_wconf 89' lang='lat'>-</span> <span class='ocrx_word' id='word_1_420' title='bbox 147 2453 167 2469; x_wconf 84' lang='lat'>‚,</span> <span class='ocrx_word' id='word_1_421' title='bbox 186 2429 285 2469; x_wconf 86' lang='lat' dir='ltr'>lentia,</span> <span class='ocrx_word' id='word_1_422' title='bbox 303 2430 420 2469; x_wconf 84' lang='lat' dir='ltr'>Rogero</span> <span class='ocrx_word' id='word_1_423' title='bbox 434 2432 470 2461; x_wconf 90' lang='lat' dir='ltr'>de</span> <span class='ocrx_word' id='word_1_424' title='bbox 485 2431 716 2470; x_wconf 78' lang='lat' dir='ltr'>Mortuo-Mari,</span> <span class='ocrx_word' id='word_1_425' title='bbox 729 2431 790 2469; x_wconf 88' lang='lat' dir='ltr'>Jac.</span> <span class='ocrx_word' id='word_1_426' title='bbox 806 2431 842 2460; x_wconf 89' lang='lat' dir='ltr'>de</span> <span class='ocrx_word' id='word_1_427' title='bbox 862 2430 927 2460; x_wconf 88' lang='lat' dir='ltr'>Ald.</span> <span class='ocrx_word' id='word_1_428' title='bbox 943 2441 975 2460; x_wconf 86' lang='lat' dir='ltr'>ac</span> <span class='ocrx_word' id='word_1_429' title='bbox 996 2431 1052 2460; x_wconf 87' lang='lat' dir='ltr'>aliis</span> <span class='ocrx_word' id='word_1_430' title='bbox 1068 2431 1210 2461; x_wconf 82' lang='lat' dir='ltr'>nonnullis</span> 
     </span>
     <span class='ocr_line' id='line_1_55' title="bbox 145 2468 1210 2508; baseline 0.001 -10"><span class='ocrx_word' id='word_1_431' title='bbox 145 2491 168 2508; x_wconf 89' lang='lat'>„</span> <span class='ocrx_word' id='word_1_432' title='bbox 185 2469 332 2499; x_wconf 84' lang='lat' dir='ltr'>rebellibus</span> <span class='ocrx_word' id='word_1_433' title='bbox 352 2468 469 2507; x_wconf 87' lang='lat' dir='ltr'>nostris,</span> <span class='ocrx_word' id='word_1_434' title='bbox 487 2470 536 2499; x_wconf 86' lang='lat' dir='ltr'>fibi</span> <span class='ocrx_word' id='word_1_435' title='bbox 556 2469 777 2506; x_wconf 82' lang='lat' dir='ltr'>adhaetentibus,</span> <span class='ocrx_word' id='word_1_436' title='bbox 803 2468 933 2507; x_wconf 81' lang='lat' dir='ltr'>quasdam</span> <span class='ocrx_word' id='word_1_437' title='bbox 952 2468 1038 2498; x_wconf 88' lang='lat' dir='ltr'>Villas</span> <span class='ocrx_word' id='word_1_438' title='bbox 1055 2470 1089 2499; x_wconf 85' lang='lat'>&amp;</span> <span class='ocrx_word' id='word_1_439' title='bbox 1111 2468 1210 2499; x_wconf 87' lang='lat' dir='ltr'>Castra</span> 
     </span>
     <span class='ocr_line' id='line_1_56' title="bbox 147 2506 1210 2546; baseline 0 -10"><span class='ocrx_word' id='word_1_440' title='bbox 147 2529 168 2546; x_wconf 87' lang='lat'>„</span> <span class='ocrx_word' id='word_1_441' title='bbox 209 2517 237 2536; x_wconf 86' lang='lat' dir='ltr'>er</span> <span class='ocrx_word' id='word_1_442' title='bbox 252 2515 353 2537; x_wconf 82' lang='lat' dir='ltr'>terram</span> <span class='ocrx_word' id='word_1_443' title='bbox 368 2506 494 2537; x_wconf 85' lang='lat' dir='ltr'>nostram</span> <span class='ocrx_word' id='word_1_444' title='bbox 504 2508 563 2545; x_wconf 86' lang='lat' dir='ltr'>jam</span> <span class='ocrx_word' id='word_1_445' title='bbox 587 2516 730 2545; x_wconf 89' lang='lat' dir='ltr'>occupent</span> <span class='ocrx_word' id='word_1_446' title='bbox 744 2506 897 2544; x_wconf 88' lang='lat' dir='ltr'>hostiliter,</span> <span class='ocrx_word' id='word_1_447' title='bbox 916 2515 946 2537; x_wconf 91' lang='lat' dir='ltr'>ut</span> <span class='ocrx_word' id='word_1_448' title='bbox 962 2506 1064 2544; x_wconf 71' lang='lat' dir='ltr'>nostis,</span> <span class='ocrx_word' id='word_1_449' title='bbox 1081 2516 1167 2537; x_wconf 83' lang='lat' dir='ltr'>novas</span> <span class='ocrx_word' id='word_1_450' title='bbox 1181 2508 1210 2536; x_wconf 90' lang='lat' dir='ltr'>in</span> 
     </span>
     <span class='ocr_line' id='line_1_57' title="bbox 147 2516 1212 2585; baseline 0 -11"><span class='ocrx_word' id='word_1_451' title='bbox 147 2568 168 2585; x_wconf 85' lang='lat'>„</span> <span class='ocrx_word' id='word_1_452' title='bbox 187 2516 293 2584; x_wconf 56' lang='lat' dir='ltr'>Regno</span> <span class='ocrx_word' id='word_1_453' title='bbox 308 2543 407 2575; x_wconf 88' lang='lat' dir='ltr'>nostro</span> <span class='ocrx_word' id='word_1_454' title='bbox 418 2555 526 2584; x_wconf 81' lang='lat' dir='ltr'>guerras</span> <span class='ocrx_word' id='word_1_455' title='bbox 540 2545 711 2585; x_wconf 83' lang='lat' dir='ltr'>suscitando,</span> <span class='ocrx_word' id='word_1_456' title='bbox 732 2545 768 2575; x_wconf 87' lang='lat' dir='ltr'>de</span> <span class='ocrx_word' id='word_1_457' title='bbox 783 2555 843 2583; x_wconf 87' lang='lat' dir='ltr'>quo</span> <span class='ocrx_word' id='word_1_458' title='bbox 855 2555 915 2575; x_wconf 92' lang='lat' dir='ltr'>non</span> <span class='ocrx_word' id='word_1_459' title='bbox 928 2545 1107 2575; x_wconf 81' lang='lat' dir='ltr'>mediocriter</span> <span class='ocrx_word' id='word_1_460' title='bbox 1119 2544 1212 2574; x_wconf 85' lang='lat' dir='ltr'>sumus</span> 
     </span>
     <span class='ocr_line' id='line_1_58' title="bbox 147 2582 1211 2622; baseline 0 -10"><span class='ocrx_word' id='word_1_461' title='bbox 147 2605 169 2622; x_wconf 92' lang='lat'>„</span> <span class='ocrx_word' id='word_1_462' title='bbox 185 2585 328 2613; x_wconf 86' lang='lat' dir='ltr'>commoti</span> <span class='ocrx_word' id='word_1_463' title='bbox 348 2584 382 2613; x_wconf 70' lang='grc' dir='ltr'>δε</span> <span class='ocrx_word' id='word_1_464' title='bbox 401 2584 462 2613; x_wconf 85' lang='lat' dir='ltr'>irati</span> <span class='ocrx_word' id='word_1_465' title='bbox 497 2584 534 2615; x_wconf 90' lang='lat' dir='ltr'>de</span> <span class='ocrx_word' id='word_1_466' title='bbox 556 2584 691 2615; x_wconf 81' lang='lat' dir='ltr'>fidelitatis</span> <span class='ocrx_word' id='word_1_467' title='bbox 711 2584 811 2614; x_wconf 86' lang='lat' dir='ltr'>vestrae</span> <span class='ocrx_word' id='word_1_468' title='bbox 831 2583 987 2614; x_wconf 69' lang='lat' dir='ltr'>constantia</span> <span class='ocrx_word' id='word_1_469' title='bbox 1000 2583 1113 2613; x_wconf 85' lang='lat' dir='ltr'>firmam</span> <span class='ocrx_word' id='word_1_470' title='bbox 1128 2582 1211 2613; x_wconf 88' lang='lat' dir='ltr'>indu-</span> 
     </span>
     <span class='ocr_line' id='line_1_59' title="bbox 150 2605 1094 2661; baseline 0.005 -10"><span class='ocrx_word' id='word_1_471' title='bbox 150 2644 171 2660; x_wconf 89' lang='lat'>„</span> <span class='ocrx_word' id='word_1_472' title='bbox 189 2622 305 2652; x_wconf 82' lang='lat' dir='ltr'>bitatam</span> <span class='ocrx_word' id='word_1_473' title='bbox 319 2630 444 2661; x_wconf 85' lang='lat' dir='ltr'>gerentes</span> <span class='ocrx_word' id='word_1_474' title='bbox 459 2605 609 2661; x_wconf 67' lang='lat' dir='ltr'>fiduciam,</span> <span class='ocrx_word' id='word_1_475' title='bbox 975 2638 977 2642; x_wconf 60' lang='lat'><strong><em>⁴</em></strong></span> <span class='ocrx_word' id='word_1_476' title='bbox 1064 2635 1066 2638; x_wconf 73' lang='grc'>’</span> <span class='ocrx_word' id='word_1_477' title='bbox 1093 2635 1094 2639; x_wconf 73' lang='grc'>’</span> 
     </span>
     <span class='ocr_line' id='line_1_60' title="bbox 188 2659 1214 2699; baseline -0.001 -10"><span class='ocrx_word' id='word_1_478' title='bbox 188 2682 209 2698; x_wconf 84' lang='lat'>,‚</span> <span class='ocrx_word' id='word_1_479' title='bbox 229 2659 319 2690; x_wconf 91' lang='lat' dir='ltr'>Vobis</span> <span class='ocrx_word' id='word_1_480' title='bbox 342 2659 522 2698; x_wconf 82' lang='lat' dir='ltr'>mandamus,</span> <span class='ocrx_word' id='word_1_481' title='bbox 538 2661 568 2690; x_wconf 92' lang='lat' dir='ltr'>in</span> <span class='ocrx_word' id='word_1_482' title='bbox 583 2660 653 2699; x_wconf 85' lang='lat' dir='ltr'>fide,</span> <span class='ocrx_word' id='word_1_483' title='bbox 668 2660 802 2699; x_wconf 83' lang='lat' dir='ltr'>homagio</span> <span class='ocrx_word' id='word_1_484' title='bbox 816 2661 849 2692; x_wconf 90' lang='lat'>&amp;</span> <span class='ocrx_word' id='word_1_485' title='bbox 863 2659 1028 2698; x_wconf 70' lang='lat' dir='ltr'>dilefflone,</span> <span class='ocrx_word' id='word_1_486' title='bbox 1046 2659 1146 2699; x_wconf 87' lang='lat' dir='ltr'>quibus</span> <span class='ocrx_word' id='word_1_487' title='bbox 1161 2669 1214 2689; x_wconf 91' lang='lat' dir='ltr'>no-</span> 
     </span>
     <span class='ocr_line' id='line_1_61' title="bbox 150 2698 1212 2739; baseline 0 -12"><span class='ocrx_word' id='word_1_488' title='bbox 150 2721 171 2738; x_wconf 86' lang='lat'>„</span> <span class='ocrx_word' id='word_1_489' title='bbox 191 2699 232 2728; x_wconf 90' lang='lat' dir='ltr'>bis</span> <span class='ocrx_word' id='word_1_490' title='bbox 247 2699 399 2736; x_wconf 85' lang='lat' dir='ltr'>tenemini,</span> <span class='ocrx_word' id='word_1_491' title='bbox 414 2707 540 2737; x_wconf 85' lang='lat' dir='ltr'>rogantes</span> <span class='ocrx_word' id='word_1_492' title='bbox 551 2699 584 2729; x_wconf 90' lang='lat'>&amp;</span> <span class='ocrx_word' id='word_1_493' title='bbox 602 2699 718 2729; x_wconf 85' lang='lat' dir='ltr'>firmiter</span> <span class='ocrx_word' id='word_1_494' title='bbox 732 2700 922 2739; x_wconf 82' lang='lat' dir='ltr'>injungentes,</span> <span class='ocrx_word' id='word_1_495' title='bbox 937 2707 1069 2739; x_wconf 82' lang='lat' dir='ltr'>quatenus</span> <span class='ocrx_word' id='word_1_496' title='bbox 1081 2698 1164 2728; x_wconf 88' lang='lat' dir='ltr'>nobis</span> <span class='ocrx_word' id='word_1_497' title='bbox 1179 2699 1212 2728; x_wconf 88' lang='lat'>&amp;</span> 
     </span>
     <span class='ocr_line' id='line_1_62' title="bbox 151 2736 1213 2776; baseline 0.001 -10"><span class='ocrx_word' id='word_1_498' title='bbox 151 2760 171 2776; x_wconf 90' lang='lat'>„</span> <span class='ocrx_word' id='word_1_499' title='bbox 189 2737 342 2774; x_wconf 81' lang='lat' dir='ltr'>omnibus,</span> <span class='ocrx_word' id='word_1_500' title='bbox 359 2738 428 2775; x_wconf 86' lang='lat' dir='ltr'>parti</span> <span class='ocrx_word' id='word_1_501' title='bbox 440 2736 546 2767; x_wconf 83' lang='lat' dir='ltr'>nostrae</span> <span class='ocrx_word' id='word_1_502' title='bbox 557 2736 776 2776; x_wconf 70' lang='lat' dir='ltr'>adhaerentibus,</span> <span class='ocrx_word' id='word_1_503' title='bbox 795 2737 941 2768; x_wconf 86' lang='lat' dir='ltr'>consih&#39;um</span> <span class='ocrx_word' id='word_1_504' title='bbox 953 2738 986 2768; x_wconf 89' lang='lat'>&amp;</span> <span class='ocrx_word' id='word_1_505' title='bbox 994 2737 1147 2775; x_wconf 81' lang='lat' dir='ltr'>juvamen,</span> <span class='ocrx_word' id='word_1_506' title='bbox 1161 2745 1213 2774; x_wconf 89' lang='lat' dir='ltr'>pro</span> 
     </span>
     <span class='ocr_line' id='line_1_63' title="bbox 151 2774 1212 2815; baseline 0.001 -11"><span class='ocrx_word' id='word_1_507' title='bbox 151 2798 172 2814; x_wconf 85' lang='lat'>„</span> <span class='ocrx_word' id='word_1_508' title='bbox 190 2775 294 2805; x_wconf 87' lang='lat' dir='ltr'>viribus</span> <span class='ocrx_word' id='word_1_509' title='bbox 313 2775 346 2805; x_wconf 65' lang='grc' dir='ltr'>ὃς</span> <span class='ocrx_word' id='word_1_510' title='bbox 365 2774 443 2814; x_wconf 82' lang='lat' dir='ltr'>poffe</span> <span class='ocrx_word' id='word_1_511' title='bbox 456 2774 566 2814; x_wconf 91' lang='lat' dir='ltr'>vestro,</span> <span class='ocrx_word' id='word_1_512' title='bbox 583 2776 753 2813; x_wconf 72' lang='lat' dir='ltr'>impendatis</span> <span class='ocrx_word' id='word_1_513' title='bbox 768 2775 802 2806; x_wconf 87' lang='lat' dir='ltr'>ad</span> <span class='ocrx_word' id='word_1_514' title='bbox 816 2776 980 2806; x_wconf 87' lang='lat' dir='ltr'>nocendum</span> <span class='ocrx_word' id='word_1_515' title='bbox 994 2776 1027 2805; x_wconf 88' lang='lat'><strong>&amp;</strong></span> <span class='ocrx_word' id='word_1_516' title='bbox 1039 2776 1212 2815; x_wconf 85' lang='lat' dir='ltr'>gravandum</span> 
     </span>
     <span class='ocr_line' id='line_1_64' title="bbox 151 2812 1215 2853; baseline 0 -10"><span class='ocrx_word' id='word_1_517' title='bbox 151 2837 172 2853; x_wconf 89' lang='lat'><em>„</em></span> <span class='ocrx_word' id='word_1_518' title='bbox 188 2812 352 2851; x_wconf 60' lang='lat' dir='ltr'>praedictos,</span> <span class='ocrx_word' id='word_1_519' title='bbox 370 2814 403 2844; x_wconf 89' lang='lat'>&amp;</span> <span class='ocrx_word' id='word_1_520' title='bbox 421 2813 604 2853; x_wconf 85' lang='lat' dir='ltr'>quoscunque</span> <span class='ocrx_word' id='word_1_521' title='bbox 625 2815 693 2845; x_wconf 88' lang='lat' dir='ltr'>alios</span> <span class='ocrx_word' id='word_1_522' title='bbox 715 2815 829 2845; x_wconf 87' lang='lat' dir='ltr'>rebelles</span> <span class='ocrx_word' id='word_1_523' title='bbox 848 2814 977 2853; x_wconf 89' lang='lat' dir='ltr'>nostros,</span> <span class='ocrx_word' id='word_1_524' title='bbox 992 2814 1026 2844; x_wconf 91' lang='lat'>&amp;</span> <span class='ocrx_word' id='word_1_525' title='bbox 1046 2823 1145 2844; x_wconf 87' lang='lat' dir='ltr'>omnes</span> <span class='ocrx_word' id='word_1_526' title='bbox 1166 2824 1215 2843; x_wconf 90' lang='lat' dir='ltr'>eo-</span> 
     </span>
     <span class='ocr_line' id='line_1_65' title="bbox 151 2851 1215 2892; baseline 0.001 -11"><span class='ocrx_word' id='word_1_527' title='bbox 151 2875 172 2891; x_wconf 93' lang='lat'>„</span> <span class='ocrx_word' id='word_1_528' title='bbox 189 2862 252 2882; x_wconf 89' lang='lat' dir='ltr'>rum</span> <span class='ocrx_word' id='word_1_529' title='bbox 267 2851 421 2890; x_wconf 81' lang='lat' dir='ltr'>imprifios,</span> <span class='ocrx_word' id='word_1_530' title='bbox 436 2851 490 2882; x_wconf 86' lang='lat' dir='ltr'>suae</span> <span class='ocrx_word' id='word_1_531' title='bbox 504 2854 573 2892; x_wconf 85' lang='lat' dir='ltr'>parti</span> <span class='ocrx_word' id='word_1_532' title='bbox 587 2851 774 2892; x_wconf 88' lang='lat' dir='ltr'>adhaerentes,</span> <span class='ocrx_word' id='word_1_533' title='bbox 792 2853 885 2883; x_wconf 88' lang='lat' dir='ltr'>modis</span> <span class='ocrx_word' id='word_1_534' title='bbox 898 2854 1030 2883; x_wconf 86' lang='lat' dir='ltr'>omnibus</span> <span class='ocrx_word' id='word_1_535' title='bbox 1043 2853 1142 2890; x_wconf 82' lang='lat' dir='ltr'>quibus</span> <span class='ocrx_word' id='word_1_536' title='bbox 1155 2862 1215 2882; x_wconf 88' lang='lat' dir='ltr'>me-</span> 
     </span>
     <span class='ocr_line' id='line_1_66' title="bbox 152 2890 1214 2931; baseline 0 -11"><span class='ocrx_word' id='word_1_537' title='bbox 152 2913 172 2930; x_wconf 86' lang='lat'>„</span> <span class='ocrx_word' id='word_1_538' title='bbox 191 2890 240 2922; x_wconf 90' lang='lat' dir='ltr'>lius</span> <span class='ocrx_word' id='word_1_539' title='bbox 264 2890 387 2920; x_wconf 87' lang='lat' dir='ltr'>videritis</span> <span class='ocrx_word' id='word_1_540' title='bbox 406 2891 552 2930; x_wconf 69' lang='lat' dir='ltr'>expedire,</span> <span class='ocrx_word' id='word_1_541' title='bbox 569 2891 658 2922; x_wconf 87' lang='lat' dir='ltr'>taliter</span> <span class='ocrx_word' id='word_1_542' title='bbox 673 2901 726 2922; x_wconf 88' lang='lat' dir='ltr'>vos</span> <span class='ocrx_word' id='word_1_543' title='bbox 739 2892 871 2922; x_wconf 88' lang='lat' dir='ltr'>habentes</span> <span class='ocrx_word' id='word_1_544' title='bbox 881 2892 911 2922; x_wconf 90' lang='lat' dir='ltr'>in</span> <span class='ocrx_word' id='word_1_545' title='bbox 925 2892 976 2922; x_wconf 91' lang='lat' dir='ltr'>hac</span> <span class='ocrx_word' id='word_1_546' title='bbox 991 2899 1066 2930; x_wconf 86' lang='lat' dir='ltr'>parte</span> <span class='ocrx_word' id='word_1_547' title='bbox 1078 2891 1155 2931; x_wconf 84' lang='lat' dir='ltr'>quod</span> <span class='ocrx_word' id='word_1_548' title='bbox 1172 2891 1214 2920; x_wconf 84' lang='lat' dir='ltr'>di-</span> 
     </span>
     <span class='ocr_line' id='line_1_67' title="bbox 152 2929 1216 2970; baseline 0.001 -12"><span class='ocrx_word' id='word_1_549' title='bbox 152 2952 173 2968; x_wconf 92' lang='lat'>„</span> <span class='ocrx_word' id='word_1_550' title='bbox 192 2929 332 2969; x_wconf 85' lang='lat' dir='ltr'>ligentiam</span> <span class='ocrx_word' id='word_1_551' title='bbox 353 2929 386 2959; x_wconf 91' lang='lat'>&amp;</span> <span class='ocrx_word' id='word_1_552' title='bbox 407 2930 576 2966; x_wconf 88' lang='lat' dir='ltr'>probitatem</span> <span class='ocrx_word' id='word_1_553' title='bbox 595 2930 716 2961; x_wconf 83' lang='lat' dir='ltr'>vestram</span> <span class='ocrx_word' id='word_1_554' title='bbox 728 2953 739 2970; x_wconf 86' lang='lat'>,</span> <span class='ocrx_word' id='word_1_555' title='bbox 762 2940 827 2968; x_wconf 86' lang='lat' dir='ltr'>quas</span> <span class='ocrx_word' id='word_1_556' title='bbox 847 2939 990 2970; x_wconf 86' lang='lat' dir='ltr'>promptas</span> <span class='ocrx_word' id='word_1_557' title='bbox 1009 2931 1042 2962; x_wconf 86' lang='lat'>&amp;</span> <span class='ocrx_word' id='word_1_558' title='bbox 1064 2930 1216 2960; x_wconf 85' lang='lat' dir='ltr'>infallibiles</span> 
     </span>
     <span class='ocr_line' id='line_1_68' title="bbox 155 2968 1216 3037; baseline 0.001 -40"><span class='ocrx_word' id='word_1_559' title='bbox 155 2990 177 3007; x_wconf 87' lang='lat'>„</span> <span class='ocrx_word' id='word_1_560' title='bbox 189 2968 330 3037; x_wconf 55' lang='grc' dir='ltr'>ἒεξὶεηυε</span> <span class='ocrx_word' id='word_1_561' title='bbox 349 2968 526 3007; x_wconf 86' lang='lat' dir='ltr'>invenimus,</span> <span class='ocrx_word' id='word_1_562' title='bbox 543 2970 681 3009; x_wconf 83' lang='lat' dir='ltr'>perpetuis</span> <span class='ocrx_word' id='word_1_563' title='bbox 698 2969 871 3009; x_wconf 86' lang='lat' dir='ltr'>temporibus</span> <span class='ocrx_word' id='word_1_564' title='bbox 891 2970 995 2999; x_wconf 76' lang='lat' dir='ltr'>merito</span> <span class='ocrx_word' id='word_1_565' title='bbox 1015 2968 1216 3000; x_wconf 83' lang='lat' dir='ltr'>commendare</span> 
     </span>
     <span class='ocr_line' id='line_1_69' title="bbox 209 3015 671 3037; baseline 0.002 -1"><span class='ocrx_word' id='word_1_566' title='bbox 209 3016 225 3036; x_wconf 89' lang='lat' dir='ltr'>e</span> <span class='ocrx_word' id='word_1_567' title='bbox 247 3015 348 3036; x_wconf 90' lang='lat' dir='ltr'>eamus.</span> <span class='ocrx_word' id='word_1_568' title='bbox 642 3023 644 3025; x_wconf 81' lang='grc'><strong>-</strong></span> <span class='ocrx_word' id='word_1_569' title='bbox 669 3034 671 3037; x_wconf 93' lang='grc'>.</span> 
     </span>
     <span class='ocr_line' id='line_1_70' title="bbox 154 3028 1215 3085; baseline 0.001 -12"><span class='ocrx_word' id='word_1_570' title='bbox 154 3028 175 3061; x_wconf 80' lang='lat'>&#39;.&#39;</span> <span class='ocrx_word' id='word_1_571' title='bbox 190 3066 211 3081; x_wconf 91' lang='lat'>„</span> <span class='ocrx_word' id='word_1_572' title='bbox 229 3046 244 3060; x_wconf 68' lang='lat'>³*</span> <span class='ocrx_word' id='word_1_573' title='bbox 259 3042 298 3073; x_wconf 89' lang='lat' dir='ltr'>Et</span> <span class='ocrx_word' id='word_1_574' title='bbox 312 3065 322 3081; x_wconf 90' lang='lat'>,</span> <span class='ocrx_word' id='word_1_575' title='bbox 346 3051 378 3074; x_wconf 91' lang='lat' dir='ltr'>ut</span> <span class='ocrx_word' id='word_1_576' title='bbox 397 3045 530 3075; x_wconf 86' lang='lat' dir='ltr'>omnibus</span> <span class='ocrx_word' id='word_1_577' title='bbox 548 3046 582 3076; x_wconf 92' lang='lat'>&amp;</span> <span class='ocrx_word' id='word_1_578' title='bbox 605 3046 715 3085; x_wconf 80' lang='lat' dir='ltr'>lingulis</span> <span class='ocrx_word' id='word_1_579' title='bbox 734 3044 932 3076; x_wconf 75' lang='lat' dir='ltr'>comitatuum</span> <span class='ocrx_word' id='word_1_580' title='bbox 954 3045 1157 3085; x_wconf 63' lang='lat' dir='ltr'>praedietorum</span> <span class='ocrx_word' id='word_1_581' title='bbox 1179 3045 1215 3075; x_wconf 88' lang='lat' dir='ltr'>de</span> 
     </span>
     <span class='ocr_line' id='line_1_71' title="bbox 152 3081 1215 3125; baseline 0.004 -15"><span class='ocrx_word' id='word_1_582' title='bbox 152 3104 176 3120; x_wconf 88' lang='lat'>„</span> <span class='ocrx_word' id='word_1_583' title='bbox 195 3081 340 3125; x_wconf 82' lang='lat' dir='ltr'>proposito</span> <span class='ocrx_word' id='word_1_584' title='bbox 359 3082 393 3112; x_wconf 75' lang='grc' dir='ltr'>ὅτ,</span> <span class='ocrx_word' id='word_1_585' title='bbox 413 3082 559 3113; x_wconf 89' lang='lat' dir='ltr'>voluntate</span> <span class='ocrx_word' id='word_1_586' title='bbox 576 3084 668 3115; x_wconf 88' lang='lat' dir='ltr'>nostra</span> <span class='ocrx_word' id='word_1_587' title='bbox 680 3087 753 3116; x_wconf 86' lang='lat' dir='ltr'>circa</span> <span class='ocrx_word' id='word_1_588' title='bbox 770 3084 907 3123; x_wconf 77' lang='lat' dir='ltr'>praemiffa</span> <span class='ocrx_word' id='word_1_589' title='bbox 924 3083 1031 3124; x_wconf 86' lang='lat' dir='ltr'>plenius</span> <span class='ocrx_word' id='word_1_590' title='bbox 1045 3084 1215 3123; x_wconf 80' lang='lat' dir='ltr'>innotescat,</span> 
     </span>
     <span class='ocr_line' id='line_1_72' title="bbox 157 3119 833 3166; baseline 0.004 -17"><span class='ocrx_word' id='word_1_591' title='bbox 157 3142 178 3158; x_wconf 87' lang='lat'>„</span> <span class='ocrx_word' id='word_1_592' title='bbox 195 3120 241 3151; x_wconf 78' lang='lat' dir='ltr'>has</span> <span class='ocrx_word' id='word_1_593' title='bbox 261 3119 361 3166; x_wconf 75' lang='lat' dir='ltr'>litteras</span> <span class='ocrx_word' id='word_1_594' title='bbox 372 3119 487 3165; x_wconf 22' lang='lat' dir='ltr'>“nostras</span> <span class='ocrx_word' id='word_1_595' title='bbox 494 3120 556 3152; x_wconf 84' lang='lat' dir='ltr'>fieri</span> <span class='ocrx_word' id='word_1_596' title='bbox 571 3122 688 3160; x_wconf 74' lang='lat' dir='ltr'>fecimus</span> <span class='ocrx_word' id='word_1_597' title='bbox 703 3132 833 3161; x_wconf 85' lang='lat' dir='ltr'>patentes.</span> 
     </span>
    </p>
   </div>
   <div class='ocr_carea' id='block_1_12' title="bbox 817 2276 1207 2321">
    <p class='ocr_par' dir='ltr' id='par_1_18' title="bbox 817 2276 1207 2321">
     <span class='ocr_line' id='line_1_73' title="bbox 817 2276 1207 2321; baseline -0.003 -13"><span class='ocrx_word' id='word_1_598' title='bbox 817 2300 827 2316; x_wconf 92' lang='lat'>,</span> <span class='ocrx_word' id='word_1_599' title='bbox 844 2276 954 2308; x_wconf 88' lang='lat' dir='ltr'>custodi</span> <span class='ocrx_word' id='word_1_600' title='bbox 968 2278 1043 2317; x_wconf 85' lang='lat' dir='ltr'>pacis</span> <span class='ocrx_word' id='word_1_601' title='bbox 1056 2277 1207 2321; x_wconf 72' lang='lat' dir='ltr'>inCorni-</span> 
     </span>
    </p>
   </div>
   <div class='ocr_carea' id='block_1_13' title="bbox 0 2978 132 3016">
    <p class='ocr_par' dir='ltr' id='par_1_19' title="bbox 0 2978 132 3016">
     <span class='ocr_line' id='line_1_74' title="bbox 0 2978 132 3016; baseline -0.023 -7"><span class='ocrx_word' id='word_1_602' title='bbox 0 2978 132 3016; x_wconf 59' lang='lat' dir='ltr'>SI.815.</span> 
     </span>
    </p>
   </div>
   <div class='ocr_carea' id='block_1_14' title="bbox 197 3198 911 3241">
    <p class='ocr_par' dir='ltr' id='par_1_20' title="bbox 197 3198 911 3241">
     <span class='ocr_line' id='line_1_75' title="bbox 197 3198 911 3241; baseline 0.006 -11"><span class='ocrx_word' id='word_1_603' title='bbox 197 3223 219 3239; x_wconf 90' lang='lat'><strong>„</strong></span> <span class='ocrx_word' id='word_1_604' title='bbox 237 3199 325 3231; x_wconf 91' lang='lat' dir='ltr'>Teste</span> <span class='ocrx_word' id='word_1_605' title='bbox 338 3199 421 3241; x_wconf 82' lang='lat' dir='ltr'>Rege</span> <span class='ocrx_word' id='word_1_606' title='bbox 433 3200 507 3241; x_wconf 87' lang='lat' dir='ltr'>apud</span> <span class='ocrx_word' id='word_1_607' title='bbox 521 3198 699 3240; x_wconf 86' lang='lat' dir='ltr'>Monemue,</span> <span class='ocrx_word' id='word_1_608' title='bbox 716 3202 752 3233; x_wconf 86' lang='lat'>28</span> <span class='ocrx_word' id='word_1_609' title='bbox 767 3202 813 3233; x_wconf 90' lang='lat' dir='ltr'>die</span> <span class='ocrx_word' id='word_1_610' title='bbox 823 3202 911 3241; x_wconf 89' lang='lat' dir='ltr'>Junii.</span> 
     </span>
    </p>
   </div>
   <div class='ocr_carea' id='block_1_15' title="bbox 138 3279 1215 3406">
    <p class='ocr_par' dir='ltr' id='par_1_21' title="bbox 138 3279 1215 3406">
     <span class='ocr_line' id='line_1_76' title="bbox 194 3279 1215 3322; baseline 0.003 -13"><span class='ocrx_word' id='word_1_611' title='bbox 194 3303 215 3320; x_wconf 85' lang='lat'><em>„</em></span> <span class='ocrx_word' id='word_1_612' title='bbox 230 3279 379 3320; x_wconf 78' lang='lat' dir='ltr'>Confimiles</span> <span class='ocrx_word' id='word_1_613' title='bbox 396 3280 482 3310; x_wconf 84' lang='lat' dir='ltr'>literae</span> <span class='ocrx_word' id='word_1_614' title='bbox 504 3281 658 3316; x_wconf 82' lang='lat' dir='ltr'>diriguntur</span> <span class='ocrx_word' id='word_1_615' title='bbox 672 3283 778 3312; x_wconf 85' lang='lat' dir='ltr'>Briano</span> <span class='ocrx_word' id='word_1_616' title='bbox 796 3284 828 3313; x_wconf 79' lang='lat' dir='ltr'>de</span> <span class='ocrx_word' id='word_1_617' title='bbox 846 3286 936 3314; x_wconf 81' lang='lat' dir='ltr'>Goinz</span> <span class='ocrx_word' id='word_1_618' title='bbox 949 3305 959 3321; x_wconf 91' lang='lat'>,</span> <span class='ocrx_word' id='word_1_619' title='bbox 980 3281 1077 3322; x_wconf 84' lang='lat' dir='ltr'>custodi</span> <span class='ocrx_word' id='word_1_620' title='bbox 1094 3284 1168 3321; x_wconf 79' lang='lat' dir='ltr'>pacis</span> <span class='ocrx_word' id='word_1_621' title='bbox 1186 3284 1215 3309; x_wconf 86' lang='lat' dir='ltr'>in</span> 
     </span>
     <span class='ocr_line' id='line_1_77' title="bbox 158 3316 1215 3361; baseline -0.003 -10"><span class='ocrx_word' id='word_1_622' title='bbox 158 3343 178 3359; x_wconf 65' lang='lat'>,2</span> <span class='ocrx_word' id='word_1_623' title='bbox 198 3318 376 3354; x_wconf 59' lang='lat' dir='ltr'>Comitatibus</span> <span class='ocrx_word' id='word_1_624' title='bbox 395 3316 523 3354; x_wconf 77' lang='lat' dir='ltr'>Somerset</span> <span class='ocrx_word' id='word_1_625' title='bbox 543 3317 581 3353; x_wconf 67' lang='grc' dir='ltr'>ὀ·</span> <span class='ocrx_word' id='word_1_626' title='bbox 598 3317 679 3357; x_wconf 72' lang='lat' dir='ltr'>Dors.¹</span> <span class='ocrx_word' id='word_1_627' title='bbox 690 3319 728 3354; x_wconf 67' lang='grc' dir='ltr'>ὠ·</span> <span class='ocrx_word' id='word_1_628' title='bbox 740 3322 848 3360; x_wconf 74' lang='lat' dir='ltr'>Hugoni</span> <span class='ocrx_word' id='word_1_629' title='bbox 863 3319 979 3352; x_wconf 80' lang='lat' dir='ltr'>Peverel</span> <span class='ocrx_word' id='word_1_630' title='bbox 992 3320 1087 3361; x_wconf 85' lang='lat' dir='ltr'>custodi</span> <span class='ocrx_word' id='word_1_631' title='bbox 1099 3324 1173 3359; x_wconf 76' lang='lat' dir='ltr'>pacis</span> <span class='ocrx_word' id='word_1_632' title='bbox 1186 3323 1215 3349; x_wconf 80' lang='lat' dir='ltr'>in</span> 
     </span>
     <span class='ocr_line' id='line_1_78' title="bbox 138 3354 1179 3406; baseline -0.001 -18"><span class='ocrx_word' id='word_1_633' title='bbox 138 3398 140 3401; x_wconf 24' lang='lat' dir='ltr'>v</span> <span class='ocrx_word' id='word_1_634' title='bbox 159 3381 179 3397; x_wconf 89' lang='lat'>„</span> <span class='ocrx_word' id='word_1_635' title='bbox 198 3361 333 3388; x_wconf 85' lang='lat' dir='ltr'>Comitatu</span> <span class='ocrx_word' id='word_1_636' title='bbox 351 3360 461 3406; x_wconf 69' lang='lat' dir='ltr'>Devon.</span> <span class='ocrx_word' id='word_1_637' title='bbox 476 3354 513 3393; x_wconf 63' lang='grc' dir='ltr'>ᾤ’</span> <span class='ocrx_word' id='word_1_638' title='bbox 525 3355 644 3396; x_wconf 68' lang='lat' dir='ltr'>Raduh‘o</span> <span class='ocrx_word' id='word_1_639' title='bbox 657 3358 690 3387; x_wconf 84' lang='lat' dir='ltr'>de</span> <span class='ocrx_word' id='word_1_640' title='bbox 703 3359 850 3399; x_wconf 82' lang='lat' dir='ltr'>Arundel,</span> <span class='ocrx_word' id='word_1_641' title='bbox 868 3359 906 3395; x_wconf 66' lang='grc' dir='ltr'>ό·</span> <span class='ocrx_word' id='word_1_642' title='bbox 915 3369 965 3400; x_wconf 83' lang='lat' dir='ltr'>per</span> <span class='ocrx_word' id='word_1_643' title='bbox 978 3362 1068 3390; x_wconf 84' lang='lat' dir='ltr'>eadem</span> <span class='ocrx_word' id='word_1_644' title='bbox 1082 3359 1179 3389; x_wconf 73' lang='lat' dir='ltr'>verba.</span> 
     </span>
    </p>
   </div>
   <div class='ocr_carea' id='block_1_16' title="bbox 159 3424 1215 3517">
    <p class='ocr_par' dir='ltr' id='par_1_22' title="bbox 159 3424 1215 3517">
     <span class='ocr_line' id='line_1_79' title="bbox 196 3424 1215 3479; baseline 0.001 -11"><span class='ocrx_word' id='word_1_645' title='bbox 196 3461 206 3477; x_wconf 93' lang='lat'>,</span> <span class='ocrx_word' id='word_1_646' title='bbox 234 3441 304 3468; x_wconf 86' lang='lat' dir='ltr'>Item</span> <span class='ocrx_word' id='word_1_647' title='bbox 317 3428 449 3477; x_wconf 73' lang='lat' dir='ltr'>scribiiur</span> <span class='ocrx_word' id='word_1_648' title='bbox 467 3433 556 3479; x_wconf 63' lang='lat' dir='ltr'>eodejm&#39;</span> <span class='ocrx_word' id='word_1_649' title='bbox 569 3437 644 3466; x_wconf 79' lang='lat' dir='ltr'>modo</span> <span class='ocrx_word' id='word_1_650' title='bbox 660 3437 736 3467; x_wconf 77' lang='lat' dir='ltr'>Adae</span> <span class='ocrx_word' id='word_1_651' title='bbox 748 3424 881 3477; x_wconf 58' lang='lat' dir='ltr'>Gordian,</span> <span class='ocrx_word' id='word_1_652' title='bbox 898 3438 936 3475; x_wconf 64' lang='grc' dir='ltr'>ὠ·</span> <span class='ocrx_word' id='word_1_653' title='bbox 945 3448 994 3478; x_wconf 79' lang='lat' dir='ltr'>per</span> <span class='ocrx_word' id='word_1_654' title='bbox 1007 3442 1098 3471; x_wconf 78' lang='lat' dir='ltr'>eadem</span> <span class='ocrx_word' id='word_1_655' title='bbox 1111 3439 1215 3477; x_wconf 74' lang='lat' dir='ltr'>verba,</span> 
     </span>
     <span class='ocr_line' id='line_1_80' title="bbox 159 3475 976 3517; baseline 0.002 -11"><span class='ocrx_word' id='word_1_656' title='bbox 159 3500 181 3517; x_wconf 71' lang='lat'>⁷&gt;</span> <span class='ocrx_word' id='word_1_657' title='bbox 208 3488 250 3507; x_wconf 80' lang='lat' dir='ltr'>ine</span> <span class='ocrx_word' id='word_1_658' title='bbox 263 3475 313 3506; x_wconf 80' lang='lat' dir='ltr'>illa</span> <span class='ocrx_word' id='word_1_659' title='bbox 326 3475 462 3517; x_wconf 48' lang='lat' dir='ltr'>densati,</span> <span class='ocrx_word' id='word_1_660' title='bbox 476 3476 510 3507; x_wconf 69' lang='grc' dir='ltr'>ὃς</span> <span class='ocrx_word' id='word_1_661' title='bbox 525 3482 556 3506; x_wconf 88' lang='lat' dir='ltr'>ut</span> <span class='ocrx_word' id='word_1_662' title='bbox 569 3476 703 3508; x_wconf 80' lang='lat' dir='ltr'>omnibus</span> <span class='ocrx_word' id='word_1_663' title='bbox 717 3477 751 3509; x_wconf 87' lang='lat'>&amp;</span> <span class='ocrx_word' id='word_1_664' title='bbox 771 3477 899 3517; x_wconf 80' lang='lat' dir='ltr'>singulis,</span> <span class='ocrx_word' id='word_1_665' title='bbox 917 3480 976 3511; x_wconf 73' lang='lat' dir='ltr'>&amp;c</span> 
     </span>
    </p>
   </div>
   <div class='ocr_carea' id='block_1_17' title="bbox 198 3551 1176 3679">
    <p class='ocr_par' dir='ltr' id='par_1_23' title="bbox 198 3551 1176 3679">
     <span class='ocr_line' id='line_1_81' title="bbox 199 3551 471 3598; baseline -0.015 -8"><span class='ocrx_word' id='word_1_666' title='bbox 199 3582 221 3598; x_wconf 90' lang='lat'>,‚</span> <span class='ocrx_word' id='word_1_667' title='bbox 238 3557 328 3589; x_wconf 88' lang='lat' dir='ltr'>Teste</span> <span class='ocrx_word' id='word_1_668' title='bbox 342 3551 471 3597; x_wconf 76' lang='lat' dir='ltr'>utsupra.</span> 
     </span>
     <span class='ocr_line' id='line_1_82' title="bbox 198 3626 1176 3679; baseline -0.003 -9"><span class='ocrx_word' id='word_1_669' title='bbox 198 3662 221 3679; x_wconf 62' lang='lat'>5„</span> <span class='ocrx_word' id='word_1_670' title='bbox 239 3642 293 3670; x_wconf 84' lang='lat' dir='ltr'>Per</span> <span class='ocrx_word' id='word_1_671' title='bbox 310 3631 568 3677; x_wconf 54' lang='lat' dir='ltr'>Regemcomitem</span> <span class='ocrx_word' id='word_1_672' title='bbox 585 3634 757 3676; x_wconf 77' lang='lat' dir='ltr'>Leicefiriae,</span> <span class='ocrx_word' id='word_1_673' title='bbox 773 3626 873 3678; x_wconf 59' lang='lat' dir='ltr'>Ji&#39;estic.</span> <span class='ocrx_word' id='word_1_674' title='bbox 891 3640 926 3669; x_wconf 86' lang='lat' dir='ltr'>P.</span> <span class='ocrx_word' id='word_1_675' title='bbox 943 3640 976 3670; x_wconf 85' lang='lat' dir='ltr'>de</span> <span class='ocrx_word' id='word_1_676' title='bbox 994 3637 1176 3678; x_wconf 64' lang='lat' dir='ltr'>Bsontqfortt&#39;,</span> 
     </span>
    </p>
   </div>
   <div class='ocr_carea' id='block_1_18' title="bbox 233 3673 712 3759">
    <p class='ocr_par' dir='ltr' id='par_1_24' title="bbox 233 3673 712 3759">
     <span class='ocr_line' id='line_1_83' title="bbox 233 3673 692 3717; baseline -0.004 -10"><span class='ocrx_word' id='word_1_677' title='bbox 233 3701 255 3717; x_wconf 87' lang='lat'>„</span> <span class='ocrx_word' id='word_1_678' title='bbox 271 3679 398 3715; x_wconf 84' lang='lat' dir='ltr'>Egidium</span> <span class='ocrx_word' id='word_1_679' title='bbox 411 3677 444 3706; x_wconf 86' lang='lat' dir='ltr'>de</span> <span class='ocrx_word' id='word_1_680' title='bbox 459 3680 633 3714; x_wconf 81' lang='lat' dir='ltr'>Argentenn.</span> <span class='ocrx_word' id='word_1_681' title='bbox 652 3673 692 3709; x_wconf 74' lang='lat'>&amp;-</span> 
     </span>
     <span class='ocr_line' id='line_1_84' title="bbox 236 3714 712 3759; baseline -0.008 -12"><span class='ocrx_word' id='word_1_682' title='bbox 236 3739 259 3759; x_wconf 59' lang='lat'>,9</span> <span class='ocrx_word' id='word_1_683' title='bbox 275 3719 404 3755; x_wconf 79' lang='lat' dir='ltr'>Rogerum</span> <span class='ocrx_word' id='word_1_684' title='bbox 417 3715 449 3746; x_wconf 81' lang='lat' dir='ltr'>de</span> <span class='ocrx_word' id='word_1_685' title='bbox 460 3716 560 3746; x_wconf 56' lang='lat' dir='ltr'>Sanno</span> <span class='ocrx_word' id='word_1_686' title='bbox 573 3714 712 3754; x_wconf 80' lang='lat' dir='ltr'>Johanne.</span> 
     </span>
    </p>
   </div>
   <div class='ocr_carea' id='block_1_19' title="bbox 271 3803 915 3808">
    <p class='ocr_par' dir='ltr' id='par_1_25' title="bbox 271 3803 915 3808">
     <span class='ocr_line' id='line_1_85' title="bbox 271 3803 915 3808; baseline 0 0"><span class='ocrx_word' id='word_1_687' title='bbox 271 3803 915 3808; x_wconf 95' lang='lat' dir='ltr'> </span> 
     </span>
    </p>
   </div>
   <div class='ocr_carea' id='block_1_20' title="bbox 915 3802 1218 3812">
    <p class='ocr_par' dir='ltr' id='par_1_26' title="bbox 915 3802 1218 3812">
     <span class='ocr_line' id='line_1_86' title="bbox 915 3802 1218 3812; baseline -0.007 -2"><span class='ocrx_word' id='word_1_688' title='bbox 915 3802 1218 3812; x_wconf 28' lang='lat' dir='ltr'>„naq-,q-—r--w--ae</span> 
     </span>
    </p>
   </div>
   <div class='ocr_carea' id='block_1_21' title="bbox 135 3837 1187 3906">
    <p class='ocr_par' dir='ltr' id='par_1_27' title="bbox 135 3837 1187 3906">
     <span class='ocr_line' id='line_1_87' title="bbox 135 3837 1187 3906; baseline -0.002 -16"><span class='ocrx_word' id='word_1_689' title='bbox 135 3897 142 3905; x_wconf 39' lang='lat'>⁸</span> <span class='ocrx_word' id='word_1_690' title='bbox 194 3858 243 3890; x_wconf 83' lang='lat' dir='ltr'>De</span> <span class='ocrx_word' id='word_1_691' title='bbox 263 3859 360 3906; x_wconf 52' lang='lat' dir='ltr'>Regno</span> <span class='ocrx_word' id='word_1_692' title='bbox 381 3858 486 3892; x_wconf 78' lang='lat' dir='ltr'>Siciliae</span> <span class='ocrx_word' id='word_1_693' title='bbox 506 3858 623 3890; x_wconf 85' lang='lat' dir='ltr'>nomine</span> <span class='ocrx_word' id='word_1_694' title='bbox 638 3837 727 3902; x_wconf 51' lang='lat' dir='ltr'>Regis</span> <span class='ocrx_word' id='word_1_695' title='bbox 741 3856 779 3893; x_wconf 66' lang='lat'>&amp;¹</span> <span class='ocrx_word' id='word_1_696' title='bbox 796 3851 957 3887; x_wconf 85' lang='lat' dir='ltr'>Edmundi</span> <span class='ocrx_word' id='word_1_697' title='bbox 976 3854 1187 3889; x_wconf 62' lang='lat' dir='ltr'>renunciandi.</span> 
     </span>
    </p>
   </div>
   <div class='ocr_carea' id='block_1_22' title="bbox 89 3940 1226 4173">
    <p class='ocr_par' dir='ltr' id='par_1_28' title="bbox 122 3940 1223 3987">
     <span class='ocr_line' id='line_1_88' title="bbox 122 3940 1223 3987; baseline -0.006 -7"><span class='ocrx_word' id='word_1_698' title='bbox 122 3972 128 3979; x_wconf 92' lang='lat'>.</span> <span class='ocrx_word' id='word_1_699' title='bbox 165 3969 186 3987; x_wconf 73' lang='lat'>,2</span> <span class='ocrx_word' id='word_1_700' title='bbox 256 3944 374 3984; x_wconf 83' lang='lat' dir='ltr'>Ummo</span> <span class='ocrx_word' id='word_1_701' title='bbox 389 3946 538 3986; x_wconf 86' lang='lat' dir='ltr'>Pontifici,</span> <span class='ocrx_word' id='word_1_702' title='bbox 555 3946 588 3976; x_wconf 69' lang='grc' dir='ltr'>ὅ(</span> <span class='ocrx_word' id='word_1_703' title='bbox 599 3943 750 3976; x_wconf 83' lang='lat' dir='ltr'>venerabili</span> <span class='ocrx_word' id='word_1_704' title='bbox 762 3940 864 3974; x_wconf 77' lang='lat' dir='ltr'>Coetui</span> <span class='ocrx_word' id='word_1_705' title='bbox 879 3940 1072 3975; x_wconf 77' lang='lat' dir='ltr'>Cardinalium</span> <span class='ocrx_word' id='word_1_706' title='bbox 1080 3967 1090 3982; x_wconf 89' lang='lat'>,</span> <span class='ocrx_word' id='word_1_707' title='bbox 1103 3943 1144 3974; x_wconf 89' lang='lat' dir='ltr'>H.</span> <span class='ocrx_word' id='word_1_708' title='bbox 1158 3943 1223 3974; x_wconf 84' lang='lat' dir='ltr'>Rex</span> 
     </span>
    </p>

    <p class='ocr_par' dir='ltr' id='par_1_29' title="bbox 89 3981 1164 4028">
     <span class='ocr_line' id='line_1_89' title="bbox 89 3981 1164 4028; baseline -0.008 -10"><span class='ocrx_word' id='word_1_709' title='bbox 89 3981 94 3988; x_wconf 64' lang='lat'>¹</span> <span class='ocrx_word' id='word_1_710' title='bbox 284 4007 294 4023; x_wconf 86' lang='lat'>,</span> <span class='ocrx_word' id='word_1_711' title='bbox 312 3985 439 4026; x_wconf 83' lang='lat' dir='ltr'>Angliae,</span> <span class='ocrx_word' id='word_1_712' title='bbox 458 3987 518 4018; x_wconf 91' lang='lat' dir='ltr'>&amp;c.</span> <span class='ocrx_word' id='word_1_713' title='bbox 536 3985 656 4028; x_wconf 64' lang='lat' dir='ltr'>salutem.</span> <span class='ocrx_word' id='word_1_714' title='bbox 1160 4022 1164 4026; x_wconf 26' lang='grc' dir='ltr'>η</span> 
     </span>
    </p>

    <p class='ocr_par' dir='ltr' id='par_1_30' title="bbox 240 4007 1224 4063">
     <span class='ocr_line' id='line_1_90' title="bbox 240 4007 1224 4063; baseline -0.004 -9"><span class='ocrx_word' id='word_1_715' title='bbox 240 4007 368 4057; x_wconf 74' lang='lat' dir='ltr'>N&#39;overit</span> <span class='ocrx_word' id='word_1_716' title='bbox 389 4025 480 4056; x_wconf 85' lang='lat' dir='ltr'>vestra</span> <span class='ocrx_word' id='word_1_717' title='bbox 501 4023 650 4056; x_wconf 84' lang='lat' dir='ltr'>Paternitas</span> <span class='ocrx_word' id='word_1_718' title='bbox 670 4019 819 4053; x_wconf 85' lang='lat' dir='ltr'>reverenda</span> <span class='ocrx_word' id='word_1_719' title='bbox 852 4017 946 4063; x_wconf 36' lang='lat' dir='ltr'>,quod</span> <span class='ocrx_word' id='word_1_720' title='bbox 966 4029 1018 4049; x_wconf 79' lang='lat' dir='ltr'>nos</span> <span class='ocrx_word' id='word_1_721' title='bbox 1035 4020 1224 4051; x_wconf 86' lang='lat' dir='ltr'>venerabilem</span> 
     </span>
    </p>

    <p class='ocr_par' dir='ltr' id='par_1_31' title="bbox 92 4041 1226 4108">
     <span class='ocr_line' id='line_1_91' title="bbox 92 4041 1226 4108; baseline -0.006 -13"><span class='ocrx_word' id='word_1_722' title='bbox 92 4088 100 4095; x_wconf 87' lang='lat'>.</span> <span class='ocrx_word' id='word_1_723' title='bbox 167 4086 189 4104; x_wconf 83' lang='lat'>„</span> <span class='ocrx_word' id='word_1_724' title='bbox 206 4046 321 4107; x_wconf 40' lang='lat' dir='ltr'>patre-m</span> <span class='ocrx_word' id='word_1_725' title='bbox 337 4061 513 4108; x_wconf 61' lang='lat' dir='ltr'>Taratafiem</span> <span class='ocrx_word' id='word_1_726' title='bbox 542 4060 721 4101; x_wconf 81' lang='lat' dir='ltr'>Archiepisco</span> <span class='ocrx_word' id='word_1_727' title='bbox 741 4068 791 4090; x_wconf 84' lang='lat' dir='ltr'>um</span> <span class='ocrx_word' id='word_1_728' title='bbox 828 4041 977 4102; x_wconf 48' lang='lat' dir='ltr'>§urionem</span> <span class='ocrx_word' id='word_1_729' title='bbox 997 4057 1034 4087; x_wconf 88' lang='lat' dir='ltr'>de</span> <span class='ocrx_word' id='word_1_730' title='bbox 1051 4057 1226 4088; x_wconf 85' lang='lat' dir='ltr'>Monteforti</span> 
     </span>
    </p>

    <p class='ocr_par' dir='ltr' id='par_1_32' title="bbox 95 4081 1225 4173">
     <span class='ocr_line' id='line_1_92' title="bbox 95 4081 1225 4173; baseline -0.005 -40"><span class='ocrx_word' id='word_1_731' title='bbox 95 4127 102 4134; x_wconf 85' lang='grc'>,</span> <span class='ocrx_word' id='word_1_732' title='bbox 142 4127 147 4132; x_wconf 96' lang='grc'><em>.</em></span> <span class='ocrx_word' id='word_1_733' title='bbox 166 4125 188 4142; x_wconf 89' lang='lat'>„</span> <span class='ocrx_word' id='word_1_734' title='bbox 204 4099 397 4173; x_wconf 54' lang='grc' dir='ltr'>ἓοωιῑΙεωὲ,</span> <span class='ocrx_word' id='word_1_735' title='bbox 427 4100 560 4171; x_wconf 46' lang='lat' dir='ltr'>⁴festnae,</span> <span class='ocrx_word' id='word_1_736' title='bbox 576 4099 693 4133; x_wconf 86' lang='lat' dir='ltr'>Petrum</span> <span class='ocrx_word' id='word_1_737' title='bbox 765 4081 918 4135; x_wconf 68' lang='lat' dir='ltr'>sabaudia,</span> <span class='ocrx_word' id='word_1_738' title='bbox 935 4095 969 4128; x_wconf 93' lang='lat'>&amp;</span> <span class='ocrx_word' id='word_1_739' title='bbox 985 4094 1087 4134; x_wconf 75' lang='lat' dir='ltr'>Johan.</span> <span class='ocrx_word' id='word_1_740' title='bbox 1105 4095 1225 4127; x_wconf 84' lang='lat' dir='ltr'>Manseu</span> 
     </span>
     <span class='ocr_line' id='line_1_93' title="bbox 227 4150 453 4172; baseline 0.004 -1"><span class='ocrx_word' id='word_1_741' title='bbox 227 4150 277 4171; x_wconf 86' lang='lat' dir='ltr'>om.</span> <span class='ocrx_word' id='word_1_742' title='bbox 316 4162 322 4171; x_wconf 86' lang='lat'><em>.</em></span> <span class='ocrx_word' id='word_1_743' title='bbox 388 4163 393 4171; x_wconf 92' lang='lat'><em>.</em></span> <span class='ocrx_word' id='word_1_744' title='bbox 445 4161 453 4172; x_wconf 83' lang='grc'><strong>.</strong></span> 
     </span>
    </p>
   </div>
   <div class='ocr_carea' id='block_1_23' title="bbox 0 3404 145 4261">
    <p class='ocr_par' dir='ltr' id='par_1_33' title="bbox 0 3404 145 4261">
     <span class='ocr_line' id='line_1_94' title="bbox 0 3404 145 4261; baseline 0 0"><span class='ocrx_word' id='word_1_745' title='bbox 0 3404 145 4261; x_wconf 95' lang='lat' dir='ltr'> </span> 
     </span>
    </p>
   </div>
   <div class='ocr_carea' id='block_1_24' title="bbox 1194 1892 1769 1932">
    <p class='ocr_par' dir='ltr' id='par_1_34' title="bbox 1194 1892 1769 1932">
     <span class='ocr_line' id='line_1_95' title="bbox 1194 1892 1769 1932; baseline -0.002 -10"><span class='ocrx_word' id='word_1_746' title='bbox 1194 1899 1197 1903; x_wconf 80' lang='grc'><strong>’</strong></span> <span class='ocrx_word' id='word_1_747' title='bbox 1238 1892 1315 1922; x_wconf 73' lang='lat' dir='ltr'>todiii</span> <span class='ocrx_word' id='word_1_748' title='bbox 1328 1894 1433 1931; x_wconf 76' lang='lat' dir='ltr'>praefati</span> <span class='ocrx_word' id='word_1_749' title='bbox 1447 1893 1588 1932; x_wconf 77' lang='lat' dir='ltr'>Simonis,</span> <span class='ocrx_word' id='word_1_750' title='bbox 1605 1895 1638 1924; x_wconf 87' lang='lat'>&amp;</span> <span class='ocrx_word' id='word_1_751' title='bbox 1651 1894 1769 1924; x_wconf 83' lang='lat' dir='ltr'>aliorum</span> 
     </span>
    </p>
   </div>
   <div class='ocr_carea' id='block_1_25' title="bbox 2221 233 2276 273">
    <p class='ocr_par' dir='ltr' id='par_1_35' title="bbox 2221 233 2276 273">
     <span class='ocr_line' id='line_1_96' title="bbox 2221 233 2276 273; baseline 0.073 -4"><span class='ocrx_word' id='word_1_752' title='bbox 2221 233 2276 273; x_wconf 88' lang='lat'>97</span> 
     </span>
    </p>
   </div>
   <div class='ocr_carea' id='block_1_26' title="bbox 1217 301 2424 609">
    <p class='ocr_par' dir='ltr' id='par_1_36' title="bbox 1217 301 2424 609">
     <span class='ocr_line' id='line_1_97' title="bbox 1218 301 2424 344; baseline 0.003 -11"><span class='ocrx_word' id='word_1_753' title='bbox 1218 326 1239 342; x_wconf 91' lang='lat'>„</span> <span class='ocrx_word' id='word_1_754' title='bbox 1254 303 1386 334; x_wconf 71' lang='lat' dir='ltr'>Thefimr.</span> <span class='ocrx_word' id='word_1_755' title='bbox 1410 305 1496 336; x_wconf 85' lang='lat' dir='ltr'>Ebor.</span> <span class='ocrx_word' id='word_1_756' title='bbox 1516 305 1614 336; x_wconf 86' lang='lat' dir='ltr'>nostro</span> <span class='ocrx_word' id='word_1_757' title='bbox 1633 315 1666 336; x_wconf 90' lang='lat' dir='ltr'>ac</span> <span class='ocrx_word' id='word_1_758' title='bbox 1684 305 1780 336; x_wconf 62' lang='lat' dir='ltr'>dilecti</span> <span class='ocrx_word' id='word_1_759' title='bbox 1800 303 1846 335; x_wconf 82' lang='lat' dir='ltr'>filii</span> <span class='ocrx_word' id='word_1_760' title='bbox 1868 303 1956 334; x_wconf 87' lang='lat' dir='ltr'>nostri</span> <span class='ocrx_word' id='word_1_761' title='bbox 1977 303 2120 337; x_wconf 91' lang='lat' dir='ltr'>Edmundi</span> <span class='ocrx_word' id='word_1_762' title='bbox 2139 306 2273 344; x_wconf 86' lang='lat' dir='ltr'>nomine,</span> <span class='ocrx_word' id='word_1_763' title='bbox 2292 303 2367 333; x_wconf 80' lang='lat' dir='ltr'>Ann-</span> <span class='ocrx_word' id='word_1_764' title='bbox 2386 301 2424 333; x_wconf 78' lang='lat' dir='ltr'>D-</span> 
     </span>
     <span class='ocr_line' id='line_1_98' title="bbox 1218 343 2394 382; baseline 0.003 -11"><span class='ocrx_word' id='word_1_765' title='bbox 1218 362 1238 380; x_wconf 90' lang='lat'><em>„</em></span> <span class='ocrx_word' id='word_1_766' title='bbox 1257 351 1446 379; x_wconf 74' lang='lat' dir='ltr'>procuratores</span> <span class='ocrx_word' id='word_1_767' title='bbox 1460 345 1569 374; x_wconf 86' lang='lat' dir='ltr'>nostros</span> <span class='ocrx_word' id='word_1_768' title='bbox 1580 344 1776 374; x_wconf 74' lang='lat' dir='ltr'>constituimus</span> <span class='ocrx_word' id='word_1_769' title='bbox 1788 344 1820 374; x_wconf 74' lang='grc' dir='ltr'>ὅ(</span> <span class='ocrx_word' id='word_1_770' title='bbox 1836 343 1970 373; x_wconf 87' lang='lat' dir='ltr'>Nuncios</span> <span class='ocrx_word' id='word_1_771' title='bbox 1982 345 2123 382; x_wconf 67' lang='lat' dir='ltr'>speciales,</span> <span class='ocrx_word' id='word_1_772' title='bbox 2312 343 2394 380; x_wconf 79' lang='lat'>1265·</span> 
     </span>
     <span class='ocr_line' id='line_1_99' title="bbox 1253 381 2397 421; baseline 0.002 -11"><span class='ocrx_word' id='word_1_773' title='bbox 1253 402 1274 418; x_wconf 90' lang='lat'>„</span> <span class='ocrx_word' id='word_1_774' title='bbox 1295 381 1400 410; x_wconf 87' lang='lat' dir='ltr'>Dantes</span> <span class='ocrx_word' id='word_1_775' title='bbox 1421 384 1459 410; x_wconf 84' lang='lat' dir='ltr'>eis</span> <span class='ocrx_word' id='word_1_776' title='bbox 1478 383 1587 419; x_wconf 84' lang='lat' dir='ltr'>plenam</span> <span class='ocrx_word' id='word_1_777' title='bbox 1605 383 1638 412; x_wconf 88' lang='lat'><strong>&amp;</strong></span> <span class='ocrx_word' id='word_1_778' title='bbox 1661 383 1774 412; x_wconf 81' lang='lat' dir='ltr'>liberam</span> <span class='ocrx_word' id='word_1_779' title='bbox 1795 381 1958 420; x_wconf 86' lang='lat' dir='ltr'>potestatem</span> <span class='ocrx_word' id='word_1_780' title='bbox 1981 393 2014 412; x_wconf 87' lang='lat' dir='ltr'>ac</span> <span class='ocrx_word' id='word_1_781' title='bbox 2033 383 2148 421; x_wconf 76' lang='lat' dir='ltr'>speciale</span> <span class='ocrx_word' id='word_1_782' title='bbox 2161 382 2276 412; x_wconf 84' lang='lat' dir='ltr'>manda·</span> <span class='ocrx_word' id='word_1_783' title='bbox 2295 386 2353 408; x_wconf 77' lang='lat' dir='ltr'>Hm-</span> <span class='ocrx_word' id='word_1_784' title='bbox 2373 391 2397 416; x_wconf 78' lang='lat'>3·</span> 
     </span>
     <span class='ocr_line' id='line_1_100' title="bbox 1219 420 2277 458; baseline 0.003 -11"><span class='ocrx_word' id='word_1_785' title='bbox 1219 440 1239 456; x_wconf 88' lang='lat'>„</span> <span class='ocrx_word' id='word_1_786' title='bbox 1257 427 1319 448; x_wconf 90' lang='lat' dir='ltr'>tum</span> <span class='ocrx_word' id='word_1_787' title='bbox 1341 420 1519 450; x_wconf 78' lang='lat' dir='ltr'>renunciandi</span> <span class='ocrx_word' id='word_1_788' title='bbox 1540 420 1646 458; x_wconf 80' lang='lat' dir='ltr'>Regno</span> <span class='ocrx_word' id='word_1_789' title='bbox 1663 420 1785 457; x_wconf 34' lang='lat' dir='ltr'>Sicilire,</span> <span class='ocrx_word' id='word_1_790' title='bbox 1812 421 1892 449; x_wconf 75' lang='lat' dir='ltr'>nobis</span> <span class='ocrx_word' id='word_1_791' title='bbox 1914 421 1947 450; x_wconf 89' lang='lat'>&amp;</span> <span class='ocrx_word' id='word_1_792' title='bbox 1967 421 2045 451; x_wconf 62' lang='lat' dir='ltr'>dicto</span> <span class='ocrx_word' id='word_1_793' title='bbox 2067 421 2221 451; x_wconf 84' lang='lat' dir='ltr'>Edmundo</span> <span class='ocrx_word' id='word_1_794' title='bbox 2242 423 2277 450; x_wconf 88' lang='lat' dir='ltr'>ab</span> 
     </span>
     <span class='ocr_line' id='line_1_101' title="bbox 1219 456 2005 496; baseline 0.001 -10"><span class='ocrx_word' id='word_1_795' title='bbox 1219 477 1239 494; x_wconf 87' lang='lat'>„</span> <span class='ocrx_word' id='word_1_796' title='bbox 1258 456 1427 495; x_wconf 84' lang='lat' dir='ltr'>Apostolico</span> <span class='ocrx_word' id='word_1_797' title='bbox 1447 458 1508 487; x_wconf 83' lang='lat' dir='ltr'>sede</span> <span class='ocrx_word' id='word_1_798' title='bbox 1524 457 1674 495; x_wconf 80' lang='lat' dir='ltr'>concello,</span> <span class='ocrx_word' id='word_1_799' title='bbox 1692 458 1710 487; x_wconf 85' lang='lat' dir='ltr'>li</span> <span class='ocrx_word' id='word_1_800' title='bbox 1725 457 1844 488; x_wconf 86' lang='lat' dir='ltr'>viderint</span> <span class='ocrx_word' id='word_1_801' title='bbox 1860 457 2005 496; x_wconf 78' lang='lat' dir='ltr'>expedire;</span> 
     </span>
     <span class='ocr_line' id='line_1_102' title="bbox 1255 495 2278 536; baseline 0.002 -11"><span class='ocrx_word' id='word_1_802' title='bbox 1255 516 1276 532; x_wconf 85' lang='lat'>,‚</span> <span class='ocrx_word' id='word_1_803' title='bbox 1296 495 1403 525; x_wconf 88' lang='lat' dir='ltr'>Ratum</span> <span class='ocrx_word' id='word_1_804' title='bbox 1425 496 1543 526; x_wconf 86' lang='lat' dir='ltr'>habituri</span> <span class='ocrx_word' id='word_1_805' title='bbox 1563 496 1596 526; x_wconf 66' lang='grc' dir='ltr'>ὃς</span> <span class='ocrx_word' id='word_1_806' title='bbox 1616 495 1727 526; x_wconf 85' lang='lat' dir='ltr'>firmum</span> <span class='ocrx_word' id='word_1_807' title='bbox 1750 496 1881 534; x_wconf 82' lang='lat' dir='ltr'>quicquid</span> <span class='ocrx_word' id='word_1_808' title='bbox 1904 498 1911 525; x_wconf 92' lang='lat' dir='ltr'>i</span> <span class='ocrx_word' id='word_1_809' title='bbox 1934 496 1970 534; x_wconf 84' lang='lat' dir='ltr'>li,</span> <span class='ocrx_word' id='word_1_810' title='bbox 1992 497 2037 526; x_wconf 91' lang='lat' dir='ltr'>vel</span> <span class='ocrx_word' id='word_1_811' title='bbox 2058 497 2116 527; x_wconf 89' lang='lat' dir='ltr'>duo</span> <span class='ocrx_word' id='word_1_812' title='bbox 2138 497 2278 536; x_wconf 87' lang='lat' dir='ltr'>ipsorum,</span> 
     </span>
     <span class='ocr_line' id='line_1_103' title="bbox 1218 532 2277 601; baseline 0.004 -39"><span class='ocrx_word' id='word_1_813' title='bbox 1218 554 1238 571; x_wconf 89' lang='lat'>„</span> <span class='ocrx_word' id='word_1_814' title='bbox 1255 535 1373 601; x_wconf 53' lang='lat' dir='ltr'>poniinje</span> <span class='ocrx_word' id='word_1_815' title='bbox 1386 534 1484 564; x_wconf 89' lang='lat' dir='ltr'>nostro</span> <span class='ocrx_word' id='word_1_816' title='bbox 1504 534 1538 564; x_wconf 85' lang='lat'>&amp;</span> <span class='ocrx_word' id='word_1_817' title='bbox 1558 534 1626 564; x_wconf 67' lang='lat' dir='ltr'>dieti</span> <span class='ocrx_word' id='word_1_818' title='bbox 1641 534 1784 564; x_wconf 88' lang='lat' dir='ltr'>Edmundi</span> <span class='ocrx_word' id='word_1_819' title='bbox 1804 532 1851 562; x_wconf 83' lang='lat' dir='ltr'>filii</span> <span class='ocrx_word' id='word_1_820' title='bbox 1865 543 1904 563; x_wconf 89' lang='lat' dir='ltr'>no</span> <span class='ocrx_word' id='word_1_821' title='bbox 1930 535 1969 572; x_wconf 89' lang='lat' dir='ltr'>ri,</span> <span class='ocrx_word' id='word_1_822' title='bbox 1986 535 2064 572; x_wconf 88' lang='lat' dir='ltr'>super</span> <span class='ocrx_word' id='word_1_823' title='bbox 2080 535 2137 565; x_wconf 88' lang='lat' dir='ltr'>hoc</span> <span class='ocrx_word' id='word_1_824' title='bbox 2148 535 2277 566; x_wconf 81' lang='lat' dir='ltr'>duxerint</span> 
     </span>
     <span class='ocr_line' id='line_1_104' title="bbox 1217 581 1422 609; baseline 0 -8"><span class='ocrx_word' id='word_1_825' title='bbox 1217 593 1238 609; x_wconf 94' lang='lat'><em>„</em></span> <span class='ocrx_word' id='word_1_826' title='bbox 1267 581 1344 601; x_wconf 83' lang='lat' dir='ltr'>acien</span> <span class='ocrx_word' id='word_1_827' title='bbox 1365 581 1422 601; x_wconf 90' lang='lat' dir='ltr'>um.</span> 
     </span>
    </p>
   </div>
   <div class='ocr_carea' id='block_1_27' title="bbox 1218 608 2277 724">
    <p class='ocr_par' dir='ltr' id='par_1_37' title="bbox 1218 608 2277 724">
     <span class='ocr_line' id='line_1_105' title="bbox 1254 608 2275 649; baseline 0.002 -10"><span class='ocrx_word' id='word_1_828' title='bbox 1254 631 1264 647; x_wconf 87' lang='lat'>‚</span> <span class='ocrx_word' id='word_1_829' title='bbox 1291 609 1324 639; x_wconf 93' lang='lat' dir='ltr'>In</span> <span class='ocrx_word' id='word_1_830' title='bbox 1346 608 1423 640; x_wconf 75' lang='lat' dir='ltr'>cu&#39;us</span> <span class='ocrx_word' id='word_1_831' title='bbox 1443 611 1480 640; x_wconf 88' lang='lat' dir='ltr'>rei</span> <span class='ocrx_word' id='word_1_832' title='bbox 1495 609 1702 647; x_wconf 82' lang='lat' dir='ltr'>testimonium,</span> <span class='ocrx_word' id='word_1_833' title='bbox 1721 610 1778 639; x_wconf 64' lang='lat' dir='ltr'>tam</span> <span class='ocrx_word' id='word_1_834' title='bbox 1792 618 1843 647; x_wconf 84' lang='lat' dir='ltr'>pro</span> <span class='ocrx_word' id='word_1_835' title='bbox 1857 610 1953 647; x_wconf 87' lang='lat' dir='ltr'>nobis,</span> <span class='ocrx_word' id='word_1_836' title='bbox 1971 620 2055 649; x_wconf 79' lang='lat' dir='ltr'>quam</span> <span class='ocrx_word' id='word_1_837' title='bbox 2072 620 2123 647; x_wconf 88' lang='lat' dir='ltr'>pro</span> <span class='ocrx_word' id='word_1_838' title='bbox 2139 611 2275 648; x_wconf 61' lang='lat' dir='ltr'>praedieto</span> 
     </span>
     <span class='ocr_line' id='line_1_106' title="bbox 1219 632 2277 716; baseline 0.004 -40"><span class='ocrx_word' id='word_1_839' title='bbox 1219 669 1239 685; x_wconf 94' lang='lat'><strong>„</strong></span> <span class='ocrx_word' id='word_1_840' title='bbox 1255 632 1368 716; x_wconf 50' lang='lat' dir='ltr'>lddrrciiun</span> <span class='ocrx_word' id='word_1_841' title='bbox 1388 659 1408 678; x_wconf 95' lang='lat' dir='ltr'>o</span> <span class='ocrx_word' id='word_1_842' title='bbox 1421 671 1430 687; x_wconf 90' lang='lat'>,</span> <span class='ocrx_word' id='word_1_843' title='bbox 1459 649 1634 689; x_wconf 65' lang='lat' dir='ltr'>praesentibus</span> <span class='ocrx_word' id='word_1_844' title='bbox 1654 649 1736 678; x_wconf 85' lang='lat' dir='ltr'>literis</span> <span class='ocrx_word' id='word_1_845' title='bbox 1755 648 1872 686; x_wconf 82' lang='lat' dir='ltr'>sigillum</span> <span class='ocrx_word' id='word_1_846' title='bbox 1892 648 2018 678; x_wconf 88' lang='lat' dir='ltr'>nostrum</span> <span class='ocrx_word' id='word_1_847' title='bbox 2036 649 2166 680; x_wconf 80' lang='lat' dir='ltr'>duximus</span> <span class='ocrx_word' id='word_1_848' title='bbox 2189 660 2277 689; x_wconf 83' lang='lat' dir='ltr'>appo-</span> 
     </span>
     <span class='ocr_line' id='line_1_107' title="bbox 1218 696 1392 724; baseline 0 -8"><span class='ocrx_word' id='word_1_849' title='bbox 1218 708 1238 724; x_wconf 86' lang='lat'>„</span> <span class='ocrx_word' id='word_1_850' title='bbox 1256 696 1312 716; x_wconf 89' lang='lat' dir='ltr'>nen</span> <span class='ocrx_word' id='word_1_851' title='bbox 1334 696 1392 716; x_wconf 90' lang='lat' dir='ltr'>um.</span> 
     </span>
    </p>
   </div>
   <div class='ocr_carea' id='block_1_28' title="bbox 1258 764 2100 807">
    <p class='ocr_par' dir='ltr' id='par_1_38' title="bbox 1258 764 2100 807">
     <span class='ocr_line' id='line_1_108' title="bbox 1258 764 2100 807; baseline 0.004 -12"><span class='ocrx_word' id='word_1_852' title='bbox 1258 787 1278 803; x_wconf 91' lang='lat'>„</span> <span class='ocrx_word' id='word_1_853' title='bbox 1292 764 1381 796; x_wconf 74' lang='lat' dir='ltr'>Teste</span> <span class='ocrx_word' id='word_1_854' title='bbox 1396 766 1478 807; x_wconf 83' lang='lat' dir='ltr'>Rege</span> <span class='ocrx_word' id='word_1_855' title='bbox 1491 766 1564 807; x_wconf 89' lang='lat' dir='ltr'>apud</span> <span class='ocrx_word' id='word_1_856' title='bbox 1577 765 1704 796; x_wconf 70' lang='lat' dir='ltr'>Windec</span> <span class='ocrx_word' id='word_1_857' title='bbox 1723 767 1857 798; x_wconf 84' lang='lat' dir='ltr'>vicefimo</span> <span class='ocrx_word' id='word_1_858' title='bbox 1870 766 1946 798; x_wconf 86' lang='lat' dir='ltr'>sexto</span> <span class='ocrx_word' id='word_1_859' title='bbox 1959 766 2004 798; x_wconf 92' lang='lat' dir='ltr'>die</span> <span class='ocrx_word' id='word_1_860' title='bbox 2013 766 2100 806; x_wconf 89' lang='lat' dir='ltr'>Junii.</span> 
     </span>
    </p>
   </div>
   <div class='ocr_carea' id='block_1_29' title="bbox 1226 890 2286 1326">
    <p class='ocr_par' dir='ltr' id='par_1_39' title="bbox 1226 890 2286 1168">
     <span class='ocr_line' id='line_1_109' title="bbox 1226 890 2279 943; baseline 0.005 -18"><span class='ocrx_word' id='word_1_861' title='bbox 1226 890 1429 927; x_wconf 65' lang='lat' dir='ltr'>*Edwardm</span> <span class='ocrx_word' id='word_1_862' title='bbox 1455 896 1550 928; x_wconf 74' lang='lat' dir='ltr'>Filius</span> <span class='ocrx_word' id='word_1_863' title='bbox 1577 900 1681 943; x_wconf 79' lang='lat' dir='ltr'>Regis,</span> <span class='ocrx_word' id='word_1_864' title='bbox 1708 897 1840 940; x_wconf 61' lang='lat' dir='ltr'>vicesimo</span> <span class='ocrx_word' id='word_1_865' title='bbox 1856 899 1960 932; x_wconf 64' lang='lat' dir='ltr'>offavo</span> <span class='ocrx_word' id='word_1_866' title='bbox 1979 898 2027 931; x_wconf 81' lang='lat' dir='ltr'>die</span> <span class='ocrx_word' id='word_1_867' title='bbox 2045 900 2158 942; x_wconf 63' lang='lat' dir='ltr'>lla‘effis</span> <span class='ocrx_word' id='word_1_868' title='bbox 2176 901 2279 939; x_wconf 82' lang='lat' dir='ltr'>Maii,</span> 
     </span>
     <span class='ocr_line' id='line_1_110' title="bbox 1270 941 2286 993; baseline 0.004 -19"><span class='ocrx_word' id='word_1_869' title='bbox 1270 954 1285 974; x_wconf 82' lang='lat' dir='ltr'>e</span> <span class='ocrx_word' id='word_1_870' title='bbox 1303 941 1460 984; x_wconf 70' lang='lat' dir='ltr'>Custodum</span> <span class='ocrx_word' id='word_1_871' title='bbox 1479 943 1617 977; x_wconf 75' lang='lat' dir='ltr'>manibus</span> <span class='ocrx_word' id='word_1_872' title='bbox 1636 945 1892 990; x_wconf 69' lang='lat' dir='ltr'>elapsns‚siimma</span> <span class='ocrx_word' id='word_1_873' title='bbox 1910 947 2064 993; x_wconf 76' lang='lat' dir='ltr'>diligentia</span> <span class='ocrx_word' id='word_1_874' title='bbox 2082 946 2226 978; x_wconf 78' lang='lat' dir='ltr'>contendit</span> <span class='ocrx_word' id='word_1_875' title='bbox 2243 945 2286 978; x_wconf 80' lang='lat' dir='ltr'>ad</span> 
     </span>
     <span class='ocr_line' id='line_1_111' title="bbox 1271 987 2283 1038; baseline 0.005 -18"><span class='ocrx_word' id='word_1_876' title='bbox 1271 987 1461 1023; x_wconf 78' lang='lat' dir='ltr'>liberandum</span> <span class='ocrx_word' id='word_1_877' title='bbox 1493 996 1613 1024; x_wconf 78' lang='lat' dir='ltr'>Patrem</span> <span class='ocrx_word' id='word_1_878' title='bbox 1635 994 1727 1036; x_wconf 69' lang='lat' dir='ltr'>sitnm</span> <span class='ocrx_word' id='word_1_879' title='bbox 1752 999 1934 1038; x_wconf 74' lang='lat' dir='ltr'>captivum:</span> <span class='ocrx_word' id='word_1_880' title='bbox 1988 993 2084 1034; x_wconf 73' lang='lat' dir='ltr'>Quod</span> <span class='ocrx_word' id='word_1_881' title='bbox 2099 995 2222 1038; x_wconf 57' lang='lat' dir='ltr'>fatiam</span> <span class='ocrx_word' id='word_1_882' title='bbox 2246 992 2283 1036; x_wconf 78' lang='lat' dir='ltr'>est</span> 
     </span>
     <span class='ocr_line' id='line_1_112' title="bbox 1271 1033 2283 1087; baseline 0.005 -19"><span class='ocrx_word' id='word_1_883' title='bbox 1271 1049 1377 1082; x_wconf 70' lang='lat' dir='ltr'>quarto</span> <span class='ocrx_word' id='word_1_884' title='bbox 1396 1038 1444 1071; x_wconf 79' lang='lat' dir='ltr'>die</span> <span class='ocrx_word' id='word_1_885' title='bbox 1463 1039 1593 1085; x_wconf 75' lang='lat' dir='ltr'>Augusti</span> <span class='ocrx_word' id='word_1_886' title='bbox 1610 1041 1727 1083; x_wconf 78' lang='lat' dir='ltr'>menfis,</span> <span class='ocrx_word' id='word_1_887' title='bbox 1754 1045 1783 1072; x_wconf 84' lang='lat' dir='ltr'>in</span> <span class='ocrx_word' id='word_1_888' title='bbox 1806 1043 1903 1086; x_wconf 59' lang='lat' dir='ltr'>priflio</span> <span class='ocrx_word' id='word_1_889' title='bbox 1925 1033 2186 1087; x_wconf 46' lang='lat' dir='ltr'>apudevesham</span> <span class='ocrx_word' id='word_1_890' title='bbox 2201 1069 2210 1083; x_wconf 83' lang='lat'><strong>‚</strong></span> <span class='ocrx_word' id='word_1_891' title='bbox 2235 1054 2283 1073; x_wconf 81' lang='lat' dir='ltr'>oc-</span> 
     </span>
     <span class='ocr_line' id='line_1_113' title="bbox 1271 1087 2285 1133; baseline 0.005 -16"><span class='ocrx_word' id='word_1_892' title='bbox 1271 1087 1351 1129; x_wconf 75' lang='lat' dir='ltr'>cisis,</span> <span class='ocrx_word' id='word_1_893' title='bbox 1380 1090 1491 1132; x_wconf 83' lang='lat' dir='ltr'>captis,</span> <span class='ocrx_word' id='word_1_894' title='bbox 1516 1098 1570 1119; x_wconf 83' lang='lat' dir='ltr'>aut</span> <span class='ocrx_word' id='word_1_895' title='bbox 1587 1088 1707 1133; x_wconf 76' lang='lat' dir='ltr'>fugatis</span> <span class='ocrx_word' id='word_1_896' title='bbox 1735 1091 1852 1120; x_wconf 78' lang='lat' dir='ltr'>Simone</span> <span class='ocrx_word' id='word_1_897' title='bbox 1871 1088 1906 1120; x_wconf 79' lang='lat' dir='ltr'>dc</span> <span class='ocrx_word' id='word_1_898' title='bbox 1925 1089 2125 1133; x_wconf 67' lang='lat' dir='ltr'>lvlonteforti,</span> <span class='ocrx_word' id='word_1_899' title='bbox 2207 1101 2285 1122; x_wconf 80' lang='lat' dir='ltr'>caete-</span> 
     </span>
     <span class='ocr_line' id='line_1_114' title="bbox 1274 1132 1508 1168; baseline 0.009 -2"><span class='ocrx_word' id='word_1_900' title='bbox 1274 1138 1317 1167; x_wconf 86' lang='lat' dir='ltr'>ris</span> <span class='ocrx_word' id='word_1_901' title='bbox 1334 1132 1508 1168; x_wconf 75' lang='lat' dir='ltr'>Rebellibus.</span> 
     </span>
    </p>

    <p class='ocr_par' dir='ltr' id='par_1_40' title="bbox 1227 1182 2286 1326">
     <span class='ocr_line' id='line_1_115' title="bbox 1227 1182 2286 1231; baseline 0.002 -16"><span class='ocrx_word' id='word_1_902' title='bbox 1227 1184 1270 1215; x_wconf 80' lang='lat' dir='ltr'>Et</span> <span class='ocrx_word' id='word_1_903' title='bbox 1297 1185 1384 1225; x_wconf 82' lang='lat' dir='ltr'>Rex,</span> <span class='ocrx_word' id='word_1_904' title='bbox 1399 1182 1476 1226; x_wconf 79' lang='lat' dir='ltr'>jam</span> <span class='ocrx_word' id='word_1_905' title='bbox 1487 1184 1540 1228; x_wconf 77' lang='lat' dir='ltr'>sui</span> <span class='ocrx_word' id='word_1_906' title='bbox 1567 1194 1695 1229; x_wconf 82' lang='lat' dir='ltr'>compos,</span> <span class='ocrx_word' id='word_1_907' title='bbox 1721 1186 1852 1216; x_wconf 80' lang='lat' dir='ltr'>Litteras</span> <span class='ocrx_word' id='word_1_908' title='bbox 1875 1187 1911 1222; x_wconf 72' lang='lat'><em>&amp;</em></span> <span class='ocrx_word' id='word_1_909' title='bbox 1930 1183 2111 1227; x_wconf 76' lang='lat' dir='ltr'>Conccffiones</span> <span class='ocrx_word' id='word_1_910' title='bbox 2121 1183 2178 1230; x_wconf 72' lang='grc' dir='ltr'>[ὶιὸ</span> <span class='ocrx_word' id='word_1_911' title='bbox 2187 1185 2286 1231; x_wconf 74' lang='lat' dir='ltr'>sigillo</span> 
     </span>
     <span class='ocr_line' id='line_1_116' title="bbox 1274 1231 2286 1279; baseline 0.002 -16"><span class='ocrx_word' id='word_1_912' title='bbox 1274 1234 1360 1277; x_wconf 68' lang='lat' dir='ltr'>Regis</span> <span class='ocrx_word' id='word_1_913' title='bbox 1388 1234 1401 1270; x_wconf 86' lang='lat'>(</span> <span class='ocrx_word' id='word_1_914' title='bbox 1410 1244 1466 1278; x_wconf 79' lang='lat' dir='ltr'>quo</span> <span class='ocrx_word' id='word_1_915' title='bbox 1492 1243 1547 1263; x_wconf 79' lang='lat' dir='ltr'>non</span> <span class='ocrx_word' id='word_1_916' title='bbox 1566 1234 1631 1263; x_wconf 80' lang='lat' dir='ltr'>Rex</span> <span class='ocrx_word' id='word_1_917' title='bbox 1644 1258 1652 1272; x_wconf 91' lang='lat'>,</span> <span class='ocrx_word' id='word_1_918' title='bbox 1672 1231 1729 1276; x_wconf 75' lang='lat' dir='ltr'>fid</span> <span class='ocrx_word' id='word_1_919' title='bbox 1744 1235 1845 1265; x_wconf 80' lang='lat' dir='ltr'>Simon</span> <span class='ocrx_word' id='word_1_920' title='bbox 1862 1231 1898 1264; x_wconf 80' lang='lat' dir='ltr'>de</span> <span class='ocrx_word' id='word_1_921' title='bbox 1918 1234 2100 1277; x_wconf 69' lang='lat' dir='ltr'>,Monteforti</span> <span class='ocrx_word' id='word_1_922' title='bbox 2112 1245 2166 1279; x_wconf 85' lang='lat' dir='ltr'>pro</span> <span class='ocrx_word' id='word_1_923' title='bbox 2177 1235 2232 1278; x_wconf 81' lang='lat' dir='ltr'>fiio</span> <span class='ocrx_word' id='word_1_924' title='bbox 2249 1245 2286 1265; x_wconf 81' lang='lat' dir='ltr'>u-</span> 
     </span>
     <span class='ocr_line' id='line_1_117' title="bbox 1274 1268 1920 1326; baseline 0.003 -15"><span class='ocrx_word' id='word_1_925' title='bbox 1274 1268 1396 1311; x_wconf 68' lang='lat' dir='ltr'>rebatur</span> <span class='ocrx_word' id='word_1_926' title='bbox 1412 1277 1567 1322; x_wconf 80' lang='lat' dir='ltr'>arbitrio)</span> <span class='ocrx_word' id='word_1_927' title='bbox 1590 1279 1689 1312; x_wconf 70' lang='lat' dir='ltr'><em>nullas</em></span> <span class='ocrx_word' id='word_1_928' title='bbox 1706 1279 1755 1326; x_wconf 74' lang='lat' dir='ltr'>effe</span> <span class='ocrx_word' id='word_1_929' title='bbox 1774 1279 1920 1313; x_wconf 71' lang='lat' dir='ltr'>declarat.</span> 
     </span>
    </p>
   </div>
   <div class='ocr_carea' id='block_1_30' title="bbox 2301 902 2436 933">
    <p class='ocr_par' dir='ltr' id='par_1_41' title="bbox 2301 902 2436 933">
     <span class='ocr_line' id='line_1_118' title="bbox 2301 902 2436 933; baseline 0 -2"><span class='ocrx_word' id='word_1_930' title='bbox 2301 903 2317 919; x_wconf 76' lang='lat'>‘¹‘</span> <span class='ocrx_word' id='word_1_931' title='bbox 2333 902 2357 933; x_wconf 85' lang='grc' dir='ltr'>Ῑ.</span> <span class='ocrx_word' id='word_1_932' title='bbox 2372 902 2436 931; x_wconf 75' lang='lat'>816.</span> 
     </span>
    </p>
   </div>
   <div class='ocr_carea' id='block_1_31' title="bbox 2151 1101 2176 1127">
    <p class='ocr_par' dir='ltr' id='par_1_42' title="bbox 2151 1101 2176 1127">
     <span class='ocr_line' id='line_1_119' title="bbox 2151 1101 2176 1127; baseline 0 0"><span class='ocrx_word' id='word_1_933' title='bbox 2151 1101 2176 1127; x_wconf 64' lang='grc' dir='ltr'><strong>Ο</strong></span> 
     </span>
    </p>
   </div>
   <div class='ocr_carea' id='block_1_32' title="bbox 1433 1418 2084 1465">
    <p class='ocr_par' dir='ltr' id='par_1_43' title="bbox 1433 1418 2084 1465">
     <span class='ocr_line' id='line_1_120' title="bbox 1433 1418 2084 1465; baseline 0.002 -12"><span class='ocrx_word' id='word_1_934' title='bbox 1433 1422 1481 1453; x_wconf 84' lang='lat' dir='ltr'>De</span> <span class='ocrx_word' id='word_1_935' title='bbox 1502 1418 1708 1465; x_wconf 63' lang='lat' dir='ltr'>Thesi&#39;znrario</span> <span class='ocrx_word' id='word_1_936' title='bbox 1724 1418 1901 1464; x_wconf 70' lang='lat' dir='ltr'>Eboracensi</span> <span class='ocrx_word' id='word_1_937' title='bbox 1924 1418 2084 1461; x_wconf 73' lang='lat' dir='ltr'>constituto.</span> 
     </span>
    </p>
   </div>
   <div class='ocr_carea' id='block_1_33' title="bbox 1233 1506 2443 2203">
    <p class='ocr_par' dir='ltr' id='par_1_44' title="bbox 1233 1506 2443 2203">
     <span class='ocr_line' id='line_1_121' title="bbox 1233 1506 2443 1568; baseline 0.002 -31"><span class='ocrx_word' id='word_1_938' title='bbox 1233 1506 1441 1568; x_wconf 77' lang='lat' dir='ltr'>HEnricus,</span> <span class='ocrx_word' id='word_1_939' title='bbox 1460 1507 1517 1538; x_wconf 84' lang='lat' dir='ltr'>Dei</span> <span class='ocrx_word' id='word_1_940' title='bbox 1542 1509 1643 1548; x_wconf 76' lang='lat' dir='ltr'>gratia,</span> <span class='ocrx_word' id='word_1_941' title='bbox 1661 1507 1727 1540; x_wconf 77' lang='lat' dir='ltr'>Rex</span> <span class='ocrx_word' id='word_1_942' title='bbox 1751 1508 1879 1548; x_wconf 75' lang='lat' dir='ltr'>Angliae,</span> <span class='ocrx_word' id='word_1_943' title='bbox 1898 1507 2042 1540; x_wconf 88' lang='lat' dir='ltr'>Dominus</span> <span class='ocrx_word' id='word_1_944' title='bbox 2067 1509 2233 1548; x_wconf 82' lang='lat' dir='ltr'>Hiberniae,</span> <span class='ocrx_word' id='word_1_945' title='bbox 2259 1508 2292 1540; x_wconf 89' lang='lat'>&amp;</span> <span class='ocrx_word' id='word_1_946' title='bbox 2312 1511 2388 1541; x_wconf 77' lang='lat' dir='ltr'>Anti.</span> <span class='ocrx_word' id='word_1_947' title='bbox 2403 1509 2443 1541; x_wconf 87' lang='lat' dir='ltr'>D.</span> 
     </span>
     <span class='ocr_line' id='line_1_122' title="bbox 1325 1545 2414 1588; baseline 0.002 -11"><span class='ocrx_word' id='word_1_948' title='bbox 1325 1545 1394 1576; x_wconf 79' lang='lat' dir='ltr'>Dux</span> <span class='ocrx_word' id='word_1_949' title='bbox 1410 1547 1586 1586; x_wconf 69' lang='lat' dir='ltr'>Aquitaniae,</span> <span class='ocrx_word' id='word_1_950' title='bbox 1601 1547 1708 1578; x_wconf 62' lang='lat' dir='ltr'>dilectis</span> <span class='ocrx_word' id='word_1_951' title='bbox 1727 1548 1776 1578; x_wconf 89' lang='lat' dir='ltr'>sibi</span> <span class='ocrx_word' id='word_1_952' title='bbox 1792 1550 1821 1578; x_wconf 87' lang='lat' dir='ltr'>in</span> <span class='ocrx_word' id='word_1_953' title='bbox 1834 1547 1950 1578; x_wconf 82' lang='lat' dir='ltr'>Christo</span> <span class='ocrx_word' id='word_1_954' title='bbox 1969 1547 2102 1586; x_wconf 77' lang='lat' dir='ltr'>Capitulo</span> <span class='ocrx_word' id='word_1_955' title='bbox 2118 1548 2205 1579; x_wconf 79' lang='lat' dir='ltr'>Ebot.</span> <span class='ocrx_word' id='word_1_956' title='bbox 2224 1548 2293 1578; x_wconf 86' lang='lat' dir='ltr'>salu·</span> <span class='ocrx_word' id='word_1_957' title='bbox 2333 1551 2414 1588; x_wconf 83' lang='lat'>1265.</span> 
     </span>
     <span class='ocr_line' id='line_1_123' title="bbox 2311 1594 2427 1618; baseline -0.009 -2"><span class='ocrx_word' id='word_1_958' title='bbox 2311 1594 2363 1618; x_wconf 59' lang='lat' dir='ltr'>Aa.</span> <span class='ocrx_word' id='word_1_959' title='bbox 2419 1607 2427 1615; x_wconf 75' lang='grc'><strong>.</strong></span> 
     </span>
     <span class='ocr_line' id='line_1_124' title="bbox 1271 1598 2414 1664; baseline 0.001 -11"><span class='ocrx_word' id='word_1_960' title='bbox 1271 1621 1349 1653; x_wconf 86' lang='lat' dir='ltr'>Cum</span> <span class='ocrx_word' id='word_1_961' title='bbox 1371 1623 1495 1662; x_wconf 76' lang='lat' dir='ltr'>dudum,</span> <span class='ocrx_word' id='word_1_962' title='bbox 1510 1624 1592 1654; x_wconf 91' lang='lat' dir='ltr'>nobis</span> <span class='ocrx_word' id='word_1_963' title='bbox 1607 1624 1636 1654; x_wconf 92' lang='lat' dir='ltr'>in</span> <span class='ocrx_word' id='word_1_964' title='bbox 1668 1624 1728 1654; x_wconf 83' lang='lat' dir='ltr'>lena</span> <span class='ocrx_word' id='word_1_965' title='bbox 1744 1625 1776 1655; x_wconf 70' lang='grc' dir='ltr'>ὃ(</span> <span class='ocrx_word' id='word_1_966' title='bbox 1791 1623 1881 1663; x_wconf 61' lang='lat' dir='ltr'>Regia</span> <span class='ocrx_word' id='word_1_967' title='bbox 1897 1624 2028 1664; x_wconf 83' lang='lat' dir='ltr'>potestate</span> <span class='ocrx_word' id='word_1_968' title='bbox 2045 1624 2138 1655; x_wconf 87' lang='lat' dir='ltr'>nostra</span> <span class='ocrx_word' id='word_1_969' title='bbox 2152 1624 2292 1655; x_wconf 82' lang='lat' dir='ltr'>existenti·</span> <span class='ocrx_word' id='word_1_970' title='bbox 2309 1633 2343 1655; x_wconf 76' lang='lat' dir='ltr'>H.</span> <span class='ocrx_word' id='word_1_971' title='bbox 2368 1598 2414 1663; x_wconf 42' lang='lat'>39</span> 
     </span>
     <span class='ocr_line' id='line_1_125' title="bbox 1236 1660 2424 1702; baseline 0.002 -13"><span class='ocrx_word' id='word_1_972' title='bbox 1236 1660 1304 1699; x_wconf 80' lang='lat' dir='ltr'>bus,</span> <span class='ocrx_word' id='word_1_973' title='bbox 1324 1662 1541 1692; x_wconf 80' lang='lat' dir='ltr'>concesserimus</span> <span class='ocrx_word' id='word_1_974' title='bbox 1562 1663 1642 1702; x_wconf 86' lang='lat' dir='ltr'>provi</span> <span class='ocrx_word' id='word_1_975' title='bbox 1663 1672 1707 1693; x_wconf 80' lang='lat' dir='ltr'>ere</span> <span class='ocrx_word' id='word_1_976' title='bbox 1724 1663 1829 1693; x_wconf 61' lang='lat' dir='ltr'>dilecto</span> <span class='ocrx_word' id='word_1_977' title='bbox 1845 1663 1925 1693; x_wconf 87' lang='lat' dir='ltr'>nobis</span> <span class='ocrx_word' id='word_1_978' title='bbox 1940 1662 2092 1694; x_wconf 90' lang='lat' dir='ltr'>Edmundo</span> <span class='ocrx_word' id='word_1_979' title='bbox 2105 1663 2140 1694; x_wconf 90' lang='lat' dir='ltr'>de</span> <span class='ocrx_word' id='word_1_980' title='bbox 2155 1664 2291 1694; x_wconf 88' lang='lat' dir='ltr'>Mortuo-</span> <span class='ocrx_word' id='word_1_981' title='bbox 2310 1671 2424 1700; x_wconf 74' lang='lat' dir='ltr'>1&gt;at.49.</span> 
     </span>
     <span class='ocr_line' id='line_1_126' title="bbox 1237 1698 2393 1742; baseline 0.003 -14"><span class='ocrx_word' id='word_1_982' title='bbox 1237 1698 1312 1729; x_wconf 77' lang='lat' dir='ltr'>Man·</span> <span class='ocrx_word' id='word_1_983' title='bbox 1332 1701 1360 1730; x_wconf 86' lang='lat' dir='ltr'>in</span> <span class='ocrx_word' id='word_1_984' title='bbox 1382 1701 1577 1732; x_wconf 82' lang='lat' dir='ltr'>Eccleliastico</span> <span class='ocrx_word' id='word_1_985' title='bbox 1600 1702 1739 1732; x_wconf 82' lang='lat' dir='ltr'>beneficio</span> <span class='ocrx_word' id='word_1_986' title='bbox 1760 1703 1948 1740; x_wconf 86' lang='lat' dir='ltr'>competenti,</span> <span class='ocrx_word' id='word_1_987' title='bbox 1966 1712 2049 1742; x_wconf 87' lang='lat' dir='ltr'>quam</span> <span class='ocrx_word' id='word_1_988' title='bbox 2071 1703 2129 1733; x_wconf 91' lang='lat' dir='ltr'>cito</span> <span class='ocrx_word' id='word_1_989' title='bbox 2142 1702 2253 1733; x_wconf 84' lang='lat' dir='ltr'>facultas</span> <span class='ocrx_word' id='word_1_990' title='bbox 2265 1702 2290 1732; x_wconf 87' lang='lat' dir='ltr'>se</span> <span class='ocrx_word' id='word_1_991' title='bbox 2309 1709 2342 1732; x_wconf 79' lang='lat' dir='ltr'>H.</span> <span class='ocrx_word' id='word_1_992' title='bbox 2365 1712 2393 1742; x_wconf 79' lang='lat'>3.</span> 
     </span>
     <span class='ocr_line' id='line_1_127' title="bbox 1235 1737 2441 1777; baseline 0.001 -10"><span class='ocrx_word' id='word_1_993' title='bbox 1235 1737 1349 1768; x_wconf 77' lang='lat' dir='ltr'>offerret</span> <span class='ocrx_word' id='word_1_994' title='bbox 1357 1762 1366 1777; x_wconf 74' lang='lat'>,</span> <span class='ocrx_word' id='word_1_995' title='bbox 2312 1746 2336 1770; x_wconf 80' lang='lat' dir='ltr'>in</span> <span class='ocrx_word' id='word_1_996' title='bbox 2345 1740 2441 1770; x_wconf 52' lang='lat' dir='ltr'>casula</span> 
     </span>
     <span class='ocr_line' id='line_1_128' title="bbox 1273 1776 2415 1819; baseline -0.001 -12"><span class='ocrx_word' id='word_1_997' title='bbox 1273 1776 1311 1807; x_wconf 90' lang='lat' dir='ltr'>Et</span> <span class='ocrx_word' id='word_1_998' title='bbox 1333 1777 1396 1817; x_wconf 80' lang='lat' dir='ltr'>post</span> <span class='ocrx_word' id='word_1_999' title='bbox 1418 1779 1522 1809; x_wconf 85' lang='lat' dir='ltr'>bellum</span> <span class='ocrx_word' id='word_1_1000' title='bbox 1538 1778 1664 1809; x_wconf 84' lang='lat' dir='ltr'>habitum</span> <span class='ocrx_word' id='word_1_1001' title='bbox 1677 1779 1748 1808; x_wconf 82' lang='lat' dir='ltr'>inter</span> <span class='ocrx_word' id='word_1_1002' title='bbox 1760 1787 1827 1819; x_wconf 89' lang='lat' dir='ltr'>nos,</span> <span class='ocrx_word' id='word_1_1003' title='bbox 1846 1778 1879 1808; x_wconf 89' lang='lat'>&amp;</span> <span class='ocrx_word' id='word_1_1004' title='bbox 1894 1777 2026 1818; x_wconf 87' lang='lat' dir='ltr'>quosdam</span> <span class='ocrx_word' id='word_1_1005' title='bbox 2046 1777 2138 1809; x_wconf 77' lang='lat' dir='ltr'>fideles</span> <span class='ocrx_word' id='word_1_1006' title='bbox 2151 1778 2247 1809; x_wconf 89' lang='lat' dir='ltr'>nostos</span> <span class='ocrx_word' id='word_1_1007' title='bbox 2259 1787 2293 1808; x_wconf 83' lang='lat' dir='ltr'>ex</span> <span class='ocrx_word' id='word_1_1008' title='bbox 2313 1782 2415 1817; x_wconf 72' lang='lat' dir='ltr'>consuta</span> 
     </span>
     <span class='ocr_line' id='line_1_129' title="bbox 1236 1815 2415 1857; baseline -0.003 -12"><span class='ocrx_word' id='word_1_1009' title='bbox 1236 1824 1312 1855; x_wconf 75' lang='lat' dir='ltr'>parte</span> <span class='ocrx_word' id='word_1_1010' title='bbox 1332 1827 1404 1855; x_wconf 79' lang='lat' dir='ltr'>una,</span> <span class='ocrx_word' id='word_1_1011' title='bbox 1423 1817 1454 1847; x_wconf 88' lang='lat'>&amp;</span> <span class='ocrx_word' id='word_1_1012' title='bbox 1475 1817 1625 1855; x_wconf 73' lang='lat' dir='ltr'>Simonem</span> <span class='ocrx_word' id='word_1_1013' title='bbox 1646 1817 1681 1848; x_wconf 86' lang='lat' dir='ltr'>de</span> <span class='ocrx_word' id='word_1_1014' title='bbox 1704 1815 1876 1846; x_wconf 78' lang='lat' dir='ltr'>Montetorti</span> <span class='ocrx_word' id='word_1_1015' title='bbox 1897 1816 2042 1856; x_wconf 84' lang='lat' dir='ltr'>quondam</span> <span class='ocrx_word' id='word_1_1016' title='bbox 2055 1816 2203 1848; x_wconf 87' lang='lat' dir='ltr'>Comitem</span> <span class='ocrx_word' id='word_1_1017' title='bbox 2220 1817 2293 1857; x_wconf 82' lang='lat' dir='ltr'>Ley-</span> <span class='ocrx_word' id='word_1_1018' title='bbox 2313 1828 2349 1846; x_wconf 87' lang='lat' dir='ltr'>m.</span> <span class='ocrx_word' id='word_1_1019' title='bbox 2374 1827 2415 1844; x_wconf 86' lang='lat' dir='ltr'>ii.</span> 
     </span>
     <span class='ocr_line' id='line_1_130' title="bbox 1237 1853 2391 1922; baseline 0 -40"><span class='ocrx_word' id='word_1_1020' title='bbox 1237 1853 1344 1884; x_wconf 61' lang='lat' dir='ltr'>cestriae</span> <span class='ocrx_word' id='word_1_1021' title='bbox 1363 1856 1396 1886; x_wconf 83' lang='lat'>&amp;</span> <span class='ocrx_word' id='word_1_1022' title='bbox 1417 1855 1536 1886; x_wconf 77' lang='lat' dir='ltr'>fautores</span> <span class='ocrx_word' id='word_1_1023' title='bbox 1547 1855 1607 1886; x_wconf 66' lang='lat' dir='ltr'>flios</span> <span class='ocrx_word' id='word_1_1024' title='bbox 1618 1865 1652 1885; x_wconf 85' lang='lat' dir='ltr'>ex</span> <span class='ocrx_word' id='word_1_1025' title='bbox 1667 1854 1767 1893; x_wconf 63' lang='lat' dir='ltr'>altera,</span> <span class='ocrx_word' id='word_1_1026' title='bbox 1781 1855 1853 1922; x_wconf 62' lang='lat' dir='ltr'>afpud</span> <span class='ocrx_word' id='word_1_1027' title='bbox 1868 1854 1985 1894; x_wconf 86' lang='lat' dir='ltr'>Lewes,</span> <span class='ocrx_word' id='word_1_1028' title='bbox 2003 1855 2173 1886; x_wconf 85' lang='lat' dir='ltr'>extiterimus</span> <span class='ocrx_word' id='word_1_1029' title='bbox 2188 1857 2216 1884; x_wconf 90' lang='lat' dir='ltr'>in</span> <span class='ocrx_word' id='word_1_1030' title='bbox 2233 1865 2296 1885; x_wconf 86' lang='lat' dir='ltr'>cus·</span> <span class='ocrx_word' id='word_1_1031' title='bbox 2315 1859 2391 1884; x_wconf 77' lang='lat' dir='ltr'>intus.</span> 
     </span>
     <span class='ocr_line' id='line_1_131' title="bbox 1798 1894 2067 1931; baseline 0.007 -9"><span class='ocrx_word' id='word_1_1032' title='bbox 1798 1902 1928 1923; x_wconf 79' lang='lat' dir='ltr'>autorum</span> <span class='ocrx_word' id='word_1_1033' title='bbox 1940 1894 2050 1924; x_wconf 88' lang='lat' dir='ltr'>suorum</span> <span class='ocrx_word' id='word_1_1034' title='bbox 2058 1917 2067 1931; x_wconf 88' lang='lat'>,</span> 
     </span>
     <span class='ocr_line' id='line_1_132' title="bbox 1277 1930 2298 1972; baseline 0 -12"><span class='ocrx_word' id='word_1_1035' title='bbox 1277 1931 1330 1960; x_wconf 89' lang='lat' dir='ltr'>Per</span> <span class='ocrx_word' id='word_1_1036' title='bbox 1350 1932 1426 1970; x_wconf 84' lang='lat' dir='ltr'>quod</span> <span class='ocrx_word' id='word_1_1037' title='bbox 1435 1956 1444 1970; x_wconf 92' lang='lat'>,</span> <span class='ocrx_word' id='word_1_1038' title='bbox 1459 1942 1585 1972; x_wconf 87' lang='lat' dir='ltr'>tempore</span> <span class='ocrx_word' id='word_1_1039' title='bbox 1598 1933 1676 1972; x_wconf 70' lang='lat' dir='ltr'>ipsius</span> <span class='ocrx_word' id='word_1_1040' title='bbox 1690 1931 1826 1961; x_wconf 73' lang='lat' dir='ltr'>custodiae</span> <span class='ocrx_word' id='word_1_1041' title='bbox 1835 1954 1844 1970; x_wconf 93' lang='lat'>,</span> <span class='ocrx_word' id='word_1_1042' title='bbox 1858 1941 1955 1961; x_wconf 82' lang='lat' dir='ltr'>contra</span> <span class='ocrx_word' id='word_1_1043' title='bbox 1969 1933 2141 1962; x_wconf 77' lang='lat' dir='ltr'>voluntatem</span> <span class='ocrx_word' id='word_1_1044' title='bbox 2155 1930 2278 1961; x_wconf 82' lang='lat' dir='ltr'>nostram</span> <span class='ocrx_word' id='word_1_1045' title='bbox 2288 1954 2298 1969; x_wconf 90' lang='lat'>,</span> 
     </span>
     <span class='ocr_line' id='line_1_133' title="bbox 1241 1969 2298 2010; baseline -0.001 -11"><span class='ocrx_word' id='word_1_1046' title='bbox 1241 1971 1368 2009; x_wconf 61' lang='lat' dir='ltr'>praelatus</span> <span class='ocrx_word' id='word_1_1047' title='bbox 1388 1970 1497 2001; x_wconf 86' lang='lat' dir='ltr'>Comes</span> <span class='ocrx_word' id='word_1_1048' title='bbox 1512 1972 1600 2001; x_wconf 83' lang='lat' dir='ltr'>literas</span> <span class='ocrx_word' id='word_1_1049' title='bbox 1614 1971 1700 2009; x_wconf 79' lang='lat' dir='ltr'>sigillo</span> <span class='ocrx_word' id='word_1_1050' title='bbox 1713 1969 1810 1999; x_wconf 87' lang='lat' dir='ltr'>nostro</span> <span class='ocrx_word' id='word_1_1051' title='bbox 1825 1971 1893 2010; x_wconf 89' lang='lat' dir='ltr'>(quo</span> <span class='ocrx_word' id='word_1_1052' title='bbox 1908 1980 1965 2000; x_wconf 92' lang='lat' dir='ltr'>non</span> <span class='ocrx_word' id='word_1_1053' title='bbox 1981 1981 2048 2009; x_wconf 79' lang='lat' dir='ltr'>nos,</span> <span class='ocrx_word' id='word_1_1054' title='bbox 2066 1970 2110 2000; x_wconf 87' lang='lat' dir='ltr'>sed</span> <span class='ocrx_word' id='word_1_1055' title='bbox 2123 1969 2229 2000; x_wconf 72' lang='lat' dir='ltr'>Comes</span> <span class='ocrx_word' id='word_1_1056' title='bbox 2245 1970 2298 2008; x_wconf 70' lang='lat' dir='ltr'>ipse</span> 
     </span>
     <span class='ocr_line' id='line_1_134' title="bbox 1240 2008 2301 2047; baseline 0 -10"><span class='ocrx_word' id='word_1_1057' title='bbox 1240 2018 1294 2046; x_wconf 86' lang='lat' dir='ltr'>pro</span> <span class='ocrx_word' id='word_1_1058' title='bbox 1307 2008 1355 2038; x_wconf 83' lang='lat' dir='ltr'>suo</span> <span class='ocrx_word' id='word_1_1059' title='bbox 1368 2010 1495 2044; x_wconf 81' lang='lat' dir='ltr'>utebatur</span> <span class='ocrx_word' id='word_1_1060' title='bbox 1509 2010 1632 2047; x_wconf 85' lang='lat' dir='ltr'>arbitrio)</span> <span class='ocrx_word' id='word_1_1061' title='bbox 1650 2009 1762 2039; x_wconf 86' lang='lat' dir='ltr'>formari</span> <span class='ocrx_word' id='word_1_1062' title='bbox 1775 2009 1858 2046; x_wconf 82' lang='lat' dir='ltr'>fecit,</span> <span class='ocrx_word' id='word_1_1063' title='bbox 1875 2010 2049 2040; x_wconf 86' lang='lat' dir='ltr'>continentes</span> <span class='ocrx_word' id='word_1_1064' title='bbox 2064 2008 2138 2047; x_wconf 89' lang='lat' dir='ltr'>quod</span> <span class='ocrx_word' id='word_1_1065' title='bbox 2156 2017 2207 2037; x_wconf 70' lang='lat' dir='ltr'>nos</span> <span class='ocrx_word' id='word_1_1066' title='bbox 2220 2008 2301 2038; x_wconf 85' lang='lat' dir='ltr'>The-</span> 
     </span>
     <span class='ocr_line' id='line_1_135' title="bbox 1239 2045 2302 2085; baseline 0.002 -10"><span class='ocrx_word' id='word_1_1067' title='bbox 1239 2046 1384 2077; x_wconf 79' lang='lat' dir='ltr'>saurariam</span> <span class='ocrx_word' id='word_1_1068' title='bbox 1404 2046 1625 2085; x_wconf 78' lang='lat' dir='ltr'>Eboracensem,</span> <span class='ocrx_word' id='word_1_1069' title='bbox 1638 2055 1707 2077; x_wconf 84' lang='lat' dir='ltr'>tunc</span> <span class='ocrx_word' id='word_1_1070' title='bbox 1728 2056 1891 2085; x_wconf 79' lang='lat' dir='ltr'>vacantem,</span> <span class='ocrx_word' id='word_1_1071' title='bbox 1909 2047 2054 2078; x_wconf 85' lang='lat' dir='ltr'>Almarico</span> <span class='ocrx_word' id='word_1_1072' title='bbox 2073 2049 2110 2077; x_wconf 83' lang='lat' dir='ltr'>de</span> <span class='ocrx_word' id='word_1_1073' title='bbox 2130 2045 2302 2077; x_wconf 83' lang='lat' dir='ltr'>Monteforti</span> 
     </span>
     <span class='ocr_line' id='line_1_136' title="bbox 1243 2085 2299 2124; baseline -0.004 -6"><span class='ocrx_word' id='word_1_1074' title='bbox 1243 2085 1446 2124; x_wconf 73' lang='lat' dir='ltr'>coiiceifiinus,</span> <span class='ocrx_word' id='word_1_1075' title='bbox 1461 2087 1494 2117; x_wconf 89' lang='lat'>&amp;</span> <span class='ocrx_word' id='word_1_1076' title='bbox 1515 2087 1596 2116; x_wconf 86' lang='lat' dir='ltr'>vobis</span> <span class='ocrx_word' id='word_1_1077' title='bbox 1616 2086 1808 2116; x_wconf 87' lang='lat' dir='ltr'>mandavimus</span> <span class='ocrx_word' id='word_1_1078' title='bbox 1830 2085 1906 2123; x_wconf 85' lang='lat' dir='ltr'>quod</span> <span class='ocrx_word' id='word_1_1079' title='bbox 1922 2086 2013 2116; x_wconf 84' lang='lat' dir='ltr'>eidem</span> <span class='ocrx_word' id='word_1_1080' title='bbox 2030 2085 2176 2116; x_wconf 83' lang='lat' dir='ltr'>Almarico</span> <span class='ocrx_word' id='word_1_1081' title='bbox 2191 2085 2299 2115; x_wconf 82' lang='lat' dir='ltr'>stallum</span> 
     </span>
     <span class='ocr_line' id='line_1_137' title="bbox 1244 2123 1941 2163; baseline -0.003 -8"><span class='ocrx_word' id='word_1_1082' title='bbox 1244 2125 1274 2155; x_wconf 88' lang='lat' dir='ltr'>in</span> <span class='ocrx_word' id='word_1_1083' title='bbox 1292 2125 1384 2154; x_wconf 86' lang='lat' dir='ltr'>choro</span> <span class='ocrx_word' id='word_1_1084' title='bbox 1390 2147 1400 2163; x_wconf 85' lang='lat'>,</span> <span class='ocrx_word' id='word_1_1085' title='bbox 1418 2125 1451 2155; x_wconf 66' lang='grc' dir='ltr'>ὃς</span> <span class='ocrx_word' id='word_1_1086' title='bbox 1464 2125 1562 2157; x_wconf 86' lang='lat' dir='ltr'>locum</span> <span class='ocrx_word' id='word_1_1087' title='bbox 1574 2126 1603 2154; x_wconf 91' lang='lat' dir='ltr'>in</span> <span class='ocrx_word' id='word_1_1088' title='bbox 1619 2123 1751 2163; x_wconf 85' lang='lat' dir='ltr'>Capitulo</span> <span class='ocrx_word' id='word_1_1089' title='bbox 1763 2123 1941 2162; x_wconf 73' lang='lat' dir='ltr'>assignaretis:</span> 
     </span>
     <span class='ocr_line' id='line_1_138' title="bbox 1281 2160 2300 2203; baseline -0.001 -10"><span class='ocrx_word' id='word_1_1090' title='bbox 1281 2162 1330 2193; x_wconf 89' lang='lat' dir='ltr'>Ac</span> <span class='ocrx_word' id='word_1_1091' title='bbox 1348 2173 1415 2201; x_wconf 82' lang='lat' dir='ltr'>nos,</span> <span class='ocrx_word' id='word_1_1092' title='bbox 1432 2173 1481 2200; x_wconf 84' lang='lat' dir='ltr'>per</span> <span class='ocrx_word' id='word_1_1093' title='bbox 1500 2163 1556 2193; x_wconf 85' lang='lat' dir='ltr'>Dei</span> <span class='ocrx_word' id='word_1_1094' title='bbox 1577 2163 1762 2200; x_wconf 80' lang='lat' dir='ltr'>adjutorium,</span> <span class='ocrx_word' id='word_1_1095' title='bbox 1779 2164 1850 2192; x_wconf 70' lang='lat' dir='ltr'>vires</span> <span class='ocrx_word' id='word_1_1096' title='bbox 1870 2162 1975 2192; x_wconf 83' lang='lat' dir='ltr'>nostras</span> <span class='ocrx_word' id='word_1_1097' title='bbox 1993 2160 2232 2200; x_wconf 85' lang='lat' dir='ltr'>resumpserimus,</span> <span class='ocrx_word' id='word_1_1098' title='bbox 2249 2171 2300 2203; x_wconf 85' lang='lat' dir='ltr'>per</span> 
     </span>
    </p>
   </div>
   <div class='ocr_carea' id='block_1_34' title="bbox 1234 1590 1302 1613">
    <p class='ocr_par' dir='ltr' id='par_1_45' title="bbox 1234 1590 1302 1613">
     <span class='ocr_line' id='line_1_139' title="bbox 1234 1590 1302 1613; baseline 0.015 -1"><span class='ocrx_word' id='word_1_1099' title='bbox 1234 1590 1302 1613; x_wconf 74' lang='lat' dir='ltr'>tem.</span> 
     </span>
    </p>
   </div>
   <div class='ocr_carea' id='block_1_35' title="bbox 1190 2200 2304 2242">
    <p class='ocr_par' dir='ltr' id='par_1_46' title="bbox 1190 2200 2304 2242">
     <span class='ocr_line' id='line_1_140' title="bbox 1190 2200 2304 2242; baseline -0.001 -11"><span class='ocrx_word' id='word_1_1100' title='bbox 1190 2226 1192 2229; x_wconf 96' lang='lat'>.</span> <span class='ocrx_word' id='word_1_1101' title='bbox 1245 2201 1322 2242; x_wconf 87' lang='lat' dir='ltr'>quod</span> <span class='ocrx_word' id='word_1_1102' title='bbox 1346 2201 1558 2240; x_wconf 82' lang='lat' dir='ltr'>conceffionem</span> <span class='ocrx_word' id='word_1_1103' title='bbox 1576 2202 1651 2232; x_wconf 80' lang='lat' dir='ltr'>illam</span> <span class='ocrx_word' id='word_1_1104' title='bbox 1673 2202 1707 2231; x_wconf 72' lang='grc' dir='ltr'>ὃς</span> <span class='ocrx_word' id='word_1_1105' title='bbox 1731 2202 1792 2231; x_wconf 81' lang='lat' dir='ltr'>alias</span> <span class='ocrx_word' id='word_1_1106' title='bbox 1813 2200 2035 2238; x_wconf 82' lang='lat' dir='ltr'>conceffiones,-</span> <span class='ocrx_word' id='word_1_1107' title='bbox 2050 2209 2114 2239; x_wconf 73' lang='lat' dir='ltr'>quae</span> <span class='ocrx_word' id='word_1_1108' title='bbox 2136 2209 2183 2238; x_wconf 88' lang='lat' dir='ltr'>per</span> <span class='ocrx_word' id='word_1_1109' title='bbox 2205 2201 2304 2230; x_wconf 67' lang='lat' dir='ltr'>litteras</span> 
     </span>
    </p>
   </div>
   <div class='ocr_carea' id='block_1_36' title="bbox 1244 2238 2308 2541">
    <p class='ocr_par' dir='ltr' id='par_1_47' title="bbox 1244 2238 2307 2357">
     <span class='ocr_line' id='line_1_141' title="bbox 1244 2238 2306 2278; baseline -0.002 -8"><span class='ocrx_word' id='word_1_1110' title='bbox 1244 2239 1369 2278; x_wconf 87' lang='lat' dir='ltr'>nostras,</span> <span class='ocrx_word' id='word_1_1111' title='bbox 1386 2242 1469 2271; x_wconf 85' lang='lat' dir='ltr'>nobis</span> <span class='ocrx_word' id='word_1_1112' title='bbox 1488 2241 1597 2278; x_wconf 80' lang='lat' dir='ltr'>invitis,</span> <span class='ocrx_word' id='word_1_1113' title='bbox 1615 2239 1699 2270; x_wconf 64' lang='lat' dir='ltr'>faetae</span> <span class='ocrx_word' id='word_1_1114' title='bbox 1719 2239 1845 2277; x_wconf 85' lang='lat' dir='ltr'>fuerant,</span> <span class='ocrx_word' id='word_1_1115' title='bbox 1861 2239 1931 2269; x_wconf 89' lang='lat' dir='ltr'>dum</span> <span class='ocrx_word' id='word_1_1116' title='bbox 1953 2240 1981 2268; x_wconf 89' lang='lat' dir='ltr'>in</span> <span class='ocrx_word' id='word_1_1117' title='bbox 1996 2238 2121 2269; x_wconf 82' lang='lat' dir='ltr'>custodia</span> <span class='ocrx_word' id='word_1_1118' title='bbox 2133 2238 2263 2276; x_wconf 60' lang='lat' dir='ltr'>praedicta</span> <span class='ocrx_word' id='word_1_1119' title='bbox 2276 2249 2306 2268; x_wconf 90' lang='lat' dir='ltr'>e-</span> 
     </span>
     <span class='ocr_line' id='line_1_142' title="bbox 1245 2277 2307 2317; baseline 0 -9"><span class='ocrx_word' id='word_1_1120' title='bbox 1245 2289 1356 2317; x_wconf 79' lang='lat' dir='ltr'>ramuS,</span> <span class='ocrx_word' id='word_1_1121' title='bbox 1382 2279 1514 2309; x_wconf 82' lang='lat' dir='ltr'>volumus</span> <span class='ocrx_word' id='word_1_1122' title='bbox 1531 2279 1656 2310; x_wconf 89' lang='lat' dir='ltr'>revocari</span> <span class='ocrx_word' id='word_1_1123' title='bbox 1677 2278 1862 2310; x_wconf 78' lang='lat' dir='ltr'>&amp;annullari</span> <span class='ocrx_word' id='word_1_1124' title='bbox 1877 2301 1886 2316; x_wconf 89' lang='lat'>,</span> <span class='ocrx_word' id='word_1_1125' title='bbox 1914 2279 2005 2308; x_wconf 88' lang='lat' dir='ltr'>immo</span> <span class='ocrx_word' id='word_1_1126' title='bbox 2028 2277 2113 2307; x_wconf 84' lang='lat' dir='ltr'>nullas</span> <span class='ocrx_word' id='word_1_1127' title='bbox 2131 2277 2249 2315; x_wconf 88' lang='lat' dir='ltr'>haberi,</span> <span class='ocrx_word' id='word_1_1128' title='bbox 2273 2278 2307 2308; x_wconf 88' lang='lat'>&amp;</span> 
     </span>
     <span class='ocr_line' id='line_1_143' title="bbox 1245 2314 2250 2357; baseline -0.006 -8"><span class='ocrx_word' id='word_1_1129' title='bbox 1245 2318 1456 2349; x_wconf 85' lang='lat' dir='ltr'>Thesaurariam</span> <span class='ocrx_word' id='word_1_1130' title='bbox 1470 2318 1554 2355; x_wconf 81' lang='lat' dir='ltr'>ipsam</span> <span class='ocrx_word' id='word_1_1131' title='bbox 1566 2319 1625 2357; x_wconf 82' lang='lat' dir='ltr'>jam</span> <span class='ocrx_word' id='word_1_1132' title='bbox 1637 2316 1734 2356; x_wconf 88' lang='lat' dir='ltr'>sponte</span> <span class='ocrx_word' id='word_1_1133' title='bbox 1749 2315 1865 2357; x_wconf 84' lang='lat' dir='ltr'>praefato</span> <span class='ocrx_word' id='word_1_1134' title='bbox 1880 2314 2035 2346; x_wconf 85' lang='lat' dir='ltr'>Edmundo</span> <span class='ocrx_word' id='word_1_1135' title='bbox 2048 2314 2250 2345; x_wconf 80' lang='lat' dir='ltr'>conceffimus:</span> 
     </span>
    </p>

    <p class='ocr_par' dir='ltr' id='par_1_48' title="bbox 1246 2353 2308 2472">
     <span class='ocr_line' id='line_1_144' title="bbox 1283 2353 2308 2394; baseline -0.001 -9"><span class='ocrx_word' id='word_1_1136' title='bbox 1283 2355 1321 2386; x_wconf 91' lang='lat' dir='ltr'>Et</span> <span class='ocrx_word' id='word_1_1137' title='bbox 1337 2355 1401 2386; x_wconf 87' lang='lat' dir='ltr'>ideo</span> <span class='ocrx_word' id='word_1_1138' title='bbox 1420 2356 1500 2387; x_wconf 85' lang='lat' dir='ltr'>vobis</span> <span class='ocrx_word' id='word_1_1139' title='bbox 1521 2356 1684 2386; x_wconf 87' lang='lat' dir='ltr'>mandamus</span> <span class='ocrx_word' id='word_1_1140' title='bbox 1706 2355 1799 2394; x_wconf 84' lang='lat' dir='ltr'>quod,</span> <span class='ocrx_word' id='word_1_1141' title='bbox 1821 2363 1918 2384; x_wconf 86' lang='lat' dir='ltr'>amoto</span> <span class='ocrx_word' id='word_1_1142' title='bbox 1941 2354 2066 2392; x_wconf 86' lang='lat' dir='ltr'>quolibet</span> <span class='ocrx_word' id='word_1_1143' title='bbox 2089 2353 2250 2391; x_wconf 84' lang='lat' dir='ltr'>detentore,</span> <span class='ocrx_word' id='word_1_1144' title='bbox 2269 2355 2308 2384; x_wconf 81' lang='lat' dir='ltr'>ei-</span> 
     </span>
     <span class='ocr_line' id='line_1_145' title="bbox 1246 2392 2306 2432; baseline -0.003 -7"><span class='ocrx_word' id='word_1_1145' title='bbox 1246 2395 1312 2425; x_wconf 85' lang='lat' dir='ltr'>dem</span> <span class='ocrx_word' id='word_1_1146' title='bbox 1325 2393 1482 2425; x_wconf 90' lang='lat' dir='ltr'>Edmundo</span> <span class='ocrx_word' id='word_1_1147' title='bbox 1497 2394 1606 2425; x_wconf 85' lang='lat' dir='ltr'>stallum</span> <span class='ocrx_word' id='word_1_1148' title='bbox 1619 2395 1649 2424; x_wconf 89' lang='lat' dir='ltr'>in</span> <span class='ocrx_word' id='word_1_1149' title='bbox 1662 2393 1772 2432; x_wconf 84' lang='lat' dir='ltr'>choro,</span> <span class='ocrx_word' id='word_1_1150' title='bbox 1788 2395 1820 2424; x_wconf 75' lang='grc' dir='ltr'>δε</span> <span class='ocrx_word' id='word_1_1151' title='bbox 1835 2393 1932 2422; x_wconf 89' lang='lat' dir='ltr'>locum</span> <span class='ocrx_word' id='word_1_1152' title='bbox 1947 2395 1976 2423; x_wconf 93' lang='lat' dir='ltr'>in</span> <span class='ocrx_word' id='word_1_1153' title='bbox 1991 2392 2126 2431; x_wconf 85' lang='lat' dir='ltr'>capitulo,</span> <span class='ocrx_word' id='word_1_1154' title='bbox 2144 2400 2227 2431; x_wconf 89' lang='lat' dir='ltr'>prout</span> <span class='ocrx_word' id='word_1_1155' title='bbox 2241 2401 2306 2422; x_wconf 91' lang='lat' dir='ltr'>mo-</span> 
     </span>
     <span class='ocr_line' id='line_1_146' title="bbox 1249 2432 1519 2472; baseline -0.004 -8"><span class='ocrx_word' id='word_1_1156' title='bbox 1249 2435 1285 2465; x_wconf 84' lang='lat' dir='ltr'>ris</span> <span class='ocrx_word' id='word_1_1157' title='bbox 1297 2432 1352 2471; x_wconf 88' lang='lat' dir='ltr'>est,</span> <span class='ocrx_word' id='word_1_1158' title='bbox 1370 2432 1519 2472; x_wconf 77' lang='lat' dir='ltr'>assignetis.</span> 
     </span>
    </p>

    <p class='ocr_par' dir='ltr' id='par_1_49' title="bbox 1251 2467 2308 2541">
     <span class='ocr_line' id='line_1_147' title="bbox 1287 2467 2308 2509; baseline -0.003 -9"><span class='ocrx_word' id='word_1_1159' title='bbox 1287 2470 1320 2501; x_wconf 86' lang='lat' dir='ltr'>In</span> <span class='ocrx_word' id='word_1_1160' title='bbox 1347 2472 1426 2509; x_wconf 73' lang='lat' dir='ltr'>cujus</span> <span class='ocrx_word' id='word_1_1161' title='bbox 1452 2473 1492 2502; x_wconf 82' lang='lat' dir='ltr'>rei</span> <span class='ocrx_word' id='word_1_1162' title='bbox 1514 2471 1705 2502; x_wconf 81' lang='lat' dir='ltr'>testimonium</span> <span class='ocrx_word' id='word_1_1163' title='bbox 1727 2469 1776 2500; x_wconf 85' lang='lat' dir='ltr'>has</span> <span class='ocrx_word' id='word_1_1164' title='bbox 1796 2470 1896 2499; x_wconf 82' lang='lat' dir='ltr'>littera-s</span> <span class='ocrx_word' id='word_1_1165' title='bbox 1919 2468 2025 2500; x_wconf 82' lang='lat' dir='ltr'>nostras</span> <span class='ocrx_word' id='word_1_1166' title='bbox 2043 2467 2101 2498; x_wconf 83' lang='lat' dir='ltr'>fieri</span> <span class='ocrx_word' id='word_1_1167' title='bbox 2121 2468 2238 2498; x_wconf 89' lang='lat' dir='ltr'>fecimus</span> <span class='ocrx_word' id='word_1_1168' title='bbox 2260 2478 2308 2505; x_wconf 87' lang='lat' dir='ltr'>pa-</span> 
     </span>
     <span class='ocr_line' id='line_1_148' title="bbox 1251 2517 1348 2541; baseline -0.031 0"><span class='ocrx_word' id='word_1_1169' title='bbox 1251 2517 1348 2541; x_wconf 75' lang='lat' dir='ltr'>tenteS.</span> 
     </span>
    </p>
   </div>
   <div class='ocr_carea' id='block_1_37' title="bbox 1250 2585 2309 2669">
    <p class='ocr_par' dir='ltr' id='par_1_50' title="bbox 1250 2585 2309 2669">
     <span class='ocr_line' id='line_1_149' title="bbox 1287 2585 2309 2630; baseline -0.002 -10"><span class='ocrx_word' id='word_1_1170' title='bbox 1287 2589 1375 2620; x_wconf 88' lang='lat' dir='ltr'>Teste</span> <span class='ocrx_word' id='word_1_1171' title='bbox 1398 2591 1504 2627; x_wconf 81' lang='lat' dir='ltr'>meipso</span> <span class='ocrx_word' id='word_1_1172' title='bbox 1523 2589 1595 2628; x_wconf 84' lang='lat' dir='ltr'>apud</span> <span class='ocrx_word' id='word_1_1173' title='bbox 1615 2589 1758 2630; x_wconf 86' lang='lat' dir='ltr'>Wygorn.</span> <span class='ocrx_word' id='word_1_1174' title='bbox 1778 2587 1896 2627; x_wconf 74' lang='lat' dir='ltr'>septimo</span> <span class='ocrx_word' id='word_1_1175' title='bbox 1909 2588 1955 2618; x_wconf 90' lang='lat' dir='ltr'>die</span> <span class='ocrx_word' id='word_1_1176' title='bbox 1968 2586 2105 2626; x_wconf 53' lang='lat' dir='ltr'>Augusti«,</span> <span class='ocrx_word' id='word_1_1177' title='bbox 2122 2598 2198 2619; x_wconf 86' lang='lat' dir='ltr'>armo</span> <span class='ocrx_word' id='word_1_1178' title='bbox 2211 2585 2309 2627; x_wconf 83' lang='lat' dir='ltr'>Regni</span> 
     </span>
     <span class='ocr_line' id='line_1_150' title="bbox 1250 2628 1658 2669; baseline -0.005 -9"><span class='ocrx_word' id='word_1_1179' title='bbox 1250 2628 1338 2660; x_wconf 79' lang='lat' dir='ltr'>nostri</span> <span class='ocrx_word' id='word_1_1180' title='bbox 1350 2629 1555 2669; x_wconf 75' lang='lat' dir='ltr'>quadragelimo</span> <span class='ocrx_word' id='word_1_1181' title='bbox 1569 2638 1658 2658; x_wconf 90' lang='lat' dir='ltr'>nono.</span> 
     </span>
    </p>
   </div>
   <div class='ocr_carea' id='block_1_38' title="bbox 1253 2707 2218 2718">
    <p class='ocr_par' dir='ltr' id='par_1_51' title="bbox 1253 2707 2218 2718">
     <span class='ocr_line' id='line_1_151' title="bbox 1253 2707 2218 2718; baseline 0 0"><span class='ocrx_word' id='word_1_1182' title='bbox 1253 2707 2218 2718; x_wconf 95' lang='lat' dir='ltr'> </span> 
     </span>
    </p>
   </div>
   <div class='ocr_carea' id='block_1_39' title="bbox 1368 2748 2464 2808">
    <p class='ocr_par' dir='ltr' id='par_1_52' title="bbox 1368 2748 2464 2808">
     <span class='ocr_line' id='line_1_152' title="bbox 1368 2748 2464 2808; baseline -0.005 -12"><span class='ocrx_word' id='word_1_1183' title='bbox 1368 2758 1395 2785; x_wconf 47' lang='grc' dir='ltr'>δὲ</span> <span class='ocrx_word' id='word_1_1184' title='bbox 1422 2763 1471 2795; x_wconf 85' lang='lat' dir='ltr'>De</span> <span class='ocrx_word' id='word_1_1185' title='bbox 1490 2748 1680 2806; x_wconf 66' lang='lat' dir='ltr'>Restitutione</span> <span class='ocrx_word' id='word_1_1186' title='bbox 1692 2789 1702 2805; x_wconf 93' lang='lat'>‚</span> <span class='ocrx_word' id='word_1_1187' title='bbox 1719 2772 1773 2808; x_wconf 88' lang='lat' dir='ltr'>pro</span> <span class='ocrx_word' id='word_1_1188' title='bbox 1789 2764 1875 2795; x_wconf 86' lang='lat' dir='ltr'>Petro</span> <span class='ocrx_word' id='word_1_1189' title='bbox 1893 2763 2004 2794; x_wconf 80' lang='lat' dir='ltr'>Comite</span> <span class='ocrx_word' id='word_1_1190' title='bbox 2023 2757 2189 2794; x_wconf 41' lang='lat' dir='ltr'>§abundio</span> <span class='ocrx_word' id='word_1_1191' title='bbox 2329 2768 2347 2786; x_wconf 48' lang='grc' dir='ltr'><strong><em>ἢ</em></strong></span> <span class='ocrx_word' id='word_1_1192' title='bbox 2363 2762 2386 2788; x_wconf 86' lang='lat'>1-</span> <span class='ocrx_word' id='word_1_1193' title='bbox 2400 2760 2464 2797; x_wconf 84' lang='lat'>817.</span> 
     </span>
    </p>
   </div>
   <div class='ocr_carea' id='block_1_40' title="bbox 1252 2849 2462 3276">
    <p class='ocr_par' dir='ltr' id='par_1_53' title="bbox 1252 2849 2462 2959">
     <span class='ocr_line' id='line_1_153' title="bbox 1252 2849 2462 2905; baseline -0.002 -24"><span class='ocrx_word' id='word_1_1194' title='bbox 1252 2849 1381 2905; x_wconf 79' lang='lat' dir='ltr'>REX</span> <span class='ocrx_word' id='word_1_1195' title='bbox 1401 2849 1556 2889; x_wconf 88' lang='lat' dir='ltr'>Militibus,</span> <span class='ocrx_word' id='word_1_1196' title='bbox 1580 2851 1670 2881; x_wconf 85' lang='lat' dir='ltr'>liberis</span> <span class='ocrx_word' id='word_1_1197' title='bbox 1689 2851 1868 2888; x_wconf 77' lang='lat' dir='ltr'>hominibus,</span> <span class='ocrx_word' id='word_1_1198' title='bbox 1886 2850 1919 2881; x_wconf 90' lang='lat'>&amp;</span> <span class='ocrx_word' id='word_1_1199' title='bbox 1940 2850 2074 2880; x_wconf 85' lang='lat' dir='ltr'>omnibus</span> <span class='ocrx_word' id='word_1_1200' title='bbox 2095 2849 2151 2879; x_wconf 87' lang='lat' dir='ltr'>aliis</span> <span class='ocrx_word' id='word_1_1201' title='bbox 2170 2849 2311 2879; x_wconf 86' lang='lat' dir='ltr'>Tenenti·</span> <span class='ocrx_word' id='word_1_1202' title='bbox 2330 2853 2406 2883; x_wconf 73' lang='lat' dir='ltr'>Arm,</span> <span class='ocrx_word' id='word_1_1203' title='bbox 2422 2853 2462 2884; x_wconf 66' lang='grc' dir='ltr'>Ι),</span> 
     </span>
     <span class='ocr_line' id='line_1_154' title="bbox 1253 2885 2435 2958; baseline -0.003 -38"><span class='ocrx_word' id='word_1_1204' title='bbox 1253 2928 1286 2958; x_wconf 66' lang='lat' dir='ltr'>sl</span> <span class='ocrx_word' id='word_1_1205' title='bbox 1325 2890 1376 2920; x_wconf 85' lang='lat' dir='ltr'>bus</span> <span class='ocrx_word' id='word_1_1206' title='bbox 1390 2889 1465 2920; x_wconf 86' lang='lat' dir='ltr'>Petri</span> <span class='ocrx_word' id='word_1_1207' title='bbox 1480 2889 1602 2920; x_wconf 83' lang='lat' dir='ltr'>Comitis</span> <span class='ocrx_word' id='word_1_1208' title='bbox 1615 2890 1778 2928; x_wconf 85' lang='lat' dir='ltr'>Sabaudiae,</span> <span class='ocrx_word' id='word_1_1209' title='bbox 1795 2890 1831 2920; x_wconf 91' lang='lat' dir='ltr'>de</span> <span class='ocrx_word' id='word_1_1210' title='bbox 1844 2889 1996 2919; x_wconf 90' lang='lat' dir='ltr'>honoribus</span> <span class='ocrx_word' id='word_1_1211' title='bbox 2009 2887 2121 2926; x_wconf 84' lang='lat' dir='ltr'>Aquilae</span> <span class='ocrx_word' id='word_1_1212' title='bbox 2133 2888 2167 2918; x_wconf 88' lang='lat'>&amp;</span> <span class='ocrx_word' id='word_1_1213' title='bbox 2179 2885 2308 2928; x_wconf 82' lang='lat' dir='ltr'>Hasting.</span> <span class='ocrx_word' id='word_1_1214' title='bbox 2352 2893 2435 2927; x_wconf 75' lang='lat'>1265,</span> 
     </span>
     <span class='ocr_line' id='line_1_155' title="bbox 1263 2934 2445 2959; baseline 0.001 -1"><span class='ocrx_word' id='word_1_1215' title='bbox 1263 2939 1277 2958; x_wconf 90' lang='lat' dir='ltr'>a</span> <span class='ocrx_word' id='word_1_1216' title='bbox 1290 2937 1374 2959; x_wconf 89' lang='lat' dir='ltr'>utem.</span> <span class='ocrx_word' id='word_1_1217' title='bbox 2330 2934 2383 2958; x_wconf 74' lang='lat' dir='ltr'>Aa.</span> <span class='ocrx_word' id='word_1_1218' title='bbox 2440 2955 2445 2959; x_wconf 93' lang='lat'>.</span> 
     </span>
    </p>

    <p class='ocr_par' dir='ltr' id='par_1_54' title="bbox 1254 2941 2456 3121">
     <span class='ocr_line' id='line_1_156' title="bbox 1291 2941 2435 3006; baseline -0.001 -9"><span class='ocrx_word' id='word_1_1219' title='bbox 1291 2966 1370 2997; x_wconf 89' lang='lat' dir='ltr'>Cum</span> <span class='ocrx_word' id='word_1_1220' title='bbox 1390 2967 1426 2997; x_wconf 90' lang='lat' dir='ltr'>de</span> <span class='ocrx_word' id='word_1_1221' title='bbox 1449 2965 1578 2997; x_wconf 87' lang='lat' dir='ltr'>Consilio</span> <span class='ocrx_word' id='word_1_1222' title='bbox 1599 2965 1768 3006; x_wconf 78' lang='lat' dir='ltr'>Magnarum</span> <span class='ocrx_word' id='word_1_1223' title='bbox 1789 2965 1917 2996; x_wconf 87' lang='lat' dir='ltr'>nostrum</span> <span class='ocrx_word' id='word_1_1224' title='bbox 1930 2988 1940 3003; x_wconf 95' lang='lat'>,</span> <span class='ocrx_word' id='word_1_1225' title='bbox 1969 2967 2017 3005; x_wconf 86' lang='lat' dir='ltr'>qui</span> <span class='ocrx_word' id='word_1_1226' title='bbox 2039 2964 2100 2995; x_wconf 87' lang='lat' dir='ltr'>sunt</span> <span class='ocrx_word' id='word_1_1227' title='bbox 2119 2965 2155 2995; x_wconf 89' lang='lat' dir='ltr'>de</span> <span class='ocrx_word' id='word_1_1228' title='bbox 2176 2964 2311 2995; x_wconf 88' lang='lat' dir='ltr'>Concilio</span> <span class='ocrx_word' id='word_1_1229' title='bbox 2331 2974 2366 2996; x_wconf 84' lang='lat' dir='ltr'>H.</span> <span class='ocrx_word' id='word_1_1230' title='bbox 2384 2941 2435 3006; x_wconf 41' lang='lat' dir='ltr'>im</span> 
     </span>
     <span class='ocr_line' id='line_1_157' title="bbox 1254 3004 2456 3044; baseline 0 -9"><span class='ocrx_word' id='word_1_1231' title='bbox 1254 3005 1353 3035; x_wconf 87' lang='lat' dir='ltr'>nostro</span> <span class='ocrx_word' id='word_1_1232' title='bbox 1387 3006 1504 3044; x_wconf 81' lang='lat' dir='ltr'>praefato</span> <span class='ocrx_word' id='word_1_1233' title='bbox 1518 3004 1603 3035; x_wconf 86' lang='lat' dir='ltr'>Petro</span> <span class='ocrx_word' id='word_1_1234' title='bbox 1616 3005 1758 3040; x_wconf 86' lang='lat' dir='ltr'>avunculo</span> <span class='ocrx_word' id='word_1_1235' title='bbox 1773 3004 1869 3034; x_wconf 78' lang='lat' dir='ltr'>nostro</span> <span class='ocrx_word' id='word_1_1236' title='bbox 1883 3013 1982 3034; x_wconf 84' lang='lat' dir='ltr'>ornnes</span> <span class='ocrx_word' id='word_1_1237' title='bbox 1994 3012 2076 3033; x_wconf 87' lang='lat' dir='ltr'>terras</span> <span class='ocrx_word' id='word_1_1238' title='bbox 2089 3004 2123 3034; x_wconf 93' lang='lat'>&amp;</span> <span class='ocrx_word' id='word_1_1239' title='bbox 2135 3012 2294 3033; x_wconf 86' lang='lat' dir='ltr'>tenementa</span> <span class='ocrx_word' id='word_1_1240' title='bbox 2302 3025 2312 3041; x_wconf 90' lang='lat'>,</span> <span class='ocrx_word' id='word_1_1241' title='bbox 2331 3011 2391 3034; x_wconf 70' lang='lat' dir='ltr'>Par.</span> <span class='ocrx_word' id='word_1_1242' title='bbox 2410 3018 2456 3043; x_wconf 71' lang='lat'>49.</span> 
     </span>
     <span class='ocr_line' id='line_1_158' title="bbox 1255 3040 2410 3083; baseline -0.003 -9"><span class='ocrx_word' id='word_1_1243' title='bbox 1255 3044 1334 3083; x_wconf 70' lang='lat' dir='ltr'>posse</span> <span class='ocrx_word' id='word_1_1244' title='bbox 1357 3053 1435 3074; x_wconf 78' lang='lat' dir='ltr'>iones</span> <span class='ocrx_word' id='word_1_1245' title='bbox 1456 3045 1489 3074; x_wconf 68' lang='grc' dir='ltr'>ὃς</span> <span class='ocrx_word' id='word_1_1246' title='bbox 1513 3045 1586 3073; x_wconf 83' lang='lat' dir='ltr'>bona</span> <span class='ocrx_word' id='word_1_1247' title='bbox 1603 3044 1665 3081; x_wconf 85' lang='lat' dir='ltr'>sua,</span> <span class='ocrx_word' id='word_1_1248' title='bbox 1682 3043 1830 3074; x_wconf 79' lang='lat' dir='ltr'>occasione</span> <span class='ocrx_word' id='word_1_1249' title='bbox 1845 3042 2024 3080; x_wconf 78' lang='lat' dir='ltr'>turbationis,</span> <span class='ocrx_word' id='word_1_1250' title='bbox 2041 3042 2144 3075; x_wconf 78' lang='lat' dir='ltr'>habitae</span> <span class='ocrx_word' id='word_1_1251' title='bbox 2157 3043 2187 3071; x_wconf 93' lang='lat' dir='ltr'>in</span> <span class='ocrx_word' id='word_1_1252' title='bbox 2204 3040 2312 3081; x_wconf 88' lang='lat' dir='ltr'>Regno</span> <span class='ocrx_word' id='word_1_1253' title='bbox 2330 3051 2364 3073; x_wconf 77' lang='lat' dir='ltr'>H.</span> <span class='ocrx_word' id='word_1_1254' title='bbox 2386 3055 2410 3081; x_wconf 81' lang='lat'>3.</span> 
     </span>
     <span class='ocr_line' id='line_1_159' title="bbox 1255 3079 2417 3121; baseline -0.003 -9"><span class='ocrx_word' id='word_1_1255' title='bbox 1255 3082 1370 3120; x_wconf 89' lang='lat' dir='ltr'>nostro,</span> <span class='ocrx_word' id='word_1_1256' title='bbox 1386 3093 1402 3112; x_wconf 90' lang='lat' dir='ltr'>a</span> <span class='ocrx_word' id='word_1_1257' title='bbox 1419 3082 1638 3121; x_wconf 84' lang='lat' dir='ltr'>quibuscumque</span> <span class='ocrx_word' id='word_1_1258' title='bbox 1651 3089 1805 3120; x_wconf 84' lang='lat' dir='ltr'>occupata,</span> <span class='ocrx_word' id='word_1_1259' title='bbox 1821 3079 2006 3119; x_wconf 70' lang='lat' dir='ltr'>reddidimus,</span> <span class='ocrx_word' id='word_1_1260' title='bbox 2329 3096 2353 3113; x_wconf 73' lang='grc' dir='ltr'>η,</span> <span class='ocrx_word' id='word_1_1261' title='bbox 2374 3093 2417 3118; x_wconf 70' lang='lat'>32,</span> 
     </span>
    </p>

    <p class='ocr_par' dir='ltr' id='par_1_55' title="bbox 1252 3118 2314 3276">
     <span class='ocr_line' id='line_1_160' title="bbox 1292 3118 2314 3159; baseline -0.003 -9"><span class='ocrx_word' id='word_1_1262' title='bbox 1292 3120 1382 3150; x_wconf 89' lang='lat' dir='ltr'>Vobis</span> <span class='ocrx_word' id='word_1_1263' title='bbox 1403 3121 1565 3151; x_wconf 78' lang='lat' dir='ltr'>mandamus</span> <span class='ocrx_word' id='word_1_1264' title='bbox 1583 3119 1659 3159; x_wconf 86' lang='lat' dir='ltr'>quod</span> <span class='ocrx_word' id='word_1_1265' title='bbox 1682 3119 1823 3150; x_wconf 80' lang='lat' dir='ltr'>Edwardo</span> <span class='ocrx_word' id='word_1_1266' title='bbox 1835 3118 1871 3148; x_wconf 89' lang='lat' dir='ltr'>de</span> <span class='ocrx_word' id='word_1_1267' title='bbox 1884 3118 2019 3157; x_wconf 86' lang='lat' dir='ltr'>Charun,</span> <span class='ocrx_word' id='word_1_1268' title='bbox 2037 3120 2084 3149; x_wconf 88' lang='lat' dir='ltr'>cui</span> <span class='ocrx_word' id='word_1_1269' title='bbox 2095 3118 2251 3150; x_wconf 88' lang='lat' dir='ltr'>custodiam</span> <span class='ocrx_word' id='word_1_1270' title='bbox 2265 3127 2314 3147; x_wconf 81' lang='lat' dir='ltr'>eo-</span> 
     </span>
     <span class='ocr_line' id='line_1_161' title="bbox 1253 3158 2311 3196; baseline -0.003 -8"><span class='ocrx_word' id='word_1_1271' title='bbox 1253 3159 1384 3189; x_wconf 86' lang='lat' dir='ltr'>rumdem</span> <span class='ocrx_word' id='word_1_1272' title='bbox 1406 3160 1615 3196; x_wconf 72' lang='lat' dir='ltr'>commisimus,</span> <span class='ocrx_word' id='word_1_1273' title='bbox 1634 3159 1662 3188; x_wconf 90' lang='lat' dir='ltr'>in</span> <span class='ocrx_word' id='word_1_1274' title='bbox 1685 3158 1833 3195; x_wconf 82' lang='lat' dir='ltr'>omnibus,</span> <span class='ocrx_word' id='word_1_1275' title='bbox 1872 3167 1916 3186; x_wconf 55' lang='lat' dir='ltr'>uae</span> <span class='ocrx_word' id='word_1_1276' title='bbox 1935 3158 1968 3188; x_wconf 89' lang='lat' dir='ltr'>ad</span> <span class='ocrx_word' id='word_1_1277' title='bbox 1992 3166 2074 3188; x_wconf 72' lang='lat' dir='ltr'>terras</span> <span class='ocrx_word' id='word_1_1278' title='bbox 2094 3158 2128 3188; x_wconf 88' lang='lat'>&amp;</span> <span class='ocrx_word' id='word_1_1279' title='bbox 2151 3166 2311 3187; x_wconf 79' lang='lat' dir='ltr'>tenemenra</span> 
     </span>
     <span class='ocr_line' id='line_1_162' title="bbox 1254 3195 2313 3236; baseline -0.005 -8"><span class='ocrx_word' id='word_1_1280' title='bbox 1254 3197 1387 3236; x_wconf 56' lang='lat' dir='ltr'>praedista</span> <span class='ocrx_word' id='word_1_1281' title='bbox 1410 3199 1564 3236; x_wconf 79' lang='lat' dir='ltr'>pertinent,</span> <span class='ocrx_word' id='word_1_1282' title='bbox 1581 3198 1697 3226; x_wconf 88' lang='lat' dir='ltr'>nornine</span> <span class='ocrx_word' id='word_1_1283' title='bbox 1717 3196 1821 3234; x_wconf 83' lang='lat' dir='ltr'>praefati</span> <span class='ocrx_word' id='word_1_1284' title='bbox 1868 3197 1936 3235; x_wconf 86' lang='lat' dir='ltr'>etri,</span> <span class='ocrx_word' id='word_1_1285' title='bbox 1954 3196 2007 3227; x_wconf 85' lang='lat' dir='ltr'>sitis</span> <span class='ocrx_word' id='word_1_1286' title='bbox 2026 3195 2201 3226; x_wconf 86' lang='lat' dir='ltr'>intendentes</span> <span class='ocrx_word' id='word_1_1287' title='bbox 2221 3196 2254 3225; x_wconf 86' lang='lat'>&amp;</span> <span class='ocrx_word' id='word_1_1288' title='bbox 2270 3203 2313 3224; x_wconf 64' lang='lat' dir='ltr'>rc&lt;</span> 
     </span>
     <span class='ocr_line' id='line_1_163' title="bbox 1252 3232 1912 3276; baseline -0.006 -9"><span class='ocrx_word' id='word_1_1289' title='bbox 1252 3236 1435 3276; x_wconf 79' lang='lat' dir='ltr'>spondentes,</span> <span class='ocrx_word' id='word_1_1290' title='bbox 1454 3237 1522 3266; x_wconf 86' lang='lat' dir='ltr'>sicut</span> <span class='ocrx_word' id='word_1_1291' title='bbox 1536 3235 1606 3272; x_wconf 83' lang='lat' dir='ltr'>prius</span> <span class='ocrx_word' id='word_1_1292' title='bbox 1620 3235 1710 3265; x_wconf 84' lang='lat' dir='ltr'>facere</span> <span class='ocrx_word' id='word_1_1293' title='bbox 1725 3232 1912 3264; x_wconf 72' lang='lat' dir='ltr'>consuevistis.</span> 
     </span>
    </p>
   </div>
   <div class='ocr_carea' id='block_1_41' title="bbox 1293 3302 2222 3346">
    <p class='ocr_par' dir='ltr' id='par_1_56' title="bbox 1293 3302 2222 3346">
     <span class='ocr_line' id='line_1_164' title="bbox 1293 3302 2222 3346; baseline -0.006 -10"><span class='ocrx_word' id='word_1_1294' title='bbox 1293 3304 1382 3336; x_wconf 87' lang='lat' dir='ltr'>Teste</span> <span class='ocrx_word' id='word_1_1295' title='bbox 1394 3305 1476 3346; x_wconf 83' lang='lat' dir='ltr'>Rege</span> <span class='ocrx_word' id='word_1_1296' title='bbox 1489 3303 1563 3343; x_wconf 85' lang='lat' dir='ltr'>apud</span> <span class='ocrx_word' id='word_1_1297' title='bbox 1577 3304 1712 3334; x_wconf 60' lang='lat' dir='ltr'>XVinton.</span> <span class='ocrx_word' id='word_1_1298' title='bbox 1731 3303 1966 3341; x_wconf 70' lang='lat' dir='ltr'>septimodecimo</span> <span class='ocrx_word' id='word_1_1299' title='bbox 1987 3302 2032 3333; x_wconf 90' lang='lat' dir='ltr'>die</span> <span class='ocrx_word' id='word_1_1300' title='bbox 2047 3302 2222 3340; x_wconf 85' lang='lat' dir='ltr'>Septembris.</span> 
     </span>
    </p>
   </div>
   <div class='ocr_carea' id='block_1_42' title="bbox 1257 3379 2309 3454">
    <p class='ocr_par' dir='ltr' id='par_1_57' title="bbox 1257 3379 2309 3454">
     <span class='ocr_line' id='line_1_165' title="bbox 1292 3379 2309 3424; baseline -0.006 -9"><span class='ocrx_word' id='word_1_1301' title='bbox 1292 3387 1392 3415; x_wconf 72' lang='lat' dir='ltr'>Eodem</span> <span class='ocrx_word' id='word_1_1302' title='bbox 1411 3387 1483 3416; x_wconf 78' lang='lat' dir='ltr'>modo</span> <span class='ocrx_word' id='word_1_1303' title='bbox 1502 3384 1661 3414; x_wconf 71' lang='lat' dir='ltr'>mandatum</span> <span class='ocrx_word' id='word_1_1304' title='bbox 1679 3382 1716 3424; x_wconf 77' lang='lat' dir='ltr'>cst</span> <span class='ocrx_word' id='word_1_1305' title='bbox 1733 3383 1852 3413; x_wconf 76' lang='lat' dir='ltr'>omnibus</span> <span class='ocrx_word' id='word_1_1306' title='bbox 1871 3382 2030 3413; x_wconf 77' lang='lat' dir='ltr'>Tenentihus</span> <span class='ocrx_word' id='word_1_1307' title='bbox 2049 3384 2080 3413; x_wconf 81' lang='lat' dir='ltr'>de</span> <span class='ocrx_word' id='word_1_1308' title='bbox 2098 3381 2194 3412; x_wconf 82' lang='lat' dir='ltr'>honore</span> <span class='ocrx_word' id='word_1_1309' title='bbox 2211 3379 2309 3410; x_wconf 75' lang='lat' dir='ltr'>Riche-</span> 
     </span>
     <span class='ocr_line' id='line_1_166' title="bbox 1257 3426 1379 3454; baseline 0.008 -1"><span class='ocrx_word' id='word_1_1310' title='bbox 1257 3426 1379 3454; x_wconf 79' lang='lat' dir='ltr'>mundiae.</span> 
     </span>
    </p>
   </div>
   <div class='ocr_carea' id='block_1_43' title="bbox 1258 3550 2315 3747">
    <p class='ocr_par' dir='ltr' id='par_1_58' title="bbox 1258 3550 2315 3747">
     <span class='ocr_line' id='line_1_167' title="bbox 1258 3550 2313 3602; baseline -0.008 -13"><span class='ocrx_word' id='word_1_1311' title='bbox 1258 3560 1332 3602; x_wconf 73' lang='lat' dir='ltr'>Saepe</span> <span class='ocrx_word' id='word_1_1312' title='bbox 1353 3560 1521 3588; x_wconf 75' lang='lat' dir='ltr'>nominastis</span> <span class='ocrx_word' id='word_1_1313' title='bbox 1545 3565 1636 3599; x_wconf 77' lang='lat' dir='ltr'>nuper</span> <span class='ocrx_word' id='word_1_1314' title='bbox 1658 3553 1756 3586; x_wconf 76' lang='lat' dir='ltr'>Guido</span> <span class='ocrx_word' id='word_1_1315' title='bbox 1779 3556 1838 3599; x_wconf 22' lang='lat' dir='ltr'>*Epi</span> <span class='ocrx_word' id='word_1_1316' title='bbox 1853 3564 1936 3598; x_wconf 77' lang='lat' dir='ltr'>copus</span> <span class='ocrx_word' id='word_1_1317' title='bbox 1952 3550 2090 3585; x_wconf 59' lang='lat' dir='ltr'>Sizhinen.</span> <span class='ocrx_word' id='word_1_1318' title='bbox 2113 3562 2191 3582; x_wconf 82' lang='lat' dir='ltr'>nunc</span> <span class='ocrx_word' id='word_1_1319' title='bbox 2207 3552 2290 3595; x_wconf 76' lang='lat' dir='ltr'>Papa</span> <span class='ocrx_word' id='word_1_1320' title='bbox 2303 3576 2313 3591; x_wconf 91' lang='lat'>,</span> 
     </span>
     <span class='ocr_line' id='line_1_168' title="bbox 1304 3598 2315 3646; baseline -0.008 -9"><span class='ocrx_word' id='word_1_1321' title='bbox 1304 3609 1419 3637; x_wconf 78' lang='lat' dir='ltr'>nomine</span> <span class='ocrx_word' id='word_1_1322' title='bbox 1461 3605 1591 3636; x_wconf 77' lang='lat' dir='ltr'>Clemens</span> <span class='ocrx_word' id='word_1_1323' title='bbox 1611 3628 1620 3644; x_wconf 85' lang='lat'>‚</span> <span class='ocrx_word' id='word_1_1324' title='bbox 1653 3601 1783 3634; x_wconf 77' lang='lat' dir='ltr'>nondum</span> <span class='ocrx_word' id='word_1_1325' title='bbox 1816 3602 1996 3646; x_wconf 72' lang='lat' dir='ltr'>informatus</span> <span class='ocrx_word' id='word_1_1326' title='bbox 2018 3598 2094 3645; x_wconf 78' lang='lat' dir='ltr'>quid</span> <span class='ocrx_word' id='word_1_1327' title='bbox 2117 3608 2256 3631; x_wconf 74' lang='lat' dir='ltr'>evenerat</span> <span class='ocrx_word' id='word_1_1328' title='bbox 2284 3602 2315 3630; x_wconf 83' lang='lat' dir='ltr'>in</span> 
     </span>
     <span class='ocr_line' id='line_1_169' title="bbox 1306 3646 2312 3699; baseline -0.003 -18"><span class='ocrx_word' id='word_1_1329' title='bbox 1306 3653 1422 3699; x_wconf 44' lang='lat' dir='ltr'>Agglia</span> <span class='ocrx_word' id='word_1_1330' title='bbox 1435 3680 1443 3694; x_wconf 76' lang='lat'>‚</span> <span class='ocrx_word' id='word_1_1331' title='bbox 1462 3653 1614 3697; x_wconf 71' lang='lat' dir='ltr'>fiquentes</span> <span class='ocrx_word' id='word_1_1332' title='bbox 1630 3651 1731 3682; x_wconf 78' lang='lat' dir='ltr'><em>Bullas</em></span> <span class='ocrx_word' id='word_1_1333' title='bbox 1751 3661 1853 3683; x_wconf 82' lang='lat' dir='ltr'>contra</span> <span class='ocrx_word' id='word_1_1334' title='bbox 1871 3652 2017 3682; x_wconf 82' lang='lat' dir='ltr'>Simonem</span> <span class='ocrx_word' id='word_1_1335' title='bbox 2038 3647 2074 3680; x_wconf 87' lang='lat' dir='ltr'>de</span> <span class='ocrx_word' id='word_1_1336' title='bbox 2093 3646 2261 3691; x_wconf 82' lang='lat' dir='ltr'>Montforti</span> <span class='ocrx_word' id='word_1_1337' title='bbox 2275 3649 2312 3684; x_wconf 69' lang='lat'>&amp;-</span> 
     </span>
     <span class='ocr_line' id='line_1_170' title="bbox 1309 3701 1603 3747; baseline -0.01 -13"><span class='ocrx_word' id='word_1_1338' title='bbox 1309 3702 1464 3747; x_wconf 83' lang='lat' dir='ltr'>Complicet</span> <span class='ocrx_word' id='word_1_1339' title='bbox 1483 3701 1603 3732; x_wconf 71' lang='lat' dir='ltr'>emittis·</span> 
     </span>
    </p>
   </div>
   <div class='ocr_carea' id='block_1_44' title="bbox 1264 3787 2315 3800">
    <p class='ocr_par' dir='ltr' id='par_1_59' title="bbox 1264 3787 2315 3800">
     <span class='ocr_line' id='line_1_171' title="bbox 1264 3787 2315 3800; baseline 0 461"><span class='ocrx_word' id='word_1_1340' title='bbox 1264 3787 2315 3800; x_wconf 95' lang='lat' dir='ltr'> </span> 
     </span>
    </p>
   </div>
   <div class='ocr_carea' id='block_1_45' title="bbox 1263 3836 2314 3885">
    <p class='ocr_par' dir='ltr' id='par_1_60' title="bbox 1263 3836 2314 3885">
     <span class='ocr_line' id='line_1_172' title="bbox 1263 3836 2314 3885; baseline -0.003 -12"><span class='ocrx_word' id='word_1_1341' title='bbox 1263 3841 1351 3874; x_wconf 65' lang='lat' dir='ltr'>Bulla</span> <span class='ocrx_word' id='word_1_1342' title='bbox 1364 3839 1454 3885; x_wconf 70' lang='lat' dir='ltr'>fiiper</span> <span class='ocrx_word' id='word_1_1343' title='bbox 1474 3837 1592 3871; x_wconf 83' lang='lat' dir='ltr'>decima</span> <span class='ocrx_word' id='word_1_1344' title='bbox 1608 3864 1617 3879; x_wconf 90' lang='lat'>‚</span> <span class='ocrx_word' id='word_1_1345' title='bbox 1638 3849 1691 3883; x_wconf 79' lang='lat' dir='ltr'>per</span> <span class='ocrx_word' id='word_1_1346' title='bbox 1710 3839 1844 3871; x_wconf 78' lang='lat' dir='ltr'>Praelatos</span> <span class='ocrx_word' id='word_1_1347' title='bbox 1861 3836 1977 3882; x_wconf 74' lang='lat' dir='ltr'>Angliae</span> <span class='ocrx_word' id='word_1_1348' title='bbox 1993 3836 2128 3879; x_wconf 68' lang='lat' dir='ltr'>coHefba,</span> <span class='ocrx_word' id='word_1_1349' title='bbox 2147 3837 2314 3883; x_wconf 75' lang='lat' dir='ltr'>ficundum</span> 
     </span>
    </p>
   </div>
   <div class='ocr_carea' id='block_1_46' title="bbox 1490 3883 2469 3931">
    <p class='ocr_par' dir='ltr' id='par_1_61' title="bbox 1490 3883 2469 3931">
     <span class='ocr_line' id='line_1_173' title="bbox 1490 3883 2469 3931; baseline -0.001 -13"><span class='ocrx_word' id='word_1_1350' title='bbox 1490 3885 1695 3931; x_wconf 72' lang='lat' dir='ltr'>discretionem</span> <span class='ocrx_word' id='word_1_1351' title='bbox 1716 3884 1857 3919; x_wconf 84' lang='lat' dir='ltr'>Ottoboni</span> <span class='ocrx_word' id='word_1_1352' title='bbox 1874 3883 2081 3918; x_wconf 82' lang='lat' dir='ltr'>convertenda.</span> <span class='ocrx_word' id='word_1_1353' title='bbox 2335 3895 2411 3926; x_wconf 57' lang='lat' dir='ltr'>Arm,</span> <span class='ocrx_word' id='word_1_1354' title='bbox 2429 3896 2469 3927; x_wconf 36' lang='lat' dir='ltr'>D.</span> 
     </span>
    </p>
   </div>
   <div class='ocr_carea' id='block_1_47' title="bbox 1261 3936 2449 4092">
    <p class='ocr_par' dir='ltr' id='par_1_62' title="bbox 1261 3936 2449 4092">
     <span class='ocr_line' id='line_1_174' title="bbox 1265 3936 2446 4039; baseline -0.008 -32"><span class='ocrx_word' id='word_1_1355' title='bbox 1265 3977 1446 4039; x_wconf 79' lang='lat' dir='ltr'>CLemens</span> <span class='ocrx_word' id='word_1_1356' title='bbox 1471 3974 1648 4019; x_wconf 78' lang='lat' dir='ltr'>Episcopus,</span> <span class='ocrx_word' id='word_1_1357' title='bbox 1673 3974 1764 4005; x_wconf 89' lang='lat' dir='ltr'>servus</span> <span class='ocrx_word' id='word_1_1358' title='bbox 1789 3974 1931 4019; x_wconf 78' lang='lat' dir='ltr'>servorum</span> <span class='ocrx_word' id='word_1_1359' title='bbox 1962 3973 2047 4018; x_wconf 87' lang='lat' dir='ltr'>Dei,</span> <span class='ocrx_word' id='word_1_1360' title='bbox 2071 3972 2175 4018; x_wconf 61' lang='lat' dir='ltr'>dilecto</span> <span class='ocrx_word' id='word_1_1361' title='bbox 2193 3972 2250 4002; x_wconf 84' lang='lat' dir='ltr'>filio</span> <span class='ocrx_word' id='word_1_1362' title='bbox 2271 3971 2311 4001; x_wconf 89' lang='lat' dir='ltr'>O.</span> <span class='ocrx_word' id='word_1_1363' title='bbox 2334 3936 2446 4007; x_wconf 45' lang='grc' dir='ltr'>ἐξῇ)</span> 
     </span>
     <span class='ocr_line' id='line_1_175' title="bbox 1340 4011 2416 4051; baseline -0.007 -5"><span class='ocrx_word' id='word_1_1364' title='bbox 1340 4016 1435 4046; x_wconf 62' lang='grc' dir='ltr'>δεηέὶι</span> <span class='ocrx_word' id='word_1_1365' title='bbox 1456 4014 1567 4044; x_wconf 73' lang='lat' dir='ltr'>Adrian.</span> <span class='ocrx_word' id='word_1_1366' title='bbox 1586 4013 1708 4043; x_wconf 85' lang='lat' dir='ltr'>Diacon.</span> <span class='ocrx_word' id='word_1_1367' title='bbox 1729 4012 1886 4051; x_wconf 83' lang='lat' dir='ltr'>Cardinali,</span> <span class='ocrx_word' id='word_1_1368' title='bbox 1912 4011 2087 4051; x_wconf 82' lang='lat' dir='ltr'>Apostolicae</span> <span class='ocrx_word' id='word_1_1369' title='bbox 2108 4012 2174 4043; x_wconf 88' lang='lat' dir='ltr'>sedis</span> <span class='ocrx_word' id='word_1_1370' title='bbox 2191 4011 2314 4050; x_wconf 90' lang='lat' dir='ltr'>Legato,</span> <span class='ocrx_word' id='word_1_1371' title='bbox 2334 4015 2368 4038; x_wconf 82' lang='lat' dir='ltr'>H.</span> <span class='ocrx_word' id='word_1_1372' title='bbox 2391 4020 2416 4045; x_wconf 76' lang='lat'>3.</span> 
     </span>
     <span class='ocr_line' id='line_1_176' title="bbox 1261 4050 2449 4092; baseline -0.011 -5"><span class='ocrx_word' id='word_1_1373' title='bbox 1261 4057 1373 4087; x_wconf 83' lang='lat' dir='ltr'>salutem</span> <span class='ocrx_word' id='word_1_1374' title='bbox 1387 4056 1419 4085; x_wconf 71' lang='grc' dir='ltr'>ὃς</span> <span class='ocrx_word' id='word_1_1375' title='bbox 1438 4052 1629 4092; x_wconf 87' lang='lat' dir='ltr'>Apostolicam</span> <span class='ocrx_word' id='word_1_1376' title='bbox 1644 4051 1882 4082; x_wconf 70' lang='lat' dir='ltr'>benedifflonem.</span> <span class='ocrx_word' id='word_1_1377' title='bbox 2333 4053 2373 4076; x_wconf 71' lang='lat' dir='ltr'>Ex</span> <span class='ocrx_word' id='word_1_1378' title='bbox 2392 4050 2449 4074; x_wconf 78' lang='lat' dir='ltr'>Au-</span> 
     </span>
    </p>
   </div>
   <div class='ocr_carea' id='block_1_48' title="bbox 1298 4086 2399 4160">
    <p class='ocr_par' dir='ltr' id='par_1_63' title="bbox 1298 4086 2399 4160">
     <span class='ocr_line' id='line_1_177' title="bbox 1298 4086 2399 4160; baseline -0.006 -36"><span class='ocrx_word' id='word_1_1379' title='bbox 1298 4094 1356 4124; x_wconf 91' lang='lat' dir='ltr'>-Per</span> <span class='ocrx_word' id='word_1_1380' title='bbox 1374 4092 1501 4123; x_wconf 88' lang='lat' dir='ltr'>nobilem</span> <span class='ocrx_word' id='word_1_1381' title='bbox 1520 4091 1613 4123; x_wconf 83' lang='lat' dir='ltr'>virum</span> <span class='ocrx_word' id='word_1_1382' title='bbox 1627 4089 1803 4159; x_wconf 54' lang='lat' dir='ltr'>symonenfq</span> <span class='ocrx_word' id='word_1_1383' title='bbox 1795 4089 1832 4121; x_wconf 89' lang='lat' dir='ltr'>de</span> <span class='ocrx_word' id='word_1_1384' title='bbox 1847 4089 2026 4122; x_wconf 85' lang='lat' dir='ltr'>Monteforte</span> <span class='ocrx_word' id='word_1_1385' title='bbox 2039 4088 2187 4121; x_wconf 86' lang='lat' dir='ltr'>Comitem</span> <span class='ocrx_word' id='word_1_1386' title='bbox 2199 4086 2316 4160; x_wconf 48' lang='grc' dir='ltr'>(ἐὲῐὲὲἰζ</span> <span class='ocrx_word' id='word_1_1387' title='bbox 2336 4096 2399 4123; x_wconf 73' lang='lat' dir='ltr'>zogr-</span> 
     </span>
    </p>
   </div>
  </div>
 </body>
</html>
