2570 4261
26 246 103 278 Ann.
117 242 159 274 D.

48 283 133 324 1306.

27 325 92 353 Edu
104 332 125 352 ι.

34 1081 108 1114 Ann.
123 1078 164 1110 D.

64 1119 149 1160 1306.

34 1165 86 1189 Aa.
99 1169 142 1195 34.

33 1203 65 1228 Ξ.
87 1207 112 1227 1.

34 1242 76 1264 Ex
94 1239 151 1264 Au-

33 1284 96 1312 ‚ogr-

40 1716 165 1750 Ann.D.

61 1758 145 1798 1306.

39 1802 146 1833 A11.34.

39 1840 71 1864 E.
95 1845 117 1862 1.

41 1879 82 1902 Ex
109 1878 168 1903 Au-

44 2357 179 2396 ⁰11.980.

170 149 229 198 46

217 229 291 260 Tuis
304 228 394 266 itaque
409 219 652 262 supplicationibus
663 215 805 251 inclinati,
823 212 987 244 auetoritate
1001 211 1054 241 tibi
1068 209 1248 249 praesentium

180 267 356 307 indulgemus
389 272 419 294 ut
438 261 540 298 nullus,
558 260 573 288 a
590 256 654 287 sede
672 252 842 292 Apostolica
863 251 1020 288 delegatus,
1037 258 1169 280 executor
1185 288 1189 292 Ι
1204 247 1251 278 vel

179 308 264 338 etiam
280 288 460 335 conse'rvator
474 300 490 328 a
502 297 564 328 sede
575 295 718 332 deputatus
730 291 900 329 eadem,aut
1156 271 1252 332 91⁷1an

179 344 336 376 eomndem
372 338 455 379 possit
468 338 497 367 in
510 334 653 374 personam
662 355 672 370 ,
689 332 722 362 &
736 329 861 368 Capenas
874 337 948 366 tuas,
966 327 1253 370 Excommunicatio-

178 385 221 415 nis
257 365 456 418 Suspei’isionis,
474 376 519 405 vel
535 371 674 403 interdidli
687 369 832 400 sententias
846 366 1042 406 promulgare,
1059 364 1160 403 absque
1173 366 1254 401 ipsius

181 406 251 454 sedis
264 418 414 454 mandato,
432 416 466 446 &
485 411 600 443 licentia
619 408 746 448 speciali,
764 407 883 438 faciente
904 405 1066 449 plenam-6(
1080 403 1254 441 expressam,

180 471 214 494 ac
232 459 268 489 de
280 458 369 488 verbo
384 454 419 486 ad
434 453 556 483 verbum
565 473 574 489 ,
592 449 629 479 de
644 447 754 479 indulto
768 445 928 484 hujusmodi
937 452 1132 488 mentionem.

217 497 283 529 Nos
303 496 381 525 enim
403 501 436 522 ex
462 499 539 520 nunc
559 489 670 519 irritum
689 486 868 517 decernimus
888 485 921 515 &
934 492 1034 521 inane,
1052 481 1072 512 fi
1084 481 1160 512 secus
1177 478 1256 518 super

182 537 235 569 hiis
249 533 402 570 contigerit
415 529 547 561 attentari.

215 573 299 606 Nulli
317 579 384 611 ergo
407 568 549 606 omnino,
566 567 629 599 &c.

912 288 1099 328 subdelegatus
1105 288 1142 318 ab

219 650 288 682 Dat.
305 646 436 687 Lugdun.
455 644 519 677 Kal.
535 644 597 686 jan.
613 641 722 675 Pontis.
739 639 827 672 nostri
840 648 915 669 anno
922 638 1027 676 primo.

645 718 700 750 Sub
708 717 769 760 filis
775 716 870 757 sericis
879 716 959 756 flavi
975 714 1101 754 rubeique
1115 712 1220 744 coloris.

184 856 274 891 Bulla
287 883 297 898 ‚
323 851 405 901 quod
424 851 524 884 nullus
545 847 696 894 delegatus
718 842 797 891 poffit
822 846 853 876 in
880 842 1037 888 Perfimam
1053 868 1062 883 ‚
1087 840 1140 897 vel
1157 838 1261 886 Capel-

234 906 298 938 lam
321 898 475 936 Edwardi
493 898 688 942 Primogeniti
714 896 803 940 Regis
821 892 940 939 Angliae
958 919 968 934 ,
988 891 1171 937 fintemmm
1193 891 1262 922 Ex·

232 950 529 989 communicationis,
555 945 608 978 vel
628 941 789 978 Interdifti
799 941 945 987 proferre.

252 1038 375 1069 Lemens
395 1032 570 1072 Episcopus,
588 1030 679 1062 servus
701 1029 848 1060 servorum
864 1026 1058 1065 Dei,dile6to
1072 1023 1263 1067 filio,Nobili

187 1046 248 1111 C
269 1076 342 1107 Viro
356 1072 517 1111 Edwatdo,
536 1069 733 1109 primogenito
753 1065 888 1097 carissimi
902 1067 932 1095 in
949 1065 1066 1096 Christo
1088 1064 1137 1094 filii
1157 1062 1266 1099 nostri,

188 1118 224 1150 E.
244 1115 335 1153 Regis
348 1112 462 1152 Angliae
473 1109 600 1148 illustris,
617 1107 733 1139 salutern
745 1106 780 1136 &
799 1103 999 1142 Apostolicam
1020 1103 1264 1135 benedictionem.

225 1154 337 1192 Habet,
355 1151 395 1182 fili
408 1149 568 1186 carissime,
583 1157 617 1178 ex
634 1147 686 1177 tuis
700 1144 883 1176 laudabilibus
895 1144 1020 1182 aCtibus,
1036 1143 1136 1181 quibus
1158 1142 1267 1179 gratio-

187 1195 231 1227 sus
245 1193 369 1230 incedis,
385 1190 462 1222 sedes
473 1186 638 1227 Apostolica
647 1208 657 1224 ‚
675 1193 722 1215 tua
737 1182 853 1221 Mater,
872 1191 901 1213 ut
910 1183 1060 1221 personam
1075 1191 1154 1213 tuam
1161 1179 1268 1211 attollat

189 1233 368 1269 muneribus,
386 1231 420 1261 &
435 1229 527 1269 gratiis
539 1225 695 1257 confoveat
708 1223 872 1261 oportunis:
1259 1256 1267 1265 „

223 1272 297 1303 Tuis
311 1272 403 1309 itaque
415 1266 664 1307 supplicationibus
679 1262 828 1301 inclinati,
843 1259 905 1299 &c-
918 1267 1003 1301 prout
1018 1263 1048 1292 in
1060 1258 1147 1291 Bulld
1163 1257 1268 1289 direft'a

190 1314 264 1351 Regi.

1018 1375 1108 1417 sigillo
1126 1373 1233 1414 avulsit.

189 1513 281 1547 Bulla
297 1512 488 1551 executoria,
514 1508 629 1542 diretta
644 1508 784 1555 Epiftopo
805 1504 1005 1556 ngornienfi
1012 1503 1054 1549 fit
1072 1515 1104 1535 er
1120 1503 1272 1535 revocati-

232 1574 284 1595 one
305 1556 518 1604 Conccffionum
530 1585 540 1601 ,
565 1568 773 1590 contentarum
792 1560 826 1589 iu
846 1558 948 1588 Carris
966 1553 1003 1587 de
1020 1553 1043 1585 li
1064 1548 1211 1584 ertatibus
1232 1551 1270 1588 ὠ·

234 1610 272 1644 de
287 1607 411 1656 foresta.

252 1696 374 1727 Lemens
384 1692 557 1732 Episcopus,
574 1691 666 1723 servus
678 1691 829 1722 servorum
845 1690 920 1728 Dei,
939 1686 1093 1720 venerabili
1112 1684 1200 1730 Fratri
1230 1723 1236 1729 ¹

186 1703 249 1769 C
287 1734 433 1774 Episcopo
445 1731 666 1770 wigorniensi,
685 1730 804 1761 salutern
821 1731 854 1762 &
870 1727 1073 1767 Apostolicam
1091 1723 1273 1756 benedictio-

193 1784 339 1852 nengaus
360 1809 524 1841 devotionis
539 1809 684 1842 integritas
698 1806 834 1838 cariffimi
852 1807 882 1836 in
899 1804 1019 1837 Christo
1035 1802 1085 1848 filii
1105 1802 1198 1833 nostri
1214 1800 1274 1846 Ed-

187 1851 269 1884 vardi
290 1850 378 1889 Regis
398 1848 511 1888 Angliae
533 1847 640 1877 illustris
653 1870 663 1885 ,
690 1857 752 1885 quae
774 1848 804 1876 in
820 1844 992 1884 exequendis
1006 1851 1082 1874 votis
1095 1840 1274 1881 Apostolicae

190 1891 258 1922 sedis
272 1891 348 1930 viget
365 1889 397 1920 &
417 1888 506 1926 viguit
522 1884 674 1925 indefessa,
693 1887 779 1925 digne
795 1892 918 1915 meretur
929 1893 959 1914 ut
972 1882 1046 1913 sedes
1061 1880 1160 1919 ipsaab
1174 1889 1211 1909 eo
1219 1879 1273 1909 ob-

189 1930 279 1961 noxia
292 1933 436 1965 amputet,
445 1925 584 1962 abstergat
599 1924 851 1962 incommoda,&
866 1922 1007 1953 fruiftuosa
1020 1927 1163 1963 procuret.

229 1968 301 1998 Sane
310 1989 320 2005 ,
337 1974 427 2004 nuper
439 1964 527 2004 digna
541 1963 676 1994 relatione
690 1964 870 2002 percepimus
884 1961 961 2000 quod
970 1984 980 1999 ,
999 1960 1060 1998 ipso
1073 1958 1183 2002 olimin
1191 1955 1275 1987 Flan-

192 2007 270 2044 dria,
287 2006 321 2037 &
337 2012 489 2042 antequam
502 2002 569 2032 illuc
583 2004 670 2033 etiam
683 2000 852 2039 accessisset,
870 2011 924 2039 pro
937 1999 975 2031 sui
991 2000 1054 2038 juris
1066 2005 1188 2028 tuitione
1200 2005 1274 2027 con-

192 2053 236 2077 tra
250 2043 405 2074 nonnullos
419 2041 482 2073 suos
495 2040 614 2072 aemulos
629 2042 662 2072 δε
677 2040 770 2071 hostes
783 2048 903 2078 agente,

229 2082 376 2114 Nonnulli
387 2080 484 2121 Regni
496 2080 537 2110 sui
552 2078 703 2120 Magnata
717 2080 750 2110 &
764 2078 904 2116 Nobiles,
921 2076 1040 2115 aliaeque
1058 2074 1206 2114 personae,
1223 2072 1274 2105 suo

191 2123 310 2152 nomini
325 2121 474 2158 inimicae,
492 2128 526 2149 ex
549 2129 587 2149 eo
609 2119 802 2156 oportunitate
824 2115 934 2156 captata
948 2115 1026 2155 quod
1046 2123 1121 2146 eittra
1135 2113 1271 2153 Regnum

192 2159 283 2199 ipsum
296 2159 506 2197 occupabatur,
525 2158 555 2187 in
565 2158 699 2195 opposito
713 2157 904 2194 aemulomm,

232 2198 297 2229 Nisi
315 2197 421 2228 eisdem
441 2195 572 2236 quasdam
594 2195 812 2233 conceffiones,
837 2195 926 2226 varias
945 2193 978 2224 &
992 2193 1100 2230 iniquas
1114 2214 1124 2230 ,
1144 2190 1278 2229 forestas,

193 2237 304 2275 aliaque
321 2237 400 2275 jura,
418 2236 453 2265 ad
478 2244 620 2265 coronam
643 2235 677 2265 δε
697 2233 845 2264 honorem
874 2233 914 2264 sui
927 2232 1060 2262 culminis
1073 2230 1225 2268 fluitantia
1242 2230 1280 2260 ab

195 2277 314 2314 antiquo
335 2275 416 2343 (quap³
427 2274 517 2341 etiarr}
528 2272 688 2340 pil-&isquam
703 2273 719 2302 a
733 2272 816 2303 dicto
831 2272 938 2312 Regno
949 2269 1090 2301 secederet
1102 2269 1139 2300 ab
1153 2267 1214 2307 ipso
1220 2268 1278 2299 irn-

301 2323 316 2343 e
352 2323 367 2342 e
432 2323 452 2342 n
531 2321 558 2341 ci

194 2312 728 2389 Poffugoilstrtaeesinti)coeiispiie{x’terant,
746 2349 933 2381 concitabant
939 2346 1076 2386 populos,
1095 2345 1279 2378 &schanda-

194 2392 222 2423 la
253 2391 355 2421 lurima
367 2389 557 2420 seminabant:

246 2429 370 2468 demque
389 2428 470 2466 Rex,
488 2427 638 2466 prudenter
658 2426 774 2458 illorum
797 2426 1043 2457 machinationem
1064 2422 1226 2462 advertens,
1244 2433 1278 2454 ac

198 2469 298 2501 volens
311 2476 381 2498 tunc
397 2468 534 2498 currentis
547 2467 684 2505 temporis
696 2467 799 2496 evitare
812 2465 949 2504 pericula,
966 2461 1174 2496 Conceffionoe
1186 2461 1280 2501 hujus-

199 2507 284 2539 modi
298 2506 394 2545 duxit,
413 2506 474 2544 plus
489 2506 622 2543 coactus,
640 2515 727 2543 quam
743 2504 927 2542 voluntarius,
946 2502 1097 2534 faciendas.

234 2545 272 2577 Et
290 2544 424 2583 tandem,
442 2545 472 2574 in
496 2543 637 2582 Regnum
659 2543 831 2582 praedi'dtum
851 2553 888 2574 eo
910 2541 1098 2581 postmodum
1116 2547 1273 2571 revertente

201 2584 278 2623 (licet
294 2583 427 2614 nondum
449 2584 554 2620 guerris
573 2582 668 2614 sedatis
681 2582 796 2619 eisdem)
818 2582 906 2612 iidem
923 2581 961 2611 M
996 2589 1071 2612 nates
1084 2579 1117 2610 &
1132 2579 1178 2610 alii
1195 2577 1280 2609 Con-

198 2622 337 2655 cessiones
346 2621 524 2660 hujusmodi,
542 2630 591 2658 per
609 2622 855 2658 importunitatem
867 2621 900 2651 &
913 2629 970 2657 prae
983 2615 1279 2657 umptuosaminstan-

198 2664 268 2694 tiam
277 2684 287 2699 ,
302 2671 351 2699 per
364 2670 433 2691 eum
445 2661 630 2690 obtinuerunt
644 2660 731 2689 etiam
745 2660 894 2696 innovari,
912 2658 1066 2699 Regalibus
1077 2657 1157 2695 super
1163 2657 1222 2687 hoc
1230 2664 1279 2687 ex-

199 2701 297 2732 hibitis
309 2700 420 2737 litteris,
438 2706 468 2729 ut
482 2699 514 2728 in
527 2708 645 2735 omneS,
662 2697 849 2735 infringentes
862 2696 1067 2728 Concessiones
1082 2694 1227 2735 praefatas,
1236 2695 1279 2725 bis

200 2740 282 2770 annis
298 2738 422 2778 singulis,
439 2746 487 2775 per
501 2746 605 2766 omnes
617 2736 711 2775 Regni
724 2736 855 2777 praedidti
868 2735 1046 2766 Cathedrales
1060 2734 1216 2772 Ecclelias,
1229 2742 1278 2763 ex-

199 2776 476 2808 communicationis
488 2775 619 2805 sententia
631 2775 838 2815 promulgetur,
855 2775 924 2805 sicut
937 2775 966 2804 in
979 2774 1083 2804 eisdem
1094 2773 1208 2810 litteris,
1217 2771 1278 2803 Re-

200 2818 251 2857 gio
266 2815 365 2854 Sigillo
380 2814 492 2851 signatis
502 2837 511 2853 ,
529 2813 636 2851 plenius
649 2814 683 2844 &
697 2813 820 2844 serioiicis
834 2814 1004 2843 continetur.

237 2853 316 2884 Cum
330 2855 422 2892 itaque
437 2852 512 2883 sedes
526 2852 598 2890 ipsa,
616 2862 679 2890 quae
691 2851 827 2891 Regnum
842 2850 994 2889 praefatum
1006 2850 1098 2890 diligit
1120 2851 1192 2880 inter
1207 2859 1278 2880 om-

201 2893 246 2923 nia
260 2892 360 2931 Regna
374 2891 474 2922 muudi
490 2892 523 2922 &
540 2890 653 2930 Regem
666 2901 699 2921 ac
713 2891 805 2928 ipsum
829 2890 968 2928 Regnum
992 2891 1066 2928 gerit
1086 2890 1114 2919 in
1128 2888 1278 2919 visceribus

200 2931 322 2961 caritatis
335 2954 344 2969 ,
366 2930 498 2966 agnoscat
525 2928 731 2960 Conceffiones
749 2929 859 2960 easdem
870 2952 879 2967 ,
899 2928 1083 2967 praesumptas
1102 2928 1136 2958 ὅ(
1148 2927 1232 2959 Εαξὶειε
1248 2929 1278 2958 in

201 2969 239 3000 sui
253 2970 371 3000 honoris
381 2965 557 3009 dispendium
565 2991 576 3007 ,
593 2968 627 2999 &
641 2968 753 3007 Regalis
765 2967 947 2999 Excellentiae
958 2967 1172 3005 detrimentum,

239 3007 447 3038 Conceffiones
458 3007 587 3045 easdem,
604 3007 637 3037 &
651 3008 783 3047 vigorem
800 3006 926 3044 ipsorum
939 3029 949 3045 ,
967 3008 1001 3037 &
1016 3005 1153 3044 quicquid
1169 3015 1221 3045 per
1233 3014 1277 3035 eas

202 3045 259 3076 fuit
273 3046 490 3084 quomodolibet
504 3044 697 3084 subsecutum,
712 3056 746 3076 ac
760 3046 846 3076 etiam
860 3046 1200 3075 excommunicationum
1217 3042 1278 3073 sen-

204 3085 319 3122 tentias,
338 3094 400 3122 quae
417 3085 448 3114 in
466 3083 571 3114 eisdem
585 3083 714 3114 Ecclesiis
725 3084 771 3114 vel
782 3084 851 3114 alibi
865 3086 974 3114 ruerunt
986 3093 1040 3121 pro
1054 3083 1168 3113 illorum
1182 3082 1277 3113 obser-

203 3123 318 3154 vatione
333 3122 445 3153 forlitiii
460 3122 662 3161 promulgatae,
676 3123 842 3153 auetoritate
855 3121 1011 3161 apostolica
1023 3122 1057 3152 &
1071 3121 1107 3151 de
1127 3120 1277 3158 plenitudi-

202 3171 240 3192 ne
256 3161 399 3205 potestatis
413 3162 625 3199 revocavimus,
639 3161 859 3199 annullavimus,
878 3161 1062 3192 cassavimus:
1082 3159 1192 3199 Castis,
1213 3160 1276 3191 nul-

202 3199 259 3238 las,
277 3200 312 3230 δι
326 3201 414 3230 irrita<
425 3200 635 3229 nunciavimus:
653 3200 768 3231 Litteras
781 3199 859 3238 super
874 3200 927 3230 illis
944 3199 1090 3230 confeetas
1106 3199 1212 3229 viribus
1228 3209 1277 3229 va-

204 3247 334 3278 cuantes,
352 3248 385 3269 ac
399 3237 577 3268 decernentes
598 3237 710 3277 Regem
732 3238 823 3276 ipsum
837 3262 847 3278 ,
871 3240 904 3270 &
918 3236 1097 3269 Successores
1110 3237 1172 3267 suos
1183 3237 1277 3277 Reges

207 3277 334 3316 Angliae,
351 3277 386 3307 ad
400 3277 508 3307 illarum
523 3275 728 3307 observantiam
739 3277 775 3307 de
791 3287 895 3308 caetero
910 3287 970 3307 non
982 3278 1088 3315 teneri,
1103 3277 1191 3306 etiam
1205 3277 1225 3306 si
1240 3277 1276 3308 de

205 3316 384 3346 observandis
396 3315 499 3345 eisdem
511 3313 712 3344 sacramentum
719 3315 830 3346 forsitan
839 3315 1006 3354 praestitiffet
1015 3315 1180 3353 (praesertim
1189 3315 1258 3345 cum
1267 3339 1277 3354 ‚

203 3354 318 3392 quando
330 3353 524 3386 coronationis
536 3353 590 3384 suae
601 3352 716 3391 suscepit
726 3354 877 3394 solemnia,
892 3355 928 3386 de
943 3355 1054 3386 honore
1066 3355 1099 3385 &
1111 3354 1217 3392 juribus
1225 3364 1278 3384 co-

207 3403 285 3422 rona:
300 3393 421 3430 praefatae
436 3392 588 3428 servandis,
604 3392 673 3422 sicut
692 3402 725 3422 ex
744 3402 820 3430 parte
839 3393 885 3424 sua
898 3393 1038 3432 asseritur,
1079 3392 1218 3423 raestiterit
1235 3394 1277 3430 iu-

206 3433 374 3465 ramentum)
394 3440 440 3462 aut
452 3432 474 3462 si
486 3430 520 3461 ad
534 3440 632 3469 poenas
642 3430 744 3468 aliquas
757 3431 783 3461 se
796 3433 1042 3471 proptereaobliga
1065 3439 1111 3469 et,
1129 3432 1145 3461 a
1158 3431 1276 3471 quibus,

207 3469 329 3536 &Ei-relatu
344 3471 471 3509 perjurii,
489 3470 510 3500 fi
524 3479 608 3508 quem
624 3478 774 3508 propterea
785 3469 906 3501 noscitur
928 3470 1090 3510 incurrisse,
1107 3479 1174 3501 eum
1189 3471 1277 3501 etiam

207 3517 227 3537 a
257 3518 391 3539 ovmius·

207 3581 209 3584 ¹
227 3561 233 3572 ι
246 3532 440 3591 Ad'cautesam
453 3545 603 3578 distrifflus
613 3547 770 3579 inhibentes
781 3547 808 3578 V
810 3548 992 3578 enerabilibus
1008 3548 1147 3579 Fratribus
1160 3545 1277 3586 nostris,

212 3582 439 3630 Archiepiscopis
451 3586 484 3616 &
498 3584 658 3624 Episcopis,
675 3586 834 3625 caeterisque
855 3587 994 3625 personis,
1012 3596 1070 3617 tam
1090 3585 1278 3618 ecclesiasticis

213 3630 302 3659 quam
312 3623 493 3667 secularibus,
510 3634 558 3662 per
585 3625 723 3662 Regnum
738 3625 823 3655 istum
839 3626 956 3656 ubilibet
968 3626 1140 3665 constitutis,
1157 3635 1194 3654 ne
1211 3624 1280 3663 ipsi,

210 3659 256 3706 vel
271 3669 359 3696 quiVis
374 3669 495 3705 ipiorum
512 3662 748 3701 (Archiepiscopis
763 3664 796 3694 ἃ.
812 3663 974 3703 Episcopis,
991 3665 1140 3702 videlicet,
1156 3664 1206 3693 sub
1215 3672 1279 3701 poe-

212 3706 250 3727 na
262 3696 438 3740 suspensionis
450 3701 486 3730 ab
501 3701 606 3731 officiis
619 3703 652 3732 &
668 3701 808 3732 beneficiis
819 3725 829 3741 ,
847 3713 932 3740 quam
948 3704 968 3733 fi
986 3714 1032 3741 per
1047 3703 1182 3734 Mensem
1200 3700 1279 3732 susti-

215 3743 323 3776 nuerint
337 3735 385 3766 sub
398 3741 713 3780 excommunicationis,
731 3750 816 3778 quam
831 3751 878 3771 eos
900 3751 1030 3780 exnunc,
1047 3751 1158 3773 necnon
1177 3749 1280 3771 omnes

214 3772 249 3802 &
266 3773 385 3816 ungulos
403 3775 476 3819 alios·
490 3778 628 3810 incurrere
650 3779 727 3809 illico
742 3778 879 3809 voluimus
894 3780 952 3817 ipso
969 3780 1056 3818 fafito)
1076 3788 1172 3811 contra
1188 3778 1280 3816 hujus-

217 3809 298 3853 ¹310d1
310 3816 732 3860 revocationissaniiuuationis,
749 3815 920 3856 cassationis,
934 3820 1106 3858 irritationis,
1122 3819 1156 3850 &
1171 3817 1280 3848 Decre-

216 3855 238 3878 ti
253 3847 339 3878 nostri
351 3858 476 3893 tenorem
489 3854 590 3890 aliquid
604 3863 767 3893 attemptare
783 3855 964 3895 praesumant,

242 3884 321 3928 „Nos
341 3896 416 3929 enim
442 3898 474 3918 ex
496 3901 570 3922 nunc
593 3893 701 3936 irritum
726 3893 902 3924 decrevimus
917 3895 949 3925 &
964 3897 1062 3934 inane,
1080 3895 1100 3926 fi
1113 3895 1188 3926 secus
1204 3893 1281 3932 super

217 3922 271 3952 hiis
283 3932 452 3966 contingeret
468 3935 638 3969 attemptari,

229 3998 236 4004 ι
256 3960 403 4000 Qiocirca
416 3964 582 4006 fraternitati
594 3977 649 3998 tute
666 3979 714 4007 per
726 3969 878 4008 apostolica
900 3969 996 4009 scripta
1017 3971 1197 4010 mandamus,
1214 3980 1283 4009 qua-

216 4006 288 4030 tinus
310 4008 534 4041 revocationem,
550 4007 781 4047 annullationem,
798 4008 998 4049 caffationem,
1015 4011 1215 4047 iiritationem,
1231 4009 1282 4040 ab.

669 116 1468 172 CONVENTIONES,
1523 115 1921 170 LITERAE,

1291 205 1459 238 solutionem
1473 229 1484 243 ,
1508 204 1707 235 inhibitionem
1721 227 1732 243 ‚
1755 203 1934 243 suspensionis
1947 203 1982 235 &
1993 204 2296 237 excommunicationis
2311 202 2371 238 sen-
2392 210 2468 243 Ann.
2479 209 2514 243 D

1292 246 1409 282 tentias,
1426 244 1460 275 &
1476 244 1641 287 decretum,
1657 253 1692 274 ac
1705 244 1803 274 omnia
1825 244 1860 275 &
1879 243 1984 281 singula
2006 241 2178 282 supradicta,
2195 244 2225 274 in
2242 243 2373 277 Ecclesiis
2413 248 2500 291 1306,
2514 236 2520 244 ¹

1293 285 1364 321 tuis,
1380 284 1414 314 &
1437 283 1507 313 locis
1530 282 1607 321 aliis,
1623 282 1660 312 de
1681 282 1781 320 quibus
1803 283 1838 314 &
1860 284 1987 321 quotiens
1998 281 2128 319 expedire
2141 283 2259 322 videris,
2275 293 2373 316 coram
2392 291 2459 320 Bav.
2471 299 2496 318 ι.

1295 319 1574 390 popplssbsfi’iemniss?
1594 320 1737 365 publicare
1753 330 1901 361 procures,
1918 321 2022 352 faciens
2038 320 2083 352 illa
2098 322 2263 353 auctoritate
2279 322 2373 356 nosti-a

1297 371 1378 392 invio
1446 368 1495 390 iter
1511 369 1530 390 o
1561 369 1657 390 ervari.

1332 399 1407 443 Non
1420 397 1547 429 obstante
1562 399 1582 442 β
1597 398 1731 436 aliquibus
1745 398 1761 428 a
1775 397 1837 430 sede
1851 398 2004 437 apostolica
2019 398 2050 429 sit
2065 397 2221 439 indultum,
2240 399 2317 439 quod
2332 401 2377 432 in·-

1296 437 1395 469 terdici
1410 460 1421 476 ,
1444 436 1587 475 suspendi,
1605 438 1651 468 vel
1667 438 1908 468 excommunicari
1928 448 1988 470 non
2010 437 2113 476 poffint
2128 448 2176 476 per
2189 438 2289 470 litteras
2305 449 2376 478 apo-

1298 476 1408 507 stolicas
1423 498 1434 514 ,
1457 486 1517 519 tion
1540 475 1673 519 facientes
1688 476 1801 517 plenam
1818 477 1852 508 &
1867 475 2021 518 expressam
2030 500 2040 515 ‚
2054 487 2089 508 ac
2106 476 2143 508 de
2157 479 2248 509 verbo
2261 478 2296 510 ad
2313 488 2376 510 vet-

1298 515 1370 546 bum
1378 537 1389 553 ,
1403 514 1439 544 de
1453 513 1563 544 indulto
1577 514 1738 553 hujusmodi
1754 517 1950 554 mentionem,

1298 551 1569 633 pesgffiffidffiooes
1587 554 1750 585 auctoritate
1771 553 1885 594 nostra,
1901 554 2085 594 appellatione
2101 553 2273 596 postposita,
2291 565 2377 588 com-

1338 667 1405 699 Dat.
1426 667 1559 707 Lugdun.
1579 666 1643 700 Kal.
1657 667 1768 709 januar.
1785 669 1970 703 Pontificatfis
1985 670 2074 702 nostri
2091 680 2168 702 anno
2184 671 2292 712 primo.

2132 765 2135 768 ·
2153 749 2188 779 P.
2207 747 2345 779 Artibilis.

1987 825 2041 856 Sub
2059 824 2108 865 filo
2124 825 2250 857 canabeo·

1306 952 1356 985 De
1377 948 1575 984 studentibus
1608 948 1822 994 oxoniensibus
1849 946 1903 997 fier
1937 954 2162 988 ‘Torneamenta
2182 962 2241 986 non
2263 956 2381 1002 inquie-

1400 1085 1432 1117 X
1450 1085 1517 1118 Vic.
1535 1085 1633 1118 Oxon.
1650 1085 1774 1118 salutem.

1801 1000 1916 1033 randis.

1309 1085 1391 1142 RE
1624 1127 1630 1132 ,
1860 1123 1885 1130 ..
2068 1125 2075 1132 .

1323 1160 1329 1166 ,
1401 1125 1575 1157 Affeciantec
1583 1134 1708 1171 quietern
1717 1122 1974 1194 &mffihmm
1988 1123 2198 1164 Magistrorum
2212 1125 2390 1161 Universita-
2415 1131 2541 1165 Ann.D.·

1309 1168 1343 1191 us
1360 1162 1458 1208 onn.
1475 1165 1509 1195 &
1519 1164 1686 1209 ‚Scolariurn
1699 1164 1805 1196 ibidem
1883 1172 2007 1213 entium,
2248 1207 2254 1212 .
2439 1173 2523 1214 1306,

1310 1202 1997 1274 afflffifficisspffluiiiflmrssse'ffmffii'ffli?
2004 1227 2016 1243 ’
2027 1202 2393 1273 djfflmkae’·¹³¹⁸⁶‘³¹·⁶ffl·⁵'sf³¹i
2412 1215 2465 1241 ‘¹²²
2474 1223 2516 1251 ³⁴·

1545 1281 1551 1286 ι
1601 1253 1704 1282 vap
1804 1253 2007 1282 a‚veina
2047 1253 2065 1274 u
2105 1245 2484 1276 eeimmiliariacitt.1.

1312 1288 1605 1352 ἓὲᾙῖἓῗφὲῗκωὲἒ
1621 1281 2014 1360 {ffleofflsssti’f‘ffi
2023 1281 2394 1354 affirffiffffim
2413 1283 2500 1352 ⁶¹⁴?
2539 1336 2541 1338 -

1313 1356 1358 1389 seu
1374 1357 1426 1404 alia
1434 1343 1583 1408 hastiludia
1595 1369 1722 1407 exercere
1735 1345 1982 1406 praesumat,'citra
1996 1344 2109 1404 di’Ctum
2122 1360 2262 1403 Festum,
2279 1335 2310 1393 isi
2325 1333 2393 1393 Sili}
2412 1333 2499 1391 7371421
2505 1333 2541 1390 ‚h

1315 1397 1451 1436 praeditsta
1494 1399 1524 1444 Ι*
1543 1398 1589 1432 seu
1605 1400 1677 1432 infra
1698 1400 1854 1434 duodec1m
1870 1399 1996 1432 Miliaria
2010 1407 2229 1438 circumquaque
2265 1411 2300 1432 ex
2316 1408 2393 1438 parte
2410 1401 2546 1439 *119814

1315 1436 1410 1469 nostra
1423 1421 1722 1477 pusvhceiproclamaii
1733 1440 1819 1468 facias
1834 1439 1868 1469 sc
1882 1437 1998 1469 firmiter
2012 1437 2149 1469 inhibere.
2170 1443 2172 1445 ·
2237 1425 2248 1446 ²

1353 1514 1444 1546 Teste
1458 1514 1543 1554 Rege
1559 1514 1633 1554 apud
1647 1513 1823 1556 Bynyndon,
1839 1522 1888 1544 22.
1904 1513 1951 1545 die
1964 1512 2094 1553 Januatii.

1317 1663 1409 1696 Bulla
1427 1689 1437 1706 ‚
1468 1661 1506 1695 de
1532 1660 1604 1695 bono
1624 1660 1712 1705 statu
1730 1663 1807 1708 sno,
1831 1665 1870 1701 ὠ
1889 1660 1928 1696 de
1942 1672 2039 1696 morte
2054 1665 2154 1696 Ducis
2169 1666 2331 1696 Britannia:
2352 1664 2399 1698 ad

1517 1710 1684 1757 filempnia
1704 1715 1903 1743 coronationis
1934 1725 1976 1744 ιιι
1994 1716 2187 1759 contingente.

1318 1797 1506 1868 CLemens
1520 1794 1693 1836 Episcopus,
1710 1794 1800 1840 lentus
1812 1793 1955 1839 servorum
1968 1793 2027 1838 Dei
2061 1794 2202 1827 cariffimo
2224 1798 2255 1826 in
2279 1795 2394 1828 Christo
2414 1792 2490 1822 Ann.
2505 1792 2546 1822 D.

1754 1832 1866 1873 Anae
1880 1832 2002 1872 Mn>
2027 1817 2142 1865 &mem
2157 1834 2191 1866 ἃ
2209 1833 2396 1872 wem
2444 1826 2528 1868 1³0⁶·

1355 1913 1486 1952 liutem,
1506 1923 1571 1952 quas
1586 1913 1669 1943 nobis
1685 1918 1772 1948 nuper
1803 1918 1856 1944 pro
1872 1907 1959 1952 nostri
1976 1909 2089 1941 scienda
2102 1909 2187 1942 status
2201 1911 2397 1952 continentis,
2418 1909 2448 1933 E.
2465 1915 2490 1934 ¹·

1320 1952 1396 1984 zeius
1420 1952 1550 1991 Regius,
1567 1952 1602 1983 de
1626 1948 1723 1994 nostia
1744 1931 1822 1992 astte
1835 1945 1982 1992 sonicifiis,
2000 1948 2164 1989 destinavit,
2181 1949 2333 1982 affectione
2350 1961 2399 1990 pa-
2417 1948 2458 1972 r.»
2488 1946 2551 1979 Am:

1318 1991 1398 2023 tema
1420 1992 1577 2030 recepimus
1592 2000 1598 2020 z
1628 1988 1812 2025 Diligentiam
1834 1984 1995 2029 devotionis
2010 1987 2078 2018 tanti
2093 1987 2159 2027 filii,
2175 1999 2262 2027 quem
2277 1991 2399 2022 brachiis
2417 1991 2486 2022 togr„

1318 2031 1430 2061 intimae
1451 2031 1570 2062 caritatis
1590 2027 1801 2066 amplectimur,
1818 2023 1919 2056 exmde
1935 2035 2003 2056 cum
2025 2027 2176 2065 gratiarum
2189 2028 2400 2062 benedictioni-

1320 2069 1371 2101 bus
1384 2069 1543 2110 plurimum
1560 2070 1590 2098 in
1606 2067 1739 2098 Domino
1756 2063 1997 2096 commendantes.

1357 2108 1549 2139 Rescribimug
1565 2107 1650 2144 jgjtm
1668 2100 1737 2145 qlod
1747 2101 1851 2144 ancasu,
1870 2103 1905 2132 ad
1921 2104 2026 2136 nostrae
2043 2103 2246 2137 coronationis
2255 2106 2401 2149 solennia;

1320 2155 1355 2178 ex
1377 2146 1501 2186 pressura
1523 2145 1670 2177 multarunt
1689 2148 1838 2184 &eps-lum>
1855 2141 2024 2185 accedeme,
2042 2152 2093 2173 ¹¹08
2111 2144 2274 2184 altissimus,
2291 2156 2341 2186 per
2358 2148 2398 2179 fui

1321 2185 1562 2233 misegicogdjam‚
1577 2184 1658 2216 salios
1674 2177 1760 2217 fecit,
1776 2178 1810 2210 &
1826 2177 1951 2211 valemus
1965 2180 2125 2213 incolumes
2137 2193 2171 2214 ex
2183 2184 2223 2215 sui
2236 2184 2401 2218 habundan-

1321 2233 1362 2257 tia
1394 2233 1489 2255 ietans.
2292 2228 2295 2230 “

1360 2235 1472 2294 &erum
1489 2261 1625 2293 doluimus
1635 2256 1673 2287 de
1683 2255 1774 2301 ‘Duce
1787 2254 1939 2301 Britannia:
1955 2256 2002 2296 (ad
2018 2268 2105 2297 quem
2118 2267 2263 2297 paternam
2275 2260 2401 2295 habeba-

1322 2312 1384 2333 mus
1395 2295 1621 2333 benivolennam)
1643 2305 1738 2339 quiex
1754 2294 1916 2332 huiusmodi
1929 2295 1992 2327 casu
2007 2296 2131 2328 deceffit.

1358 2340 1508 2379 Rogamffi
1525 2333 1720 2379 insuperLFili
1738 2334 1916 2379 praedile&e‚
1927 2336 2060 2379 ¹quatinus
2079 2336 2198 2368 devotus
2219 2347 2282 2368 ores
2299 2337 2402 2378 illum,

1323 2380 1402 2418 cujus
1422 2381 1543 2417 gerimus
1565 2376 1644 2405 vices
1656 2383 1686 2404 in
1701 2381 1794 2412 terris,
1813 2381 1844 2404 ut
1865 2374 1947 2404 nobis
1961 2373 2049 2406 donet
2061 2374 2178 2413 praeess'e
2188 2375 2348 2416 salubriter,
2365 2377 2401 2410 ὃς

1326 2420 1517 2450 incrementer
1529 2412 1668 2454 proficere
1683 2412 1792 2451 populo
1805 2411 1977 2444 Christiano.
2004 2425 2006 2428 ·

1359 2494 1427 2529 Dat.
1446 2493 1574 2536 Lugdun.
1596 2499 1640 2523 io.
1659 2489 1723 2523 Kal.
1741 2486 1870 2524 Februar.
1888 2488 1996 2523 Pontis.
2013 2490 2101 2523 nostri
2115 2501 2191 2523 anno
2204 2492 2308 2534 primo.

2149 2567 2242 2607 Sigillo
2258 2567 2366 2610 avulsis.

1346 2716 1437 2750 Bulla
1449 2744 1460 2761 ‚
1483 2728 1539 2763 pro
1565 2689 1703 2762 Radulfo
1725 2715 1864 2763 Epifiopo
1889 2713 2087 2758 Londonimst
2102 2714 2375 2749 commendatoriam

1382 2801 1503 2834 Lemeris
1517 2801 1544 2832 E
1562 2802 1690 2840 iscopus,
1708 2802 1799 2833 servus
1813 2800 1954 2833 servorum
1969 2800 2047 2839 Dei,
2068 2799 2220 2836 Cariffimo
2234 2800 2265 2830 iri
2279 2797 2397 2830 Christo
2417 2807 2492 2839 Arm,
2506 2808 2548 2840 D¹

1333 2884 1338 2889 ι
1397 2841 1469 2872 Filio
1485 2840 1520 2872 E.
1538 2813 1616 2879 fiegi
1629 2840 1741 2880 Angliae
1754 2839 1868 2879 illustri,
1884 2840 1997 2872 salutem
2015 2839 2050 2870 &
2064 2838 2247 2877 apostolicam
2263 2838 2398 2870 benedic-
2437 2848 2522 2889 1305,

1318 2890 1438 2915 tionem.

1355 2919 1450 2952 Habet
1463 2920 1493 2949 in
1509 2926 1553 2958 te,
1570 2917 1622 2949 Fili
1639 2916 1790 2948 Cariffime
1823 2914 1954 2946 Romana
1968 2915 2112 2954 Ecclesia,
2129 2915 2225 2948 Mater
2244 2922 2310 2955 tua,
2326 2925 2400 2946 con-
2419 2927 2485 2951 1211.

1325 2960 1465 2996 stantem,
1483 2958 1552 2988 sicut
1574 2958 1604 2988 in
1626 2956 1700 2987 Filio
1722 2938 1899 2994 praetsilet‘lto,
1913 2953 2072 2999 fiduciam,
2089 2955 2166 2994 quod
2187 2963 2236 2994 tu,
2253 2964 2349 2994 gerens
2366 2954 2402 2985 ad
2420 2964 2526 2997 &Au-K

1321 2998 1420 3030 Deum
1434 2997 1469 3028 &
1483 2996 1603 3028 eandem
1618 2995 1774 3027 Ecclesiam
1785 3001 1968 3025 reverentiam
1982 2993 2114 3034 filialem,
2130 2998 2184 3032 pro
2197 2993 2289 3024 divini
2303 2994 2403 3025 nomi-
2416 3007 2482 3039 ugr.

1319 3040 1362 3069 nis
1376 3035 1486 3077 gloria,
1503 3034 1641 3067 Ecclefias
1656 3034 1792 3074 quassibet
1807 3033 1933 3071 propitiis
1946 3032 2089 3064 favoribus
2101 3032 2288 3072 prosequaris3
2304 3032 2351 3064 sed
2365 3032 2401 3063 il-

1317 3078 1373 3117 las,
1411 3086 1455 3108 uae
1469 3074 1542 3106 infra
1556 3074 1656 3111 Regni
1671 3074 1711 3104 tui
1724 3073 1825 3103 limites
1838 3070 1996 3102 constitutae
2010 3071 2178 3112 noscuntur,
2193 3079 2271 3108 tanto
2286 3072 2401 3103 uberio-

1318 3118 1353 3147 ris
1389 3114 1524 3184 'peffionis
1539 3112 1644 3145 affetstu
1658 3111 1801 3150 respicias,
1819 3118 1922 3149 quanto
1933 3109 2172 3161 ergajllastenofire
2189 3110 2290 3149 majori
2305 3109 2398 3142 devo-

1317 3165 1393 3187 tione
1437 3164 1522 3184 rvere.
1670 3172 1677 3182 .

1355 3194 1429 3225 Sane
1445 3192 1552 3224 dudum
1569 3189 1704 3221 Ecclefiae
1720 3186 1940 3226 Londoniensis,
1956 3195 2006 3225 per
2023 3187 2156 3226 obitum,
2172 3188 2261 3218 bonae
2280 3196 2397 3218 merno-

1318 3234 1384 3272 riae,
1399 3230 1516 3262 Ricardi
1525 3229 1703 3261 Londoniem
1720 3226 1867 3266 Episcopi,
1885 3225 2006 3257 Pastoris
2022 3226 2163 3263 regimine
2174 3225 2321 3266 destituta,
2336 3225 2397 3257 Ca-

1318 3272 1439 3312 pitulum
1453 3270 1534 3308 ipsius
1550 3267 1703 3304 Ecclesiae,
1721 3265 1799 3296 certa
1811 3265 1859 3296 die
1874 3265 1909 3297 ad
1921 3264 2082 3305 eligendum
2096 3263 2207 3302 praefixa
2225 3265 2346 3304 (vocatis
2360 3265 2395 3296 &

1318 3309 1495 3350 praesentibus
1510 3306 1718 3345 omnibus,qui
1731 3305 1898 3343 voluerunt,
1914 3303 2069 3335 debuerunt
2082 3303 2116 3334 &
2127 3311 2278 3342 potuerunt
2293 3313 2398 3334 como-

1316 3345 1510 3419 deulintereffe)
1525 3344 1676 3414 protfuturi
1689 3343 1881 3376 substitutione
1896 3342 2031 3382 Pastoris,
2046 3349 2131 3382 prout
2143 3342 2230 3373 moris
2253 3341 2313 3382 est,
2329 3341 2398 3374 insi-

1317 3400 1350 3421 m
1397 3395 1579 3418 convenerim
1593 3407 1601 3415 .

1357 3428 1393 3458 Et
1400 3450 1411 3466 ,
1429 3423 1548 3463 Spiritus
1561 3421 1657 3454 Sanffl
1672 3421 1759 3459 gratia
1773 3420 1924 3460 invocata,
1940 3421 1971 3451 in
1983 3418 2183 3451 Venerabilem
2197 3420 2323 3451 Fratrem
2336 3418 2397 3451 Ra-

1318 3466 1431 3498 dulfum
1445 3463 1620 3503 Episcopum
1637 3460 1807 3492 londonien
1815 3484 1826 3500 ,
1841 3469 1910 3492 tunc
1918 3459 2054 3491 Ecclesiae
2065 3458 2211 3497 praedictae
2225 3458 2400 3496 Dec-anum,

1318 3513 1384 3537 vota
1406 3503 1451 3534 sua
1484 3502 1558 3541 quasi
1575 3510 1624 3538 per
1644 3500 1853 3543 inspirationem
1873 3499 2002 3530 divinam
2022 3497 2204 3530 concorditer
2221 3496 2399 3535 direxerimt5

1320 3554 1388 3576 eum
1402 3544 1434 3573 in
1450 3526 1631 3573 siondonien.
1648 3538 1820 3578 Episcopum
1835 3537 1977 3578 eligendo.

1359 3581 1442 3612 Idem
1463 3590 1532 3611 vero
1548 3578 1700 3620 Episcopus
1721 3578 1793 3609 infra
1814 3586 1925 3615 tempus
1947 3577 1962 3607 a
1976 3575 2040 3613 jure
2056 3574 2206 3614 statutum,
2221 3574 2256 3606 ad
2275 3572 2395 3605 multam

1320 3618 1661 3690 Cappufipraedictpmm
1676 3616 1850 3656 instantiam,
1866 3613 2027 3654 huiusmodi
2042 3613 2202 3654 Eleffioni,
2219 3613 2255 3644 de
2261 3611 2396 3650 sefa&ae‚

1322 3669 1380 3689 con
1393 3667 1482 3690 entire
1495 3665 1612 3689 curavit.

1360 3697 1397 3728 Et
1418 3696 1556 3735 demum,
1574 3693 1694 3726 e'usdem
1716 3694 1861 3726 electionis
1874 3691 2003 3723 Decreto
2016 3689 2181 3722 Venerabili
2195 3689 2281 3720 Fratri
2296 3686 2394 3719 nostro

1323 3734 1550 3776 Archiepiscopo
1609 3734 1770 3770 ntuarienii,
1787 3733 1846 3764 loci
1860 3729 2074 3769 Metropolitan.
2090 3729 2165 3760 infra
2180 3735 2292 3771 tempiis
2313 3725 2396 3757 debi-

1322 3782 1384 3805 tum
1427 3774 1587 3812 raesentatO,
1611 3772 1726 3811 ipsoque
1747 3771 1890 3811 Episcopo
1904 3769 1992 3808 ipsam
2004 3767 2166 3811 confirmari
2180 3775 2249 3796 cum
2262 3764 2398 3808 instantia

1322 3784 1496 3852 postullimte3
1512 3812 1592 3843 idem
1606 3814 1675 3842 vero
1692 3809 1943 3853 Archiepiscopiis‚
1958 3810 1990 3839 in
2004 3805 2221 3850 confirmatione
2232 3803 2396 3849 hujusmodi

1322 3851 1421 3882 debito
1434 3850 1539 3882 sei-vato
1553 3849 1699 3889 processu,
1715 3848 1791 3880 illam
1813 3848 1952 3880 canomce
1975 3845 2152 3878 confirmavit
2162 3864 2173 3881 ,
2190 3841 2335 3887 ipsumque
2356 3852 2398 3873 ei-

1323 3890 1391 3921 dem
1412 3890 1536 3929 praefecit
1559 3889 1693 3921 Ecclesiae
1712 3889 1743 3918 in
1764 3887 1936 3926 Episcopum
1950 3886 1984 3916 &
1999 3883 2158 3914 Pastorem:
2179 3880 2230 3911 sibi
2243 3891 2342 3914 curam
2359 3882 2395 3914 ὃς

1324 3927 1593 3960 administrationem
1609 3928 1689 3965 ipsius
1702 3926 1837 3958 Ecclesiae
1851 3921 2071 3966 committendo.
2169 3957 2175 3964 ·
2199 3958 2205 3964 ι

1360 3966 1494 4004 Cumque
1507 3965 1710 4005 postmodum,
1724 3964 1795 3996 infra
1809 3964 1964 3996 terminum
1999 3961 2051 4003 sibi
2063 3956 2099 3988 ad
2119 3959 2316 3995 recipiendum
2331 3967 2398 3990 mu-

1957 3983 2208 4036 Archiepiscopum
2215 3996 2400 4068 affignatutps

2413 2891 2469 2913 An.
2479 2897 2527 2922 34·

1325 4015 1375 4037 nus
1388 4005 1602 4038 consecrationis
1616 4004 1740 4043 ejusdem
1759 4013 1807 4045 per
1821 4001 1946 4034 eundem
