2570 4261
0 255 19 276 1.
33 244 74 277 D.

0 284 49 316 288.

2 332 53 352 .1.

0 1550 82 1589 [359.

652 160 765 201 ET
848 148 1119 202 ACTA

131 246 282 287 Rogamus
308 247 401 285 itaque
424 244 629 277 Celsitudinem
650 244 775 284 Regiam
795 247 829 278 «Sc
855 246 1003 278 hortamur
1024 256 1129 278 attente
1145 269 1155 284 ,

95 287 241 324 quatinus,
258 295 310 323 pro
323 284 419 316 nostra
433 287 467 316 &
483 284 660 322 Apostolicae
680 284 748 314 sedis
768 286 924 316 reverentia
939 308 948 323 ‚
968 286 1090 316 eundem
1106 284 1157 316 Al-

94 324 208 354 fonsum
231 324 384 354 efficaciter
409 325 442 355 &
463 323 611 361 diligenter
632 322 747 353 inducas
760 331 790 353 ut
802 325 916 353 monitis
930 325 963 354 ὃς
980 324 1159 361 beneplacitis

93 361 255 400 supradistis
275 362 418 392 humiliter
440 362 474 392 &
495 361 649 391 efficaciter
670 362 847 398 acquiescere
862 371 922 392 non
936 362 1103 399 postponat,
1122 363 1158 392 ita

91 400 172 438 quod
197 400 298 430 exinde
327 399 428 438 Regi-ae
457 399 618 429 devotionis
649 400 903 437 promptitudinem
927 410 988 430 non
1010 401 1155 430 immerito

92 438 343 470 commendemus.

120 514 189 559 ¹Dat
204 514 313 557 Romae
325 512 400 550 apud
412 512 549 544 SanCtum
566 511 685 543 Petrum
698 512 737 543 id.
756 513 873 553 Martii,
890 513 1074 546 Pontificatus
1089 523 1157 544 nos-

91 562 216 589 manno
232 561 337 590 primo.

797 629 852 659 Sub
861 628 914 669 filo
928 629 1052 660 canabeo.

94 755 186 789 Bulla
203 765 264 801 qua
288 757 370 800 Papa
387 754 487 787 Panis
494 753 563 796 five
581 752 821 792 conditionibus,
842 768 897 803 pro
918 755 1091 789 liberatione
1102 758 1162 788 Ca-

140 803 198 835 roli
226 806 372 848 Principis
397 803 582 835 Salernitani
603 806 752 835 conventis
770 829 780 846 ‚
816 807 957 852 affinfhm
976 806 1012 850 fi
1033 801 1161 851 praebere

145 851 226 885 nullo
241 849 326 883 modo
346 849 517 883 denunciat.
1095 854 1098 859 “

73 955 81 962 .
102 934 294 997 NIcolaus
310 935 483 974 Episcopus,
501 935 596 968 servus
610 937 756 968 servorum
772 937 845 976 Dei,
864 937 1006 969 carissimo
1020 939 1049 967 in
1061 935 1161 968 Chris-

196 983 229 1005 to
250 974 310 1004 filio
324 998 334 1012 ‚
360 975 435 1015 Regi
455 975 617 1015 Anglorum
637 976 735 1006 illustri
750 999 760 1014 ,
784 976 900 1008 salutem
915 978 949 1008 &
965 976 1163 1015 Apostolicam

101 1012 342 1044 benedictionem.

137 1051 277 1090 Dudum,
294 1052 328 1082 ad
343 1052 550 1090 procurandam
560 1052 758 1084 liberationem
771 1052 914 1084 Cariffimi
929 1055 958 1083 in
974 1052 1095 1084 Christo
1114 1052 1164 1082 filii

101 1090 190 1121 nostri
213 1089 311 1120 Caroli
325 1115 336 1128 ,
361 1090 549 1130 Primogeniti
561 1116 571 1130 ,
596 1092 679 1122 clarae
697 1093 864 1130 memoriae,
882 1092 921 1123 C.
940 1092 1029 1131 Regis
1043 1091 1163 1128 Siciliae,

100 1130 148 1174 qui
163 1137 263 1159 contra
278 1128 379 1159 Deum
401 1131 434 1161 ὃς
445 1129 588 1168 Justitiam
603 1155 612 1169 ,
638 1139 736 1161 contra
753 1130 791 1160 fas
807 1131 839 1161 ὃς
854 1132 965 1161 licitum
979 1129 1164 1161 carceralibus

67 1179 79 1185 ·
99 1168 219 1198 vinculis
241 1167 382 1198 detinetur
395 1192 405 1206 ,
431 1169 480 1206 pio
504 1169 537 1199 δε
558 1169 686 1199 laudabili
702 1179 781 1200 ,conc
819 1177 850 1199 to
870 1169 1033 1207 propositO,
1052 1167 1165 1207 Regalis

99 1206 271 1245 benignitas,
289 1206 377 1236 felicis
389 1206 607 1245 recordationis,
626 1207 794 1237 Honorium
828 1218 910 1245 apam
923 1207 1165 1237 Praedecefforem

100 1244 233 1275 nostrum
247 1269 256 1283 ,
281 1244 351 1275 dum
370 1245 462 1275 adhuc
484 1246 593 1275 viveret
608 1268 618 1283 ,
637 1255 686 1283 per
700 1246 798 1275 litteras
813 1246 846 1276 δε
860 1246 996 1276 Nuncios
1010 1245 1166 1283 requisivit,

100 1292 133 1314 ut
152 1283 187 1314 ad
209 1292 298 1321 partes
320 1283 375 1313 illas
396 1283 503 1321 aliquos
522 1284 629 1320 probos
644 1284 736 1321 viros,
754 1284 789 1313 ad
805 1284 1031 1322 procurandum,
1049 1284 1105 1314 una
1119 1291 1162 1314 te-

99 1331 186 1360 cum,
204 1322 402 1352 liberationem
416 1321 594 1359 hujusmodi,
613 1321 730 1352 duceret
743 1322 978 1352 transmittendos.

139 1361 219 1400 Qi,
238 1360 342 1397 Regiae
355 1359 538 1398 requisitionis
553 1359 692 1390 instantiae
707 1360 854 1399 benignius
875 1370 1017 1397 annuens,
1036 1359 1164 1390 dietum-

99 1409 156 1436 que
171 1398 339 1436 prosequens
353 1398 432 1428 uberi
447 1398 544 1428 favore
557 1399 704 1437 negotium
713 1421 722 1436 ,
740 1398 914 1428 venerabiles
930 1399 1036 1429 Fratres
1050 1399 1164 1429 nostros

100 1437 132 1467 B.
149 1437 308 1467 Ravennat.
327 1437 360 1467 &
382 1436 414 1466 P.
435 1436 546 1467 Montis
562 1436 675 1476 Regalis
695 1436 932 1474 Archiepiscopos
950 1461 960 1475 ,
976 1445 1092 1475 propter
1107 1438 1165 1468 hoc

99 1475 135 1506 ad
149 1484 237 1513 partes
251 1475 336 1513 ipsas,
355 1476 437 1506 certis
451 1474 518 1505 datis
534 1476 572 1505 eis
584 1475 849 1513 informationibus,
867 1475 1032 1506 destinavit:

135 1513 329 1545 Postmodum
341 1522 436 1544 autem
451 1513 486 1544 ad
500 1513 717 1544 Praedecefforis
732 1515 862 1544 notitiam
878 1515 1014 1552 praelibati
1028 1514 1167 1552 pervenit,

101 1552 180 1590 quod
203 1552 222 1571 ²*
243 1552 386 1583 nonnullis
410 1553 484 1590 pacis
499 1552 661 1583 tractatibus
671 1576 680 1590 ,
695 1553 766 1583 inter
780 1551 904 1583 eundem
919 1553 1166 1591 primogenitum,

100 1592 135 1622 δε
155 1590 305 1622 Alfonsum
325 1601 359 1621 ac
376 1590 538 1629 Jacobum,
558 1591 704 1629 quondam
723 1590 800 1621 Petri
816 1614 826 1629 ,
851 1591 921 1621 olim
935 1591 1025 1631 Regis
1040 1591 1167 1628 Aragon.

101 1629 189 1660 Filios
202 1654 212 1668 ,
235 1629 370 1660 haetenus
391 1629 489 1660 habitis
503 1653 512 1668 ‚
536 1629 626 1660 dietus
641 1629 773 1660 Alfonsus
788 1629 856 1668 sibi,
876 1640 929 1668 per
1030 1629 1167 1660 Ecclesiae

101 1667 202 1699 Salsen.
224 1667 430 1707 Praepositum,
447 1669 587 1698 intimavit
603 1668 680 1706 quod
693 1668 770 1698 idem
783 1667 910 1706 Jacobus
934 1669 967 1699 δε
983 1667 1168 1707 Constantia,

101 1715 192 1738 mater
206 1707 264 1744 ejus
279 1731 290 1745 ,
316 1716 366 1745 per
380 1715 474 1737 certos
494 1706 530 1736 N
532 1707 632 1737 uncios
645 1706 784 1736 duxerant
797 1707 1018 1744 requirendum,
1035 1716 1068 1738 ut
1080 1707 1137 1745 ipse
1152 1708 1168 1737 a

101 1745 313 1783 compositione
331 1745 388 1775 five
408 1745 564 1775 concordia
579 1769 589 1784 ,
608 1745 719 1783 pridem
733 1746 806 1775 inter
820 1754 886 1776 eum
901 1746 1019 1784 illosque
1034 1746 1168 1784 tractata,

101 1783 173 1815 dum
193 1783 286 1814 adhuc
306 1784 336 1813 in
357 1783 461 1815 Siciliae
481 1783 605 1821 partibus
629 1783 835 1823 Primogenitus
859 1784 916 1823 ipse
937 1785 1022 1822 esset,
1039 1784 1171 1815 recedere

101 1832 164 1853 non
183 1821 299 1857 deberet
311 1845 321 1860 ,
348 1822 485 1860 quodque
498 1822 590 1852 distas
603 1821 735 1852 Alfonsus
748 1822 912 1853 intendebat
926 1824 1049 1853 omnino
1065 1833 1167 1854 eorum

100 1862 131 1892 in
143 1861 196 1891 hac
210 1869 287 1898 parte
303 1861 433 1899 prosequi
449 1860 645 1899 voluntatem,

141 1900 367 1937 Verumptamen
391 1907 555 1937 procuraret
567 1923 577 1938 ‚
608 1899 712 1938 eosque
732 1900 918 1937 compelleret
941 1899 1019 1938 quod
1040 1901 1169 1931 contenti

102 1937 252 1968 existerent
266 1947 313 1977 ut,
331 1938 434 1976 absque
448 1938 630 1977 conditione,
649 1939 694 1969 vel
709 1941 868 1969 retentione
881 1939 987 1977 aliqua,
1005 1938 1108 1970 Siciliae
1121 1939 1169 1970 In÷

103 1977 205 2016 sulam,
225 1986 293 2007 cum
309 1976 406 2007 Infulis
420 1977 553 2008 omnibus
568 1987 631 2015 quse
653 1977 703 2007 {ibi
726 1977 851 2015 adjacere
862 1977 1034 2015 noscuntur,
1052 1987 1170 2008 terram-

103 2026 160 2053 que
174 2024 280 2053 totam,
299 2016 370 2046 infra
383 2015 458 2054 Reg.
479 2015 747 2054 Archiepiscopatsis
763 2017 864 2052 limites
877 2016 1079 2046 consistentem
1103 2017 1170 2048 Tu-

103 2055 224 2092 nitiique
235 2055 392 2092 tributum,
413 2054 488 2093 Regi
502 2054 605 2085 Siciliae
618 2055 764 2091 debiturn,
783 2054 875 2085 eidem
885 2054 999 2092 jacobo
1015 2056 1049 2086 &
1064 2041 1169 2085 Haere-

104 2091 187 2123 dibus
199 2093 250 2123 suis
266 2094 294 2123 in
307 2101 476 2131 perpetuum
493 2092 703 2133 Primogenitus
719 2093 774 2130 ipse
788 2092 903 2124 duceret
916 2093 1116 2124 concedenda:

144 2130 183 2161 Et
204 2131 282 2169 quod
304 2132 414 2170 insuper
428 2139 590 2170 procuraret
610 2133 644 2163 δε
657 2131 761 2162 faceret
784 2140 814 2162 ut
829 2132 1044 2162 concessionem
1058 2132 1103 2163 seu
1117 2131 1172 2162 do—

105 2170 251 2200 nationem
272 2169 432 2209 hujusmodi
455 2170 530 2202 sedes
551 2170 716 2208 Apostolica
734 2170 915 2202 confirmaret
930 2195 939 2209 ,
963 2181 996 2201 ac
1020 2170 1170 2201 Procesliis

104 2216 206 2239 contra
227 2209 349 2239 eundem
373 2209 492 2243 Petrum
507 2232 517 2247 ,
535 2209 614 2247 super
627 2210 783 2247 privatione
798 2209 893 2248 Regni
907 2209 1032 2246 Aragon.
1052 2210 1085 2240 &
1101 2210 1168 2240 alios

105 2246 246 2286 quossibet
267 2257 368 2278 contra
387 2248 518 2285 praefatos
537 2247 687 2278 Alfonsum
702 2271 711 2286 ‚
733 2247 878 2286 jacobum
902 2249 936 2279 &
951 2247 1170 2286 Constantiam,

103 2294 266 2323 eorumque
285 2285 420 2317 Vaffallos
435 2310 444 2324 ,
471 2296 521 2324 per
540 2285 635 2316 sedem
655 2287 664 2316 i
686 2286 742 2316 sam
757 2286 883 2325 habitos,
902 2297 956 2318 nec
968 2297 1028 2317 non
1042 2288 1076 2319 &
1091 2296 1172 2317 con-

108 2323 283 2363 ceffionem,
300 2324 336 2355 de
351 2325 490 2364 praedisto
508 2325 632 2365 Aragon.
682 2333 757 2365 egno
770 2325 876 2355 factam
890 2350 899 2364 ,
918 2326 1038 2357 totaliter
1053 2335 1173 2357 revoca-

109 2371 166 2394 ret·

146 2387 296 2440 Qiodque
318 2402 447 2440 praefatus
470 2401 603 2432 Alfonsus
623 2402 782 2440 adjecerat,
800 2412 849 2440 per
860 2401 961 2432 Salsen.
980 2402 1168 2442 Praepositum

106 2439 314 2478 supradictum,
333 2440 429 2478 quod,
447 2450 501 2471 nec
524 2450 575 2478 per
597 2440 707 2470 obsides
729 2450 821 2478 neque
844 2451 892 2477 per
911 2440 1067 2470 securitates
1091 2440 1173 2478 alias,

107 2485 217 2516 poterat
233 2478 324 2509 dietus
341 2479 551 2518 Primogenitus
565 2478 785 2516 quomodolibet
805 2478 931 2517 liberari,
948 2478 1043 2509 donec
1054 2478 1175 2516 praedic-

112 2526 139 2547 ta
173 2517 288 2548 erdusta
300 2517 449 2548 existerent
462 2516 496 2546 ad
510 2517 662 2547 effestum:

143 2526 191 2586 Kc
205 2556 290 2586 etiarn
311 2555 435 2585 eundem
451 2555 595 2594 Jacobum
615 2556 648 2587 ἃ
670 2555 751 2593 ipfius
766 2555 952 2595 Primogeniti
966 2563 1077 2593 natam,
1093 2562 1176 2587 aetate

108 2594 266 2632 majorem,
284 2604 317 2624 ac
333 2593 562 2633 Primogenitum
577 2594 634 2632 ejus
649 2618 658 2632 ,
685 2595 719 2625 δε
734 2593 901 2632 Isalandam,
921 2594 1030 2624 Alfonsi
1044 2594 1077 2624 &
1087 2592 1175 2631 Jaco-

108 2631 139 2662 bi
174 2632 358 2663 raedistorum
374 2633 516 2670 sororem,
535 2634 712 2672 contingeret
725 2633 966 2663 matrimonialiter
980 2632 1116 2670 copulari.

147 2642 201 2709 Et,
219 2679 252 2702 ut
263 2670 396 2709 praedieta
410 2671 522 2708 possent
537 2671 635 2701 melius
654 2670 768 2708 perfici,
787 2670 985 2709 efficaciusque
1006 2671 1148 2708 compleri
1164 2693 1174 2709 ,

106 2708 254 2748 Treuguae
268 2733 278 2748 ,
301 2719 367 2748 quae
388 2709 551 2740 Romanam
571 2709 727 2740 Ecclesiam
743 2711 775 2741 δε
792 2711 849 2748 ejus
862 2710 1009 2747 valitores,
1027 2717 1059 2739 ut
1074 2709 1174 2742 Patriae

107 2748 201 2780 verbis
221 2756 334 2778 utamur
348 2770 359 2786 ‚
383 2747 561 2782 includerent
575 2772 585 2786 ,
605 2749 740 2778 inirentur
762 2749 779 2777 a
793 2747 943 2779 medietate
958 2748 1068 2778 Mensis
1084 2747 1172 2786 Maii,

106 2793 177 2817 tunc
198 2788 312 2817 venturi
330 2787 465 2823 proximo
478 2810 488 2824 ,
507 2785 690 2824 inchoandae,
706 2796 739 2816 ac
757 2795 790 2816 ex
806 2795 875 2817 tunc
889 2797 940 2825 per
952 2787 1101 2817 biennium
1117 2786 1172 2817 du-

107 2833 225 2863 raturae,
245 2826 282 2855 ita
304 2833 400 2855 tamen
420 2824 498 2863 quod
521 2825 599 2855 idem
616 2825 742 2863 jacobus
764 2825 882 2863 praefato
895 2825 1016 2856 Alfonso
1030 2826 1060 2855 in
1075 2834 1175 2862 guerra

107 2863 234 2903 qualibet
249 2863 342 2901 posset
355 2864 490 2894 auxilium
506 2865 652 2901 impertiri.

148 2901 246 2941 Qare
261 2902 390 2940 praefatus
407 2901 618 2940 Praedeceffor,
637 2901 776 2940 praemissa
789 2901 935 2941 diligenter
949 2901 1112 2940 attendens,
1130 2912 1176 2932 ea-

108 2950 166 3007 flue
180 2942 289 2978 ferens,
310 2950 369 2969 non
385 2939 515 2979 indigne,
535 2940 672 2978 moleste,
690 2951 758 2972 cum
772 2941 818 2971 illa
829 2942 859 2970 in
873 2941 1086 2980 derogationem
1094 2950 1176 2980 gran-

131 2988 178 3008 em
193 2979 310 3009 honoris
323 2978 476 3015 Ecclesiae,
494 2989 526 3008 ac
542 2981 616 3017 ejus,
634 2980 668 3011 &
681 2980 764 3018 ipiius
778 2979 982 3019 Primogeniti‚
1000 2979 1176 3010 Haeredum-

110 3026 169 3053 que
187 3017 304 3047 suorum
326 3026 409 3055 grave
433 3017 643 3055 praejudicium,
661 3018 836 3056 obprobium
850 3018 1019 3056 plurimum,
1037 3019 1071 3049 ὃς
1086 3018 1175 3048 laesio-

111 3064 180 3084 nem
195 3054 384 3092 multiplicem
396 3055 598 3094 redundarent,
615 3056 765 3087 trastatum
784 3056 966 3095 hujusmodi,
990 3056 1027 3087 de
1046 3057 1177 3088 Fratrum

111 3093 228 3123 suorum
250 3092 386 3131 consilio,
404 3093 566 3131 reprobavit
586 3094 728 3131 expresse:
747 3095 800 3133 Et,
819 3095 839 3125 si
858 3095 933 3126 forte
955 3094 992 3130 de
1011 3095 1089 3126 fasto
1103 3105 1169 3133 pro-

112 3131 248 3169 cesserat,
266 3131 380 3162 cassavit
401 3133 434 3163 &
457 3132 566 3169 penitus
588 3134 730 3172 vacuavit,
748 3134 838 3171 ipsum
851 3144 1029 3172 omnemque
1043 3135 1083 3165 illi
1100 3134 1176 3164 fimi-

114 3169 173 3200 lem
187 3170 316 3208 praesumi
324 3170 444 3200 'ulterius
457 3169 606 3202 distriCtius
620 3171 774 3203 inhibendo
789 3185 800 3211 3
818 3174 868 3211 ὃς,
887 3172 908 3202 fi
924 3174 984 3211 quis
1000 3182 1033 3203 ex
1048 3181 1117 3203 tunc
1131 3172 1177 3202 fo-

114 3216 157 3238 ret
176 3208 388 3246 quoquomodo
408 3208 592 3246 praesumptus
607 3233 617 3248 ,
641 3219 708 3240 eum
725 3210 852 3243 decrevit
873 3220 983 3242 irritum
998 3213 1032 3243 &
1045 3213 1177 3248 inanem,

114 3256 149 3277 ac
167 3246 267 3277 nullius
283 3246 401 3277 existere
415 3246 559 3277 firmitatis.

154 3284 278 3314 Praefato
292 3295 361 3317 vero
376 3284 587 3316 Praedecessore
606 3293 712 3316 naturae
733 3286 862 3319 debitum
882 3288 1074 3327 persolvente,
1094 3289 1109 3318 a
1124 3298 1178 3318 no-

115 3323 159 3354 bis
179 3324 214 3355 &
234 3323 374 3355 Fratribus
397 3323 499 3354 nostris
513 3348 523 3361 ,
549 3333 673 3361 quorum
693 3334 745 3354 nos
767 3334 834 3357 tunc
855 3337 987 3358 numerus
1002 3326 1179 3364 includebat,

116 3371 167 3399 per
187 3362 287 3392 litteras
304 3361 432 3398 speciales
454 3363 487 3392 &
500 3363 620 3392 nuncios
635 3362 772 3395 celsitudo
786 3364 878 3404 Regia
891 3365 1042 3404 postulavit
1056 3374 1104 3403 ut,
1124 3375 1177 3402 pro

117 3401 280 3431 liberatione
295 3399 483 3440 primogeniti
497 3400 643 3437 supradicti
656 3402 844 3441 complenda,
862 3414 943 3443 quae,
958 3413 1043 3445 prout
1056 3405 1174 3442 ipsarum

119 3439 252 3470 innuebat
266 3439 344 3471 series
361 3439 530 3476 litterarum,
549 3439 599 3468 sub
614 3440 696 3469 certis
712 3439 941 3481 conditionibus,
960 3453 1078 3480 quarum
1098 3443 1180 3472 nobis

119 3478 155 3509 &
177 3477 316 3508 Fratribus
338 3478 347 3507 i
369 3477 402 3507 sis
423 3476 562 3508 certitudo
583 3487 644 3507 non
664 3477 756 3508 aderat
769 3502 779 3516 ,
804 3488 976 3516 proventura
996 3483 1025 3511 in
1047 3482 1179 3519 proximo

119 3517 137 3548 s
150 3516 276 3546 erabatur
289 3538 298 3554 ,
329 3526 344 3545 a
393 3516 625 3554 prorogationem
645 3515 842 3555 Treuguarum
872 3528 921 3556 per
946 3519 1130 3550 Cariffimum
1150 3520 1180 3548 in

149 3554 238 3585 bristo
254 3554 356 3585 Filium
370 3553 519 3592 nostrum,
537 3552 740 3591 PhilippumR
777 3565 825 3586 em
841 3556 1019 3588 Francorum
1034 3558 1180 3595 illustrem,

117 3603 189 3626 cum
207 3593 328 3624 Alfonso
348 3592 506 3624 faciendam
527 3591 664 3630 praedicto
679 3616 689 3630 ,
707 3593 724 3622 a
760 3593 822 3624 esto
835 3595 909 3626 beati
922 3596 1088 3634 Michaelis,
1109 3604 1177 3625 tunc

117 3632 250 3701 pffiximo
271 3631 401 3662 secuturo
417 3654 427 3671 ,
450 3631 536 3670 usque
555 3629 589 3660 ad
610 3641 716 3661 annum
730 3655 740 3669 ,
766 3642 854 3670 opem
868 3633 996 3665 daremus
1010 3636 1044 3666 δε
1059 3644 1178 3673 operam

116 3680 136 3700 e
169 3680 285 3701 cacem:

157 3708 251 3740 Unde
270 3719 324 3741 nos
344 3709 378 3740 &
398 3707 485 3741 iidem
506 3708 602 3739 fratres
617 3707 723 3746 nostri,
738 3717 865 3747 gerentes
879 3710 1021 3748 potissime
1036 3710 1116 3742 cordi
1130 3721 1181 3741 ne-

123 3748 253 3786 gotium,
271 3749 306 3780 &
326 3747 522 3780 liberationem
543 3746 703 3785 hujusmodi
717 3770 727 3784 ,
745 3748 818 3778 votis
836 3748 1006 3780 ferventibus
1019 3751 1182 3791 cupientes,

122 3792 153 3814 te
165 3784 200 3815 ad
211 3786 293 3822 ipsius
306 3785 452 3816 sollicitam
466 3786 500 3817 δε
516 3785 735 3822 perseverantem
752 3784 979 3822 prosecutionem
993 3789 1100 3827 negotii
1130 3789 1180 3819 sub

124 3822 202 3853 certa
215 3824 325 3863 forma,
342 3824 482 3856 sollicitius
497 3824 531 3855 &
547 3823 726 3854 affectuosius
738 3823 932 3863 exhortantes,
950 3826 1087 3863 praedidto
1104 3813 1182 3865 Regi

124 3859 252 3904 Eranciae
270 3862 349 3900 super
369 3863 426 3895 hoc
442 3887 451 3901 ,
470 3872 630 3901 quanquam
650 3861 808 3900 hujusmodi
818 3862 904 3905 ,nobis
918 3864 1066 3896 existerent
1081 3866 1183 3896 condi—

123 3907 216 3930 tiones
235 3900 350 3932 incertae
362 3926 373 3939 ,
396 3901 504 3932 nostras
526 3901 576 3931 sub
597 3909 673 3931 certa
694 3900 787 3931 forma
805 3900 924 3939 litteras,
942 3901 978 3932 de
995 3913 1049 3941 qua
1058 3903 1182 3935 vidimus

125 3936 257 3974 expedire
272 3941 389 3977 negotio
430 3950 481 3978 per
493 3939 606 3971 eosdem
622 3938 760 3970 Nuncios
774 3946 855 3977 tum,
874 3949 946 3977 quos
957 3941 1083 3973 celeriter
1098 3952 1183 3980 expe-

125 3975 179 4006 diri
197 3977 374 4016 curavimus,
389 3962 520 4009 duximus
533 3977 688 4017 dirigendas
704 3990 714 4016 3
732 3976 789 4008 aliis
801 3977 1001 4010 nichilominus
1014 3980 1085 4019 tibi,
1101 3980 1183 4019 super

125 4013 184 4045 hoc
200 4012 374 4052 subsequent.
393 4017 587 4048 exhortatoriis
601 4017 697 4047 litteris
712 4015 866 4046 destinatis:

163 4050 302 4091 Cumque
319 4052 524 4094 postmodum,
541 4056 668 4095 supernae
683 4053 868 4094 dispositionis
887 4055 1019 4094 arbitrio,
1033 4055 1070 4088 ad
1089 4055 1186 4095 Apos-

1194 142 1679 207 JPUBLICA.
2202 163 2250 224 ῖς

1196 244 1293 288 τοὶὶοξο
1306 248 1433 283 promoti
1448 248 1591 280 fuissemus
1606 250 1746 290 fastigium
1766 251 1905 292 dignitatis
1919 276 1928 291 ‚
1947 253 2097 284 Cariffima
2109 254 2139 284 in
2158 253 2257 284 Chris—

1197 290 1229 313 to
1243 283 1418 327 F¹l{{²’.¹³0st“³
1442 286 1548 330 Maria,
1567 288 1693 320 Consors
1713 289 1899 330 primogeniti
1919 291 1947 322 su
1969 292 2080 330 tadisti,
2100 302 2149 330 per
2169 292 2256 322 dilec-

1195 328 1258 364 tum
1272 321 1375 368 Iulium
1391 323 1535 368 Nobilem
1556 325 1677 365 Virum,
1695 327 1851 359 Ricardum
1865 330 1901 360 de
1957 331 2071 368 oblaus,
2090 331 2146 369 ejus
2165 329 2255 360 Nun-

1196 368 1290 404 cium,
1310 371 1325 389 a
1340 362 1422 391 nobis
1435 372 1488 400 pro
1501 363 1670 395 liberationis
1685 366 1807 403 ejusdem
1822 367 2008 407 primogeniti
2028 368 2255 399 consummando

1195 406 1329 436 negotio,
1348 408 1458 430 certum
1473 403 1656 438 pecuniarum
1671 404 1820 434 subsidium
1834 406 1997 443 postulavit:

1234 436 1280 466 Ad
1291 436 1418 467 nostram
1432 439 1633 483 nichilominus
1648 442 1788 479 perducto
1803 445 1948 483 notitiam,
1967 445 2046 483 quod
2067 445 2192 475 liberatio
2213 454 2258 475 ea-

1194 472 1288 518 deml,
1306 475 1356 518 sub
1376 477 1540 515 gravnlimis
1559 479 1593 510 &
1613 479 1763 510 durissimis
1784 482 1887 520 pactis,
1906 483 1939 513 ὃς
1953 483 2164 514 conditionibus
2179 485 2259 514 variis

1195 513 1371 557 &Udiverlig
1390 524 1514 559 quorum
1528 518 1664 547 nonnulla
1682 527 1849 549 annotantur
1871 521 1998 559 inferius,
2017 522 2202 559 traftabatuffi
2221 521 2258 552 de

1196 552 1295 587 quibus
1309 552 1415 596 aliqua,
1435 553 1454 583 fi
1469 554 1613 598 diligenter
1628 557 1794 595 attenditur,
1812 559 1845 588 &
1858 557 1972 589 sollicita
1987 561 2169 591 meditatione
2187 570 2257 597 pen-

1195 589 1281 628 satur,
1298 589 1402 634 divinae
1423 592 1570 635 majestatis
1590 595 1678 625 oculis
1697 594 1808 633 odiosa,
1826 597 1962 626 nonnulla
1985 598 2111 635 injuriosa
2135 600 2168 629 &
2185 600 2259 636 peri-

1198 628 1388 672 culosatnimis
1403 628 1554 672 Eccleliae,
1573 632 1707 662 nonnulla
1721 632 1803 670 plena
1814 633 1976 672 dispendiis,
1989 636 2021 666 &
2036 635 2188 673 dampnosa
2200 636 2259 667 val-

1195 665 1232 695 de
1253 666 1452 711 Prirnogenito
1473 670 1507 700 ὃς
1528 671 1546 689 '¹‘
1566 670 1735 701 Haeredibus
1756 671 1929 710 supradietis,
1949 673 2079 711 quaedam
2093 685 2152 704 non
2165 674 2259 704 modi-

1197 714 1283 743 cum,
1300 715 1395 736 immo
1409 708 1651 745 quamplurimum
1667 709 1860 748 praejudicialia
1874 710 1948 750 Regi
1970 711 2094 742 Francia
2117 723 2260 743 memora-

1197 751 1246 781 to,
1266 743 1395 781 quaedam
1411 745 1470 775 fere
1483 747 1680 789 impossibilia2
1698 748 1829 786 quaedam
1844 749 1950 787 illicita,
1970 750 2115 787 pernitiosa
2129 751 2261 788 exemplo

1196 790 1228 810 ac
1242 781 1399 825 horrenda,
1415 784 1448 813 &
1461 785 1649 815 abominanda
1664 785 1806 825 fidelibus,
1826 796 1911 825 prout
1924 796 1958 818 ex
1973 798 2073 819 eorum
2088 789 2262 826 inspestione

1198 819 1281 857 plene
1292 820 1448 860 colligitur,
1466 822 1658 854 dinoscuntur.
2007 851 2013 856 .

1238 858 1353 897 Qare,
1399 869 1450 902 per
1462 860 1530 903 hiis,
1546 872 1614 892 cum
1627 862 1756 893 fratribus
1771 863 1890 904 nostris,
1910 864 2006 895 exitia
2020 865 2053 896 &
2067 872 2175 895 matura
2196 862 2260 902 perss

1199 898 1338 940 pensaque
1350 896 1386 941 de
1398 898 1551 941 iberatione
1564 900 1732 939 praehabita,
1750 911 1834 939 prout
1845 905 1913 933 tanti
1929 904 1962 935 &
1977 912 2035 933 tam
2056 903 2132 934 ardui
2154 905 2261 943 negotii

1200 935 1312 978 qualitas
1332 944 1440 980 exigit,v
1464 947 1524 967 non
1544 938 1665 969 vidimus
1678 963 1688 976 ‚
1715 949 1989 979 quamtumcumque
2008 942 2156 979 personam
2178 942 2259 980 ipiius

1199 982 1381 1012 primogeniti
1390 973 1555 1019 diligamus,
1575 984 1838 1016 quantumcumque
1852 979 1952 1009 statum
1974 982 2105 1010 votivum
2126 982 2159 1011 &
2181 990 2261 1018 pros-

1200 1022 1300 1055 perum
1314 1021 1490 1050 exquiramus
1504 1015 1602 1052 ipiius,
1618 1015 1728 1053 suaeque
1749 1016 1917 1047 liberationis
1939 1019 2083 1054 cupiamus
2106 1018 2262 1056 cinerum,

1199 1049 1358 1094 hujusmodi
1381 1051 1466 1088 pactis
1493 1052 1527 1082 &
1555 1053 1766 1084 conditionibus
1787 1055 2006 1092 quomodolibet
2032 1056 2170 1086 annuend.
2193 1066 2263 1087 cum

1199 1088 1291 1119 dietus
1306 1090 1527 1128 primogenitus,
1545 1090 1663 1121 libertati
1679 1091 1767 1121 taliter
1789 1091 1944 1131 restitutus⁷
1963 1095 2135 1132 gravioribus
2155 1094 2264 1132 quoda-

1201 1126 1291 1157 modo
1303 1128 1400 1168 ligatus
1415 1127 1549 1166 vinculis,
1567 1130 1601 1159 &
1613 1129 1693 1159 statui
1707 1130 1813 1160 duriori
1826 1131 1981 1168 funestus,
2001 1132 2111 1169 ejusque
2126 1131 2173 1162 filii
2189 1133 2263 1162 mul-

1200 1165 1314 1195 timodis
1336 1166 1451 1203 expositi
1473 1166 1579 1196 casibus
1602 1168 1778 1206 viderentur,
1798 1169 1831 1199 &c
1856 1142 1981 1199 Ecclesia
2003 1171 2085 1199 etiam
2101 1171 2265 1207 quibusdam

1200 1203 1296 1234 validis
1315 1203 1476 1234 redderetur
1496 1205 1685 1243 circumplexa
1706 1206 1852 1245 funiculis,
1870 1209 1903 1239 &
1925 1208 2036 1246 majoris
2056 1209 2149 1237 oneris
2163 1208 2266 1238 sarcina

1221 1252 1260 1272 rae
1283 1251 1383 1273 ravata.

1200 1252 1219 1279 p
1236 1251 1408 1312 Pffaedieiam
1429 1280 1603 1312 Consortem
1624 1291 1753 1322 rogantes
1771 1284 1899 1313 attentius
1919 1284 1953 1314 ὅτ
1978 1282 2121 1314 hortantes
2134 1291 2182 1322 ut,
2201 1294 2267 1321 pro-

1202 1318 1298 1349 sundae
1312 1319 1539 1350 considerationis
1554 1320 1682 1360 indagine
1697 1321 1836 1359 praemissa
1850 1321 2015 1360 discutiens,
2033 1324 2067 1352 &
2087 1322 2157 1353 infra
2179 1323 2269 1353 claus-

1202 1366 1243 1388 tra
1257 1358 1379 1395 pectoris
1392 1358 1484 1388 sedula
1497 1360 1531 1389 &
1543 1367 1645 1389 attenta
1658 1360 1840 1390 meditatione
1854 1360 2019 1399 revolvens,
2032 1360 2181 1391 advertens
2194 1371 2267 1399 quo-

1202 1406 1258 1434 que
1269 1396 1385 1426 sollicite
1398 1396 1537 1427 sincerum
1551 1398 1584 1428 &
1599 1397 1789 1437 benevolum,
1808 1409 1896 1436 quern
1910 1400 1938 1428 in
1955 1399 2011 1429 hoc
2028 1398 2153 1429 Ecclesia
2166 1401 2266 1430 eadem

1202 1436 1273 1474 gerit
1295 1434 1449 1473 affectum,
1468 1436 1603 1472 patienter
1617 1436 1761 1474 sustineat,
1781 1439 1814 1468 &t
1829 1437 1879 1467 sub
1894 1439 1996 1467 mentis
2017 1438 2173 1468 humilitate
2186 1447 2269 1468 com-

1203 1473 1340 1512 portet‚si
1357 1473 1438 1511 pacta
1452 1474 1485 1504 &
1499 1474 1679 1506 conditiones
1694 1475 1854 1512 hujusmodi
1870 1486 1929 1505 non
1942 1475 2072 1506 duximus
2085 1476 2269 1515 admittenda;

1204 1521 1287 1548 nam,
1306 1512 1326 1542 si
1349 1513 1540 1549 pecuniarium
1561 1512 1691 1545 duntaxat
1713 1514 1861 1545 subsidium
1883 1513 1918 1544 ad
1939 1514 2131 1545 liberationem
2147 1514 2269 1553 ejusdcm

1204 1551 1385 1590 primogeniti
1404 1550 1533 1581 existeret
1552 1560 1764 1591 opportunum,
1781 1553 1928 1592 gratiosam
1949 1553 2008 1583 satis
2031 1554 2064 1584 ὃς
2085 1553 2270 1585 favorabilem

1203 1588 1231 1618 se
1263 1589 1377 1619 raediCta
1391 1588 1515 1619 Ecclesia
1531 1591 1683 1621 exhiberet.

1267 1637 1334 1658 orto
1370 1627 1508 1659 carissime
1521 1627 1577 1666 fili,
1595 1639 1654 1659 non
1667 1629 1780 1669 indigne
1795 1630 1888 1660 mirari
1908 1629 2051 1667 possemus
2070 1630 2149 1669 quod
2170 1631 2271 1662 trasia-

1204 1674 1247 1696 tus
1263 1665 1330 1704 huju
1343 1665 1422 1696 modi
1438 1666 1535 1696 seriem
1572 1677 1636 1705 quae
1650 1678 1709 1698 non
1724 1678 1781 1699 erat
1796 1668 1987 1706 proculdubio
2009 1669 2124 1700 velanda
2143 1670 2270 1708 silentio,

1204 1705 1288 1734 nobis
1303 1705 1336 1734 &
1351 1705 1479 1736 fratribus
1494 1692 1613 1744 nostris,
1631 1716 1700 1736 curn
1713 1706 1750 1737 de
1770 1717 1907 1746 numero,
1924 1707 1993 1737 sicut
2013 1709 2209 1746 praemittitur,
2227 1718 2270 1738 es—

1205 1743 1296 1774 semus
1307 1744 1447 1782 ipsorum,
1465 1754 1524 1774 non
1538 1745 1616 1775 duxit
1626 1745 1784 1776 sollicitudo
1798 1745 1828 1776 R
1846 1747 1889 1775 <ria
1911 1745 2113 1785 intimandam,
2132 1747 2269 1785 quodque

1205 1790 1264 1812 tam
1292 1782 1422 1821 gravibus
1452 1783 1538 1820 pastis
1557 1784 1591 1814 &
1613 1783 1824 1814 conditionibus
1875 1784 1951 1822 egius
1972 1785 2082 1814 animus
2105 1786 2270 1823 acquievit,

1207 1831 1289 1858 nam,
1307 1821 1356 1851 etsi
1375 1821 1482 1859 praefati
1501 1823 1686 1859 primogeniti
1708 1822 1834 1853 liberatio
1849 1847 1859 1861 ,
1885 1823 1935 1852 sub
1957 1822 2123 1853 decentibus
2136 1848 2145 1861 ,
2171 1824 2272 1862 licitis,

1207 1859 1380 1897 possibilibus
1395 1883 1404 1897 ,
1430 1861 1463 1890 &
1485 1860 1611 1890 honestis
1630 1860 1841 1891 conditionibus
1856 1885 1865 1899 ,
1891 1861 1949 1891 sive
1969 1862 2056 1899 pactis
2071 1885 2081 1899 ,
2099 1871 2175 1900 grata
2188 1863 2270 1892 nobis

1208 1897 1354 1936 existeret,
1369 1898 1509 1936 praedietis
1532 1907 1627 1930 tamen
1647 1900 1733 1937 pactis
1756 1899 1802 1930 seii
1823 1899 2016 1931 consimilibus
2029 1900 2185 1931 nullatenus
2197 1910 2277 1938 prae<

1208 1937 1337 1967 beremus
1351 1936 1499 1967 assensum.

1211 2003 1213 2005 ,
1244 1975 1286 2005 Ea
1303 1986 1389 2013 vero,
1408 1985 1474 2013 quae
1495 1974 1532 2005 de
1551 1976 1637 2016 paritis
1652 1976 1685 2007 &
1699 1975 1910 2008 conditionibus
1925 1976 1986 2015 ipsis
2000 1977 2179 2015 praesentibus
2189 1975 2271 2009 inseri

1209 2013 1346 2052 fecimus,
1364 2015 1427 2044 haec
1442 2014 1518 2045 sinit:

1244 2052 1392 2084 Ponentur
1405 2053 1434 2082 in
1449 2052 1529 2090 posse
1546 2052 1734 2092 Altonii,nati
1747 2053 1894 2091 quondam
1902 2053 1981 2084 Petri
2015 2054 2088 2085 olim
2101 2054 2188 2093 Regis
2204 2053 2274 2084 Ara-

1208 2100 1319 2130 gonum
1334 2114 1343 2130 ,
1370 2101 1423 2129 pro
1445 2091 1587 2122 obsidibus
1601 2116 1611 2129 ,
1636 2100 1690 2123 tres
1710 2091 1758 2122 filii
1781 2092 1910 2123 carissimi
1928 2093 1956 2122 in
1973 2077 2092 2123 Christo
2106 2092 2155 2122 filii
2169 2092 2273 2131 nostri,

1210 2129 1309 2160 Caroli
1324 2130 1504 2168 primogeniti
1518 2154 1527 2169 ,
1545 2130 1635 2161 ‘clarae
1648 2132 1811 2169 memoriae,
1830 2130 1868 2161 C.
1883 2129 1973 2169 Regis
1985 2131 2105 2168 Siciliae,
2124 2133 2158 2162 &
2171 2131 2276 2166 cariffi·

1210 2178 1268 2199 mae
1288 2170 1318 2198 in
1339 2167 1458 2200 Christo
1478 2168 1542 2199 filiae
1562 2168 1684 2207 nosttae‚
1704 2169 1807 2199 Mariae
1828 2169 1966 2200 consortis
1987 2170 2062 2207 ejus,
2080 2170 2152 2200 duos
2167 2170 2274 2200 scilicet

1210 2208 1330 2246 majores
1349 2206 1416 2244 post
1435 2208 1658 2247 primogenitum
1673 2232 1683 2246 ,
1709 2217 1774 2237 ante
1787 2208 1982 2238 liberationem
1999 2208 2075 2238 suam
2088 2208 2159 2238 infra
2173 2208 2278 2238 decem

1211 2245 1336 2284 menses3
1354 2247 1387 2277 &
1401 2256 1454 2285 pro
1467 2246 1611 2277 securitate
1627 2246 1707 2286 ipsius
1722 2247 1905 2286 primogeniti
1919 2255 2039 2284 ponatur
2054 2247 2155 2284 etiam,
2174 2247 2201 2276 in
2210 2256 2276 2284 pos-

1210 2284 1237 2316 se
1259 2284 1328 2315 dieti
1350 2285 1479 2323 Alfonsi,
1498 2285 1579 2315 simul
1593 2295 1662 2316 cum
1675 2285 1732 2315 aliis
1755 2286 1822 2315 natis
1843 2284 1909 2323 post
1931 2285 2024 2323 primo
2045 2286 2172 2323 enitum,
2190 2286 2224 2316 8(-
2244 2296 2275 2316 a-

1211 2323 1261 2354 lius
1283 2322 1354 2353 filius
1375 2323 1577 2361 praedidtorum
1598 2322 1746 2355 Caroli&
1761 2322 1926 2361 Consortis,
1946 2325 1994 2362 qui
2006 2326 2033 2353 el
2063 2325 2092 2353 in
2104 2323 2275 2363 Provincia,

1210 2370 1274 2392 ante
1288 2362 1327 2392 sui
1343 2362 1548 2393 liberationem.
1848 2389 1851 2392 ⁴
1891 2389 1893 2391 .

1250 2399 1340 2438 Item,
1358 2409 1500 2438 ponentur
1521 2402 1551 2430 in
1570 2399 1650 2438 posse
1671 2399 1778 2438 praefati
1801 2398 1913 2429 Alfonfi
1929 2400 1962 2430 &
1976 2399 2124 2430 haeredum
2139 2400 2254 2431 suorum
2265 2421 2275 2440 ,

1210 2446 1278 2468 ante
1300 2438 1381 2476 ipsius
1400 2438 1500 2469 Caroli
1524 2439 1706 2477 primogeniti
1729 2438 1925 2469 liberationem
1939 2462 1948 2476 ,
1972 2439 2171 2477 quinquaginta
2200 2439 2278 2470 milia

1213 2476 1380 2508 Marcarum
1401 2478 1507 2516 argenti
1523 2502 1532 2515 ,
1551 2477 1655 2508 scilicet
1670 2501 1680 2514 ,
1697 2477 1807 2515 triginta
1823 2477 1899 2506 inilia
1916 2475 2082 2507 Marcarum
2097 2479 2125 2507 in
2141 2479 2277 2518 pecunia,

1212 2524 1282 2545 auro
1304 2515 1337 2550 ὃς
1357 2524 1477 2553 argento
1491 2540 1501 2553 ,
1527 2517 1561 2547 &
1581 2517 1680 2555 viginti
1695 2515 1771 2545 milia
1786 2515 1953 2546 Marcarum
1965 2515 2169 2553 insecuritate,
2188 2526 2275 2553 quam

1212 2552 1386 2584 securitatem
1400 2555 1500 2590 viginti
1513 2554 1624 2584 milium
1643 2553 1807 2584 Marcarum
1819 2553 1904 2583 debet
1916 2553 2009 2583 facere
2022 2553 2132 2585 illustris
2139 2554 2205 2584 Rex
2214 2555 2276 2585 An-

1211 2592 1275 2630 gliae
1298 2591 1418 2622 Alfonso
1440 2592 1577 2629 praedicto
1592 2617 1601 2630 ,
1618 2594 1651 2624 &
1666 2592 1716 2621 suis
1732 2592 1906 2630 haeredibus,
1924 2591 1961 2622 de
1977 2602 2031 2629 qua
2045 2592 2134 2622 iidem
2146 2592 2278 2624 Alfonsus

1212 2632 1245 2663 &
1259 2630 1383 2660 haeredes
1396 2630 1436 2660 sui
1447 2630 1499 2660 lint
1515 2632 1604 2668 pacati
1620 2630 1670 2661 sub
1687 2630 1733 2660 tali
1750 2630 1916 2661 conditione
1931 2629 2026 2668 quod,
2045 2630 2113 2668 nisi,
2131 2631 2201 2662 infra
2215 2631 2277 2662 dic-

1213 2677 1257 2699 tos
1272 2668 1376 2699 decem
1391 2669 1499 2700 menses
1505 2677 1520 2707 ,·
1534 2669 1638 2706 positus
1653 2668 1736 2699 fuerit
1750 2669 1954 2707 primogenitus
1965 2668 2064 2699 Caroli
2080 2669 2112 2700 ὃ(
2126 2668 2276 2702 Consortis

1212 2707 1433 2746 praedictorum,
1450 2708 1479 2737 in
1499 2707 1584 2745 pleno
1606 2706 1686 2744 posse
1709 2709 1860 2738 memorati
1881 2706 1991 2738 Alfonsi
2005 2708 2039 2738 ὃς
2051 2707 2198 2738 haeredum
2212 2709 2276 2740 suo-

1212 2755 1336 2784 rum,ex
1351 2755 1420 2776 tunc
1435 2746 1509 2777 dieta
1522 2748 1657 2784 quantitas
1669 2745 1700 2776 sit
1715 2746 1850 2786 applicata
1861 2745 1953 2776 eidem
1961 2745 2149 2785 Alfons0‚vel
2159 2747 2277 2778 haeredi-

1213 2785 1264 2815 bus
1277 2794 1329 2822 pro
1343 2788 1485 2822 poena,&
1500 2786 1594 2816 tertius
1610 2784 1699 2823 filius,
1717 2785 1796 2816 datus
1812 2795 1865 2823 pro
1880 2785 2089 2823 primogenito,
2109 2786 2139 2816 iit
2150 2787 2276 2819 incursus

1214 2822 1308 2853 eidem
1332 2823 1451 2854 Alfonso
1472 2823 1696 2857 vel‘haeredibus
1717 2823 1768 2854 suis
1782 2836 1792 2862 ·,
1807 2824 1885 2855 salvis
1899 2823 1993 2854 eidem
2006 2824 2062 2854 vita
2076 2824 2109 2854 δε
2124 2825 2275 2857 membris:

1213 2861 1244 2892 Si
1265 2872 1336 2892 vero
1356 2861 1490 2899 praedieta
1512 2862 1655 2900 completa
1676 2862 1780 2893 fuerint
1794 2885 1804 2900 ,
1825 2862 1896 2892 infra
1916 2862 2008 2892 distos
2029 2860 2130 2893 decem
2155 2864 2278 2903 menses,

1213 2899 1371 2931 restituatur
1392 2900 1462 2930 filius
1483 2899 1560 2931 datus
1579 2910 1632 2938 pro
1652 2902 1862 2939 primogenito,
1880 2902 1913 2932 &
1929 2901 2064 2939 quantitas
2081 2901 2114 2932 &
2130 2901 2279 2942 securitas,

1213 2938 1276 2969 data
1292 2940 1400 2969 ratione
1413 2938 1497 2968 didtae
1510 2940 1667 2977 quantitatis
1681 2938 1713 2970 sit
1724 2938 1855 2971 absoluta.

1253 2976 1343 3016 Item,
1362 2977 1446 3008 debet
1460 2986 1568 3015 ponere
1582 2977 1712 3015 praefatus
1734 2976 1853 3008 Carolus
1875 2978 2096 3017 primogenitus,
2115 2985 2180 3008 ante
2192 2977 2231 3009 sui
2245 2977 2280 3008 li-

1217 3016 1392 3049 berationem
1403 3039 1413 3054 ,
1431 3017 1459 3045 in
1474 3016 1554 3053 posse
1566 3016 1647 3054 ipsius
1662 3015 1789 3054 Alfonsi,
1807 3016 1840 3047 &
1855 3015 2002 3046 haeredum
2015 3016 2279 3055 suorum,.obsides

1214 3056 1421 3094 primogenitos
1433 3054 1576 3084 Baronum
1591 3055 1625 3086 &
1639 3053 1678 3084 M
1713 3063 1810 3085 natum
1824 3079 1834 3092 ,
1854 3053 2001 3092 Militum,
2020 3054 2139 3085 Civium
2153 3056 2187 3086 ὅ(
2208 3054 2279 3086 Bur-

1215 3093 1343 3131 gensium
1363 3093 1525 3123 Provinciae
1539 3117 1548 3130 ,
1573 3093 1659 3134 usque
1678 3103 1694 3124 a
1727 3102 1880 3123 numerum
1894 3093 2091 3133 quadraginta,
2109 3093 2189 3132 illos,
2207 3093 2280 3124 scili-

1215 3140 1278 3169 cet,
1297 3142 1369 3169 quos
1390 3131 1466 3161 idem
1490 3131 1619 3161 Alfonsus
1635 3153 1644 3169 ‚
1669 3131 1715 3162 vel
1734 3133 1791 3169 ejus
1812 3131 1935 3162 haeredes
1958 3131 2107 3172 elegerint,
2126 3132 2162 3162 de
2177 3134 2280 3170 quibus

1215 3170 1303 3209 magis
1320 3170 1369 3200 sibi
1385 3170 1533 3208 placuerit:
1552 3169 1597 3200 vel
1610 3169 1720 3208 saltem,
1729 3169 1765 3200 de
1778 3169 1891 3201 illorum
1905 3169 2035 3200 obsidum
2049 3170 2211 3201 Provinciae
2224 3181 2279 3200 nu-

1215 3218 1311 3246 mero,
1330 3209 1463 3239 medietas
1476 3207 1610 3246 tradatur,
1626 3208 1682 3238 una
1697 3218 1764 3239 cum
1779 3208 1840 3239 siliis
1854 3208 1924 3241 dieii
1938 3208 2053 3248 Caroli,
2073 3208 2192 3240 Alfonso
2207 3219 2279 3246 prae-

1215 3247 1290 3284 fato,
1311 3247 1357 3277 vel
1372 3246 1527 3277 haeredibus
1540 3246 1591 3277 suis
1606 3255 1670 3279 ante
1685 3246 1915 3278 deliberationem
1928 3247 2051 3286 ejusdem
2065 3247 2181 3285 Caroli,
2199 3248 2233 3277 ὃς
2245 3257 2276 3277 a-

1214 3286 1250 3316 lia
1263 3285 1397 3316 medietas
1416 3286 1486 3315 infra
1504 3294 1556 3315 tres
1578 3286 1686 3316 menses
1699 3285 1763 3323 post
1777 3285 1975 3316 liberationem
1990 3286 2082 3323 suam,
2101 3285 2137 3315 de
2152 3295 2206 3323 qua
2222 3294 2278 3315 tra-

1217 3324 1323 3354 ditione
1343 3323 1496 3354 medietatis
1514 3322 1645 3356 obsidum
1665 3323 1792 3354 facienda
1806 3347 1816 3363 ,
1833 3324 1902 3355 infra
1916 3333 1970 3354 tres
1986 3323 2136 3362 praedictos
2150 3323 2276 3361 menses,

1219 3362 1300 3392 detur
1314 3361 1395 3393 dieto
1410 3361 1529 3393 Alfonso
1541 3361 1586 3392 vel
1602 3361 1757 3394 haeredibus
1773 3362 1825 3393 suis
1846 3362 1928 3392 firma
1941 3363 2081 3400 securitas,
2098 3362 2156 3392 talis
2173 3360 2208 3392 de
2223 3371 2279 3399 qua

1219 3400 1275 3438 ipse
1288 3400 1320 3431 sit
1333 3409 1501 3439 contentu53
1519 3401 1552 3432 &
1568 3400 1588 3430 fi
1598 3400 1684 3438 aliqui
1698 3400 1801 3431 fuerint
1815 3411 1848 3431 ex
1864 3401 1927 3438 ipsis
1939 3400 2093 3431 Baronibus
2106 3401 2140 3431 &
2156 3399 2279 3437 Magna-

1216 3440 1290 3469 tibus
1302 3463 1312 3477 ,
1338 3440 1387 3477 qui
1408 3439 1479 3470 filios
1504 3448 1563 3479 non
1577 3439 1727 3476 haberent,
1748 3438 1872 3476 personae
1887 3439 2009 3477 ipsorum
2025 3447 2165 3476 ponantur
2180 3439 2210 3467 in
2224 3438 2280 3468 ho-

1218 3477 1328 3516 stagiis,
1345 3479 1375 3507 in
1432 3478 1470 3508 sse
1489 3477 1557 3507 dieti
1572 3477 1682 3507 Alfonsi
1695 3477 1741 3507 vel
1755 3477 1900 3508 haeredum
1915 3477 2046 3515 suorum,
2062 3476 2123 3514 vel,
2142 3484 2196 3513 pro
2210 3486 2278 3514 per-

1216 3516 1303 3553 sonis,
1323 3526 1362 3554 po
1387 3524 1426 3546 int
1445 3516 1512 3547 dare
1533 3515 1653 3546 totidem
1672 3515 1709 3547 de
1728 3516 1946 3553 proximioribus
1967 3515 2036 3552 suis,
2052 3516 2099 3552 qui
2111 3513 2279 3547 sufficientes

1218 3554 1252 3584 ad
1276 3555 1334 3586 hoc
1350 3555 1456 3586 fuerint
1469 3554 1503 3584 ad
1527 3555 1724 3593 cognitionem
1749 3555 1829 3592 ipsius
1851 3553 1962 3584 Alfonsi
1983 3553 2028 3585 vel
2050 3552 2195 3583 haeredem
2214 3552 2279 3585 suo-

1219 3603 1298 3624 rum·

1256 3617 1302 3663 Et,
1309 3631 1389 3670 quod
1403 3631 1494 3661 dictus
1508 3629 1629 3661 Carolus
1643 3629 1726 3661 faciat
1740 3629 1800 3661 fieri
1816 3631 1997 3670 homagium,
2016 3639 2086 3659 cum
2095 3630 2276 3669 juramento,

1218 3671 1297 3702 disto
1317 3671 1336 3690 ²*
1356 3669 1495 3707 Alfonso,
1512 3668 1558 3700 vel
1573 3670 1630 3707 ejus
1643 3668 1840 3707 Procuratori,
1859 3679 1908 3706 per
1921 3667 2094 3698 Castellanos
2106 3667 2277 3701 Castrorum

1218 3709 1340 3749 ejusdem
1362 3708 1458 3738 Caroli
1479 3708 1507 3737 in
1536 3706 1704 3744 Provincia,
1723 3707 1803 3744 quod
1825 3707 1875 3736 nili
1897 3716 1997 3748 pacem
2015 3706 2113 3737 fecerit
2129 3707 2208 3739 dieto
2224 3707 2276 3745 Al-

1219 3748 1317 3786 fonso,
1334 3747 1492 3785 &jacobo
1506 3745 1581 3777 fratri
1594 3747 1669 3784 ejus,
1686 3747 1720 3777 δε
1736 3745 1892 3777 haeredibus
1906 3747 2047 3782 ipiorum,
2083 3755 2116 3776 ro
2127 3745 2156 3777 se
2168 3746 2276 3778 &Ro-

1223 3796 1305 3819 mana
1318 3785 1458 3823 Ecclelia,
1478 3784 1511 3815 &
1525 3783 1675 3817 illustribus
1750 3783 1874 3813 Franciae
1887 3783 1920 3814 δί
1935 3782 2043 3814 Carolo
2087 3786 2210 3823 ragoniae
2217 3785 2279 3821 Re÷

1220 3828 1300 3867 gibus
1333 3824 1370 3854 de
1391 3833 1445 3861 qua
1463 3822 1539 3852 idem
1561 3821 1693 3854 Alfonsus
1717 3821 1748 3852 sit
1767 3830 1934 3859 contentuS,
1952 3821 1999 3865 vel
2019 3821 2145 3853 haeredes
2157 3823 2213 3862 sui,
2232 3823 2278 3854 vel

1222 3865 1271 3895 nisi
1285 3874 1301 3894 a
1334 3861 1499 3893 carceremi
1521 3860 1572 3891 sius
1583 3860 1628 3891 vel
1644 3859 1787 3891 haeredum
1799 3859 1914 3890 suorum
1937 3859 2048 3890 redierit
2068 3861 2138 3892 infra
2157 3871 2213 3893 tres
2230 3871 2279 3891 an-

1221 3914 1273 3934 nos
1286 3927 1296 3940 ,
1314 3900 1393 3939 quod
1414 3909 1489 3931 arten
1509 3907 1557 3930 ant
1574 3908 1644 3930 cum
1661 3898 1768 3929 Castris
1786 3899 1819 3929 &
1839 3897 1974 3929 obediant
1991 3898 2084 3931 eidem
2105 3899 2226 3930 Alfonso
2245 3900 2279 3929 Sc

1222 3939 1378 3973 haeredibus
1397 3938 1464 3975 suis,
1484 3946 1515 3970 ut
1534 3937 1685 3969 Domino:
1705 3939 1738 3970 &
1760 3937 1852 3967 Terra
1872 3935 2035 3969 Provinciae
2049 3937 2082 3978 sit
2094 3938 2216 3969 totaliter
2236 3938 2280 3974 ip-

1224 3982 1276 4012 sius
1291 3977 1399 4009 Alfonfi
1411 3978 1443 4008 δε
1459 3975 1605 4007 haeredum
1618 3975 1731 4007 suorum
1740 3999 1750 4013 ,
1767 3977 1797 4005 in
1811 3984 1995 4014 perpetuum,
2010 3976 2073 4014 jure
2085 3975 2279 4013 haereditario;

1225 4021 1259 4050 &
1272 4017 1321 4057 ipsi
1333 4016 1483 4047 Castellani
1495 4023 1555 4044 non
1568 4013 1675 4044 tradant
1687 4013 1762 4044 dicta
1775 4012 1875 4044 Castra
1887 4014 2027 4056 praedieto
2040 4013 2149 4046 Carolo
2170 4014 2280 4054 primo-

1224 4058 1338 4097 genito,
1355 4064 1410 4089 nec
1423 4054 1506 4086 alicui
1516 4053 1577 4091 alii,
1594 4052 1645 4084 nisi
1659 4052 1738 4085 dieto
1751 4052 1888 4092 Alfonso,
1904 4052 1951 4087 vel
1971 4052 2128 4086 haeredibus
2145 4051 2215 4090 suis,
2233 4050 2282 4118 veie}

2220 4099 2257 4121 cu
2271 4110 2284 4128 ,

2273 250 2349 280 Ann.
2360 249 2403 280 D,

2296 289 2381 318 1238.

2275 330 2342 356 Edv.
2362 336 2389 364 3.

2277 674 2409 710 *113600

2294 3672 2429 3708 *ii.361.
