2570 4261
3 258 80 292 itinn.
94 256 134 288 D.

36 1905 112 1938 Ann.
125 1902 165 1935 D.

54 1952 141 1985 1307.

35 1988 88 2013 An.
109 1993 132 2010 i.

35 2027 67 2051 E.
83 2031 109 2048 2.

37 2059 126 2096 Claus.
145 2067 169 2085 1.

36 2102 67 2125 E.
83 2107 154 2125 2.m.

43 2136 126 2173 13.d.

49 2729 180 2766 ¹'‘III-35.

584 179 712 222 ET
821 181 1139 225 ACTA

152 260 301 294 defendere
310 263 360 306 ,ἃ
369 264 494 307 *nocivos
508 264 541 296 ὃς
556 264 674 303 perfidos
689 267 809 297 nituntur
824 267 930 298 virilius
942 267 1214 305 debellare3quibus‚

152 311 185 331 ex
204 301 306 332 collato
327 303 376 332 libi
399 303 533 333 divinitus
550 304 691 333 incumbit
712 305 830 343 officio,
845 306 927 343 aequa
936 305 1049 343 justitiae
1070 305 1141 336 libra
1155 315 1214 335 rem

153 339 298 383 publicam
318 341 531 379 gubermre,&
550 340 666 371 Christo
685 342 1046 381 infideles,Cliristianaeque
1063 343 1128 373 fidei
1143 353 1215 373 con—

153 386 250 408 trarios
269 379 302 409 &
321 378 449 409 Rebelles
466 381 648 417 impugnare,
665 381 698 410 ἃ
715 380 852 411 destruere
863 382 939 419 juxm
955 381 1040 419 polle.

192 415 269 446 Hinc
279 415 325 459 *est
344 418 440 455 quod,
458 417 526 447 cum
545 418 575 446 in
592 419 710 455 partibus
729 419 799 448 Asiae
814 419 847 449 &
866 418 1001 458 Affricae,
1015 431 1030 450 a
1049 418 1217 456 longissimis

155 454 298 484 retroachs
314 456 503 493 temporibus,
519 455 638 486 multum
657 456 799 487 invaluerit
817 458 956 494 prophana
970 457 1040 487 secta
1062 459 1094 488 &
1110 457 1218 487 sordida

157 491 354 536 Machon'ieti,
373 494 591 532 circumquaque
610 494 740 531 pullulans
754 495 786 524 &
800 493 956 525 diffundens
975 495 1019 526 sua
1038 496 1141 526 infecta
1155 506 1217 532 ger-

155 539 253 597 giina,
275 532 359 560 nimis
371 530 427 561 late
441 531 549 570 pestem
562 531 654 562 seculo
667 532 720 562 suae
737 534 914 570 contagionis
930 535 1059 571 nepharie
1074 535 1218 564 inmitten-

175 577 208 597 0.

170 644 178 652 N
197 591 279 645 Nos,
293 607 359 644 qui,
376 605 443 637 Deo
457 608 655 646 permittente,
673 607 762 638 sumus
779 607 886 646 sceptro
904 608 1000 646 Regio
1018 609 1139 647 insigniti
1154 632 1163 647 ,
1184 608 1218 638 ad

156 651 218 674 tam
234 644 388 682 nephandae
405 645 487 675 sedlae
504 646 720 676 eradicationem
741 646 855 676 libenter
873 648 1076 678 intenderemus
1126 647 1145 677 si
1162 647 1220 676 loci

159 682 302 727 distantia,
312 684 346 714 ὃ(
361 683 412 726 alia
426 683 507 713 ardua
522 685 653 722 negotia,
667 684 748 714 nobis
765 685 954 715 incumbentia
968 708 977 724 ,
1001 686 1057 716 hoc
1080 670 1138 715 sieri
1160 695 1222 722 per-

161 729 300 752 mitterent
313 730 412 759 quovis
426 722 525 751 modo.
1097 730 1101 736 ·

200 759 283 790 Nam
300 768 408 799 tempus
423 759 457 789 ad
476 759 531 789 hoc
549 758 624 790 adest
639 760 807 798 acceptabile
821 783 830 798 ,
847 768 877 791 ut
894 763 1073 799 accepimus,
1096 761 1146 790 hiis
1163 760 1224 789 die-

162 799 213 829 bus
230 798 369 835 maxime,
384 797 452 827 cum
470 798 498 826 in
517 797 592 828 libris
608 798 729 835 ipsorum
750 800 888 828 contineri
905 799 1026 837 dicatur,
1047 798 1118 829 infra
1139 800 1224 828 breve

162 845 273 880 tempus
288 858 299 874 ,
329 837 471 866 terminari
487 836 520 866 ὃς
537 835 666 867 adnullari
683 837 783 867 debete
799 837 902 867 sectam
920 839 1078 876 nephariam
1100 836 1225 867 Macho-

161 883 242 905 meti.

202 912 260 942 Vos
277 910 506 950 igitur,vestrum
521 911 655 943 laudabile
673 923 724 950 pro
744 913 845 944 ofitum
862 915 892 943 in
905 913 958 943 hac
973 921 1048 951 parte
1062 914 1228 944 continuan-

165 959 220 989 tes,
234 950 364 980 inchoata
385 961 432 988 per
446 961 512 988 vos,
527 950 561 981 ad
580 951 709 989 hujusmo
730 954 737 982 i
760 953 864 982 sectam
881 951 1020 982 sordidam
1033 962 1048 982 a
1063 952 1158 982 seculo
1177 961 1229 989 pe-

166 989 239 1020 nitus
253 988 437 1027 abolendam,
450 989 538 1019 velitis
551 989 701 1026 perducere
715 990 749 1020 ad
765 990 910 1020 effectum.

205 1027 252 1058 Ad
272 1027 352 1065 haec,
374 1027 408 1057 ad
428 1026 545 1057 vestram
560 1028 698 1058 accedunt
714 1029 884 1066 praesentiam
907 1027 1047 1066 religiosi,
1068 1026 1177 1058 honesti
1195 1027 1227 1057 &

165 1065 276 1096 litterati
294 1066 363 1102 viri,
378 1073 408 1095 ut
425 1065 563 1103 populum
578 1065 700 1096 vestrum
717 1066 750 1096 ad
768 1066 853 1097 sidem
873 1066 1049 1096 Catholicam
1064 1089 1074 1104 ,
1098 1066 1154 1095 sine
1172 1065 1228 1103 qua

165 1104 251 1135 salvus
269 1103 327 1134 fieri
345 1113 431 1133 nemo
449 1103 540 1141 potest
572 1103 670 1134 divina
686 1113 816 1141 operante
835 1105 954 1143 virtute,
974 1104 1124 1142 reducant,
1139 1104 1171 1134 &
1187 1105 1229 1133 in-

165 1142 269 1173 struant
286 1143 316 1172 in
332 1141 447 1179 eadem,
465 1152 498 1172 ac
517 1153 531 1172 a
569 1141 762 1173 assumendum
787 1143 892 1173 bellum
917 1151 1013 1173 contra
1036 1142 1227 1172 detestabilem

166 1180 349 1211 Machometi
368 1180 480 1210 Seetam
497 1180 640 1210 habilitent
657 1182 690 1211 &
708 1181 875 1220 informent,
900 1180 1061 1211 venerabilis
1076 1203 1086 1218 ,
1106 1180 1229 1218 scilicet,

167 1219 263 1257 Pater,
278 1218 359 1249 frater
370 1218 559 1256 willielmus,
577 1218 634 1248 Dei
655 1220 759 1257 gratia,
778 1219 896 1249 Lidden.
915 1219 1067 1257 Episcopus
1104 1218 1157 1249 Vir
1172 1219 1228 1248 uti—

168 1268 224 1296 que
241 1257 370 1288 discretus
386 1257 511 1287 moribus
528 1257 561 1287 ὅ(
585 1255 697 1287 scientia
721 1258 847 1294 praeditus
863 1281 872 1296 ,
902 1267 971 1287 cum
999 1257 1045 1287 sua
1069 1241 1232 1287 Venerabili

168 1295 321 1333 comitiva,
341 1305 444 1333 quem,
461 1295 501 1324 ob
518 1295 655 1324 honorem
671 1296 871 1333 omnipotentis
888 1295 1003 1333 Dei,&
1023 1295 1148 1325 favorem
1166 1294 1230 1324 fidei

171 1333 354 1371 Christianae,
365 1334 465 1371 vobis,
480 1341 583 1370 quanto
596 1331 770 1364 affec‘tuosius
785 1333 927 1371 poffumus
936 1356 945 1371 ,
959 1333 1207 1371 commendamus,

208 1372 353 1409 Rogantes
370 1380 404 1400 ex
421 1371 507 1401 corde
540 1371 663 1408 quatinus
682 1372 802 1401 eundern
820 1371 993 1409 Episcopum
1010 1373 1042 1401 &
1058 1372 1114 1409 ejus
1129 1371 1234 1401 Corni-

172 1412 279 1448 tivam,
298 1409 355 1439 Dei
368 1409 484 1447 intuitu,
503 1393 552 1440 sub
569 1410 646 1447 cujus
662 1409 789 1447 Imperio
807 1410 909 1440 cuneta
929 1409 1097 1448 consistunt,
1118 1408 1233 1446 gratiose

175 1451 210 1481 &
225 1447 360 1478 curialiter
377 1447 566 1486 admittentes,
583 1447 704 1486 eisdem,
718 1450 747 1478 iii
766 1448 955 1486 prosecutione
973 1449 1082 1485 negotii
1095 1447 1238 1486 praediffl,

173 1487 306 1517 exhibere
327 1495 377 1516 vos
403 1486 493 1516 velitis
517 1485 679 1516 favorabiles
695 1487 728 1517 &
748 1487 902 1525 benignos,
922 1485 1036 1523 praefato
1051 1486 1191 1523 Episcopo
1207 1486 1236 1515 in

172 1525 244 1564 hiis,
261 1534 324 1563 quae
340 1523 438 1555 vestrae
455 1523 697 1563 Magnificentiae,
709 1535 761 1563 pro
775 1525 1004 1562 augmentatione
1023 1523 1088 1554 fidei
1110 1523 1238 1554 Catholi-

173 1574 235 1602 cae,
253 1563 362 1593 duxerit
379 1562 560 1601 exponenda,
578 1562 664 1593 fidem
685 1563 827 1594 credulam
849 1562 1019 1593 adhibendo.

212 1639 280 1670 Dat.
296 1638 370 1680 apud
390 1638 532 1678 Langele‚
555 1639 655 1670 ultimo
667 1639 714 1670 die
729 1639 836 1670 Mensis
849 1638 1044 1677 Novembris,
1060 1638 1145 1670 Anno
1159 1638 1240 1677 Reg-

171 1679 204 1710 ni
221 1678 323 1716 nostri,
340 1678 401 1709 &c.

270 1811 433 1846 Ordinatio
448 1810 484 1845 de
498 1812 640 1856 universis
658 1812 835 1859 Templariis
854 1824 911 1844 uno
930 1811 978 1845 die
992 1809 1149 1858 capiendis.

243 1896 408 1929 Uibusdam
433 1899 517 1928 certis
541 1897 576 1928 de
594 1897 679 1929 causis
702 1896 863 1928 ordinatum
880 1896 920 1927 est
938 1905 988 1934 per
1005 1895 1165 1927 Dominum
1183 1896 1244 1927 Re-

264 1946 350 1974 gem,
367 1937 400 1967 &
420 1935 585 1966 Concilium
602 1936 681 1967 suum
691 1959 700 1974 ,
719 1936 794 1973 quod
811 1936 856 1965 die
874 1935 1165 1972 Mercurii,proximo
1180 1934 1243 1973 post

182 1975 286 2006 festum
302 1974 328 2005 E
349 1975 468 2012 iphaniae
486 1974 609 2005 Domini
625 1997 635 2012 ,
658 1976 788 2012 proximo
811 1974 935 2004 futurum
948 1996 958 2011 ,
975 1983 1082 2003 omnes
1099 1973 1190 2004 fratres
1208 1973 1244 2003 de

183 2014 281 2045 ordine
298 1985 414 2044 Mlilitiae
430 2013 562 2051 Templi,
578 2014 607 2042 in
622 2013 733 2049 singulis
751 2012 937 2043 Comitatibus
954 2011 1083 2049 Angliae,
1097 2022 1143 2049 per
1158 2011 1245 2042 Vice-

184 2054 323 2083 comitem
341 2051 495 2082 eorundem
514 2050 711 2084 Comitatuum
726 2073 736 2089 ,
765 2051 799 2081 &
819 2061 866 2088 per
888 2050 992 2088 aliquos
1005 2050 1105 2087 legales
1117 2050 1246 2080 homines

185 2092 222 2123 de
240 2090 346 2122 eisdem
360 2089 569 2128 Comitatibus,
586 2099 636 2127 per
650 2099 769 2127 corpora
783 2089 827 2120 sua
839 2089 1035 2119 attachientur:

222 2129 258 2160 Et
279 2128 354 2167 quod
375 2138 476 2158 omnes
490 2128 606 2166 Terrae,
625 2128 657 2158 δε
676 2128 772 2158 omnia
789 2136 969 2165 tenementa„
994 2127 1068 2157 bona
1094 2127 1128 2158 &
1153 2126 1246 2157 catalla

183 2169 246 2207 sua,
263 2168 320 2198 tam
338 2166 547 2204 Ecclesiastica,
566 2167 651 2205 quam
673 2166 848 2204 temporalia,
865 2165 999 2196 seisiantur
1012 2188 1022 2203 ,
1050 2167 1083 2196 ὃς
1105 2167 1246 2203 capiantur

185 2209 215 2238 in
235 2215 352 2237 manum
369 2205 439 2235 dieti
457 2205 560 2243 Regis,
581 2204 637 2235 una
657 2214 726 2235 cum
745 2203 850 2243 Cattis,
870 2204 1000 2242 Scriptis,
1019 2204 1052 2235 &
1073 2204 1249 2234 omnimodis

187 2245 371 2276 munimentis
384 2243 504 2282 ipsorum
521 2243 652 2274 fratrum:

222 2282 260 2313 Et
276 2282 352 2320 quod
368 2281 404 2312 de
424 2283 505 2312 bonis
522 2282 555 2312 δε
573 2281 674 2311 catallis
691 2280 756 2317 illis,
772 2280 805 2311 &
828 2290 929 2310 eorum
945 2281 1052 2318 pretio,
1077 2279 1141 2311 fiant
1159 2280 1248 2318 legale

186 2322 373 2353 inventarium
390 2321 423 2351 &
441 2319 637 2357 indentura,in
653 2318 795 2358 praesentia
811 2317 943 2349 Custodis
964 2319 1107 2357 cujussibet
1120 2319 1249 2350 locorum

186 2359 353 2392 eorumdem
371 2358 486 2389 fratrum
495 2359 681 2397 ,quicumque
697 2357 796 2395 fuerit,
810 2356 911 2395 frater,
924 2356 1151 2395 videlicet,illius
1162 2357 1250 2387 Ordi-

187 2400 230 2430 nis
249 2398 294 2429 vel
310 2397 393 2435 alius3
412 2398 445 2428 δε
461 2398 491 2426 in
508 2396 650 2434 praesentia
667 2395 790 2426 duorum
808 2394 939 2432 legalium
965 2395 1114 2426 hominum
1130 2418 1140 2433 ,
1171 2396 1251 2426 dieto

188 2438 256 2468 loco
272 2437 433 2466 vicinorum
443 2436 492 2473 ,&
505 2435 596 2471 magis
613 2435 833 2472 propinquorum
843 2435 907 2471 ,qui
923 2433 1080 2463 commode
1094 2432 1183 2464 adesse
1201 2444 1253 2471 po-

189 2483 294 2507 terunt:
313 2473 388 2504 unde
405 2484 459 2504 una
476 2483 535 2511 pars
552 2480 689 2502 remaneat
707 2482 791 2512 penes
808 2471 918 2502 dictum
934 2470 1110 2510 Custodem,
1125 2473 1158 2502 &
1173 2473 1254 2502 altera

191 2524 275 2553 penes
292 2512 521 2582 yicecomtem,
537 2511 588 2541 sub
603 2510 695 2548 sigillo
714 2510 798 2548 illius,
811 2511 860 2548 qui
873 2511 948 2540 bona
963 2510 995 2539 &
1012 2510 1106 2540 catalla
1118 2510 1164 2541 illa
1176 2510 1254 2541 fece-

192 2554 227 2584 rit
240 2552 278 2582 fic
304 2551 386 2582 eiiiri:

228 2590 264 2621 Et
285 2589 363 2628 quod
383 2589 458 2619 bona
479 2589 514 2620 &
534 2587 629 2619 catalla
650 2586 695 2618 illa
712 2595 848 2625 ponantur
862 2587 892 2616 in
910 2585 982 2616 salva
1000 2586 1033 2616 &
1050 2585 1143 2617 secura
1161 2585 1255 2617 custo-

190 2630 251 2661 dia·
293 2650 296 2651 γ

227 2652 263 2698 E't
281 2666 358 2705 quod
376 2675 479 2704 pecora
496 2665 528 2696 ὃ(
544 2663 672 2695 animalia
688 2663 833 2694 dierorum
851 2662 975 2693 Fratrum
1001 2662 1075 2692 bene
1093 2662 1254 2694 custodian-

194 2715 237 2738 tur
256 2706 289 2737 &
306 2704 485 2735 sustententur
503 2702 539 2733 de
554 2704 636 2733 bonis
653 2701 811 2740 supradietis
823 2724 834 2740 ,
866 2710 949 2740 prout
971 2701 1005 2731 ad
1030 2701 1118 2739 majus
1135 2702 1155 2721 ³*
1174 2711 1256 2732 com-

196 2744 317 2776 modum
329 2743 391 2773 fore
403 2742 542 2773 videbitur
556 2741 733 2772 faciendum:

232 2783 269 2814 Et
282 2782 357 2821 quod
375 2781 476 2811 Terrae
490 2790 588 2811 eorum
605 2779 779 2817 excolantur,
796 2779 829 2809 &
844 2777 1013 2809 seminentur
1029 2777 1065 2808 de
1081 2779 1197 2809 exitibus
1211 2788 1257 2809 ea-

197 2821 327 2854 rumdem
345 2820 379 2852 ad
399 2820 486 2857 majus
504 2818 708 2856 commodum,
722 2827 778 2856 quo
791 2816 848 2847 fieri
862 2817 978 2855 poterit,
992 2817 1025 2848 ὅτ,
1041 2817 1218 2854 ρῑοῑεᾶυτῐιε

234 2860 271 2891 Et
287 2859 362 2898 quod
377 2868 494 2896 corpora
506 2857 648 2888 dierorum
666 2855 893 2894 Templariorum
913 2855 990 2886 salvo
1005 2879 1015 2893 ,
1034 2857 1128 2886 secute
1152 2856 1185 2886 ὃς
1204 2856 1256 2885 ho-

199 2898 278 2930 neste
291 2897 495 2935 custodiantur,
506 2897 536 2926 in
550 2896 617 2926 loco
631 2894 893 2932 competenti,alibi
909 2895 994 2931 quam
1005 2895 1034 2924 in
1048 2893 1117 2924 locis
1130 2893 1181 2924 suis
1193 2904 1258 2932 pro-

199 2938 281 2978 priis,
297 2938 334 2967 ita
352 2935 427 2974 quod
445 2944 545 2965 eorum
563 2933 701 2964 Custodes
717 2933 804 2963 securi
820 2932 871 2962 sint
898 2932 934 2962 de
956 2933 1122 2970 corporibus
1147 2942 1260 2963 eorum-

199 2977 266 3007 dem
283 2974 411 3005 fratrum:
432 2973 503 3003 dum
519 2981 611 3003 tamen
627 2982 687 3002 non
705 2972 754 3002 sint
772 2972 802 3001 in
817 2970 887 3001 dura
905 2971 939 3001 &
956 2971 1004 3002 vili
1022 2970 1146 3009 prisona,
1165 2970 1260 3001 donec

201 3014 265 3046 Rex
283 3012 357 3044 aliud
373 3011 439 3042 inde
455 3010 561 3041 duxerit
576 3010 772 3041 ordinandum.

238 3052 275 3083 Et
287 3050 366 3090 quod
383 3049 534 3081 inveniatur
550 3048 654 3080 eisdem
673 3048 796 3079 fratribus
813 3046 976 3078 rationabilis
992 3046 1165 3085 fiistentatio,
1185 3047 1261 3085 juxta

202 3090 288 3122 statiis
305 3099 404 3120 eorum
421 3087 594 3125 decentiam,
610 3087 645 3117 de
662 3088 742 3118 rebus
758 3088 791 3118 ὃ(
808 3086 950 3123 bonis,s1c
968 3086 1100 3116 seisiendis
1118 3096 1167 3123 per
1181 3096 1262 3116 man-

204 3130 268 3161 data
285 3128 353 3158 dieti
371 3126 476 3164 Regis,
493 3125 581 3156 modo
600 3126 781 3166 competenti.

242 3168 355 3206 Qiibus
372 3163 701 3204 peractis,Vicecomites
717 3164 784 3194 scire
801 3163 976 3201 facient,per
988 3162 1088 3192 litteras
1100 3161 1260 3200 suas,The-

204 3206 321 3237 saurario
333 3205 366 3236 &
385 3204 535 3235 Batonibus
556 3202 592 3232 de
612 3201 758 3232 Scaccario
775 3202 846 3239 apud
862 3201 1143 3232 VVestmonasterium
1157 3223 1166 3239 ‚
1196 3209 1264 3238 quot

205 3244 298 3275 fratres
313 3244 346 3274 &
365 3253 434 3281 quos
449 3241 567 3272 fecerint
581 3239 702 3270 arestari:
719 3241 753 3271 &
769 3241 886 3270 nomina
905 3240 1081 3270 eorumdem:
1101 3240 1133 3270 &
1151 3240 1214 3269 ubi:
1230 3241 1264 3270 ὅ(

207 3282 258 3313 sub
276 3281 330 3320 qua
347 3279 476 3311 custodia
493 3289 540 3310 eos
556 3277 692 3318 posuerint
708 3290 717 3316 3
738 3279 771 3308 &
787 3278 944 3316 transcripta
961 3277 1185 3316 indenturatum,
1202 3288 1265 3316 quae

209 3329 290 3351 erunt
309 3319 374 3349 inde
393 3319 489 3355 faetae,
508 3318 615 3347 mittant
629 3316 711 3346 dietis
727 3316 906 3346 Thesaurario
921 3318 954 3347 &
969 3316 1132 3347 Batonibus:

248 3358 284 3388 Et
300 3357 376 3396 quod
394 3357 462 3387 scire
479 3356 581 3386 faciant
602 3354 723 3392 eisdem,
744 3354 876 3384 distinete
892 3356 926 3385 δέ
942 3357 1035 3392 aperte
1052 3378 1061 3393 ,
1088 3364 1149 3392 quae
1170 3362 1266 3393 terrae,

209 3397 244 3427 &
260 3406 323 3434 quae
341 3402 499 3425 tenementa
515 3393 658 3423 dictorum
677 3392 791 3423 fratrum
809 3392 908 3423 fuerint
924 3393 962 3423 sic
988 3393 1068 3423 seiiita
1084 3416 1094 3431 ,
1118 3392 1172 3422 unii
1198 3402 1268 3422 curn

211 3443 272 3465 toto
289 3433 365 3464 fadio
382 3433 430 3463 suo
444 3433 474 3462 in
490 3433 542 3462 hac
557 3440 649 3469 parte,
666 3432 701 3461 ita
718 3430 793 3468 quod
811 3430 914 3469 iidem,
924 3431 1115 3462 Thenai-arius
1133 3431 1166 3460 &
1185 3430 1267 3461 Baro-

213 3483 278 3511 nes,
295 3473 324 3502 in
339 3471 460 3501 crastino
478 3469 676 3500 Purificationis
698 3471 786 3499 beatae
807 3468 927 3507 Mariae,
942 3471 1074 3507 proximo
1093 3469 1202 3508 futuro,
1219 3479 1269 3507 per

213 3512 306 3542 dictos
322 3509 512 3541 Viceconiites
530 3507 597 3537 inde
615 3507 650 3538 ad
668 3506 783 3545 plenum
801 3508 992 3549 certioremur.

213 3627 235 3657 d
251 3587 346 3627 Qum
364 3586 467 3628 quidem
484 3585 678 3615 ordinationem
696 3584 781 3614 didius
798 3586 858 3614 Rex
875 3583 1047 3625 exequi-ficit
1073 3588 1102 3616 in
1126 3583 1195 3614 hunc
1219 3594 1274 3613 mo-

232 3639 285 3658 unl.

254 3702 355 3733 Primo
369 3724 379 3740 ,
403 3700 534 3732 videlicet
583 3698 722 3730 mandavit
746 3699 842 3730 brevia
866 3699 910 3729 sua
928 3699 967 3730 fin
987 3699 1036 3730 ulis
1053 3699 1278 3730 vicecomitibus

218 3752 268 3780 per
286 3740 438 3778 Angliam,
457 3739 532 3778 quod
549 3723 740 3769 vicecomites
758 3738 956 3775 praemunirent
989 3738 1079 3776 egales
1096 3738 1223 3768 homines
1240 3737 1276 3767 de

219 3780 325 3811 ballivis
341 3779 390 3810 suis
407 3778 490 3816 usque
507 3776 541 3808 ad
556 3784 666 3807 certum
683 3786 830 3806 numerum
843 3798 854 3814 ,
879 3775 1009 3807 videlicet
1024 3800 1034 3815 ,
1060 3786 1095 3806 10
1121 3775 1166 3806 vel
1194 3786 1229 3806 12
1248 3776 1278 3805 in

220 3818 346 3856 quolibet
363 3817 526 3853 Comitatu,
543 3815 579 3845 de
597 3815 696 3853 quibus
713 3814 788 3844 idem
808 3813 870 3844 Rex
889 3813 988 3857 melius
1002 3814 1029 3853 se
1067 3812 1137 3845 osset
1151 3813 1280 3844 confide-

287 3856 365 3901 <³¹¹0<³
382 3853 845 3923 essffiredfoaeae¹00⁰ar
863 3850 1284 3921 &stamesiensi

222 3902 625 3970 gidglmu‘xfot‘ciski‘zeetuffazlefl'et,
643 3930 671 3959 in
689 3901 800 3968 prggriffa
825 3900 1023 3971 personaqsua,
1047 3929 1082 3959 ad
1100 3913 1222 3959 eundetr'i
1239 3928 1282 3958 lo-

224 3979 310 4008 cum,
333 3970 379 4001 die
396 3970 557 4007 dominica,
572 3970 600 3999 in
618 3967 738 3998 crastino
756 3967 824 3997 dicti
843 3965 904 3996 festi
921 3965 1086 4004 Epiphaniae
1104 3966 1226 3997 Domini
1247 3965 1284 3995 ad

224 4007 387 4038 faciendum
401 4009 488 4047 aliqua
506 4018 606 4048 pacem
625 4006 693 4037 dieti
704 4006 802 4049 ⁴Regis
817 4005 980 4049 tangentia,
996 4005 1030 4036 &
1048 4015 1111 4043 quae
1131 4004 1210 4036 idem
1259 4004 1283 4033 i-

226 4056 359 4078 cecornes
377 4047 407 4077 in
422 4047 503 4079 brevi
517 4047 621 4084 Regis,
639 4046 665 4076 ei
682 4042 847 4083 dirigendo,
862 4051 998 4075 inveniret
1014 4044 1160 4075 contineri.

1248 178 1828 227 PUBLICA.
2237 200 2311 229 101

1281 265 1330 309 'Et
1348 266 1533 311 postmodum
1552 269 1642 299 dietus
1660 268 1721 300 Rex
1742 269 1813 300 mifit
1833 268 1959 301 Clericos
1977 270 2152 310 iuratos,una
2169 279 2236 302 cum
2254 272 2316 302 bre·
2334 268 2411 300 Anni
2422 267 2465 299 Dss

1258 304 1337 347 Vibus
1356 306 1424 344 suis,
1442 307 1547 337 dictam
1562 306 1772 338 ordinationem'
1785 309 1990 340 continentibus
2030 320 2065 340 an
2082 309 2173 340 dictos
2191 310 2317 340 Viceco-
2362 314 2448 346 1307-

1259 351 1355 388 mites,
1375 344 1408 374 ad
1428 345 1598 382 capiendum
1615 345 1823 376 Sacramentum
1840 347 1876 377 ab
1894 347 1955 386 ipsis
1973 332 2216 385 V'icecomitibus‚
2239 356 2316 379 ante·
2338 350 2404 373 Ἐάν·
2421 355 2448 371 2·

1259 390 1347 424 quam.
1360 381 1435 425 dicta
1452 384 1547 413 brevia
1564 383 1599 413 de
1615 383 1787 413 ordinatione
1803 383 1848 414 illa
1873 386 2040 422 aperirentur
2053 409 2063 424 ,
2095 386 2171 424 quod
2197 387 2246 426 ipsi
2268 396 2316 423 ea,

1259 428 1368 462 (11198111
1387 420 1487 450 eisdem
1506 422 1636 452 brevibus
1655 422 1810 452 invenirent
1827 425 1982 461 contineri,
1998 435 2057 454 non
2074 424 2249 463 detegerent,
2269 424 2314 455 seu

1257 457 1339 486 alicui
1356 458 1521 498 revelarent,
1535 459 1676 497 quousque
1693 460 1848 489 executioni
1868 460 1977 491 fuissent
1996 461 2166 493 demandata.

1295 494 1331 525 Et
1349 496 1426 533 quod
1440 498 1489 534 ipsi
1508 498 1698 528 vicecomites
1742 498 1839 534 apertis
1859 498 1942 528 dietis
1962 500 2091 530 brevibus
2108 500 2144 530 de
2162 501 2314 531 ordinatio-

1259 542 1294 600 Se
1310 556 1318 576 ,
1347 535 1446 565 omnia
1466 536 1499 565 &
1522 535 1626 573 singula
1639 519 1770 572 ptaed'izsta
1786 535 1906 566 facerent
1921 539 2077 568 executioni
2092 538 2187 569 debite
2200 539 2316 570 deman-

1279 580 1325 601 ari.

1297 608 1332 638 Et
1358 609 1433 647 quod
1454 611 1490 641 ab
1511 611 1560 640 illis
1583 611 1744 641 hominibus
1758 633 1768 648 ,
1796 621 1865 648 quos
1885 611 1974 642 dietus
1994 612 2058 643 Rex
2079 616 2170 651 primo
2185 616 2322 653 praecepit

1262 649 1444 689 praemunire,
1460 649 1504 678 vel
1521 650 1557 679 ab
1573 649 1707 686 aliquibus
1720 650 1839 686 ipsorum
1856 671 1867 687 ,
1897 660 1965 687 quos
1987 650 2022 680 de
2044 652 2181 691 praedicitis
2201 655 2321 690 negotiis

1261 684 1365 728 eisdem
1389 685 1614 727 Vicecomitibus
1630 687 1726 717 melitis
1746 687 1875 726 expedire
1894 686 2032 718 videbitur
2052 691 2222 729 onerandos,
2245 693 2317 721 reci-

1264 731 1371 759 piantur
1385 734 1482 754 coratn
1499 725 1580 755 dictis
1593 724 1711 754 Clericis
1722 725 1874 754 conlimilia
1889 725 2318 767 Sacramenta3videlicet,qu0d

1266 760 1405 797 praemiffa
1418 772 1477 792 non
1490 763 1632 802 detegent,
1648 763 1691 793 vel
1708 763 1790 793 alicui
1805 763 1979 802 revelabunt,
1995 765 2134 803 quousque
2157 766 2257 797 fuerint
2267 791 2276 805 ,
2292 777 2321 798 ut

1266 798 1436 842 praedidium
1450 800 1506 839 est,
1520 802 1678 831 executioni
1692 800 1862 831 demandata.

1301 836 1342 880 'Et
1365 838 1422 867 vult
1439 839 1528 869 dictus
1545 838 1609 869 Rex
1625 838 1699 876 quod
1715 839 1851 869 ordinatio
1865 839 1996 876 praedicta
2010 839 2055 870 fiat
2070 841 2103 871 δε
2125 851 2270 879 exequatur
2294 844 2325 873 in

1268 874 1424 914 Hibernia,
1444 878 1481 907 ita
1495 877 1570 915 quod
1585 887 1685 907 omncs
1699 876 1801 907 Fratres
1815 877 1850 906 de
1864 877 1963 907 ordine
1978 879 2113 915 praedffito
2121 902 2130 917 ,
2146 890 2213 917 quos
2227 881 2255 909 in
2269 880 2326 910 Hi-

1268 912 1364 956 bernia
1379 914 1495 944 inveniri
1510 915 1677 952 contigerit,
1693 924 1743 951 per
1756 924 1845 945 unum
1859 915 1934 945 diem
1943 926 2007 954 ,per
2021 917 2205 955 justiciarium
2221 919 2325 948 Hiber-

1269 961 1324 981 niae
1341 951 1374 981 &
1391 952 1601 983 Thesaurarium
1613 952 1648 982 de
1663 952 1814 983 Scaccario
1831 952 2121 992 Dublin,faciendum
2131 957 2327 994 ,attachientur

1270 999 1320 1027 per
1334 999 1454 1026 corpora
1469 990 1526 1020 sua:

1306 1026 1348 1070 Et.
1356 1028 1433 1070 quod
1447 1038 1545 1059 omnes
1560 1036 1654 1066 terrae,
1668 1029 1701 1059 &
1717 1030 1813 1059 omnia
1827 1036 1982 1060 tenementa
2003 1030 2047 1061 sua
2068 1033 2097 1061 in
2121 1042 2238 1062 manum
2258 1032 2330 1064 dieti

1272 1065 1317 1095 Re
1341 1075 1362 1096 is
1377 1065 1527 1104 sailiantur,
1544 1068 1576 1097 &
1595 1068 1734 1104 capiantur
1748 1068 1781 1097 δε
1803 1067 2005 1097 custodiantur:

1334 1112 1345 1134 t
1362 1105 1457 1134 omnia
1472 1104 1523 1135 alia
1536 1105 1569 1135 &
1585 1105 1739 1143 singula,in
1754 1105 1828 1135 dieta
1842 1105 2016 1136 ordinatione
2029 1115 2173 1146 contenta,
2185 1110 2326 1140 executio-

1273 1143 1301 1171 ni
1317 1141 1518 1172 demandentur
1530 1144 1558 1172 in
1574 1142 1663 1173 forma
1678 1143 1845 1180 supradieta:

1307 1179 1343 1210 Et
1359 1180 1434 1218 quod
1447 1180 1553 1219 iidem,
1566 1180 1736 1218 justiciarius
1753 1182 1786 1212 &
1802 1180 2012 1221 Thesaurarius,
2027 1183 2097 1212 ciim
2117 1193 2164 1220 per
2179 1184 2329 1216 Vicecom.

1272 1226 1353 1249 terrae
1367 1218 1508 1256 praedistae
1521 1218 1623 1249 fuerint
1637 1219 1673 1249 de
1687 1219 1830 1256 praemissis
1845 1221 2000 1258 certiorati,
2012 1220 2222 1252 Thesaurarium
2235 1224 2267 1253 &
2280 1223 2331 1253 Ba*

1272 1267 1354 1287 rones
1368 1257 1405 1286 de
1417 1256 1565 1287 Scaccario
1578 1257 1691 1295 Angliae
1705 1257 1787 1296 inde,
1801 1258 1850 1288 sub
1864 1257 1956 1296 tigillis
1970 1258 2036 1297 suis,
2049 1259 2178 1292 distinete
2192 1261 2224 1291 δε
2239 1270 2331 1298 aperte

1274 1295 1389 1325 reddant
1402 1296 1538 1325 certiores.

1278 1418 1337 1454 Ad
1350 1421 1440 1467 Reges
1459 1420 1631 1467 Portugaliae
1641 1434 1651 1451 :
1666 1419 1809 1464 Castellae:
1832 1421 1936 1454 Sicilia
1947 1435 1957 1452 :
1971 1425 2008 1460 (ῥ’
2026 1425 2199 1469 Arragoniae
2209 1423 2264 1462 ,·de
2279 1435 2336 1456 non

1441 1468 1581 1501 credendo
1602 1472 1663 1515 Sug
1664 1467 1839 1516 gestionibas
1854 1479 1956 1502 contra
1969 1471 2161 1516 Templarios.

1354 1551 1488 1591 Agnifico
1500 1552 1640 1591 Principi,
1656 1553 1789 1583 Domino
1804 1553 2014 1593 Dionisio,Dei
2030 1554 2133 1595 gratia,
2149 1556 2228 1594 Regi
2239 1556 2338 1588 Portu-
2360 1562 2435 1594 Am,
2446 1562 2489 1593 D,

1372 1592 1462 1628 galliae
1478 1591 1590 1630 illustri,
1605 1593 1702 1622 amico
1716 1592 1764 1622 suo
1779 1592 2115 1632 kariffimo,Edwardus,
2127 1595 2226 1626 eadem
2241 1595 2338 1634 gratia,
2381 1610 2465 1641 130⁷,

1283 1629 1348 1659 Rex
1362 1630 1489 1669 Angliae,
1503 1630 1563 1660 &c.
1580 1629 1690 1660 salutem
1705 1630 1847 1660 &felices
1859 1631 1893 1661 ad
1905 1640 1971 1661 vota
1986 1631 2129 1663 succeffus.
2360 1647 2411 1668 An.
2429 1627 2452 1667 ι’.

1322 1668 1400 1703 11105Ὶ
1415 1678 1501 1706 quos,
1516 1678 1569 1705 pro
1583 1668 1741 1698 defensione
1750 1668 1814 1698 fidei
1828 1668 1985 1699 Catholicae
1993 1693 2003 1708 ,
2018 1680 2049 1701 ac
2063 1671 2272 1709 impugnatione
2287 1672 2339 1702 ho-
2359 1683 2388 1706 E.
2409 1688 2434 1704 2.

1283 1705 1368 1736 stium
1381 1705 1482 1737 Crucis
1497 1706 1620 1744 Christi,
1633 1707 1707 1737 a&us
1720 1707 1822 1737 strenui
1835 1707 1986 1746 laborisque
2000 1708 2136 1746 prolixitas
2158 1720 2339 1740 recommen-
2360 1722 2430 1744 Rom.
2448 1725 2472 1742 ι.

1283 1744 1367 1783 dant,
1378 1745 1476 1784 decet,
1491 1746 1525 1776 &
1539 1746 1689 1783 convenit,
1705 1753 1786 1785 prout
1800 1744 1834 1775 ad
1848 1745 1987 1776 honorem
2012 1746 2071 1777 Dei
2089 1748 2123 1778 &
2144 1748 2338 1779 exaltationem
2363 1760 2392 1782 Ε.
2403 1764 2473 1781 2.m.

1285 1784 1304 1803 ¹*
1323 1783 1387 1814 fidei
1403 1785 1578 1823 congruerit,
1595 1783 1722 1821 prosequi
1738 1793 1805 1814 cum
1822 1783 1927 1814 favore.
2367 1804 2376 1820 1
2386 1803 2406 1819 χ,
2418 1793 2442 1821 d,

1322 1822 1395 1852 Sane
1410 1832 1513 1860 nuper,
1525 1822 1559 1852 ad
1576 1822 1697 1852 nostram
1712 1821 1848 1852 accedens
1862 1821 2033 1860 praesentiam
2067 1823 2181 1862 quidam
2203 1824 2344 1864 Clericus,
2362 1831 2381 1850 ’Ψ
2392 1828 2494 1867 Ill-3⁶·

1285 1861 1334 1898 qui
1347 1860 1380 1891 ad
1395 1860 1607 1891 subvertendum
1621 1860 1750 1890 ordinem
1771 1860 1884 1890 fratrum
1906 1860 2020 1891 Militiae
2041 1845 2159 1901 ³s'empli
2173 1862 2344 1901 jerosolimi-

1286 1899 1341 1929 tani
1354 1899 1494 1936 apposuit,
1508 1907 1537 1928 ut
1552 1899 1709 1936 videbatur,
1722 1900 1802 1928 omni
1816 1898 1923 1936 studio,
1939 1908 1995 1937 quo
2010 1901 2118 1939 potuit,
2139 1902 2211 1932 vires
2232 1901 2305 1941 suas,

1322 1937 1466 1968 Nonnulla
1480 1936 1631 1975 horrenda,
1648 1937 1681 1967 &
1698 1936 1922 1974 detestabilia,ac
1935 1937 2000 1967 fidei
2015 1937 2171 1969 Catholicae
2186 1950 2343 1977 repugnan-

1285 1976 1323 2005 tia
1339 1986 1436 2006 coram
1457 1976 1555 2013 nobis,
1577 1976 1610 2006 &
1634 1974 1757 2005 Consilio
1778 1975 1874 2005 nostro
1890 1998 1899 2013 ,
1926 1977 1957 2005 in
1981 1975 2206 2008 diffamationem
2229 1980 2345 2010 fratrum

1287 2013 1526 2051 Praedicatorum‚
1540 2023 1693 2051 proponere
1706 2022 1773 2043 tunc
1790 2013 1975 2052 praesumpfit3
1997 2016 2112 2052 cupiens
2132 2026 2182 2046 nos
2196 2017 2346 2058 inducere,

1288 2052 1351 2083 tum
1371 2062 1420 2090 per
1437 2063 1470 2083 ea
1487 2062 1550 2090 quae
1567 2052 1605 2082 sic
1625 2052 1783 2090 proposuit,
1798 2052 1859 2081 tum
1874 2053 1956 2082 etiam
1971 2061 2019 2090 per
2034 2054 2131 2084 litteras
2146 2056 2344 2095 quorumdam,

1288 2101 1353 2129 quas
1366 2092 1447 2121 nobis
1459 2090 1546 2127 dirigi
1563 2098 1755 2128 procuraverat
1770 2099 1804 2120 ex
1826 2090 1878 2120 hac
1895 2089 1991 2128 causa,
2006 2098 2036 2121 ut
2050 2091 2141 2122 fratres
2156 2093 2260 2124 ordinis
2273 2105 2348 2132 prae-

1288 2130 1372 2167 dieti,
1387 2131 1457 2160 infra
1473 2129 1600 2159 nostrum
1616 2128 1787 2158 Dominium
1808 2136 2033 2166 commorantes,
2055 2131 2201 2161 occasione
2222 2134 2348 2169 praemis-

1288 2168 1399 2207 sorum,
1414 2170 1469 2199 fine
1491 2167 1583 2198 debita
1602 2166 1690 2197 causae
1711 2167 1876 2204 cognitione
1888 2190 1898 2205 ,
1921 2167 2050 2197 carcerali
2069 2168 2204 2199 custodiae
2231 2171 2350 2202 tradere-

1289 2217 1360 2240 mus.
1536 2235 1539 2236 γ

1294 2256 1299 2259 ’
1328 2243 1539 2276 considerantes
1559 2252 1653 2275 autem
1671 2243 1747 2282 quod
1760 2242 1832 2273 ordo
1846 2242 2009 2281 praediems,
2033 2245 2080 2282 qui
2098 2244 2232 2285 religione
2248 2247 2280 2278 &
2295 2247 2349 2278 ho-

1291 2283 1395 2314 nestate
1417 2284 1577 2322 praeclarus,
1591 2284 1624 2314 &
1638 2284 1674 2313 ab
1688 2282 1759 2312 olim
1777 2292 1793 2312 a
1810 2281 1964 2312 Catholicis
1981 2280 2103 2313 Patribus
2129 2285 2236 2324 extitit,
2257 2294 2286 2316 ut
2305 2286 2351 2316 di<

1291 2322 1426 2360 dicimus,
1443 2321 1577 2352 institutus
1594 2344 1603 2360 ,
1628 2321 1809 2351 devotionem
1832 2320 1957 2350 debitam
1974 2318 2103 2359 exhibet,
2120 2322 2170 2360 ὃς,
2191 2323 2207 2352 a
2224 2331 2351 2361 ternpore

1291 2360 1344 2391 suae
1362 2360 1677 2397 fundationis,exhibuit
1694 2358 1761 2389 Deo
1778 2359 1811 2389 δί
1828 2358 1960 2389 Ecclesiae
1982 2358 2037 2388 suae
2057 2359 2169 2391 Sandiae
2184 2371 2190 2389 :
2223 2361 2351 2392 Necnon

1294 2408 1432 2435 magnum
1454 2398 1608 2436 hucusque,
1624 2408 1674 2435 pro
1694 2396 1841 2428 salvatione
1860 2395 1924 2426 fidei
1941 2395 2098 2428 Catholicae
2126 2399 2155 2428 in
2175 2397 2354 2431 ultramarinis

1294 2438 1414 2476 pii-tibus
1429 2436 1575 2467 sublidium
1588 2436 1712 2474 praestitit
1727 2436 1759 2466 δε
1776 2435 1908 2473 tutelam,

1332 2474 1499 2514 Hujusmodi
1516 2474 1702 2511 suggestioni,
1720 2473 1756 2503 de
1774 2473 1901 2503 fratribus
1919 2473 2022 2504 ordinis
2040 2473 2167 2511 praedisti
2191 2485 2242 2512 pro
2282 2475 2355 2516 firae,

1295 2515 1328 2545 &
1346 2514 1477 2544 badlenus
1494 2513 1622 2543 inauditae
1640 2535 1651 2551 ,
1687 2511 1773 2542 fidem
1796 2511 1937 2542 credulam
1962 2511 2150 2543 adhibendam
2175 2485 2355 2546 fuissffiobis

1298 2554 1418 2584 minime
1432 2552 1585 2582 videbatur.
2286 2575 2289 2578 -

1335 2591 1464 2622 Vestram
1484 2591 1568 2626 igitur
1585 2589 1712 2625 Regiam
1731 2586 1905 2626 Maiestatem
1923 2587 2072 2619 affeetuose
2084 2590 2248 2628 requirimus
2262 2591 2296 2621 &
2308 2602 2354 2622 ro-

1299 2640 1396 2668 gamus
1405 2652 1414 2667 ,
1433 2630 1572 2667 quatinus,
1590 2626 1733 2665 praeniiss'is
1747 2636 1814 2656 cum
1828 2626 1974 2664 diligentia
1989 2626 2084 2657 debita
2097 2628 2265 2667 ponderatis,
2281 2640 2358 2660 aures

1298 2668 1398 2700 vestras
1415 2668 1430 2696 a
1446 2666 1637 2705 perversorum
1653 2664 1883 2702 detraetionibus‚
1906 2666 1970 2703 qui,
1985 2673 2015 2695 ut
2035 2666 2188 2705 credimus,
2210 2677 2268 2697 non
2293 2669 2358 2698 zelo

1299 2706 1486 2744 reatitudinis,
1502 2705 1540 2735 set
1557 2703 1760 2742 cupiditatis&
1779 2703 1894 2734 invidiae
1911 2703 2044 2741 spiritibus
2060 2706 2359 2743 excitantur‚avertere

1298 2746 1403 2778 velitis·

1337 2768 1457 2814 Nullam
1474 2781 1652 2812 indeliberate
1670 2781 1796 2812 fratribus
1810 2780 1913 2811 ordinis
1928 2779 2072 2819 praedieti,
2092 2781 2121 2811 in
2142 2780 2252 2819 Regno
2266 2782 2359 2814 vestro

1300 2821 1558 2858 commorantibus,
1571 2820 1605 2851 ad
1621 2819 1781 2858 cujusquam
1792 2818 2015 2856 suggestionem,
2024 2819 2043 2848 fi
2056 2818 2162 2857 placet,
2175 2821 2204 2849 iii
2220 2820 2359 2860 personis,

1299 2870 1345 2892 aut
1361 2861 1440 2891 rebus
1457 2869 1555 2890 eorum
1573 2858 1730 2889 molestiam
1747 2856 1891 2888 inferendo
1905 2879 1915 2894 ‚
1939 2856 1983 2887 seu
2000 2856 2036 2887 ab
2054 2857 2112 2887 aliis
2129 2857 2223 2888 inferri
2243 2861 2358 2897 permit-

1300 2899 1386 2930 tendo
1400 2921 1409 2937 ,
1435 2897 1574 2936 quousque
1596 2907 1643 2927 eos
1664 2896 1742 2934 super
1759 2896 1809 2926 sibi
1826 2896 1960 2932 impetitis
1982 2894 2108 2932 legaliter
2125 2898 2285 2935 convinci,
2311 2897 2357 2929 seu

1301 2938 1375 2969 aliud
1393 2945 1492 2968 contra
1506 2945 1554 2966 eos
1570 2935 1689 2966 ordinari
1706 2934 1857 2972 contigerit
1872 2935 1900 2963 in
1915 2933 1968 2964 hac
1983 2941 2067 2971 parte.

1339 3013 1408 3045 Dat.
1422 3012 1495 3052 apud
1511 3010 1690 3053 Redyng,4.
1705 3011 1750 3041 die
1766 3009 1944 3041 Decembris.

1440 3088 1606 3120 Confimsses
1620 3086 1716 3118 litterae
1732 3086 1889 3125 diriguntur
1901 3085 2073 3125 subscriptis,
2086 3085 2218 3118 videlicet
2226 3109 2237 3126 ,

1311 3195 1319 3197 ,
1338 3171 1455 3200 Domino
1468 3166 1582 3196 Ferando
1589 3187 1600 3203 ,
1612 3167 1677 3201 Regi
1689 3163 1814 3204 castellae
1828 3161 1866 3197 ὠ
1880 3165 2020 3201 Ligionir,
2034 3163 2232 3201 Consanguineo
2239 3165 2326 3200 Regis.

1344 3210 1460 3237 Domino
1474 3203 1574 3234 Kar-olo
1584 3226 1594 3241 ,
1607 3206 1672 3240 Regi
1687 3202 1799 3241 Siciliae,
1819 3202 2016 3240 consanguineo
2031 3203 2118 3240 Regis.

1339 3245 1446 3285 Jacobo
1461 3247 1525 3281 Regi
1538 3244 1704 3279 Arragoniae
1712 3263 1722 3278 ,
1735 3244 1834 3270 Amico
1849 3243 1935 3278 Regis.

1309 3370 1368 3405 Ad
1386 3373 1499 3416 Papam
1512 3378 1566 3414 pro
1584 3367 1722 3413 Epiftopo
1739 3367 1911 3411 Exonienst,
1923 3367 2015 3412 saper
2026 3365 2227 3412 Appellatione
2242 3362 2285 3397 ad
2305 3365 2367 3397 Cu-

1696 3419 1778 3448 riam
1796 3419 1976 3449 Romanam.

1312 3501 1474 3567 PAPAE
1499 3501 1580 3540 Rex,
1592 3500 1693 3532 devota
1708 3500 1812 3538 pedum
1825 3498 1916 3530 oscula
1928 3498 2080 3529 beatorum.
2386 3495 2462 3526 Ann.
2477 3492 2518 3526 D.

1400 3542 1490 3572 Habet
1509 3539 1544 3570 de
1564 3539 1663 3569 vestrae
1683 3538 1823 3569 affluentia
1834 3538 1961 3567 bonitatis
1976 3536 2106 3568 fiduciam
2128 3535 2222 3573 Regia
2241 3537 2367 3567 circum·
2411 3542 2496 3572 1307.

1314 3582 1420 3620 spectio
1440 3578 1601 3617 specialem,
1625 3577 1700 3616 quod
1714 3577 1825 3607 illorum
1841 3575 2015 3623 prosequetur
2027 3576 2140 3612 negotia
2158 3575 2261 3606 favoris
2297 3574 2367 3605 raesi-
2387 3576 2438 3600 Aa·
2459 3582 2483 3602 1.

1315 3622 1364 3650 dio
1378 3619 1504 3657 potioris,
1516 3626 1569 3653 pro
1583 3616 1682 3654 quibus
1696 3614 1815 3646 vestram
1836 3614 2027 3644 clementiam
2040 3613 2132 3644 nostra
2152 3615 2256 3644 interce
2279 3623 2308 3643 io
2326 3612 2367 3643 af-
2387 3615 2519 3639 E.2.Rom.

1316 3657 1460 3689 feetuofius
1475 3654 1640 3693 interpellat,
1657 3655 1690 3684 &
1709 3654 1849 3691 praecipue
1867 3661 1987 3690 quorum
2006 3651 2146 3682 laudabilis
2163 3653 2230 3682 vitae
2258 3652 2371 3689 merita,
2392 3659 2414 3676 1·
2430 3654 2459 3676 E.
2476 3658 2505 3675 2-

1318 3698 1351 3728 &
1369 3695 1504 3732 elegantia
1522 3702 1635 3723 morum
1648 3692 1776 3729 insignis,
1794 3690 1864 3728 ipsos
1884 3690 1986 3727 dignos
2004 3686 2098 3720 favore
2115 3691 2148 3720 ὃ(
2165 3689 2252 3729 gratia
2270 3699 2370 3727 reprae-
2389 3687 2462 3754 Za&
2476 3686 2501 3716 d„

1318 3734 1429 3766 sentant.
2408 3735 2444 3753 or.

1357 3773 1446 3809 Sane,
1460 3768 1607 3800 Exonienfi
1628 3767 1756 3798 Ecclesia
1775 3766 1823 3797 suo
1842 3776 1928 3804 nuper
1950 3765 2058 3796 viduata
2081 3764 2193 3796 Pastore
2209 3788 2218 3803 ‚
2241 3765 2377 3796 Decanus

1320 3812 1353 3842 &
1371 3809 1531 3847 Capitulum
1549 3806 1672 3844 ejusdem
1691 3805 1725 3836 ad
1743 3805 1909 3836 eleetionem
1929 3803 1964 3834 de
1978 3803 2072 3834 futuro
2081 3803 2264 3871 Eraeficiendo
2279 3803 2377 3834 Ponti-

1320 3850 1374 3879 fice
1389 3846 1584 3886 procedentes,
1598 3846 1668 3874 inter
1685 3851 1817 3881 caeteros,
1837 3852 1907 3880 quos
1926 3842 1959 3872 ad
1981 3842 2061 3879 ipsius
2107 3841 2214 3872 celeliae
2228 3840 2377 3879 Regimen

1319 3888 1396 3918 utiles
1411 3886 1470 3916 fore
1486 3882 1709 3921 conspexerunt,
1737 3882 1771 3912 ad
1787 3881 1931 3919 personam
1953 3879 2062 3910 discreti
2084 3881 2137 3910 viri
2152 3902 2162 3917 ‚
2188 3879 2221 3910 δε
2244 3881 2325 3910 nobis
2347 3882 2380 3910 in

1321 3924 1435 3956 Christo
1449 3922 1561 3959 dileeti,
1577 3920 1709 3957 Magistri
1721 3919 1839 3950 Walteri
1854 3918 1890 3948 de
1902 3918 2067 3956 Stapeldon,
2070 3918 2136 3955 juris
2149 3916 2289 3949 Canonici
2304 3918 2377 3948 Pro-

1314 3963 1429 3994 'fessoris
1459 3971 1493 3991 ac
1506 3959 1661 3990 Sanetitatis
1675 3958 1773 3989 vestrae
1788 3956 1929 3994 Capeliani
1943 3979 1952 3994 ,
1974 3955 2157 3987 Praecentoris
2174 3955 2296 3994 ejusdem
2320 3955 2377 3986 Ec·-

1322 4002 1409 4032 clesiae
1421 3986 1489 4037 si’iae,
1504 3997 1725 4028 considerationis
1737 3997 1866 4039 intuitum
1881 3994 2038 4025 direxerunt
2077 3995 2110 4025 &
2128 3994 2217 4031 ipsum
2239 3994 2377 4035 elegerunt

1322 4037 1499 4071 concorditer
1514 4037 1544 4067 in
1557 4035 1637 4074 ipsius
1650 4034 1782 4066 Ecclefiae
1794 4032 1968 4103 {episcopum
1981 4032 2014 4065 ὃς
2029 4017 2184 4064 132st0rem.

1857 4080 1870 4111 3
2315 4066 2381 4098 Noc
