2570 4261
0 259 38 281 in.
49 250 90 281 D.

0 299 72 327 1291.

0 338 28 357 v.
49 337 73 356 1.

0 678 97 712 [1.5io.

0 3709 118 3744 ¹11.511.

664 172 773 214 ET
856 171 1121 214 ACTA

108 253 201 294 tium,
219 255 258 288 sic
269 253 395 297 benigne
407 253 443 288 ab
455 254 514 296 ipso
527 264 658 288 vocatam
666 280 676 296 ,
694 257 773 296 quod
788 258 822 288 ad
837 258 1056 290 succurrendum
1068 255 1163 296 perso-

108 293 205 324 naliter
222 297 352 325 extremis
374 295 450 334 quasi
463 305 544 326 terrae
559 296 628 326 illius
645 295 866 335 neceffitatibus,
883 296 955 327 adeo
973 297 1100 336 Regium
1114 303 1164 325 ex*

108 333 204 363 citavit
219 335 364 372 animum,
383 333 548 365 informavit
559 334 714 372 affe&um,
731 335 764 364 ὅ(
781 336 958 372 propositum
972 333 1162 376 confirmavit,

110 370 188 408 quod
208 371 243 401 ad
264 372 343 409 prose
364 372 491 402 uendum
504 395 515 410 ,
540 381 604 410 quae
625 373 654 402 in
670 372 726 401 hoc
735 372 879 403 salubriter
893 372 1049 411 concepisti
1079 380 1162 402 variis

110 408 146 438 ad
167 408 263 439 sedem
281 410 349 447 Apo
374 410 479 440 olicam
502 411 623 448 persaepe
644 409 768 440 Nunciis
789 410 946 449 destinatis,
963 395 1076 453 diversis
1089 408 1162 454 apud

110 456 174 477 eam
197 447 315 477 institisti
335 448 494 478 tractatibus
516 447 550 477 ad
570 448 706 478 nonnulla
720 470 730 486 ,
746 458 810 486 quae
824 449 873 487 ipsi
887 451 1005 487 negotio
1020 449 1165 479 efficacius

110 485 144 516 &
160 485 280 515 securius
295 485 492 523 prosequendo
506 485 581 516 utilia
596 486 754 516 extimabas.

148 522 187 552 Et
206 522 320 553 tandem
335 546 346 562 ,
363 524 440 554 velut
454 522 524 553 filius
546 524 750 555 benedictionis
765 525 797 554 &
811 526 920 564 gratiae,
940 525 1015 556 velut
1030 525 1166 562 Princeps

112 560 295 598 Catholicus,
312 561 389 601 Regi
402 562 520 592 Recrum
534 562 652 592 militare
667 562 837 601 desideram,
857 564 996 602 modum,
1015 574 1064 602 per
1079 571 1167 601 quem

114 607 142 628 te
164 600 294 636 cupimus
314 608 396 630 terrae
415 585 468 638 ipsi
477 624 486 638 ,
510 600 543 630 &
559 610 608 638 per
623 610 708 638 quem
724 611 775 631 nos
788 602 838 631 tibi
850 602 883 631 ad
900 603 1098 632 executionem
1110 606 1167 631 tam

113 636 254 666 laudabilis
271 639 364 675 operis
386 637 562 668 decrevimus
579 637 724 669 subvenire
736 662 745 677 ,
771 649 819 677 per
833 640 896 669 alias
917 640 1023 670 nostras
1044 641 1143 670 litteras
1159 662 1168 676 ,

114 685 181 712 quas
202 674 220 694 '¹‘
244 686 294 713 per
309 700 319 714 ,
336 677 423 707 bonae
439 677 586 706 memoriae
691 677 851 707 Gross'etan.
871 678 1046 716 Episcopum
1060 678 1109 708 tibi
1125 678 1168 708 di-

112 714 236 743 reximus
251 736 261 752 ,
284 714 383 745 seriose
404 713 575 751 descriptum
590 738 599 753 ,
621 714 725 746 devote
740 725 771 745 ac
787 725 946 746 reverenter
959 726 1104 754 acceptare
1118 726 1170 746 cu·-

113 751 197 790 rasti,
213 751 283 782 sicut
297 753 326 781 in
339 753 391 783 tuis
406 753 561 790 patentibus
575 752 669 783 litteris
683 776 694 792 ,
717 753 812 793 Regio
825 754 957 792 pendenti
972 755 1059 794 sigillo
1074 755 1169 784 muni-

115 791 165 828 tis,
185 800 251 828 quas
265 799 354 828 nuper
368 791 546 828 accepimus,
562 791 666 828 plenius
681 793 850 822 contineturi

151 828 221 858 Nos
242 828 338 866 igitur,
354 828 449 868 grandi
465 829 583 866 proinde
597 830 738 868 concepta
756 830 865 869 laetitia,
883 839 939 861 tuae
955 831 1121 862 laudabilem
1136 840 1169 861 ac

113 866 267 904 salubrem,
286 865 412 905 Deoque
426 877 577 905 acceptum
590 877 735 906 promptae
749 868 907 899 devotionis
922 870 1076 908 affec‘tum,
1095 870 1169 899 mul-

111 903 244 941 tipliciter
263 905 291 933 in
314 903 449 935 Domino
469 906 721 944 commendantes,
739 908 806 946 tibi,
818 908 895 945 juxta
911 908 1111 945 praedi&arum
1126 908 1170 938 lit-

110 949 235 972 terarum
258 942 418 974 nostrarum
434 967 443 982 ,
468 954 501 974 ac
516 952 572 974 tuae
583 946 784 982 acceptationis
798 954 944 985 tenorem,
963 948 1096 976 omnium
1111 945 1169 975 Ec-

112 979 333 1011 clesiasticorum
347 981 507 1012 reddituum
522 984 555 1012 &
571 992 759 1020 proventuum
774 983 916 1014 decimam
926 1007 935 1022 ,
953 995 1003 1022 per
1015 984 1059 1014 sex
1070 993 1168 1022 annos,

112 1018 268 1049 secundum
286 1019 494 1051 ordinationem
515 1020 641 1051 Concilii
662 1021 853 1061 Lugdunensis
869 1045 878 1060 ,
894 1022 1046 1053 colledtam
1062 1023 1089 1051 in
1106 1022 1167 1051 An-

113 1057 180 1125 gliae
195 1067 226 1088 ac
241 1057 345 1089 Scotiae
360 1059 484 1098 Regna,
503 1059 536 1090 &
551 1059 665 1089 Walliae
681 1070 714 1090 ac
726 1060 759 1090 H
779 1061 885 1091 berniae
905 1062 997 1099 terris,
1016 1071 1070 1099 pro
1083 1060 1168 1091 subsi-

135 1096 163 1125 io
177 1094 261 1126 dietae
275 1097 376 1127 Terrae
390 1099 419 1127 in
435 1097 545 1127 duobus
558 1099 702 1137 terminis,
719 1099 747 1128 vi
769 1099 867 1137 elicet,

153 1134 340 1165 Medietatem
360 1136 441 1174 ipsius
459 1137 489 1165 in
508 1135 593 1166 Festo
614 1136 774 1167 Nativitatis
786 1136 1005 1175 beatiJohannis
1022 1136 1169 1175 Baptistae,

113 1182 190 1203 anno
204 1172 327 1204 Domini
342 1174 491 1204 millesimo
506 1173 700 1205 ducentesimo
716 1176 899 1215 nonagesimo
915 1176 1025 1212 primo:

153 1210 192 1241 Et
216 1210 397 1243 medietatem
419 1213 555 1251 reliquam
577 1213 607 1242 in
622 1211 708 1243 Festo
720 1213 882 1244 Nativitatis
895 1213 976 1251 ipsius
990 1213 1103 1251 Sanffi,
1120 1221 1169 1242 ex-

115 1258 184 1280 tunc
202 1251 332 1287 proxime
345 1251 473 1282 secuturo
486 1249 609 1290 affignari
623 1251 797 1281 mandamus.

155 1287 192 1318 Et
209 1289 409 1319 nichilominus
418 1312 428 1327 ,
443 1290 473 1318 in
488 1288 607 1326 praefatis
620 1288 729 1325 Regnis
743 1299 775 1320 ac
788 1290 902 1326 Terris,
919 1288 1064 1319 decimam
1072 1288 1174 1320 Eccle-

116 1326 290 1358 siasticorum
310 1327 468 1357 reddituum
489 1328 522 1357 &
543 1334 736 1364 proventuum
748 1328 901 1364 omnium,
921 1327 1110 1366 colligendam
1123 1338 1173 1366 per

115 1365 160 1396 sex
178 1374 265 1395 annos
285 1364 393 1395 futuros
406 1389 415 1402 ,
440 1364 630 1395 numerandos
652 1364 668 1394 ‘a
682 1366 817 1403 proximo
833 1364 917 1395 Festo
933 1365 1095 1396 Nativitatis
1112 1376 1174 1396 me-

121 1404 224 1433 morati
237 1403 348 1442 Sanffl,
364 1403 430 1440 tibi,
448 1402 504 1433 hoc
521 1413 590 1433 cum
604 1402 733 1434 instantia
746 1402 895 1441 postulanti
909 1425 918 1440 ,
944 1403 1110 1441 Apostolicfi
1127 1415 1176 1435 au-

120 1441 249 1472 ‹Storitate
260 1440 448 1472 concessimus
461 1442 495 1472 &
509 1441 694 1472 concedimus
707 1441 743 1472 de
758 1443 876 1472 fratrum
885 1439 1013 1472 Consilio
1021 1443 1176 1481 praedicto-

122 1490 196 1510 rum.

157 1519 257 1556 Qam
279 1518 395 1556 quidem
417 1518 559 1548 decimam
572 1541 582 1557 ,
596 1519 673 1557 juxta
687 1526 790 1549 verum
802 1519 947 1558 valorem,
965 1519 1112 1550 taxandam
1126 1530 1176 1558 per

118 1556 266 1594 deputatos
287 1558 302 1586 a
321 1558 402 1588 nobis
426 1557 507 1594 ipsius
530 1557 651 1587 decimae
673 1557 853 1588 Colleetores
876 1559 923 1595 (ira
943 1558 1021 1596 quod
1034 1558 1175 1589 diCtarum

119 1595 258 1633 partium,
278 1595 412 1626 Ecclefiae
428 1595 603 1633 ipsarumque
618 1595 741 1626 restores
762 1598 930 1626 taxationem
943 1596 1062 1627 eandem
1076 1597 1179 1635 absque

121 1634 199 1671 gravi
211 1634 313 1671 possint
325 1634 483 1664 incomodo
497 1634 632 1671 tolerare,
651 1644 684 1664 ac
700 1644 750 1671 per
765 1634 849 1671 ipsam
873 1634 1006 1673 scandali,
1025 1644 1110 1673 prout
1125 1645 1178 1665 co-

119 1671 208 1701 mode
226 1671 284 1703 fieri
305 1674 407 1711 poterit
423 1697 431 1709 ,
456 1671 621 1709 praecidatur
643 1673 775 1710 materia,
793 1672 979 1709 praecludatur
992 1674 1037 1704 via
1051 1674 1180 1711 periculis

121 1712 278 1740 ansuinum
296 1735 305 1747 ,
329 1712 363 1742 δε
378 1710 573 1747 indempnitati
585 1710 660 1748 Regi
674 1710 844 1747 consulatur)
859 1711 1039 1749 mandamus,
1057 1722 1106 1750 per
1119 1713 1182 1742 alias

121 1749 229 1792 nostras
252 1749 351 1778 litteras
362 1773 371 1787 ,
388 1749 466 1778 annis
478 1748 585 1787 singulis
601 1749 715 1788 colligi,
732 1749 766 1780 &
776 1751 807 1779 in
823 1749 929 1789 Regno
943 1750 1054 1790 Angliae
1068 1750 1182 1781 conser-

123 1796 197 1818 vari·

162 1809 204 1854 Itr'i
223 1823 302 1862 quod
323 1825 458 1864 quicquid
472 1849 482 1864 ,
499 1833 564 1856 ante
579 1834 659 1857 tuum
672 1825 844 1866 passagium,
860 1826 943 1857 fuerit
958 1826 993 1857 de
1005 1826 1064 1865 ipsa
1079 1827 1185 1858 collec-

124 1870 204 1901 tum,
222 1863 272 1893 tibi
286 1864 331 1894 seu
346 1864 470 1894 Nunciis
485 1866 554 1902 tuis,
573 1875 643 1902 quos
656 1864 690 1894 ad
704 1865 762 1895 hoc
776 1863 885 1895 duxeris
899 1865 1088 1904 deputandos,
1104 1866 1183 1903 post-

126 1911 214 1940 quam
227 1912 295 1932 curn
309 1911 360 1933 tuo
374 1904 497 1933 exercitu
512 1903 547 1933 ad
562 1902 795 1933 transfretandum
815 1913 892 1934 mare
912 1905 1069 1934 intraveris:
1091 1904 1184 1944 Qiod

125 1950 214 1977 vero,
233 1939 298 1977 post
312 1950 394 1972 tuum
406 1941 576 1980 passagium,
592 1952 642 1982 per
663 1942 745 1971 maris
767 1942 914 1972 introitum
935 1941 1102 1972 inchoatum
1118 1967 1128 1981 ,
1146 1943 1182 1974 de

124 1977 241 2008 decima
253 1978 398 2019 colligetur
413 1979 532 2019 eadem,
548 1980 617 2010 sicut
631 1989 694 2010 eam
713 1979 808 2019 colligi
830 1981 1000 2020 contigerit,
1019 1981 1186 2021 assignetur,

124 2025 211 2054 prout
231 2017 294 2047 haec
313 2019 343 2048 in
363 2018 503 2056 praedietis
522 2017 622 2049 nostris
641 2018 752 2057 litteris,
769 2019 803 2049 ad
817 2019 948 2057 praefatos
961 2019 1129 2050 collectores
1144 2020 1187 2050 di-

130 2055 214 2085 rectis
223 2079 232 2093 ,
250 2055 357 2093 plenius
369 2057 549 2094 explicantur.

167 2092 364 2125 Concedimus
379 2104 495 2133 quoque
506 2095 558 2126 tibi
570 2095 758 2127 obventiones
767 2095 900 2135 quassibet
915 2097 944 2126 in
959 2096 1097 2136 praedita-is
1105 2097 1186 2137 Reg-

127 2132 171 2162 nis
183 2132 216 2163 ὃς
229 2133 342 2172 Terris,
360 2143 410 2172 per
424 2133 516 2164 distos
527 2134 573 2164 sex
586 2144 674 2165 annos
696 2134 789 2165 eidem
802 2135 905 2165 Terrae
928 2134 1048 2166 subsidio
1063 2146 1187 2173 proven-

128 2177 220 2209 turas;
238 2171 272 2201 δε
285 2181 348 2210 quae
370 2182 562 2210 provenerunt
581 2174 664 2204 etiam
685 2173 755 2203 inibi
769 2173 785 2203 a
797 2181 928 2211 tempore
942 2183 1001 2211 quo
1038 2173 1124 2205 felicis
1144 2185 1188 2204 re-

128 2209 319 2248 cordationis,
338 2209 488 2241 Honorius
510 2210 584 2249 Papa
599 2219 728 2249 quartus,
747 2211 941 2242 Praedeceffor
957 2221 996 2242 no
1023 2222 1072 2252 er,
1091 2223 1134 2244 eas
1151 2214 1187 2244 ti—

130 2247 160 2278 bi
174 2247 267 2286 duxit,
286 2248 336 2278 sub
351 2249 429 2279 certi
442 2249 551 2288 formal,
573 2249 642 2280 dum
657 2250 766 2280 viveret
780 2249 984 2281 concedendas.

166 2285 193 2316 A
207 2286 385 2324 praestatione
400 2297 494 2318 autem
507 2287 628 2318 decimae
643 2288 672 2318 su
693 2287 806 2318 radic‘tae
832 2288 993 2327 voluimus,
1010 2298 1043 2320 ac
1057 2289 1190 2320 volumus

133 2333 280 2362 exemptos
302 2325 397 2356 haberi
416 2326 597 2364 Templarios
618 2327 651 2357 &
704 2327 872 2364 ospitalarios
889 2337 894 2357 z
921 2329 969 2365 qui
983 2336 1084 2358 contra
1097 2329 1190 2359 hostes

131 2360 197 2393 fidei
212 2362 379 2394 Christianae
393 2364 420 2394 se
433 2375 466 2395 ac
479 2364 524 2395 sua
539 2366 568 2394 in
578 2365 760 2396 ultramarinis
774 2375 915 2403 exponere
925 2367 1046 2403 partibus
1059 2376 1119 2397 non
1131 2367 1191 2397 for-

130 2401 264 2440 midant,
290 2403 394 2440 quique
414 2425 423 2439 ‚
446 2411 561 2440 propter
590 2403 767 2433 dissensiones
788 2404 889 2440 seculi,
908 2414 974 2441 quas
987 2404 1149 2442 frequenter
1160 2406 1191 2435 in

131 2449 168 2470 eo
189 2440 305 2507 siilscitari
324 2441 464 2480 contingit
476 2464 486 2479 ,
510 2442 540 2470 in
559 2439 672 2473 diversis
693 2440 792 2472 mundi
811 2442 932 2479 partibus
951 2441 1072 2480 dampna
1097 2445 1191 2482 gravia

129 2486 214 2515 pertu
225 2487 320 2509 erunt·

168 2515 301 2548 Necnon
313 2502 356 2548 ³&
377 2518 474 2548 omnia
495 2517 575 2554 loca,
592 2517 719 2556 personas
733 2542 743 2556 ,
761 2519 795 2550 &
810 2528 868 2558 res,
886 2528 950 2556 quae
966 2527 1016 2556 per
1027 2519 1193 2550 declaratio-

131 2564 181 2584 nes
202 2555 289 2594 olim,
307 2565 356 2593 per
378 2555 470 2586 sedem
487 2556 682 2594 Apostolicam
697 2557 782 2588 editas
798 2580 807 2595 ‚
824 2567 856 2588 ac
872 2558 921 2588 tibi
937 2568 987 2595 per
1001 2566 1192 2588 memoratum

129 2591 337 2626 Grossetanum
358 2592 533 2631 Episcopum
553 2594 698 2626 destinatas
722 2596 854 2634 (quasque
874 2595 953 2633 ipsius
971 2595 1092 2626 decimae
1106 2620 1115 2634 ,
1134 2597 1186 2626 tibi

131 2630 291 2670 concessae,
309 2632 408 2662 futuris
421 2633 620 2664 colle&oribus
636 2633 817 2671 destinamus)
833 2635 923 2672 excipi
937 2633 1127 2665 dinoscuntur.

171 2668 319 2700 Caeterum
338 2672 596 2710 interpretationem
617 2673 652 2703 &
680 2671 898 2703 declarationem
919 2672 1064 2703 cu'ussibet
1086 2673 1163 2703 dubii
1180 2697 1190 2711 ,

131 2707 210 2746 quod
223 2708 302 2746 super
321 2709 466 2746 praemissis
488 2709 706 2748 quomodolibet
726 2712 830 2741 orietur
845 2735 854 2749 ,
874 2682 1051 2748 Aposiolicae
1066 2711 1132 2742 sedis
1147 2721 1191 2741 ar—

132 2745 218 2777 bitrio
233 2747 410 2777 reservamus.

168 2784 242 2815 Sane
262 2785 342 2823 super
361 2795 398 2816 eo
412 2809 422 2824 ,
445 2785 523 2824 quod
545 2796 633 2826 nuper
655 2788 696 2817 tui
720 2786 835 2817 Nuncii
856 2788 1018 2826 petierunt,
1042 2787 1191 2827 videlicet,

131 2823 210 2861 quod
225 2825 345 2861 pecunia
356 2824 494 2863 decimae,
512 2825 643 2855 conestae
658 2824 721 2863 post
738 2825 906 2855 Concilium
922 2826 1109 2863 Lugdunense
1120 2852 1129 2866 ,
1154 2827 1191 2857 de

130 2860 243 2900 Terris,
261 2872 378 2901 quarum
387 2862 510 2893 Domini
522 2873 582 2894 non
596 2863 829 2901 transfretabunt,
846 2865 954 2904 integre
969 2864 1118 2905 assignetur
1132 2866 1192 2896 aliis

130 2898 166 2929 de
179 2900 277 2930 Terris
292 2900 413 2939 eisdem,
432 2903 528 2939 paratis
544 2902 573 2931 in
588 2901 697 2932 dietum
711 2902 862 2933 subsidium
876 2903 1069 2934 transfretare:
1098 2904 1193 2942 quod-

132 2948 190 2976 que
205 2940 323 2977 pecunia
341 2938 438 2969 eadem
461 2949 511 2977 per
531 2950 628 2971 manus
642 2939 789 2978 Capitanei
804 2940 943 2971 exercitfis
956 2941 1126 2980 Christiani,
1144 2943 1190 2973 vel

128 2976 229 3007 'saltem
247 2977 283 3006 de
303 2977 439 3007 consensu
456 2978 536 3016 ipsius
552 3003 562 3016 ,
587 2980 621 3010 &
641 2989 691 3017 per
711 2979 768 3009 e'us
785 2980 932 3010 arbitrium
952 2979 1135 3017 dispensetur:
1156 2982 1190 3011 δε

129 3015 210 3052 quod
224 3016 341 3052 pecunia
355 3015 425 3053 ipsa,
443 3025 496 3052 pro
509 3017 681 3054 apparatibus
695 2989 734 3048 adJ
745 3017 896 3057 passagium
909 3017 1060 3057 faciendis,
1075 3029 1126 3057 per
1139 3029 1189 3049 an-

130 3062 220 3089 num,
239 3061 303 3083 ante
316 3053 406 3091 ipsum
440 3053 493 3083 affa
514 3055 588 3092 'um,
607 3055 754 3094 liberetur,

168 3090 247 3121 Scire
267 3091 399 3122 volumus
447 3092 623 3123 xcelentiam
642 3093 764 3134 Regiam
795 3093 875 3132 quod
894 3095 1000 3126 nostrae
1028 3096 1189 3126 intentionis

129 3128 237 3168 existit,
252 3129 319 3160 dare
340 3139 457 3167 operam
478 3129 558 3168 quod
579 3130 613 3160 ad
633 3141 731 3163 manus
750 3132 884 3164 Ecclesiae
908 3134 1054 3164 Romanae
1070 3135 1188 3172 pecunia

129 3176 286 3198 memorata
306 3169 451 3206 perveniat
464 3193 474 3206 ,
499 3169 531 3199 &
553 3168 591 3199 sic
611 3169 663 3200 tibi
683 3171 830 3211 providere
850 3172 886 3203 de
904 3172 968 3211 illa,
989 3172 1069 3211 quod
1083 3173 1187 3202 merito

128 3214 279 3237 contentus
293 3206 350 3236 esse
363 3207 466 3244 poteris
482 3208 515 3238 ὃς
528 3206 652 3237 debebis.

169 3243 242 3274 Illud
262 3254 378 3283 quoque
398 3242 536 3284 Regalem
549 3244 754 3277 Celsitudinem
765 3248 899 3280 volumus
912 3259 974 3279 non
985 3249 1084 3286 latere,
1103 3248 1182 3287 quod

130 3280 236 3312 Crucis
257 3283 380 3313 verbum
403 3282 567 3314 mandamus
587 3293 638 3321 per
658 3294 759 3316 omnes
779 3285 944 3317 Provincias
957 3312 967 3326 ,
984 3287 1021 3318 de
1036 3288 1136 3326 quibus
1149 3287 1186 3317 ad

130 3321 348 3359 promotionem
364 3322 469 3361 negotii
484 3321 615 3360 expedire
627 3322 768 3361 vidimus,
783 3325 940 3362 praedicari.

169 3358 240 3389 Nec
261 3368 310 3396 per
331 3358 376 3389 illa
397 3361 483 3390 verba
498 3383 508 3397 ‚
535 3369 599 3398 quae
619 3360 648 3389 in
670 3362 810 3401 praetactis
830 3363 927 3395 litteris
943 3386 954 3402 ‚
971 3364 1022 3394 tibi
1037 3363 1123 3395 missis
1136 3374 1187 3402 per

131 3396 282 3436 praefatum
301 3396 464 3428 Grossetan.
488 3397 662 3436 Episcopum
675 3421 686 3437 ,
708 3401 888 3432 continentur
901 3426 911 3440 ,
935 3402 1066 3433 videlicet
1079 3427 1088 3440 ,
1114 3402 1189 3441 Post-

132 3445 215 3475 quam
229 3438 258 3464 in
271 3435 338 3464 disti
346 3434 461 3474 paffiagii
474 3439 587 3466 termino
602 3437 709 3466 duxeris
723 3438 976 3479 transfretandum,
987 3448 1067 3480 prout
1082 3443 1189 3477 magni-

131 3473 251 3503 tudinem
272 3480 350 3502 tuam
371 3471 472 3503 decebit
487 3498 497 3512 ‚
512 3473 550 3508 ὠ·
564 3485 592 3504 re
610 3477 681 3504 uiret
694 3479 826 3513 negotium
840 3485 1031 3518 memoratum,
1049 3487 1077 3509 te
1089 3479 1122 3509 ad
1138 3479 1188 3509 ali-

129 3510 218 3550 quid,
236 3510 306 3542 ultra
319 3512 454 3551 regalium
467 3521 589 3543 commo
610 3513 707 3544 itatem
719 3515 841 3552 virium,
859 3516 1001 3547 voluimus
1017 3542 1027 3556 ,
1044 3525 1090 3547 aut
1105 3517 1189 3547 volu-

131 3559 196 3580 mus
216 3549 357 3589 obligari,
380 3549 427 3581 sed
450 3549 696 3590 Magnificentiam
710 3559 789 3582 tuam
803 3552 949 3584 sollicitare
962 3557 1138 3593 curavimus,
1156 3563 1188 3585 ut

131 3588 306 3626 assumptum
320 3597 402 3619 terrae
416 3597 583 3620 memoratae
598 3590 765 3629 negotium,
782 3593 889 3629 quanto
903 3593 1013 3632 utilius,
1030 3596 1136 3632 quanto
1151 3593 1193 3623 ef-

132 3625 245 3672 ficacius
258 3628 361 3665 poteris
374 3651 384 3665 ,
410 3625 541 3666 prosequi
555 3651 566 3666 ,
591 3637 643 3666 pro
656 3627 788 3659 concessa
802 3629 853 3660 tibi
867 3630 884 3660 a
898 3630 1032 3663 Domino
1047 3632 1195 3670 facultate,

133 3672 234 3695 nitaris.

171 3703 191 3723 *ἵ
209 3703 334 3743 Exurgat
353 3704 439 3741 igitur
455 3705 579 3742 potentia
599 3703 690 3742 Regia
702 3726 712 3742 ,
730 3704 764 3735 &
778 3705 807 3735 in
818 3705 888 3736 illius
901 3706 1088 3748 obsequium,
1103 3709 1120 3738 a
1134 3718 1193 3747 quo

132 3741 295 3779 proceffiffe
315 3742 468 3773 dinoscitur
479 3766 490 3780 ,
515 3741 675 3772 festinanter
697 3742 818 3779 explicet
835 3745 907 3774 vires
927 3745 1001 3776 suas:
1020 3748 1078 3786 ejus
1093 3747 1194 3777 vendi-

132 3779 227 3810 candis
241 3781 418 3821 obprobriis,
435 3780 513 3818 super
530 3789 634 3819 quem,
652 3790 706 3818 pro
719 3782 826 3818 generis
839 3781 954 3813 humani
966 3783 1064 3823 salute,
1081 3786 1193 3823 obpro-

133 3817 194 3849 bria
207 3826 241 3848 ex
260 3820 436 3850 robrantium
449 3817 630 3857 ceciderunt,
647 3818 763 3856 operosa
776 3818 926 3858 deserviat,
945 3821 979 3852 ad
1000 3822 1193 3854 haereditatem

134 3854 220 3899 illius,
238 3828 274 3886 de
291 3858 446 3895 impiorum
467 3857 614 3900 manibus,
629 3856 686 3894 ejus
699 3857 802 3888 virtute
816 3859 1002 3900 praeambulfi,
1020 3862 1172 3893 eruendam
1183 3884 1194 3901 ‚

135 3902 221 3924 omm
236 3903 294 3931 quo
309 3897 412 3933 poterit
427 3905 531 3927 conatu
546 3894 666 3926 festinet.

171 3929 303 3971 Exurge,
320 3933 456 3972 Princeps
470 3934 582 3973 inclite,
599 3932 682 3964 solers
693 3933 836 3964 bellorum
844 3932 902 3965 Dei
914 3934 1044 3976 belliger:
1062 3938 1194 3983 accinge-

136 3978 169 4000 re
189 3977 242 4012 tuo
262 3969 355 4009 gladio
374 3973 449 4004 circa
471 3973 589 4011 femur,
611 3971 720 4003 sacrum
742 3971 802 4001 Dei
821 3973 985 4012 negotium,
1024 3975 1082 4006 uod
1096 3977 1195 4014 cepisti

136 4006 252 4075 solliicite
269 4010 495 4051 „continuanda
508 4034 520 4051 ,
547 4012 639 4044 immo
657 4009 692 4044 ὃς
712 4009 838 4050 augenda
857 4012 994 4044 continue
1040 4013 1195 4049 llicitudine

136 4055 190 4086 pro
201 4055 320 4083 equaris.
692 4086 694 4088 ‚
1149 4083 1156 4088 ⁴

176 4086 250 4126 Tem.
269 4087 296 4116 Ι.
314 4085 347 4125 Ρ,
368 4087 427 4126 m,
920 4092 922 4095 '

1205 167 1713 213 PUBLICA.v
2210 170 2260 214 81

1237 253 1402 293 Ammone,
1421 256 1547 287 Sollicita
1562 267 1633 294 quos
1648 258 1676 287 in
1690 257 1748 287 hoc
1766 256 1922 288 credis-ruo
1936 255 2033 286 salubri
2054 262 2127 286 voto
2141 259 2263 286 concur*

1204 300 1281 330 rere,
1296 292 1361 322 illos
1377 304 1411 323 ue
1432 293 1465 324 ad
1486 296 1543 332 ejus
1563 297 1760 326 executionem
1781 294 1890 333 modis,
1909 295 2009 332 quibus
2025 293 2151 324 comode
2164 304 2244 331 potes
2251 314 2261 332 ,

1204 327 1338 369 astringe:
1357 303 1394 361 sn
1416 340 1443 361 te
1464 342 1497 362 ac
1520 333 1570 362 illis
1586 333 1810 372 prosecutionem
1826 333 1910 371 ipsam
1930 332 2086 363 necessariis
2102 333 2136 363 &
2151 332 2262 362 utilibus

1206 367 1312 397 instrue
1326 392 1336 406 ,
1362 369 1399 399 sic
1422 370 1571 409 magnifice
1586 395 1596 406 ,
1621 371 1658 401 sic
1678 380 1800 408 patenter
1817 380 2015 408 praeparaturus
2029 370 2164 408 eandem,
2184 366 2263 408 quod

1205 407 1317 444 caeteri,
1335 406 1369 436 ad
1390 406 1467 438 idem
1488 408 1664 446 faciendum,
1685 420 1738 446 pro
1752 408 1856 439 viribus
1871 408 2065 447 exemplariter
2079 409 2263 446 inducantur3

1206 444 1314 482 tibique
1327 454 1386 474 non
1400 445 1490 475 solum
1504 446 1540 475 de
1555 448 1607 476 tuis
1622 448 1762 477 laboribus
1774 448 1807 477 &
1825 446 1966 477 beneficiis
1982 448 2059 485 (quie
2076 447 2114 476 illi
2135 455 2216 476 terrae
2230 455 2261 477 tu

1207 481 1263 518 ipse
1275 482 1453 520 impenderis)
1471 483 1516 513 sed
1530 484 1563 514 &
1579 485 1615 514 de
1629 485 1695 522 hiis,
1714 494 1776 522 quae
1793 483 1828 513 ab
1844 485 1914 523 aliis,
1933 494 1960 515 te
1976 486 2004 514 in
2022 485 2079 515 hoc
2094 484 2264 525 laudabiliter

1208 519 1396 558 imitantibus,
1414 521 1629 560 impendentur,
1648 533 1754 552 merces
1770 531 1884 552 aetemae
1897 524 2085 553 retributionis
2098 522 2243 553 accrescat.

1246 558 1325 588 Nulli
1340 567 1408 597 ergo
1423 561 1543 590 omnino
1557 561 1707 590 hominum
1722 561 1802 590 liceat
1818 559 1888 589 hanc
1903 563 2030 600 paginam
2046 560 2264 592 concessionum

1207 596 1241 626 &
1252 596 1441 628 reservationis
1459 597 1618 628 nostrarum
1632 598 1796 637 infringere,
1814 599 1874 629 &c

1245 671 1316 702 Dat.
1333 674 1405 710 apud
1427 673 1545 704 Urbem
1567 674 1703 705 Veterem
1729 682 1760 712 ¹5
1786 672 1925 704 Kalendas
1941 672 2062 712 Aprilis,
2080 668 2267 707 Pontificatsis

1208 710 1296 740 nostri
1310 721 1385 742 anno
1402 720 1509 750 quarto.

1657 788 1710 818 Sub
1717 785 1777 827 filis
1797 787 1890 827 sbricir
1898 787 1978 828 flavi
1993 786 2117 829 rubeique
2132 787 2232 819 coloris.

1461 911 1510 942 De
1531 908 1736 953 Ratificatione
1753 910 2019 956 Crucefignationis.

1211 988 1286 1051 N
1305 1039 1336 1061 to
1351 1030 1410 1060 silio
1424 1031 1575 1070 Edvardo,
1593 1031 1667 1071 Regi
1680 1032 1790 1071 Angliae
1806 1031 1903 1061 illustri
1918 1055 1927 1070 ,
1944 1033 2058 1064 salutem
2072 1036 2105 1066 &
2120 1034 2267 1073 Apostoli-

1213 1077 1278 1098 cam
1294 1069 1533 1099 benedicitionem.

2280 237 2357 271 Anii.
2368 241 2410 273 D:

2306 288 2391 318 1291.

2278 320 2346 347 Edv.
2368 327 2391 347 ι,

1294 990 1400 1023 lcolaus
1415 993 1586 1031 Episcopus,
1604 993 1697 1024 servus
1712 992 1856 1023 servorum
1872 994 1947 1033 Dei,
1967 988 2108 1026 carissimo
2122 998 2152 1027 in
2166 995 2267 1027 Chris⁴
2283 979 2359 1015 Arm·
2373 980 2416 1015 D’

2304 1032 2387 1062 129¹-

2281 1067 2335 1091 An.
2356 1073 2398 1097 ¹9¹

1246 1105 1322 1145 Etsi,
1335 1108 1412 1144 juxta
1434 1107 1640 1145 Prophetarum
1661 1109 1796 1138 eximium
1811 1132 1820 1146 ,
1839 1108 1926 1147 Regis
1945 1108 2062 1148 Regum
2084 1111 2177 1142 lionor
2192 1110 2267 1149 judi⁴
2284 1105 2312 1128 Β
2332 1111 2353 1128 ¹·

1211 1145 1291 1175 cium
1305 1146 1417 1184 diligat,
1435 1154 1465 1175 ut
1479 1146 1552 1189 ipse,
1570 1147 1619 1183 qui
1633 1145 1820 1177 diredtionem
1837 1155 1912 1184 parat
1931 1147 2040 1184 judicio
2053 1151 2160 1178 ratione
2175 1150 2267 1179 direc-

2288 1143 2326 1166 Ex
2341 1143 2399 1166 Aa»

1212 1190 1262 1221 to,
1277 1183 1394 1214 discrete
1407 1185 1435 1213 in
1450 1184 1502 1214 suis
1517 1184 1695 1221 beneplacitis
1718 1185 1872 1215 honoretur
1888 1194 1894 1214 z
1923 1185 2056 1215 laudanda
2071 1195 2165 1216 tamen
2180 1186 2270 1216 divini
2284 1186 2348 1214 togr.

1213 1222 1318 1251 amoris
1332 1222 1449 1252 intensio
1463 1222 1624 1261 frequenter
1636 1224 1664 1251 in
1680 1223 1748 1261 hiis,
1767 1233 1831 1261 quae
1846 1222 1971 1260 supernae
1985 1233 2058 1267 grata
2071 1226 2186 1255 eXtimat
2204 1225 2272 1255 Ma-

1210 1259 1302 1297 jestati
1311 1282 1320 1297 ,
1340 1270 1394 1290 nec
1404 1260 1543 1298 judicium
1557 1260 1747 1299 praestolatur,
1765 1271 1820 1291 nec
1834 1262 1956 1291 omnino
1980 1263 2101 1299 sequitur
2115 1264 2271 1301 rationem,

1215 1297 1301 1328 sedin
1317 1298 1367 1328 illis
1382 1309 1441 1328 non
1456 1299 1722 1337 reprehensibiliter,
1741 1298 1786 1329 sed
1802 1300 2071 1330 commendabiliter
2087 1300 2209 1330 modum
2224 1310 2273 1330 ex-

1215 1335 1307 1374 cedit,
1324 1337 1358 1367 &
1372 1336 1505 1367 ordinem
1518 1338 1720 1376 praetermittit,
1739 1347 1808 1367 cuni
1823 1337 1958 1380 diligendi
1976 1337 2077 1368 Deum
2097 1339 2200 1370 modus
2221 1339 2271 1377 sit,

1215 1374 1305 1412 ipsum
1326 1374 1374 1404 dili
1395 1385 1442 1405 ere
1463 1376 1541 1413 supra
1563 1375 1683 1405 modum
1697 1399 1706 1413 ,
1723 1376 1756 1405 &
1773 1376 1908 1415 quicquid
1920 1376 2032 1419 alicujus
2048 1387 2146 1407 manus
2160 1377 2271 1416 potest,

1217 1413 1348 1442 instanter
1388 1414 1468 1444 ebeat
1485 1415 1596 1451 operari
1609 1438 1619 1451 ,
1645 1422 1676 1444 ut
1697 1414 1927 1444 maledictionem
1948 1414 2067 1452 effugiat
2087 1425 2205 1455 eorum,
2224 1417 2272 1455 qui

1219 1461 1291 1490 opus
1305 1451 1429 1481 Domini
1440 1452 1545 1482 faciunt
1560 1452 1743 1491 negligenter.

1253 1489 1385 1519 Praetaeti
1398 1489 1460 1519 sane
1471 1491 1573 1520 amoris
1586 1490 1718 1520 instinc‘tu
1733 1513 1744 1528 ,
1770 1490 1839 1521 ficut
1853 1491 2003 1528 probabilis
2016 1493 2144 1529 perhibet
2158 1493 2273 1530 conjec-

1217 1534 1294 1566 tura,
1312 1527 1350 1558 fili
1369 1528 1506 1558 carissime
1521 1553 1530 1566 ,
1548 1538 1578 1559 tu
1596 1553 1605 1567 ,
1623 1529 1722 1559 duetus
1734 1528 1888 1567 desiderio,
1907 1530 1984 1567 quod
1997 1531 2031 1560 ad
2047 1531 2271 1565 subveniendum

1217 1566 1316 1596 Terrae
1335 1566 1436 1597 sanstae
1455 1568 1471 1596 a
1493 1567 1586 1597 multis
1609 1569 1687 1598 retro
1710 1566 1824 1606 diebus,
1842 1567 2046 1599 Excellentiam
2062 1570 2184 1609 Regiam
2201 1580 2273 1600 con-

1220 1604 1324 1642 cepisse
1345 1606 1478 1636 novimus
1494 1628 1504 1643 ‚
1528 1607 1562 1636 &
1584 1605 1675 1643 plures
1687 1606 1730 1635 alii
1746 1606 1876 1643 exemplo
1892 1615 1960 1643 tuo,
1980 1615 2009 1637 ut
2024 1608 2219 1646 intelliximus,
2238 1609 2272 1639 &

1221 1643 1352 1681 hortatu,
1371 1644 1462 1674 crucis
1486 1645 1594 1682 lignum
1610 1668 1619 1682 ,
1644 1645 1672 1674 in
1686 1644 1787 1674 Terrae
1801 1644 1923 1682 praefatae
1938 1645 2106 1684 subsidium,
2125 1647 2140 1676 a
2156 1656 2274 1677 venera⁴

1222 1681 1271 1711 bili
1287 1681 1368 1712 fratre
1380 1681 1479 1712 nostro
1495 1676 1525 1712 B.
1544 1682 1769 1722 Archiepiscopo
1782 1682 1994 1713 Ravennacensi
2008 1684 2037 1713 in
2053 1685 2226 1723 Wasconiai,
2240 1686 2275 1716 &

1221 1719 1408 1764 postmodum
1427 1720 1603 1758 quamplures
1624 1721 1692 1759 alii,
1716 1721 1875 1758 hujusmodi
1894 1730 1976 1751 tuum
1991 1721 2096 1752 salubre
2108 1723 2276 1753 desiderium

1221 1759 1363 1789 imitantes
1378 1782 1388 1797 ,
1412 1758 1448 1789 de
1467 1760 1630 1790 venerabilis
1652 1759 1739 1789 fratris
1752 1758 1840 1789 nostn'
1854 1759 1881 1797 J.
1900 1758 2102 1790 Cantuariensis
2115 1761 2278 1799 Archiepis⁴

1222 1798 1290 1835 copi
1305 1798 1339 1828 &
1353 1797 1472 1828 aliorum
1487 1798 1616 1828 manibus
1630 1798 1659 1827 in
1674 1798 1719 1826 An
1740 1797 1774 1827 lia
1787 1796 1937 1835 recepistis.

1261 1835 1340 1875 Qia
1355 1838 1424 1866 vero
1439 1836 1519 1866 dietis
1528 1835 1650 1866 Praelatis
1663 1836 1696 1866 &
1710 1846 1725 1865 a
1736 1837 1784 1873 iis,
1801 1845 1849 1876 per
1862 1846 1933 1873 quos
1948 1836 2151 1876 crucesignatio
2164 1847 2278 1869 memo-

1224 1882 1280 1904 rata
1300 1874 1451 1912 processit,
1469 1873 1600 1904 nondum
1616 1881 1673 1904 erat
1686 1884 1736 1912 per
1749 1873 1842 1904 sedem
1857 1874 2072 1914 Apostolicam,
2087 1875 2162 1906 adid
2173 1877 2279 1916 saltem,

1223 1912 1375 1949 specialiter
1395 1913 1525 1943 attributa
1544 1912 1665 1951 potestas
1677 1935 1687 1950 ,
1712 1912 1869 1943 Serenitatis
1891 1912 1993 1952 Regiae
2014 1916 2133 1952 puritas,
2160 1916 2193 1946 &
2209 1925 2279 1953 pura

1225 1951 1344 1981 devotio
1365 1950 1492 1981 dubitans
1506 1974 1516 1989 ,
1542 1961 1579 1981 ne
1592 1959 1639 1988 tu,
1657 1961 1689 1981 ac
1703 1952 1797 1981 caeteri
1813 1960 1915 1981 omnes
1930 1951 2051 1990 ejusdem
2063 1951 2166 1983 Crucis
2182 1963 2279 1984 carae⁴

1225 1997 1284 2020 tere
1303 1989 1391 2020 taliter
1411 1990 1530 2028 insigniti
1544 2012 1554 2027 ,
1579 1988 1707 2019 debitum
1726 1990 1754 2018 in
1770 1989 1828 2020 hoc
1841 1988 1965 2020 modum
1979 1990 2012 2020 &
2027 1990 2157 2021 ordinem
2172 1991 2285 2022 censea-

1228 2027 1300 2057 mini
1310 2038 1370 2058 non
1385 2028 1516 2066 servasse,
1533 2027 1674 2059 humiliter
1687 2027 1868 2067 supplicavit,
1886 2037 2048 2068 congruum
2068 2029 2148 2068 super
2166 2029 2225 2061 hoc
2239 2040 2282 2060 re·

1228 2065 1357 2097 medium
1370 2066 1504 2097 adhiberi.
2274 2084 2278 2093 ι

1265 2103 1334 2136 Nos
1352 2106 1446 2143 itaque
1459 2128 1469 2144 ,
1486 2113 1583 2142 tuum,
1600 2114 1634 2135 ac
1648 2105 1780 2135 omnium
1794 2104 1914 2136 aliorum
1931 2105 1993 2144 (qui
2010 2105 2044 2136 ad
2056 2105 2282 2137 subveniendum

1228 2142 1323 2174 eidem
1343 2143 1444 2174 Terrae
1459 2167 1469 2183 ,
1485 2142 1713 2183 gloriosiffimum
1737 2143 1844 2182 signum
1859 2142 1980 2182 Crucis,
1997 2153 2028 2174 ut
2040 2144 2221 2183 praedicitur,
2237 2155 2283 2175 τεὁ

1228 2182 1375 2220 ceperunt)
1391 2183 1472 2220 pium
1486 2184 1520 2214 &
1532 2181 1698 2212 laudabilem
1713 2182 1885 2212 attendentes
1894 2181 2048 2220 affectum,
2066 2190 2149 2213 tuum
2162 2184 2195 2214 ὃ(
2210 2193 2285 2221 quo-

1227 2220 1360 2250 rumlibet
1380 2222 1501 2251 aliorum
1521 2220 1795 2259 crucesignationem
1814 2219 1997 2258 hujusmodi,
2021 2219 2057 2250 de
2077 2220 2195 2251 fratrum
2217 2232 2284 2251 nos-

1228 2267 1341 2289 trorum
1359 2259 1478 2290 consilio
1490 2284 1500 2298 ,
1524 2267 1613 2290 ratam
1633 2259 1667 2290 &
1687 2267 1795 2296 gratam
1815 2258 1965 2297 habentes,
1983 2268 2016 2289 ac
2030 2260 2115 2290 etiam
2126 2260 2286 2298 approbari-

1229 2306 1286 2335 tes,

1264 2336 1344 2367 Tam
1358 2337 1425 2375 tibi,
1443 2337 1530 2374 quam
1544 2337 1582 2367 eis
1595 2335 1642 2374 (de
1655 2336 1860 2373 omnipotentis
1874 2335 1932 2365 Dei
1947 2334 2153 2373 misericordia,
2171 2336 2204 2366 &
2220 2337 2286 2366 bea*

1228 2382 1325 2405 torum
1344 2373 1421 2404 Petri
1442 2376 1475 2405 ὃς
1494 2375 1572 2405 Pauli
1587 2398 1596 2412 ,
1622 2373 1831 2411 Apostolorum
1851 2373 1924 2411 ejus,
1941 2374 2105 2403 austeritate
2118 2374 2233 2411 confisi,
2250 2384 2286 2406 ac

1229 2412 1280 2450 esi,
1300 2422 1385 2451 quani
1399 2412 1454 2452 ipse
1467 2414 1549 2443 nobis
1565 2413 1632 2443 licet
1648 2412 1786 2451 indigniS,
1802 2410 1903 2449 ligandi
1916 2434 1925 2449 ,
1942 2420 2026 2450 atque
2040 2411 2166 2442 solvendi
2181 2420 2284 2443 centua

1229 2450 1275 2489 lit,
1292 2451 1439 2488 potestate)
1462 2452 1539 2482 illam
1551 2474 1562 2490 ,
1587 2460 1681 2488 eoque
1701 2449 1791 2480 modo
1814 2450 2000 2480 concedimus
2021 2450 2136 2481 veniam
2149 2458 2284 2487 peccato·

1229 2498 1295 2519 rum
1309 2513 1318 2527 ,
1342 2489 1442 2528 illaque
1462 2490 1651 2520 immunitates
1669 2489 1703 2520 &
1720 2488 1859 2526 privilegia
1872 2487 2068 2525 indulgemus,
2087 2497 2149 2525 quae
2163 2489 2196 2519 &
2212 2498 2284 2531 quoa

1232 2527 1322 2558 modo
1337 2529 1445 2558 caeteris
1460 2538 1510 2566 per
1521 2528 1615 2558 sedem
1631 2526 1826 2564 Apostolicam
1848 2526 1892 2556 vel
1914 2527 1942 2556 in
1958 2527 2014 2556 hoc
2030 2525 2172 2556 ministros
2187 2530 2285 2564 ipsius,

1231 2564 1360 2596 Crucem
1381 2565 1582 2596 assumentibus
1604 2564 1802 2596 conceduntur
1816 2588 1826 2601 ,
1850 2564 1984 2600 sperantes
2005 2565 2068 2594 liaec
2087 2565 2184 2595 omnia
2204 2573 2286 2595 tanto

1231 2604 1359 2642 uberius,
1374 2612 1453 2635 tanto
1473 2604 1615 2635 efficacius
1635 2603 1733 2642 Regali
1746 2602 1913 2632 Celsitudini
1928 2610 2111 2640 proventura,
2133 2611 2238 2640 quanto
2252 2612 2285 2633 ea

1232 2652 1290 2672 non
1311 2642 1401 2672 solum
1422 2653 1474 2680 pro
1496 2644 1548 2673 tuis
1560 2666 1570 2680 ,
1595 2641 1640 2672 sed
1654 2651 1707 2678 pro
1721 2641 1858 2678 aliorum,
1877 2650 1905 2671 te
1919 2643 1948 2670 in
1962 2642 2019 2671 hoc
2032 2641 2204 2672 laudabiliter
2218 2642 2285 2672 imi-

1230 2681 1366 2719 tantium,
1384 2680 1525 2711 laboribus
1541 2682 1574 2712 δε
1590 2681 1692 2711 meritis
1708 2680 1884 2717 promereris.

1268 2757 1287 2777 ²*
1308 2756 1393 2787 Nulli
1408 2766 1475 2796 ergo
1483 2782 1492 2796 ,
1509 2758 1571 2789 &c.

1267 2832 1335 2863 Dat.
1353 2833 1427 2871 apud
1447 2833 1564 2864 Urbem
1584 2832 1719 2863 Veterem
1748 2833 1863 2864 decimo

1881 2834 1980 2872 quinto
2000 2831 2140 2863 Kalendas
2161 2832 2264 2873 Aprilis
2277 2854 2289 2874 ,

1228 2868 1415 2904 pontificatus
1431 2871 1518 2902 nostri
1534 2881 1609 2902 anno
1627 2881 1735 2912 quarto,
2281 2897 2284 2900 ,

1621 2947 1675 2978 Sub
1681 2946 1742 2989 filis
1749 2947 1842 2987 fi’ricis
1849 2947 1928 2987 flavi
1947 2946 2070 2987 rubeique
2084 2947 2182 2977 colori5.

1228 3072 1318 3105 Bttlla
1329 3099 1338 3115 ‚
1363 3071 1399 3104 de
1418 3074 1543 3104 termino
1560 3069 1605 3102 ad
1614 3072 1754 3117 generale
1776 3071 1942 3118 passagium
1951 3069 2085 3114 statuto,
2108 3073 2146 3109 (ῤ’
2163 3070 2199 3104 de
2215 3080 2290 3105 ver·

1352 3118 1388 3152 bo
1408 3123 1511 3153 Crucis
1524 3130 1577 3165 per
1592 3129 1687 3152 totum
1706 3123 1843 3167 Regnum
1863 3123 1962 3153 Scotiae
1971 3118 2167 3166 predicando.

2304 2767 2435 2803 *11.512=

1229 3203 1421 3265 NIcolaus
1434 3203 1605 3245 Episcopus,
1622 3204 1714 3235 servus
1726 3202 1871 3235 servorum
1886 3204 1960 3243 Dei,
1979 3204 2181 3236 venerabilibus
2195 3204 2284 3235 fratri-
2304 3207 2378 3239 Ann,
2392 3207 2432 3242 I>⁴

1324 3244 1391 3281 bus,
1411 3244 1543 3273 universis
1562 3242 1706 3280 Episcopis
1721 3267 1730 3279 ,
1756 3253 1805 3280 per
1826 3242 1964 3282 Regnum
1981 3241 2086 3273 Scotiae
2105 3242 2285 3282 constitutis,
2331 3256 2416 3286 ¹29¹·

1226 3282 1342 3312 salutem
1358 3284 1392 3313 ὃς
1406 3280 1600 3318 Apostolicam
1615 3281 1853 3312 benedictionem.

2301 3290 2353 3313 An.
2374 3296 2417 3320 ¹9·

1264 3320 1365 3350 Terrae
1380 3320 1482 3350 sancta:
1498 3319 1682 3350 miserabilem
1697 3319 1798 3350 statum
1808 3343 1817 3358 ‚
1834 3325 1894 3349 nori
1907 3320 2008 3358 absque
2023 3321 2100 3359 gravi
2122 3319 2284 3357 amaritudi-¹
2302 3328 2332 3351 Ε.
2356 3334 2379 3351 ι.

1228 3369 1282 3396 ne,
1301 3359 1372 3389 intra
1387 3360 1487 3389 mentis
1501 3357 1604 3387 nostrse
1619 3357 1773 3395 praecordia
1788 3359 1977 3396 recensentes,
1994 3367 2078 3395 atque
2093 3357 2126 3387 ad
2145 3357 2285 3388 liberatio-
2305 3366 2343 3389 Ex
2357 3365 2418 3397 Au«,

1227 3407 1293 3427 nem
1314 3397 1395 3434 ipsius
1414 3396 1508 3427 nostra
1529 3396 1608 3426 simul
1628 3397 1662 3427 δε
1682 3396 1810 3426 desideria
1832 3404 2027 3427 convertentes
2042 3397 2073 3427 &
2090 3394 2178 3425 studia

1227 3436 1314 3466 multa
1335 3436 1452 3473 operosa
1474 3433 1607 3471 subsidia,
1625 3444 1688 3472 quae
1708 3435 1757 3472 ipsi
1769 3434 1888 3473 Terrae,
1906 3435 1975 3465 Deo·
1990 3435 2111 3472 auspice,
2131 3420 2286 3473 frustuofia,

1227 3473 1324 3504 sedulo
1338 3482 1488 3511 procurare
1501 3480 1582 3509 atque
1597 3473 1759 3510 impendere
1773 3472 1928 3503 studuimus
1944 3474 1976 3504 ὃς
1990 3472 2147 3508 studemus,

1269 3511 1411 3543 Generale
1424 3511 1591 3550 passagium,
1611 3521 1663 3549 pro
1678 3511 1800 3549 ejusdem
1813 3511 1912 3541 Terrae
1926 3510 2062 3548 subsidi0,
2080 3512 2108 3540 in
2122 3509 2206 3553 Festo
2221 3510 2287 3541 Na-

1230 3549 1343 3581 tivitatis
1356 3551 1428 3582 beati
1439 3549 1575 3588 Johannis
1590 3548 1735 3588 Baptistae,
1754 3550 1832 3588 quod
1848 3551 1899 3580 erit
1912 3559 1986 3579 anno
2000 3548 2123 3578 Domini
2136 3548 2288 3590 millesimo

1228 3588 1424 3620 ducentesimo
1445 3587 1628 3624 nonagesimo
1650 3589 1751 3625 tertio,
1771 3588 1807 3618 de
1828 3589 1944 3619 fratrum
1965 3586 2128 3617 nostrorum
2152 3587 2269 3617 consilio

1229 3627 1361 3658 duximus
1383 3625 1576 3663 statuendum,
1603 3626 1671 3656 sicut
1693 3623 1722 3655 in
1745 3626 1801 3656 aliis
1821 3626 1921 3657 nostris
1945 3625 2057 3663 litteris,
2080 3635 2129 3663 per
2150 3635 2233 3664 quas,
2251 3612 2287 3656 ad

1230 3666 1445 3697 subventionem
1458 3664 1580 3702 ejusdcm
1595 3664 1710 3701 Terrae,
1729 3666 1872 3695 universos
1893 3663 2062 3694 christicolas
2086 3663 2287 3703 exhortamur,

1227 3704 1302 3744 quasi
1317 3705 1397 3735 vobis
1413 3703 1469 3733 una
1485 3712 1554 3732 cum
1568 3702 1747 3739 praesentibus
1761 3704 1916 3739 mittimus,
1929 3701 2085 3732 evidentius
2100 3702 2261 3733 declaratur.

1267 3743 1313 3774 Ut
1334 3751 1426 3772 autem
1442 3765 1451 3778 ,
1477 3740 1510 3770 ad
1531 3740 1751 3771 succurrendum
1770 3742 1927 3779 promptius
1942 3763 1952 3778 ,
1976 3741 2004 3770 in
2024 3740 2126 3771 eodem
2147 3741 2288 3781 passagio,

1228 3782 1329 3812 Terrae
1349 3779 1485 3817 praefatae,
1505 3788 1554 3815 per
1571 3778 1659 3808 divini
1681 3779 1759 3808 verbi
1782 3781 1932 3817 virtutem,
1951 3787 2059 3809 mentes
2080 3778 2204 3810 fidelium
2219 3780 2288 3810 salu-

1230 3821 1317 3851 briter
1337 3820 1510 3855 excitentur,
1532 3816 1714 3855 christicolis,
1741 3827 1789 3854 per
1812 3817 1929 3847 diversas
1950 3815 2163 3849 Christianitatis
2182 3826 2286 3855 parteS‚

1232 3856 1452 3897 proponendum
1467 3854 1682 3886 deliberavimus
1697 3856 1819 3886 verbum
1831 3857 1935 3886 crucis:
1957 3854 2004 3885 Ad
2019 3857 2215 3894 exequendum
2237 3856 2286 3885 de-

1231 3897 1424 3928 liberationem
1436 3892 1595 3931 hujusmodi
1607 3903 1659 3924 vos
1672 3896 1709 3924 eo
1725 3893 1911 3924 confidentius
1933 3893 2080 3933 eligentes,
2101 3905 2160 3932 quo
2181 3895 2286 3936 magis,

1233 3936 1267 3966 ad
1281 3932 1512 3971 compatiendum
1527 3932 1560 3962 ὃ(
1577 3931 1814 3970 subveniendum,
1832 3942 1886 3972 pro
1906 3932 2028 3971 viribus,
2045 3933 2146 3963 Terrae
2168 3931 2287 3970 praedic«

1235 3984 1289 4011 tae,
1307 3971 1446 4013 pastoralis
1460 3969 1549 4000 officii
1583 3970 1648 4000 ietas
1660 3980 1710 4001 vos
1724 3971 1828 4000 invitat.
2269 4008 2274 4013 ⁸

1274 4012 1401 4049 Ideoque
1412 4009 1551 4047 praedican
1572 4018 1597 4038 ae
1609 4008 1691 4046 ipsius
1713 4007 1835 4038 vivificae
1851 4009 1942 4039 crucis
1960 4009 2162 4046 ministerium,
2179 4007 2290 4046 singulis

1236 4050 1362 4085 vestrum
1372 4073 1381 4087 ‚
1399 4050 1428 4081 in
1441 4046 1627 4085 Civitatibus,
1644 4047 1677 4080 ὅτ,
1690 4046 1860 4115 Diolcelibus
1874 4046 1988 4086 vestris,
1998 4047 2175 4087 praesentium
2190 4047 2289 4114 nudip-

1765 4104 1779 4116 ,
2204 4093 2254 4114 rita
2265 4093 2282 4113 e
2290 4108 2302 4122 ‚

2212 3396 2284 3426 inter
2300 3408 2365 3437 togr.
