2570 4261
132 217 208 249 Arm.
218 215 260 246 D.

158 265 239 295 ¹299-

130 297 197 324 Edu.
220 304 242 324 ¹.

125 2396 257 2434 ο11846.

272 148 352 175 210

314 218 339 249 A
357 217 406 249 tuci
429 226 546 256 quoque
563 214 685 246 creditur
702 222 762 244 non
777 211 910 244 excidisse
923 210 1080 249 memorii,
1098 210 1215 259 qualiter
1227 209 1332 240 eodem

736 118 1544 170 CONVENTIONES',
1599 116 1986 173 L1TERAE,

1407 203 1454 235 Sic
1475 213 1504 235 te
1530 206 1559 235 iri
1580 204 1650 243 hiis,
1668 213 1755 244 prout
1777 204 1920 243 speramus
1939 207 1974 237 δε
1996 208 2148 247 cupimus,
2166 208 2308 247 promptis
2329 208 2363 241 &
2385 209 2453 242 effi·
2471 201 2570 245 Anu-,1

277 256 363 295 Rege
377 257 482 287 Scotiae
495 255 602 286 sublato
616 253 651 283 de
668 252 783 289 medio,
801 251 949 290 quondam
964 249 1126 289 Margareta
1143 248 1236 287 puella
1254 247 1339 285 Nep-
1377 244 1492 274 cacibus
1505 242 1600 274 studiis
1614 245 1774 281 habiturus,
1792 252 1824 275 ut
1837 244 1912 289 apud
1933 244 2079 276 caelestem
2097 246 2234 286 Regem,
2252 257 2305 292 pro
2324 250 2454 280 minimis
2499 254 2536 279 12*
2563 255 2570 288 ᾗ

279 305 306 327 te
323 295 389 333 tui,
408 304 477 325 tunc
491 294 607 323 minoris
623 291 705 321 aetatis
721 290 846 321 Haerede
859 290 909 320 fibi
932 289 1047 326 ῐεὶίἂὲι,
1066 298 1127 318 non
1146 287 1181 317 ad
1204 287 1342 331 te,‘velult

277 335 311 365 ad
331 333 510 369 Dominum,
526 331 624 367 Regni
640 330 769 367 pervenit
782 328 912 359 custodia
931 328 1102 365 memorati,
1118 325 1165 356 sed
1186 334 1255 356 certi
1274 330 1344 364 ejul-

275 374 343 403 dem
360 371 455 410 Regni
471 370 628 406 proceres,
641 367 675 397 ad
689 367 746 405 ejus
760 367 842 398 eleeti
857 366 1018 398 custodiam
1034 366 1193 396 extiterunt.

318 410 467 448 Qodque
480 407 669 447 postmodum
682 406 885 444 dispensatione
896 406 931 435 ab
946 404 1103 444 apostolica
1117 403 1189 434 Sede
1209 401 1344 446 obtenti,

277 449 355 486 super
378 447 571 478 Matrimonio
592 445 790 476 contrahendo
807 446 880 475 inter
901 443 1037 474 diletffmm
1058 442 1180 485 Filium,
1199 439 1347 472 Nobilem

281 487 385 516 Virum
402 484 566 516 Edvardum
583 493 684 514 natum
699 493 798 521 tuum,
817 485 850 515 &
869 483 1060 523 Margaretam
1072 480 1255 519 praedictam,
1272 479 1345 510 dum

281 526 408 563 viveret,
428 524 447 554 si
466 523 500 554 ad
522 522 551 552 id
575 532 729 561 procerum
752 523 822 554 dieti
844 521 940 561 Regni
961 519 1179 562 accederenvel
1194 518 1346 562 haberetur

278 563 412 600 assensus,
431 570 461 592 tu
484 561 589 592 eisdem
615 561 786 592 proceribus
805 571 854 599 per
875 570 921 591 tua
940 559 1049 597 Scripta
1066 557 1169 601 cavlffe
1181 556 1348 594 dinosceris,

279 602 441 642 priusquam
458 601 563 632 vellent
575 600 736 639 hujusmodi
756 599 943 630 matrimonio
965 597 1142 635 consentire,
1160 595 1247 639 qued·
1263 594 1348 632 Reg-

279 651 349 671 num
362 639 453 677 ipsum
492 640 582 671 enitus
598 640 741 678 liberum,
757 638 884 676 nullique
898 637 1076 675 subjeetum,
1094 635 1145 679 seu·
1159 644 1261 678 quovis
1282 644 1348 664 mo·-

277 680 318 709 do
340 680 441 709 summi
469 689 535 718 um,
550 680 579 708 in
601 687 769 716 perpetuum
792 683 965 714 remaneret,
983 673 1119 717 quodque
1139 683 1168 717 in
1181 672 1349 717 pristinum,

278 718 325 750 seu
346 718 431 749 talem
454 718 535 758 ipsius
556 716 657 747 starum
669 716 859 746 restitueretur
872 715 1013 752 omnino,
1032 716 1052 758 li
1065 721 1100 742 ex
1113 711 1273 751 hujusmodi
1287 722 1349 742 ma-

277 758 417 787 trimonio
437 755 635 787 contrahendo
657 755 760 785 liberos
779 763 840 784 nou
859 762 952 784 eittare
970 759 1167 790 contingeret,
1185 761 1218 782 ac
1240 760 1350 781 nomen

279 796 315 827 &
328 796 490 833 honorem,
509 803 539 824 ut
554 795 646 831 prius,
665 794 766 831 pariter
781 794 925 830 retineret,
945 792 1050 822 tamin
1063 789 1115 821 suis
1137 790 1188 821 fibi
1209 789 1350 822 servandis

279 833 388 874 legibus
404 836 437 865 ὃς
451 832 636 871 praeficiendis
651 831 832 862 Officialibus
842 832 912 862 dieti
927 830 1039 870 Regni,
1058 829 1145 868 quem
1165 829 1351 860 Parlamentis

277 874 423 909 tenendis,
443 870 593 901 tractandis
609 871 696 902 causis
712 872 740 901 in
753 870 830 908 ipso,
846 871 879 901 &
893 870 974 900 nullis
989 869 1046 907 ejus
1060 869 1164 899 incolis
1178 877 1255 899 extra
1278 867 1347 898 illud

278 913 313 942 ad
330 911 471 950 judicium
491 909 661 949 evocandis,
679 911 713 940 ὅ(
737 908 818 947 quod
839 910 869 939 in
891 910 943 939 tuis
967 907 1126 945 patentibus
1146 907 1241 938 litteris
1254 929 1264 945 ,
1282 906 1348 936 inde

278 950 437 987 confectis,
456 949 520 978 haec
536 949 644 986 plenius
662 948 696 979 &c
710 947 835 978 seriosius
850 948 990 978 contineri
1003 946 1171 985 noscuntur,

316 989 375 1018 Prae
382 988 436 1017 satzi
449 987 556 1025 insuper
572 986 734 1024 Margareta
748 987 784 1017 de
797 986 927 1023 praesenti
942 987 1006 1016 luce
1019 984 1218 1023 subtracta,&
1234 983 1349 1014 tandem

278 1027 358 1066 super
376 1026 561 1057 Succeffione
581 1025 651 1056 dieti
670 1025 767 1064 Regni
793 1025 898 1056 Scotiae
917 1024 1031 1055 suborti
1044 1023 1218 1055 diffenfionis
1234 1022 1350 1054 materia

276 1067 348 1097 inter
362 1075 470 1104 partes,
489 1065 572 1103 ipsius
587 1064 683 1104 Regni
700 1064 1014 1102 Proceres,metuentes
1028 1063 1078 1094 sibi
1091 1063 1228 1100 dit-stoque
1240 1061 1350 1100 Regno

275 1105 357 1143 polle
377 1105 528 1135 occasione
549 1103 710 1142 hujusmodi
732 1102 930 1141 prae'udicium
951 1103 1101 1140 generari,
1134 1111 1195 1131 non
1216 1102 1294 1132 aliter
1313 1101 1349 1132 ad

275 1153 355 1174 tuam
377 1144 568 1182 praesentiam,
586 1151 660 1173 extra
684 1141 764 1180 ipsius
815 1143 880 1181 egni
902 1140 1038 1172 accedere
1060 1142 1162 1171 limites
1181 1140 1348 1179 voluerunt,

277 1184 328 1214 nili
341 1193 389 1221 per
404 1192 432 1213 te
447 1183 551 1220 patenti
564 1181 665 1220 scripto
681 1189 828 1212 caveretur
844 1180 964 1218 eisdem,
979 1178 1062 1218 quod
1077 1179 1105 1209 id
1127 1189 1187 1209 non
1209 1178 1292 1209 fiebat
1313 1188 1349 1210 ex

277 1221 394 1258 debito,
413 1221 458 1251 sed
474 1231 507 1251 ex
532 1221 619 1257 gratia
642 1220 768 1264 speciali,
786 1219 922 1258 quodque
935 1219 1046 1249 nullum
1061 1217 1161 1249 exinde
1174 1217 1257 1256 ipsius
1266 1217 1351 1256 Reg-

278 1261 309 1291 ni
322 1260 496 1290 libertatibus
510 1259 602 1297 posset
615 1258 793 1297 dilpendium
807 1259 966 1289 imminere.

315 1298 351 1330 Et
365 1299 451 1337 licet,
469 1308 499 1330 ut
512 1299 632 1336 dicitur,
651 1299 729 1336 super
745 1296 816 1328 statu
830 1297 955 1337 ejusdem
976 1296 1072 1335 Regni
1093 1295 1200 1328 Scoriae
1234 1306 1267 1327 ac
1290 1296 1349 1334 ejus

276 1339 351 1376 prius
372 1337 466 1368 habita
488 1338 632 1374 libertate,
650 1336 760 1376 Regno
773 1336 832 1374 ipso
848 1346 918 1368 tunc
934 1345 1048 1367 carente
1061 1335 1190 1374 praefidio
1208 1319 1350 1366 besenso-

276 1377 330 1414 ris,
350 1386 400 1414 per
421 1375 502 1414 ipsius
526 1375 621 1415 Regni
642 1376 794 1414 proceres,
810 1382 881 1407 tunc
902 1374 987 1406 velud
1009 1374 1186 1413 Acephalos,
1204 1376 1237 1406 &
1256 1373 1350 1405 Ducis

277 1415 322 1445 vel
343 1416 448 1452 aurigae
467 1413 630 1454 suffragium
652 1424 713 1445 non
735 1414 884 1451 habentes,
904 1414 960 1445 five
982 1423 1034 1453 per
1055 1413 1154 1452 illum,
1173 1414 1218 1443 cui
1240 1413 1349 1451 praefati

278 1452 376 1492 Regni
398 1453 547 1491 Regimen
568 1454 635 1484 licet
656 1453 781 1484 indebite
795 1452 896 1484 diceris
910 1451 1102 1491 commififfe,
1120 1461 1221 1483 contra
1234 1461 1349 1483 morem

276 1492 407 1530 solitum,
426 1492 516 1531 aliqua
536 1491 641 1522 fuerint
664 1492 800 1523 haetenus
821 1493 971 1529 innovata,
991 1501 1023 1522 ea
1045 1500 1157 1529 tamen,
1177 1500 1277 1529 utpote
1298 1502 1348 1530 per

277 1532 337 1563 vim
353 1531 387 1562 &
402 1540 531 1570 metum,
550 1532 598 1569 qui
615 1531 713 1561 cadere
728 1538 835 1568 poterat
850 1532 879 1561 in
901 1530 1100 1568 constantem,
1117 1531 1223 1568 elicita,
1244 1540 1349 1569 nequa-

279 1570 487 1640 qtgamddebent
502 1570 610 1609 dejure
625 1569 788 1609 subsistere,
806 1579 854 1601 aut
868 1571 898 1600 in
913 1569 1037 1610 ejusdem
1046 1569 1142 1609 Regni
1152 1568 1348 1608 praejudicium

276 1618 307 1640 re
329 1619 366 1639 un
387 1619 441 1640 are.

315 1648 465 1680 Caeterum
484 1649 568 1679 nobis
590 1647 747 1678 nullatenus
769 1649 848 1679 venit
868 1649 896 1679 in
917 1647 1055 1686 dubium,
1073 1647 1144 1686 quin
1169 1648 1264 1685 potius
1277 1648 1347 1679 certi

276 1686 373 1718 sumus
395 1686 476 1726 quod
498 1697 567 1718 cum
590 1686 768 1725 Apostolicae
788 1686 867 1717 Sedis
887 1686 1048 1725 praecellens
1062 1686 1213 1717 auctoritas
1228 1696 1277 1727 per
1290 1686 1348 1718 suas

276 1727 377 1757 litteras
391 1728 420 1757 in
440 1726 551 1766 Angliae
563 1736 596 1756 ac
612 1727 718 1757 Scotiae
734 1724 864 1764 Regnis,
882 1725 964 1756 simul
982 1725 1064 1755 alicui
1079 1724 1244 1762 Legationis
1260 1735 1347 1756 com-

278 1765 352 1796 misit
364 1765 497 1796 officium
511 1764 728 1803 exequendum,
747 1765 792 1794 vel
809 1774 863 1802 pro
899 1764 977 1795 uzivis
998 1763 1098 1802 causa,
1138 1773 1203 1794 uam
1225 1766 1347 1795 rationa-

277 1803 368 1834 bilem
384 1813 510 1843 reputat,
527 1804 650 1834 decimae
662 1803 834 1834 solutionem
850 1775 965 1841 indicit,
984 1774 1144 1840 hujusmodi
1167 1802 1346 1840 Apostolicae

275 1842 377 1874 litterae
393 1844 427 1874 ad
443 1844 590 1883 praefatum
604 1843 709 1873 Scotiae
723 1842 860 1882 Regnum
875 1841 902 1872 se
914 1843 1087 1880 aliquatenus
1101 1851 1161 1871 non
1177 1842 1348 1882 cxrendunt,

277 1881 294 1912 s
309 1883 387 1912 eciali
410 1882 556 1920 praedieiae
582 1881 660 1912 Sedis
680 1881 829 1920 privilegio
844 1903 854 1919 ‚
872 1881 966 1912 Scotis
987 1880 1099 1911 indulto
1114 1904 1123 1918 ,
1143 1882 1252 1918 penitus
1271 1881 1348 1911 obsi-

303 1928 385 1960 ente,
404 1929 489 1960 prout
504 1929 635 1959 tempore
649 1920 747 1951 faelicis
763 1919 968 1951 recordationis
984 1919 1100 1950 Adriani
1123 1918 1207 1958 Papae
1231 1919 1347 1950 Praede-

278 1959 395 1990 cefforis
411 1959 517 1997 nostri,
537 1969 607 1990 tunc
620 1959 706 1990 saneti
722 1958 839 1989 Adriani
853 1958 978 1989 Diaconi
993 1957 1166 1996 Cardinalis,
1185 1959 1219 1989 &
1234 1968 1283 1996 per
1305 1960 1348 1997 ip-

278 1997 331 2029 sius
343 1998 421 2029 Sedis
438 1999 538 2029 litteras
554 1998 634 2029 simul
648 1999 678 2027 in
693 1997 804 2037 Regnis
819 1998 881 2038 ipsis
898 1997 1015 2038 Legati,
1033 2007 1101 2029 cum
1124 2007 1184 2036 quo
1205 1997 1348 2029 familiari-

278 2044 322 2068 ter
338 2046 406 2068 tunc
423 2047 548 2075 eramus,
568 2037 690 2076 contigit
705 2036 860 2067 evidenter.

315 2075 398 2106 Nam
415 2076 535 2117 Legatus
549 2075 605 2114 ipse
620 2075 653 2106 ad
671 2075 820 2113 praefatum
836 2075 975 2115 Regnum
993 2074 1100 2106 Scotiae
1113 2074 1284 2113 aliquatenus
1298 2075 1347 2106 ad-

279 2115 377 2145 missus
401 2124 460 2144 non
483 2115 592 2152 extitit,
608 2113 703 2145 donec
719 2124 767 2151 per
782 2114 885 2144 litteras
899 2113 1027 2151 speciales
1039 2112 1208 2153 apostolicas
1224 2114 1275 2145 sibi
1290 2114 1347 2145 Le-

277 2154 396 2192 gationis
409 2153 462 2184 fuit
476 2153 665 2184 commissum
680 2153 813 2183 officium
830 2154 858 2182 in
872 2153 987 2183 eodem.
1126 2184 1129 2187 ,

317 2191 454 2222 Praeterea
470 2192 584 2222 noscere
601 2191 693 2230 potest
710 2192 800 2230 Regia
822 2190 988 2230 Celsitudo,
1007 2190 1123 2230 qualiter
1141 2191 1281 2231 Regnum
1303 2194 1310 2222 i

278 2229 342 2261 sum
358 2241 407 2270 per
421 2232 496 2261 beati
513 2231 635 2261 Andreae
650 2230 785 2268 Apostoli
800 2230 971 2260 venerandas
987 2230 1134 2268 reliquias,
1151 2240 1210 2260 non
1226 2231 1282 2261 sine
1302 2202 1347 2262 fg:

279 2271 359 2308 perni
382 2269 523 2301 Numinis
543 2269 641 2310 grandi
664 2269 762 2310 dono,
780 2269 949 2308 acquisitum
973 2269 1007 2301 ὃς
1022 2269 1195 2300 conversum
1210 2270 1298 2301 eXtitit
1312 2268 1346 2300 ad

281 2308 346 2339 fidei
360 2309 521 2340 Catholicae
537 2311 687 2340 unitatem.

321 2347 451 2387 Qaliter
471 2350 555 2379 etiam
570 2372 579 2386 ,
603 2349 723 2386 antiquis
743 2347 921 2385 temporibus
935 2371 944 2384 ,
962 2345 1123 2378 Eboracen.
1147 2347 1347 2386 Archiepisco-

279 2396 347 2426 pus,
367 2389 413 2425 qui
436 2396 505 2418 tunc
526 2396 584 2418 erat
620 2386 701 2417 mota
725 2396 775 2425 per
790 2396 875 2424 eum,
895 2387 974 2424 super
986 2387 1049 2425 jure
1068 2387 1088 2406 ²¹²
1108 2385 1346 2426 Metropolitico,

276 2426 406 2456 adversus
428 2425 561 2457 Praelatos
583 2412 689 2457 §conve
719 2425 877 2464 quaestione
890 2450 899 2463 ,
932 2427 961 2455 in
984 2424 1041 2463 qua
1063 2424 1175 2455 distum
1194 2425 1349 2464 antiquitus

276 2465 358 2496 fuiffe
378 2474 608 2502 commemorat,
630 2464 786 2495 Memento
808 2463 889 2503 quod
911 2464 1005 2494 sumus
1025 2464 1065 2494 tui
1081 2488 1089 2503 ‚
1108 2472 1139 2494 ut
1162 2472 1263 2494 caetera
1283 2473 1348 2503 quae

277 2504 345 2535 inde
366 2504 495 2535 secuntur
518 2505 628 2534 silentio
646 2504 854 2542 relinquamus,
873 2513 926 2541 pro
940 2503 967 2533 se
978 2503 1144 2534 sententiam
1157 2503 1287 2533 obtinere
1299 2513 1349 2533 ne—

277 2545 384 2582 quivit,
403 2545 532 2581 quamvis
545 2544 595 2572 alia
610 2543 689 2582 plura
703 2543 737 2573 &
752 2544 842 2580 varia,
858 2553 923 2580 quzc
938 2543 966 2571 in
981 2542 1036 2573 hac
1051 2551 1129 2580 parte
1149 2540 1349 2573 rationabiliter

277 2583 467 2622 proponenda
487 2582 513 2613 se
531 2581 658 2613 offerunt
671 2606 681 2620 ,
707 2591 741 2612 ex
762 2583 866 2620 quibus
887 2583 972 2611 etiam
993 2580 1027 2610 ad
1050 2581 1114 2611 haec
1133 2581 1185 2611 tibi
1205 2580 1349 2611 scribenda

274 2631 449 2659 movemur,
467 2630 609 2660 praetereat
628 2621 767 2660 calamus,
785 2631 821 2651 ne
842 2620 908 2651 inde
921 2619 1036 2651 forsitan
1049 2619 1170 2651 sensibus
1185 2618 1284 2660 Regiis
1298 2628 1349 2650 αε-

274 2660 355 2692 dim
368 2670 524 2702 generetur.

272 2708 277 2710 ·
316 2703 392 2730 i-iaec
408 2699 557 2738 profec'io,
577 2699 615 2729 fili
629 2697 865 2736 cariffime,infra
877 2697 995 2728 claustra
1008 2698 1133 2736 peetoris
1147 2697 1268 2728 sollicite
1276 2707 1349 2728 con-

278 2737 398 2770 siderare
418 2748 446 2769 te
468 2739 622 2778 convenit,
641 2739 674 2770 &
695 2737 839 2768 attendere
858 2736 1006 2776 diligenter
1022 2760 1031 2775 ,
1051 2745 1085 2767 ex
1106 2737 1207 2774 quibus
1228 2736 1296 2766 nulli
1319 2737 1348 2766 in

277 2777 399 2809 dubium
416 2779 525 2816 veniat,
543 2777 680 2817 Regnum
696 2777 802 2807 Scotiae
817 2776 999 2813 praelibatum
1013 2774 1050 2805 ad
1066 2775 1212 2813 prael-‘atam
1240 2774 1348 2805 Roma-

275 2825 344 2847 nam
364 2816 518 2847 Ecclefiarn
538 2818 694 2854 pertinere,
713 2814 792 2854 quod
812 2815 864 2844 tibi
888 2823 943 2844 nec
958 2814 1040 2851 licet,
1058 2824 1112 2844 nec
1129 2814 1209 2844 licuit
1223 2814 1252 2844 in
1267 2813 1348 2852 ipsius

278 2855 416 2887 Ecclexiae
437 2866 470 2886 ac
492 2855 650 2886 multorum
675 2853 892 2894 praejudicium,
922 2862 972 2892 per
993 2852 1158 2884 violentiam
1180 2853 1324 2893 subjugare
1337 2875 1347 2891 ,

277 2901 392 2933 tuaeque
407 2895 542 2932 subjicere
555 2894 667 2924 ditioni.

318 2932 399 2963 Cum
421 2943 532 2972 autem,
557 2932 628 2963 ficut
647 2932 732 2963 habet
752 2931 808 2962 fide
829 2930 929 2971 digna,
948 2931 982 2962 &
997 2930 1100 2961 nostris
1111 2931 1170 2969 jam
1186 2930 1288 2969 pluries
1302 2939 1351 2960 au-

279 2972 356 3003 ribus
369 2972 507 3002 inculcata
521 2971 635 3010 relatio,
653 2971 795 3009 famaeque
811 2970 1008 3008 praecurrentis
1021 2968 1151 3000 affatibus
1167 2969 1327 3009 divulgatur
1337 2992 1347 3008 ,

280 3017 311 3040 tu
333 3011 489 3048 praemissa,
509 3019 541 3041 ut
559 3010 713 3048 debueras,
731 3019 791 3039 non
810 3009 972 3046 attendens,
991 3018 1085 3047 neque
1108 3007 1203 3038 debita
1216 3007 1347 3038 conside-

281 3049 390 3078 ratione
405 3049 570 3087 discutiens,
589 3050 622 3080 &
636 3048 670 3079 ad
685 3048 889 3086 occupandum
904 3049 938 3078 &
953 3046 1157 3087 subjugandum
1170 3046 1272 3076 ditioni
1288 3046 1349 3078 Re-

278 3087 338 3127 giae
359 3087 495 3127 Regnum
520 3089 626 3126 ipsum,
646 3097 716 3118 tunc
738 3087 826 3126 Regis
841 3087 945 3118 auxilio
959 3085 1144 3124 destitutum,
1162 3085 1348 3117 vehementer

281 3125 415 3164 aspirans,
434 3127 467 3157 ὃ(
481 3127 598 3157 tandem
611 3126 646 3157 ad
661 3126 689 3156 id
705 3135 838 3157 exercens
852 3125 987 3163 porentiae
1001 3133 1058 3156 tuae
1073 3125 1162 3162 vireS,
1180 3125 1349 3155 venerabili-

281 3164 334 3194 bus
354 3163 482 3194 fratribus
503 3165 622 3203 nostris,
640 3165 773 3196 Roberto
792 3164 943 3204 Glasguen.
968 3163 1002 3194 &
1025 3162 1132 3193 Marco
1151 3162 1292 3194 Sodoren.
1309 3163 1349 3194 E-

303 3202 421 3241 iscopis,
446 3204 480 3234 &
494 3203 635 3234 nonnullis
645 3203 781 3242 Clericis,
800 3204 833 3234 &
847 3205 905 3234 aliis
920 3202 1044 3241 personis
1063 3201 1265 3233 Ecclesiasticis
1280 3202 1350 3233 dieti

281 3212 395 3280 Regni,
413 3249 444 3272 ut
459 3241 581 3285 dicitur,
595 3245 680 3281 captis
689 3243 738 3280 ,&
756 3242 941 3273 carceralibus
955 3241 1075 3272 vinculis
1089 3240 1194 3271 traditis
1209 3241 1349 3279 (quorum

283 3280 392 3318 aliquos
407 3304 416 3318 ,
442 3280 512 3310 sicut
535 3280 684 3319 asserirur,
707 3280 818 3318 squalor
844 3280 974 3311 Carceris
992 3279 1132 3310 violentus
1153 3280 1286 3317 extinxit)
1314 3290 1348 3311 ac

281 3320 367 3349 etiam
383 3320 530 3357 occupatis
544 3318 668 3355 Castris,
686 3320 735 3357 ὃς,
754 3328 839 3357 prout
856 3319 944 3350 fertur
981 3317 1185 3356 Monasteriis,
1202 3318 1296 3349 aliisve
1303 3329 1349 3349 re·-

279 3357 384 3403 ligiofis
399 3357 470 3388 locis
487 3367 573 3396 quam
588 3356 714 3395 pluribus
730 3357 825 3388 dirutis
841 3357 886 3388 seu
901 3343 1071 3395 destruetis,
1090 3366 1124 3387 ac
1137 3356 1268 3394 dampnis
1287 3367 1350 3398 gra-

280 3398 364 3427 vibus
376 3396 500 3427 e'usdem
514 3396 612 3433 Regni
626 3396 827 3426 habitaroribus
841 3397 984 3433 irrogatis,
1003 3397 1033 3426 in
1046 3395 1170 3435 ejusdem
1184 3395 1212 3425 R
1251 3396 1350 3434 nipar-

280 3436 356 3466 tibus
412 3434 527 3465 fficiales
549 3434 659 3474 Regios
679 3433 810 3473 posuisti,
829 3436 879 3472 qui
900 3429 1051 3474 Praelatos,
1069 3443 1189 3465 caeteros
1202 3433 1350 3473 Cericos,

281 3474 316 3504 &
331 3474 538 3505 Ecclefiasticas
553 3483 586 3503 ac
600 3475 683 3503 etiam
697 3473 840 3503 Seculares
853 3473 921 3504 dieti
936 3474 1034 3517 Regni
1055 3473 1184 3511 personas
1200 3473 1350 3504 multimo-

283 3512 325 3542 dis
339 3514 499 3551 perturbare
510 3511 646 3542 molestiis
655 3535 663 3549 ,
681 3512 714 3543 δε
729 3510 930 3542 afflictionibus
943 3514 1023 3542 variis
1039 3513 1074 3543 &
1086 3511 1199 3541 diversis
1211 3512 1350 3551 impetere

284 3559 345 3580 non
356 3559 503 3590 verentur,
520 3552 549 3581 in
564 3550 668 3581 divinae
682 3550 835 3589 Majestatis
846 3550 1088 3590 ostensam,Sedis
1101 3558 1269 3581 memorat-ae
1277 3561 1350 3581 con-

282 3595 442 3627 temptum,
459 3589 562 3629 Regiae
583 3589 673 3620 salutis
694 3589 727 3619 &
749 3589 835 3620 famae
850 3588 1044 3629 dispendium,
1058 3590 1127 3629 juris
1143 3589 1292 3628 injuriam,
1310 3589 1344 3621 &

283 3634 369 3664 grave
384 3628 544 3659 scandalum
559 3627 685 3658 fidelium
700 3627 898 3665 plurimorum.

324 3664 352 3694 R
387 3667 458 3697 alem
473 3669 566 3706 itaque
581 3666 818 3705 magnificentiam
831 3676 980 3705 rogamus,
999 3668 1033 3698 ὃς
1053 3667 1203 3697 hortamur
1225 3667 1348 3704 atterite,

284 3709 318 3731 ac
330 3675 508 3736 ogsecramus
522 3708 550 3736 in
565 3715 616 3744 eo,
636 3706 685 3744 qui
697 3703 739 3734 est
752 3706 885 3736 omnium
901 3716 967 3736 vera
981 3706 1065 3743 salus,
1084 3705 1211 3744 quatinus
1231 3704 1347 3734 solerter

283 3741 427 3785 attendens
439 3744 516 3781 quod
532 3753 566 3774 ex
580 3744 680 3774 debito
695 3742 843 3774 Pastoralis
858 3744 960 3774 Officii
974 3744 1077 3775 nostris
1087 3744 1212 3774 humeris
1233 3743 1344 3773 incum«

283 3777 390 3821 benus,
408 3781 441 3811 ad
457 3782 643 3813 conservanda
657 3783 691 3813 &
704 3781 885 3819 gubernanda
898 3783 1015 3814 sollicite
1029 3783 1124 3820 bona,
1138 3783 1257 3821 juraque
1278 3790 1348 3811 om·

285 3824 330 3846 nia
350 3816 482 3850 Ecclesiae
502 3821 665 3861 supradictae
690 3830 823 3852 tenemur
837 3845 847 3858 ,
866 3821 1004 3860 quodque
1027 3821 1139 3852 homini
1152 3844 1162 3858 ‚
1201 3820 1243 3850 lus
1261 3829 1348 3859 quarn

285 3853 481 3899 Deo-deffere
500 3869 560 3889 non
579 3859 742 3897 polsumus,
760 3868 816 3889 nec
835 3858 989 3898 debemus,
1007 3859 1159 3898 praedietos
1173 3830 1349 3898 ἕρὶίεοροε,

286 3891 435 3937 Clencos,
453 3896 485 3925 ὅ(
506 3897 634 3934 personas
656 3897 861 3929 Ecclesiasticas
874 3922 883 3936 ,
903 3908 976 3936 quos
994 3898 1087 3929 adhuc
1110 3896 1218 3928 Carcer
1237 3895 1348 3936 Regius

284 3937 361 3961 tenet
383 3932 518 3976 inclusOS,
537 3945 588 3974 pto
610 3936 737 3974 Divina,
754 3938 788 3968 &
810 3935 988 3974 Apostolicae
1009 3936 1107 3976 Sedis,
1125 3946 1159 3967 ac
1182 3935 1279 3966 nostra
1302 3945 1348 3965 re-

282 3977 426 4013 verentia,
445 3970 550 4015 sublato
573 3974 743 4006 difficultatis
767 3975 801 4006 δε
823 3975 964 4005 dilationis
984 3975 1115 4014 objectu,
1133 3975 1257 4014 benigne
1268 3973 1349 4004 resti-

282 4014 334 4078 ξιέν
336 4008 420 4077 {acras
418 4008 555 4076 11pristinae
572 4011 709 4051 libertati,
726 4013 874 4052 di&osque
887 4013 1035 4046 Officialae
1055 4013 1091 4045 de
1110 4012 1219 4053 Regno
1240 4012 1348 4044 Scotiae

357 4056 402 4077 ces
451 4056 587 4079 emorato.

1397 281 1489 325 randia
1510 282 1713 321 rependentem
1726 305 1736 321 ,
1762 293 1823 313 non
1845 285 1990 314 immerito
2010 283 2132 315 reddaris
2150 295 2297 326 acceptior
2311 310 2322 325 ,
2345 289 2452 327 gratior
2470 288 2538 317 Ἐάν.
2552 292 2570 321 i

1399 322 1527 359 abear1s3
1550 322 1584 352 ὅτ
1597 345 1608 360 ,
1631 330 1733 359 praeter
1754 321 1840 352 laudis
1861 323 1996 353 humanae
2018 325 2200 360 praeconium
2216 329 2242 362 ,ς
2257 326 2311 355 tibi
2332 327 2456 364 proinde

1380 367 1603 404 proventurum,
1617 359 1794 398 Apostolicae
1810 360 1889 391 Sedis
1903 361 2034 392 favorem
2055 362 2089 393 &
2102 364 2219 403 gratiam
2241 362 2327 401 possis
2342 365 2457 397 uberius

1404 408 1553 429 romereri.

1383 409 1403 436 p
1420 436 1450 467 Si
1462 445 1533 467 vero
1547 438 1577 467 in
1591 435 1696 480 eodem
1710 437 1816 477 Regno
1829 437 2006 477 Scotiae,vel
2019 437 2111 477 aliqua
2124 440 2181 478 ejus
2195 448 2273 479 parte
2288 440 2327 472 'us
2341 439 2457 480 aliquod

1382 473 1487 504 habere
1500 484 1528 505 te
1542 474 1650 514 asseris,
1668 476 1801 506 volumus
1816 476 1896 515 quod
1909 486 1973 507 tuos
1989 486 2186 515 procuratores
2199 480 2234 511 &
2287 481 2398 518 untim,
2420 481 2457 512 ad

1381 513 1440 543 hoc
1459 512 1609 550 specialiter
1630 513 1817 554 constitutos,
1837 525 1908 546 cum
1927 516 2065 546 omnibus
2083 517 2191 554 juribus
2213 518 2247 548 &
2269 520 2458 551 munimentis

1381 552 1435 582 tuis
1453 551 1618 595 ‘hujusmodi
1642 554 1789 592 negotium
1811 555 2060 594 contingentibus,
2078 555 2150 585 infra
2167 555 2213 586 sex
2235 557 2363 597 menses,
2381 558 2458 589 eire-

1383 599 1518 628 ceptione
1529 591 1708 628 praesentium
1722 592 1927 631 numerandos,
1944 592 1980 623 ad
1995 593 2125 624 nostram
2148 594 2323 632 praesentiam
2344 597 2459 628 mittere

1382 637 1443 659 non
1456 630 1586 667 omittas,
1604 639 1674 661 curn
1692 631 1776 668 parati
1790 631 1882 661 sumus
1894 632 1962 670 tibi,
1984 641 2120 670 tanquam
2133 632 2240 663 dilecto
2257 633 2350 673 Filio,
2369 636 2455 673 plene

1383 666 1462 705 super
1480 667 1626 706 praemissis
1649 669 1782 700 exhibere
1798 669 1913 707 justitiae
1934 671 2186 709 complementum
2201 694 2212 710 ,
2232 672 2266 703 δι’.
2281 673 2362 712 jura,
2379 674 2458 714 fiqua

1383 706 1486 744 habes,
1501 707 1700 738 inviolabiliter
1715 707 1872 739 observare.

1421 744 1492 775 Nos
1512 747 1592 775 enim
1612 746 1815 777 nichilominus
1837 755 1872 776 ex
1895 756 1972 777 nunc
1987 747 2065 786 lites,
2081 747 2274 788 quaestiones,
2289 749 2325 780 ὃ(
2338 758 2459 782 contro-

1384 784 1484 814 versias
1498 784 1650 822 quassibet,
1665 786 1738 816 inter
1750 793 1794 822 te,
1812 784 1981 823 dierumque
1996 786 2134 825 Regnum
2154 787 2281 826 Scotiae,
2299 798 2333 819 ac
2354 788 2458 820 Praela-

1384 830 1449 861 tos,
1463 822 1595 854 Clericos
1627 833 1661 853 ac
1682 823 1810 861 personas
1833 824 1977 854 Seculares
1999 824 2124 862 ejusdem
2139 850 2149 863 ,
2167 826 2314 865 subortas,
2332 827 2368 858 &
2390 838 2460 867 quae

1384 861 1501 899 possunt
1515 846 1705 899 imposterum
1720 871 1755 891 ex
1768 861 1908 900 quibusvis
1921 861 2006 892 caulis
2020 864 2168 900 praeteritis
2178 867 2460 906 exoriri,t0tumque

1384 901 1535 939 negotium
1551 900 1685 938 praedicta
1698 902 1882 939 contingens,
1900 910 1947 931 aut
1968 901 2084 939 aliquod
2105 902 2284 944 eorundem,
2300 905 2335 935 ad
2356 907 2460 945 cogni-

1385 939 1496 970 tionem
1510 939 1544 970 &
1558 939 1826 969 determinationem
1842 938 1921 977 Sedis
1935 939 2078 978 ejusdem,
2094 941 2274 979 praesentium
2288 951 2459 983 tenore,re-

1384 976 1533 1016 ducimus,
1551 978 1585 1008 &
1599 979 1684 1009 etiam
1698 977 1886 1016 reservamus3

1421 1015 1616 1048 Decernentes
1629 1017 1741 1048 irritum
1754 1017 1788 1048 &
1803 1017 1900 1054 inane,
1918 1015 1938 1047 fi
1952 1015 2029 1048 secus
2042 1016 2178 1057 scienter,
2196 1018 2242 1051 vel
2256 1019 2418 1060 ignoranter
2433 1022 2452 1052 ὶ

1386 1064 1534 1095 quoquam
1549 1057 1579 1086 in
1593 1055 1647 1087 hac
1661 1064 1740 1094 parte
1754 1056 1904 1096 contigerit
1915 1056 2081 1094 attemptari.

1422 1131 1491 1165 Dat.
1505 1132 1644 1172 Anagniae
1660 1141 1687 1172 5.
1705 1131 1771 1164 Kal.
1782 1131 1868 1172 Julii,
1885 1131 1993 1164 Pontif.
2007 1132 2097 1164 nostri
2110 1143 2191 1164 anno
2203 1134 2319 1173 quinto.

2086 1210 2142 1241 Sub
2152 1209 2208 1252 filo
2227 1211 2356 1243 canaheo.

1387 1338 1415 1366 ’ΝΞ
1442 1339 1615 1385 Ratificatio
1633 1340 1781 1373 traaams
1792 1342 1878 1386 pacis
1901 1336 2000 1371 habiti
2017 1338 2101 1385 apud
2118 1335 2336 1383 Musteroliuin
2352 1353 2456 1376 coram
2481 1334 2570 1374 ''H-84

1637 1389 1776 1435 Eptfi‘opo
1793 1391 1830 1422 V
1828 1391 1953 1420 icentino
1976 1390 2056 1434 Papa
2074 1389 2206 1423 Nuncio.

1448 1473 1556 1506 Dward
1573 1497 1583 1513 ,
1598 1483 1645 1513 par
1664 1473 1690 1504 la
1712 1483 1798 1511 grace
1819 1472 1857 1503 de
1878 1472 1947 1503 Deu
1963 1497 1972 1512 ‚
1991 1471 2062 1512 Roy
2083 1472 2280 1512 d’Engletei-re
2292 1498 2303 1515 ,
2320 1475 2458 1517 Seigneur
2478 1469 2570 1503 Am]

1466 1513 1605 1552 d‘Irland,
1622 1522 1639 1542 e
1652 1511 1734 1543 Ducs
1749 1511 1946 1550 d'Aquitaine,
1965 1522 1981 1542 e
1996 1511 2122 1543 Edward
2142 1512 2192 1543 sun
2213 1512 2277 1553 filz,
2296 1514 2399 1546 fasoms
2417 1517 2458 1548 sa—
2508 1518 2570 1549 129!

1386 1553 1451 1583 voir
1470 1564 1485 1583 a
1507 1560 1577 1583 touz
1590 1575 1600 1590 ,
1627 1550 1742 1591 presenz
1755 1561 1771 1582 e
1786 1552 1881 1581 avenir
1916 1551 1967 1589 qui
1982 1560 2029 1580 ces
2043 1549 2138 1582 lettres
2150 1551 2267 1584 'verront
2279 1554 2314 1586 &
2335 1563 2439 1586 orront
2477 1552 2531 1577 Aa.
2544 1558 2570 1586 ²2

1386 1601 1443 1630 que
1462 1601 1549 1622 come
1568 1591 1605 1621 les
1626 1590 1799 1621 Procureurs
1820 1590 1857 1620 de
1876 1574 2025 1620 ssxcellent
2039 1587 2145 1621 Prince
2159 1589 2307 1643 Philippe3
2325 1603 2374 1631 par
2389 1580 2457 1624 cele²
2478 1591 2507 1615 E.
2533 1597 2556 1615 ¹·

1387 1630 1495 1661 rnesme
1508 1639 1606 1670 grace,
1623 1628 1692 1669 Roy
1707 1629 1743 1660 de
1757 1629 1880 1667 France,
1900 1628 1998 1659 nostre
2013 1627 2135 1660 trescher
2157 1627 2254 1670 Cosyn
2274 1630 2360 1663 dune
2377 1641 2454 1672 part,
2478 1630 2519 1653 Ex
2539 1629 2570 1654 3⁸

1386 1679 1404 1699 e
1416 1679 1476 1700 noz
1489 1669 1682 1699 Procureours
1698 1667 1822 1707 d'autre,
1838 1676 1920 1709 ayerit
1935 1667 1994 1698 este
2007 1667 2078 1706 faiz,
2097 1678 2133 1698 en
2149 1667 2174 1698 la
2186 1667 2321 1707 presence
2340 1670 2378 1701 de
2398 1670 2455 1702 ho-
2475 1664 2530 1692 ‘1⁹²⁴
2539 1665 2570 1709 ,¹⁵7¹

1388 1707 1506 1738 norable
1523 1707 1595 1738 Pete
1610 1706 1750 1746 Renaud,
1789 1717 1817 1736 ar
1830 1706 1936 1737 mesme
1949 1706 1975 1736 la
1998 1716 2100 1746 grace,
2117 1706 2249 1746 Evesque
2269 1707 2305 1740 de
2325 1708 2455 1742 Vincen-
2469 1706 2561 1745 Tum„

1385 1757 1439 1786 ce,
1455 1747 1575 1784 envoie,
1593 1745 1628 1777 de
1649 1744 1746 1776 nostre
1793 1756 1839 1776 ere
1858 1744 2043 1784 l'Apostolle,
2063 1755 2092 1776 es
2113 1746 2213 1785 parties
2226 1745 2296 1785 deca
2310 1746 2350 1778 les
2362 1758 2457 1780 monz

1386 1796 1439 1824 por
1453 1796 1505 1825 ce,
1523 1795 1616 1816 aucun
1629 1792 1948 1823 acorz,c0venauncez
1986 1794 2002 1815 e
2015 1783 2206 1823 ordenances,
2224 1795 2383 1818 contenues
2393 1787 2457 1826 plus

1384 1824 1560 1863 pleinenient
1577 1834 1605 1854 es
1620 1823 1715 1854 lettres
1726 1847 1736 1863 ,
1751 1823 1832 1855 scetes
1846 1822 1885 1853 du
1899 1807 1967 1853 Sees
1976 1822 2014 1853 du
2030 1823 2072 1854 dit
2088 1822 2236 1864 Evesque,
2253 1834 2270 1856 e
2288 1825 2337 1856 des
2357 1826 2453 1859 Seaux

1384 1863 1433 1894 des
1445 1863 1506 1895 ditz
1520 1862 1730 1901 Procureours,
1748 1861 1821 1893 dont
1834 1861 1860 1893 la
1874 1862 1968 1892 forme
1983 1861 2120 1894 s’ensieut.

1444 1939 1535 1970 Touz
1554 1949 1638 1978 ceuS,
1657 1940 1705 1978 qui
1727 1948 1773 1969 ces
1793 1939 1933 1977 presentes
1952 1939 2046 1970 lettres
2065 1946 2186 1970 verront
2200 1949 2239 1970 ou
2254 1947 2376 1980 orront,
2392 1938 2455 1972 Re-

1459 1978 1551 2018 naud,
1568 1989 1615 2017 par
1630 1979 1655 2008 la
1670 1977 1811 2009 suffrance
1827 1977 1863 2008 de
1878 1977 1973 2017 Dieu,
1991 1977 2123 2017 Evesque
2138 1976 2175 2009 de
2189 1978 2355 2019 Vincence,
2372 1978 2455 2010 Mes-

1382 2016 1472 2056 sagoe,
1489 2015 1549 2052 &a
1566 2025 1650 2057 prout
1665 2017 1750 2058 Jiapra
1773 2017 1804 2047 de
1825 2017 1884 2047 dat.
1904 2015 1990 2057 mens}
2005 2016 2110 2058 Junii,
2124 2015 2204 2057 usque
2226 2017 2268 2047 ad
2278 2016 2335 2048 haec
2347 2017 2456 2058 verba,

1383 2066 1447 2086 Ulz.

1417 2093 1524 2133 Nous,
1543 2105 1560 2126 e
1574 2095 1694 2126 chascun
1707 2094 1743 2126 de
1757 2105 1847 2134 nouS,
1864 2105 1920 2134 por
1932 2095 2000 2126 bien
2013 2093 2050 2125 de
2072 2093 2159 2133 Pees,
2176 2102 2269 2126 toutes
2291 2094 2330 2126 les
2353 2094 2454 2126 choses

1382 2132 1460 2164 desus
1475 2134 1629 2174 escrites‚e
1645 2133 1767 2165 chascun
1779 2134 1890 2165 d'iceles
1904 2144 1940 2165 en
1956 2141 2127 2173 tant,come
2144 2133 2198 2164 eles
2211 2133 2350 2165 touchent
2358 2143 2452 2174 nous,

1383 2181 1400 2202 e
1416 2172 1537 2203 chascun
1553 2173 1589 2204 de
1601 2183 1690 2211 nous,

1420 2210 1590 2250 Ratifioms,
1610 2221 1756 2250 agreoms,
1775 2210 1896 2250 disoms,
1916 2219 2127 2250 promettomS,
2145 2212 2180 2243 δε
2194 2211 2330 2250 juroms,
2348 2221 2366 2242 e
2388 2212 2454 2241 rati-

1383 2248 1436 2288 fie,
1454 2260 1555 2289 agree,
1572 2252 1630 2290 dir,
1647 2251 1770 2289 promis,
1789 2251 1895 2289 &jure
1907 2259 2025 2288 avorm,
2043 2259 2079 2280 en
2094 2250 2119 2280 la
2133 2259 2308 2289 manere,qe
2325 2249 2381 2280 eles
2388 2249 2453 2281 sont

1383 2288 1524 2319 acordees.

1421 2326 1466 2366 E,
1485 2338 1591 2358 encore
1625 2337 1687 2358 noz
1706 2336 1790 2358 amez
1811 2336 1827 2357 e
1846 2326 1959 2366 loiaux,
1993 2325 2070 2357 ohan
2091 2325 2128 2357 de
2151 2325 2304 2366 Garenne,
2320 2326 2454 2358 Thomas

1383 2366 1424 2410 de·
1434 2352 1608 2410 Lancastre,’
1621 2365 1748 2396 Contes:
1768 2366 1801 2397 δε
1817 2365 1913 2395 Henri
1928 2365 1964 2395 de
1977 2404 1982 2409 ·
2007 2364 2132 2395 ancastre
2146 2364 2300 2404 Chivaler,
2317 2374 2371 2396 ont
2386 2376 2455 2404 pro-

1384 2415 1439 2435 mis
1453 2415 1469 2435 e
1478 2416 1556 2444 jure,
1576 2415 1613 2435 en
1627 2405 1722 2435 nostre
1737 2404 1885 2443 presence,
1904 2414 1959 2443 que
1975 2403 1995 2433 il
2013 2404 2239 2442 porchaccront,
2257 2414 2294 2434 en
2308 2404 2423 2435 bonefo
2442 2428 2454 2444 ‚

1385 2445 1493 2513 quale?
1506 2444 1568 2475 ditz
1582 2445 1719 2483 mariages
1732 2444 1758 2474 se
1772 2442 1932 2482 parfacent,
1949 2442 2044 2473 selonc
2057 2442 2082 2472 la
2095 2444 2316 2481 pronunciation
2334 2441 2371 2474 de
2390 2442 2409 2474 l’
2439 2460 2454 2468 -

1405 2493 1424 2513 o
1452 2494 1471 2513 o
1483 2494 1507 2516 e,

1385 2493 1404 2523 p
1424 2521 1480 2552 Les
1494 2521 1588 2560 queles
1603 2520 1790 2563 ratifiement,
1809 2528 1989 2560 agreement,
2008 2519 2166 2558 promessee
2186 2521 2220 2552 &
2241 2519 2419 2559 serernentz,
2433 2520 2454 2551 li

1384 2560 1426 2591 dit
1439 2560 1584 2599 Evesque,
1605 2570 1693 2590 corne
1708 2560 1830 2599 message
1844 2559 1883 2589 du
1897 2560 1938 2590 dit
1953 2558 2043 2597 Pape,
2062 2569 2098 2589 en
2112 2559 2138 2590 la
2151 2559 2284 2597 presence
2299 2558 2336 2590 de
2356 2560 2454 2590 hono-

1384 2599 1461 2630 rable
1475 2599 1565 2638 Pere,
1579 2598 1606 2638 J.
1617 2609 1664 2637 par
1680 2599 1704 2629 la
1718 2608 1801 2635 grace
1814 2597 1850 2628 de
1866 2597 1944 2629 Dieu
1953 2621 1963 2638 ‚
1981 2597 2111 2636 Evesque
2125 2597 2161 2628 de
2176 2597 2348 2636 Carcasson,
2357 2597 2454 2629 Mon·-

1384 2638 1494 2678 seIgnur
1505 2638 1576 2676 jaqe
1591 2637 1627 2668 de
1642 2636 1808 2668 Chastellon
1821 2636 1954 2675 seigneur
1968 2636 2002 2668 de
2016 2636 2107 2667 Leuse
2120 2647 2137 2667 e
2150 2636 2189 2668 de
2198 2635 2344 2676 Coonde,
2358 2635 2454 2668 Mon·

1387 2677 1499 2714 seignur
1522 2676 1594 2707 Pere
1609 2676 1646 2708 de
1666 2676 1837 2716 Beleperche
1851 2677 1988 2707 chanoine
1999 2675 2036 2706 de
2046 2675 2188 2715 Bourgoe,
2206 2676 2329 2706 envoiez
2344 2685 2398 2714 pur
2418 2684 2454 2706 ce

1387 2726 1437 2754 par
1453 2716 1478 2746 le
1498 2714 1563 2756 Rey
1583 2715 1620 2746 de
1641 2716 1663 2746 F
1666 2725 1749 2746 rance
1771 2725 1808 2745 en
1821 2724 1867 2745 ces
1882 2716 1998 2753 parties,
2013 2722 2127 2752 receut,
2146 2724 2186 2744 ou
2201 2723 2275 2744 nom
2288 2724 2305 2744 e
2319 2724 2353 2744 au
2366 2713 2453 2752 profit

1385 2754 1425 2824 gu
1439 2754 1482 2786 dit
1495 2754 1564 2795 Roy
1580 2753 1617 2784 de
1630 2754 1757 2793 France,
1774 2752 1936 2793 Margarete
1949 2753 1972 2784 sa
1985 2752 2064 2792 soer,
2081 2751 2197 2783 Isabelle
2209 2751 2236 2782 sa
2249 2751 2306 2782 fine
2329 2751 2451 2783 devant-

1406 2804 1464 2825 ires.

1426 2832 1469 2871 E,
1486 2842 1573 2863 come
1597 2831 1615 2861 il
1636 2831 1689 2862 soit
1709 2839 1853 2862 contenue
1873 2840 1902 2861 es
1921 2830 2012 2861 lettres
2024 2829 2103 2860 desus
2115 2828 2245 2868 escrites,
2263 2838 2300 2868 qe
2315 2838 2386 2859 nous
2402 2828 2452 2860 de-

1385 2881 1471 2902 voms
1483 2870 1543 2902 dire
1556 2881 1572 2901 e
1606 2878 1743 2901 romettre
1758 2870 1892 2901 certeines
1907 2868 2002 2899 choses
2014 2867 2161 2899 d’amistez
2175 2878 2211 2898 en
2226 2868 2251 2898 la
2266 2867 2399 2907 presence
2410 2867 2450 2899 du

1384 2910 1425 2941 dit
1440 2909 1570 2948 Evesque
1605 2919 1622 2940 e
1635 2908 1779 2947 Vincenr,
1795 2918 1812 2938 e
1824 2907 1872 2938 des
1887 2917 1973 2945 gentz
1987 2907 2026 2937 du
2040 2906 2110 2947 Roy
2124 2906 2161 2938 de
2175 2906 2302 2946 France,

1423 2947 1531 2987 Nous,
1550 2958 1585 2979 en
1600 2947 1625 2979 la
1641 2947 1774 2986 presence
1788 2946 1824 2977 de
1838 2946 1944 2977 mesme
1958 2955 2045 2985 ceux,
2062 2955 2163 2976 avoms
2176 2944 2235 2985 dit,
2253 2955 2270 2976 e
2301 2945 2390 2976 i'omis
2403 2954 2453 2977 ce-

1385 2988 1418 3057 les
1425 2987 1543 3056 megtlnes
1559 2987 1676 3027 choses,
1693 2986 1750 3018 enfi
1765 2995 1852 3018 come
1867 2985 1922 3016 eles
1935 2985 1995 3016 sont
2018 2992 2192 3023 contenues,
2209 2994 2226 3015 e
2245 2983 2266 3015 d
2294 2994 2325 3015 us
2343 2983 2455 3016 escrites

1385 3037 1402 3058 e
1432 3037 1475 3057 eci
1502 3035 1590 3056 ment.

1412 3037 1472 3096 pEn
1488 3066 1646 3105 tesmoigne
1659 3063 1709 3095 des
1742 3062 1817 3094 ueles
1833 3062 1931 3093 choses
1944 3072 2030 3102 nous,
2047 3061 2214 3094 devantditz
2221 3061 2299 3101 Reys
2313 3059 2449 3101 d’Engle-

1387 3112 1477 3144 terre,
1494 3114 1511 3134 e
1527 3103 1652 3135 Edward
1665 3102 1704 3133 [ω
1739 3103 1844 3141 lz,p0r
1857 3110 1916 3140 tant
1930 3111 2015 3132 come
2027 3101 2045 3132 il
2059 3100 2167 3133 touche
2180 3100 2303 3133 chascun
2317 3098 2355 3130 de
2361 3109 2455 3138 nous,

1384 3153 1484 3176 avoms
1499 3143 1554 3173 mis
1567 3152 1620 3174 nos
1634 3142 1719 3174 Seaus
1732 3151 1748 3172 a
1759 3142 1797 3172 ses
1814 3140 1950 3179 presentes
1964 3140 2083 3172 Lettres.

1387 3220 1543 3291 RDonees
1556 3230 1572 3251 a
1585 3218 1763 3258 Cantirbire,
1781 3217 1808 3249 le
1823 3217 2009 3257 quatonisme
2018 3216 2087 3255 jour
2100 3215 2200 3256 deJuil
2209 3239 2219 3255 ,
2236 3215 2292 3248 l’an
2305 3215 2342 3247 de
2356 3213 2453 3247 nostre

1420 3270 1492 3300 egne
1506 3269 1554 3299 27.

1386 3390 1492 3422 Litera
1511 3385 1645 3432 Epiftopi
1674 3387 1710 3418 V
1709 3387 1830 3417 icentim'
1846 3411 1856 3427 ‚
1892 3381 2045 3429 testificans
2064 3381 2274 3416 Traditionem
2294 3377 2452 3426 Johanm's

1433 3435 1469 3469 de
1495 3434 1618 3467 Balliolo
1636 3460 1645 3475 ,
1672 3432 1749 3467 dic‘lo
1773 3432 1913 3481 Epifiopo
1931 3432 2055 3478 fastam
2077 3458 2089 3475 ,
2114 3429 2284 3478 secundum
2308 3428 2451 3474 formam

1430 3482 1573 3518 mandati
1596 3485 1695 3530 Regis.

1458 3567 1601 3606 Niversis,
1620 3568 1768 3606 praesentes
1783 3568 1885 3599 litteras
1906 3567 2067 3606 inspeeturis
2089 3564 2138 3597 vel
2158 3563 2309 3602 audituris,
2326 3560 2450 3606 Raynal-
2472 3579 2540 3611 Am
2556 3576 2570 3612 1

1474 3608 1541 3645 dus,
1559 3606 1742 3645 permissione
1756 3606 1871 3646 divini,
1888 3606 2043 3645 Episcopus
2067 3604 2254 3642 Vicentinus,
2272 3599 2449 3640 Apostolicae
2498 3603 2570 3659 129'9

1386 3647 1455 3679 sedis
1471 3646 1623 3683 Nuncius,
1642 3646 1757 3676 salutem
1769 3648 1798 3676 in
1812 3645 1944 3676 Domino
1957 3645 2166 3682 sempiternam.
2214 3680 2221 3686 ·
2466 3663 2509 3687 An
2535 3667 2567 3695 ²7

1423 3684 1469 3716 Ad
1484 3685 1682 3715 Universitatis
1698 3684 1800 3715 vestrae
1813 3686 1939 3716 notitiam
1952 3683 2086 3716 volumus
2099 3688 2269 3720 pervenire,
2284 3676 2382 3716 quod,
2399 3687 2448 3722 ac-
2465 3702 2487 3726 E
2513 3681 2530 3726 ἰ

1384 3725 1490 3756 cedens
1502 3724 1536 3753 ad
1554 3722 1678 3753 nostram
1694 3724 1867 3760 praesentiam
1883 3722 1955 3761 apud
1967 3722 2131 3762 Wycsand,
2147 3721 2176 3750 in
2190 3718 2298 3762 Regno
2307 3715 2447 3755 Franmae,
2466 3720 2507 3765 E}
2527 3734 2570 3764 on·

1385 3762 1505 3794 Nobilis
1521 3761 1591 3800 Vir,
1609 3761 1755 3793 Dominus
1770 3762 1913 3793 Robertus
1926 3761 1963 3791 de
1974 3758 2135 3799 Bourghsth
2158 3755 2262 3800 Mllesa
2280 3753 2447 3800 Copstabq-
2465 3762 2570 3804 Peme}

1384 3802 1465 3833 iarius
1485 3799 1578 3831 Castri
1599 3799 1801 3838 Dovoriensis,
1818 3800 1852 3832 ad
1873 3800 1945 3831 infra
1965 3799 2073 3837 scripui¹
2085 3795 2196 3828 illustris
2217 3792 2342 3824 Domini
2356 3793 2445 3834 Regis
2464 3822 2558 3844 mmm

1385 3840 1497 3880 Angliae
1510 3838 1684 3871 Procurator
1696 3839 1861 3871 constitutus
1876 3840 1906 3870 in
1921 3837 1976 3868 hac
1990 3834 2102 3874 forma,

1386 3916 1584 3997 Esspvrflssd'
1608 3917 1702 3959 gaila
1721 3925 1803 3957 grace
1824 3914 1862 3948 de
1883 3914 1989 3953 Dieu,
2013 3913 2075 3954 ὅτε.
2112 3914 2146 3940 ut
2165 3908 2200 3941 de
2219 3897 2280 3940 dat.
2303 3919 2352 3952 14.
2369 3909 2444 3950 Jun.
