2570 4261
281 155 361 204 176

134 234 209 266 Arm.
221 232 261 263 D.
278 235 355 267 causa
371 235 493 266 levitima
514 234 547 264 &
568 230 683 268 salubri,
698 229 732 260 ad
753 230 853 261 nullius
868 229 1079 268 requisitionem
1091 228 1137 259 vel
1151 227 1326 265 instantiam,

159 279 242 311 1253.
298 276 391 313 roprio
399 261 492 304 t'motu
513 272 645 307 fecimus,
662 268 681 288 ¹¹²
696 269 804 306 plenam
826 270 858 299 ὃς
872 268 1062 299 inviolabilem
1075 267 1231 309 firmitatem
1246 266 1327 296 volu-

135 316 198 338 Hm.
217 321 242 346 3·
288 323 370 343 umus
389 312 532 347 obtinere3
550 309 587 338 set
606 316 699 338 tamen
721 307 756 337 ad
773 307 834 337 alias
852 307 1027 344 collationes,
1046 307 1079 337 ὃς
1100 304 1264 347 εὶεὲὶιοῃεε,
1280 305 1326 334 seu

136 349 152 364 ⁴
161 350 184 376 I.
199 350 264 384 496.
281 351 587 390 praesentationes,quas
600 356 616 376 a
627 355 824 385 quocumque,
835 346 871 376 de
884 354 989 376 caetero
1004 344 1060 374 fieri
1073 344 1238 382 contigerit,
1250 342 1326 372 idem

281 389 412 419 statutum
435 386 586 416 nullatenus
598 384 778 422 extendatur,
791 393 844 414 nec
856 384 1043 414 saiifflonibus
1056 382 1226 419 canonicis,
1244 390 1329 419 prop-

278 436 319 457 ter
339 425 444 463 ipsum,
461 425 490 453 in
511 422 655 460 posterum
668 423 779 461 aliquod
793 421 985 460 praeudicium
995 430 1149 461 generetur.

318 463 455 492 Praeterea
475 462 550 491 nulla
571 460 730 501 privilegia,
744 461 788 491 vel
808 462 838 490 in
858 461 1006 500 ulgentiae,
1024 460 1067 490 seu
1083 460 1168 489 liter-e
1186 457 1330 496 Apostoli-

281 511 325 532 cae
345 500 428 538 sedis,
445 500 491 531 vel
511 499 683 538 Legatorum
705 500 778 536 ejus,
793 497 842 528 sub
863 507 1040 536 quacumque
1054 498 1146 527 forma
1160 497 1329 532 verborum,

280 540 316 569 de
338 547 442 569 caetero
455 537 644 575 impetranda,
659 536 790 567 obsistant
805 538 920 574 praefato
934 535 1053 573 statuto,
1069 545 1136 565 cum
1148 535 1203 571 jam
1214 535 1330 573 plenum

277 578 338 616 jus,
355 587 404 615 per
425 576 583 614 hujusmodi
603 576 798 613 collationem,
815 582 861 604 aut
880 575 1065 610 electionem,
1080 574 1124 603 seu
1143 573 1334 611 praesentatio-

280 625 347 645 nern
362 615 518 653 acquiratur
532 614 652 654 personis
665 612 766 642 eisdem
775 636 784 651 ,
802 613 834 643 &
851 612 917 642 illud
931 613 969 642 eis
983 612 1043 641 tolli
1057 621 1116 641 non
1132 610 1215 649 possit
1231 611 1331 650 absque

279 653 369 684 divini
391 653 496 684 offensi
515 652 637 682 nominis
643 674 653 689 ,
672 651 704 681 &
720 650 894 690 Apostolicae
909 650 975 680 sedis
990 650 1088 687 injuria
1102 649 1270 679 manifesta.-

317 692 393 722 Non
415 693 490 722 enim
515 690 730 727 nichilominus,
749 689 768 718 si
781 689 883 727 aliquid
896 689 973 728 super
985 688 1053 725 hiis,
1071 697 1170 718 contra
1183 687 1331 726 praefatum

277 729 410 761 statutum
434 730 585 765 contigerit
605 724 779 766 attemptari,
797 737 858 757 nori
871 727 960 758 solum
974 727 1082 756 irritum
1096 726 1130 756 &
1141 727 1222 757 inane
1235 725 1332 755 decer-

279 769 386 805 nimus,
404 766 442 798 set
464 777 579 804 ornnes,
596 767 644 805 qui
665 766 861 795 contravenire
877 764 1112 804 praesumpserint,
1130 765 1233 795 divinae
1246 765 1331 794 male-

278 806 398 837 dictioni
417 807 452 836 ὅτ
466 805 568 835 nostrae
582 804 712 835 volumus
725 803 881 841 subjacere,
899 803 1063 842 licitumque
1077 803 1108 833 sit
1122 804 1203 834 vobis
1217 805 1330 833 univer-

279 844 327 882 sis,
346 846 379 876 &
401 844 526 883 singulis,
545 842 675 882 tanqu'am
695 841 813 879 nostris,
830 843 859 871 in
880 842 933 872 hac
946 850 1039 882 parte,
1057 842 1205 878 ministris,
1224 840 1330 871 nostras

276 882 323 913 seu
341 883 511 922 Legatorum
528 880 690 912 nostrorum
704 880 823 911 lacerare
836 880 950 917 litteras,
963 880 1063 918 siquae,
1078 879 1180 911 statuto
1194 880 1244 918 ipli
1259 889 1330 910 con-

278 922 383 959 trariae,
402 921 498 958 vobis,
516 929 562 951 aut
577 920 659 950 alicui
673 918 798 949 vestrum
813 918 916 948 fuerint
928 919 1101 956 praesentatae.

316 959 543 989 Canonicatuum
566 958 689 995 insuper,
707 959 739 989 &
762 957 994 994 Praebendarum,
1013 967 1045 987 ac
1061 956 1279 995 beneficiorum,
1296 956 1329 986 &

273 998 394 1028 aliorum
409 997 609 1035 praedleromm
624 995 771 1035 poffeffio,
790 995 858 1026 sicut
873 995 1041 1033 praedid’tum
1055 994 1112 1033 est,
1131 996 1330 1026 nichilominus

276 1038 412 1074 intretur,
431 1046 463 1066 ac
484 1036 630 1066 retineatur
647 1035 748 1071 libere,
764 1044 823 1064 non
837 1033 1009 1064 obstantibus
1022 1033 1102 1063 literis
1121 1035 1290 1064 memoratis.

312 1074 504 1112 Saeoedichm
519 1083 588 1103 vero
603 1073 733 1103 staturum
747 1072 781 1102 ad
794 1071 991 1110 Pontificatus,
1010 1072 1043 1102 &
1058 1072 1206 1111 Abbatias,
1223 1072 1256 1103 ὅτ.
1269 1072 1331 1103 alias

276 1113 410 1152 regulares
431 1112 542 1143 extendi
555 1111 686 1142 volumus
699 1111 852 1150 dignitates.

316 1151 376 1181 Vos
389 1153 497 1188 itaque,
515 1151 596 1180 frater
611 1149 764 1189 Episcope,
779 1159 812 1180 ac
827 1148 877 1178 filii
892 1147 1076 1187 Capitulum,
1093 1149 1125 1179 &
1140 1147 1269 1187 Praelati,
1284 1149 1329 1180 seu

278 1189 403 1229 Patroni,
420 1189 553 1220 statutum
565 1187 669 1226 ipsum,
683 1197 766 1227 prout
779 1187 906 1226 expedire
921 1186 1225 1225 videritis‚auc‘toritate
1237 1187 1329 1219 nostra

275 1227 389 1258 fideliter
409 1229 441 1259 ὃ(
454 1228 598 1266 diligenter
611 1227 707 1265 exequi
723 1225 859 1256 studeatis.

314 1304 382 1373 ldDat.
405 1305 530 1335 Lateran.
551 1304 632 1334 tertio
652 1302 737 1334 Non.
755 1302 922 1334 Novembr.
943 1301 1127 1333 Pontificatsis
1151 1301 1239 1333 nostri
1254 1313 1329 1333 anno

274 1353 313 1373 un
334 1353 437 1374 ecimo.

399 1481 447 1512 De
468 1478 662 1526 disputatione
683 1482 764 1526 Papa
781 1482 817 1518 ὠ
835 1482 920 1527 Regis
939 1478 973 1511 de
983 1479 1049 1524 fiais
1066 1458 1207 1513 aeiatibus.

126 1571 202 1602 Ann.
213 1571 253 1603 D,
300 1564 484 1596 Nnocentius
498 1565 671 1604 Episcopus,
691 1564 781 1595 servus
797 1563 940 1595 servorum
956 1563 1030 1602 Dei,
1049 1563 1188 1594 cariffimo
1200 1565 1228 1594 in
1243 1563 1330 1595 Chri-

146 1620 229 1651 1253,
316 1603 360 1634 sto
382 1603 440 1634 filio
597 1604 672 1643 Regi
697 1603 857 1643 Anglorum
877 1602 991 1640 illustri,
1008 1602 1121 1634 salutem
1135 1603 1167 1634 &
1184 1602 1328 1641 Apostoli-

124 1654 175 1677 An.
194 1651 235 1686 38,
267 1651 339 1673 ‘carn
352 1642 600 1683 benediffionem,

125 1693 159 1714 H.
182 1698 193 1724 3
309 1681 432 1719 Regiam
443 1681 638 1722 gratitudinem
652 1680 734 1720 digna
746 1680 891 1719 gratiarum
904 1679 1015 1710 afflone
1028 1679 1237 1718 prosequimur,
1255 1690 1329 1719 quae,

124 1729 163 1752 Ex
273 1719 469 1758 Apostolicam
490 1719 583 1750 sedem
606 1721 634 1750 in
656 1728 702 1749 tua
721 1729 786 1749 reco
807 1719 922 1748 noscens
943 1727 1079 1757 gratanter
1092 1727 1157 1748 vota
1172 1719 1328 1755 proclivem

123 1772 186 1801 ιαμ.
272 1758 351 1798 super
364 1758 432 1796 hiis,
448 1768 511 1798 quae
524 1758 640 1789 honeste
656 1756 782 1797 postulari
804 1767 819 1787 a
830 1756 1002 1795 decreveris,
1021 1757 1146 1787 favorem
1161 1756 1211 1787 tibi
1221 1767 1255 1787 ex
1271 1758 1328 1787 hoe

272 1797 439 1827 benivolum
451 1797 617 1828 vendicavit.

308 1834 512 1873 perpendimus
527 1837 602 1866 enim
620 1834 696 1873 quod
711 1833 822 1874 plenam
837 1833 874 1863 de
888 1833 969 1863 nobis
983 1832 1037 1870 spei
1054 1833 1105 1863 tibi
1119 1833 1251 1864 fiduciam
1267 1833 1328 1873 sug-

271 1875 341 1914 gerit
356 1875 491 1904 linceritas
506 1873 606 1912 filialis,
624 1873 760 1903 affectum
776 1871 902 1902 nostrum
915 1871 949 1902 ad
963 1880 1019 1901 tuae
1035 1872 1207 1912 beneplacita
1224 1872 1327 1902 volun-

271 1913 333 1942 tatis
352 1911 515 1951 astringens,
532 1921 577 1950 ut,
595 1912 665 1942 sicut
678 1911 832 1942 secundum
843 1910 943 1941 Deum
956 1911 1123 1949 porerimus,
1142 1920 1212 1942 voto
1227 1912 1278 1942 tibi
1293 1912 1326 1942 &

272 1960 358 1989 opere
372 1951 537 1988 placeamus

310 1989 401 2019 Porro
420 1990 449 2019 in
469 1988 563 2019 litteris
578 1989 647 2026 tuis,
660 1986 694 2018 ad
703 1986 884 2026 jocunditatis
897 1985 1039 2025 solatium,
1056 1987 1126 2017 seriis
1141 1987 1245 2019 ludicra
1263 1987 1328 2017 mis-

272 2027 371 2071 cuisti,
386 2027 421 2057 de
441 2026 527 2065 illius,
545 2026 694 2064 videlicet,
710 2025 838 2065 scrupulo
859 2024 1022 2064 quaestionis
1042 2036 1096 2063 qua
1118 2036 1215 2056 coram
1228 2026 1328 2065 nobis,

274 2075 305 2097 ut
321 2066 426 2104 asseris,
444 2075 504 2096 uter
515 2064 645 2096 nostrum
659 2064 776 2096 alterum
788 2064 926 2095 nascendo
940 2065 1121 2104 praevenerit,
1139 2065 1226 2096 exntit
1239 2064 1329 2095 disce-

297 2113 391 2135 tatum.

274 2114 294 2142 P
309 2142 382 2173 Sane
401 2143 467 2174 licet
477 2143 648 2174 contendere
662 2142 776 2174 videaris
789 2150 816 2172 te
828 2141 911 2172 nobis
925 2141 981 2172 effe
993 2142 1151 2182 minorem,
1168 2142 1271 2183 nosque
1284 2153 1327 2174 re-

273 2191 361 2220 ponas
382 2183 411 2211 in
432 2181 574 2213 consortio
596 2181 752 2219 seniorum,
767 2180 845 2219 super
867 2181 925 2211 hoc
940 2190 1033 2211 tamen
1046 2181 1236 2213 dubitantium
1251 2181 1328 2213 forsi-

274 2228 321 2250 tan
337 2219 443 2251 vacillat
454 2221 569 2258 opinio,
606 2220 750 2251 uibusdarn
761 2229 848 2250 annos
864 2228 926 2250 tuos
940 2219 1174 2259 producentibus,
1189 2220 1247 2251 aliis
1263 2230 1329 2251 cor-

272 2259 434 2296 ripientibus
448 2269 534 2289 annos
549 2268 588 2289 no
615 2269 666 2288 ros.

310 2297 356 2328 Ad
376 2297 433 2328 hoc
453 2307 548 2328 autem
569 2297 641 2327 aliud
663 2307 721 2327 non
743 2295 957 2334 respondemus,
980 2295 1014 2326 ad
1056 2296 1167 2336 raesens,
1182 2297 1249 2336 nisi,
1265 2298 1328 2337 quia

271 2335 309 2366 de
329 2335 483 2366 transmisso
503 2336 658 2365 verborum
680 2335 792 2372 solatio,
815 2345 873 2374 quo
896 2345 946 2364 nos
968 2334 1023 2366 laeti
1045 2346 1107 2366 care
1126 2336 1245 2374 curasti,
1270 2345 1327 2366 tuae

274 2373 438 2405 Celsitudini
458 2375 552 2411 gratias
573 2374 751 2410 exhibentes,
766 2381 862 2403 tecum
882 2381 1012 2410 optamus
1032 2382 1079 2413 ut,
1097 2383 1204 2405 mutuae
1217 2374 1328 2406 visionis

270 2411 395 2451 indicio,
413 2411 546 2450 possimus
565 2411 692 2442 dirimere
711 2412 882 2452 propolitam
898 2410 1082 2449 questionem.

307 2450 338 2480 O
360 2451 379 2481 si
401 2461 523 2490 unquam
543 2451 625 2480 nobis
644 2450 758 2489 desuper
780 2450 949 2480 illucesceret
964 2451 1022 2480 dies
1035 2451 1079 2481 illa
1092 2461 1156 2489 quae
1171 2451 1327 2482 commode

270 2488 396 2520 nostram
414 2490 482 2527 tibi,
499 2497 631 2529 tuamque
651 2489 733 2519 nobis
751 2488 958 2518 desiderabilem
979 2489 1152 2528 praesentiam
1170 2489 1325 2520 exhiberet!

273 2526 367 2558 Multa
386 2528 500 2567 quidem
515 2528 718 2566 praeteritorum
733 2527 843 2557 dierum
858 2527 1028 2566 malignitas,
1067 2538 1115 2558 uos
1129 2529 1157 2558 in
1173 2529 1330 2559 tribulatio-

271 2565 515 2634 pisamaritudine
535 2567 683 2603 traximus,
699 2567 728 2596 in
748 2565 859 2604 copiosa
879 2565 948 2595 illius
969 2565 1057 2597 conso
1067 2568 1166 2598 ationis
1180 2567 1329 2598 dulcedine

283 2613 411 2635 emretur.

212 1737 235 1754 ι-

275 2680 375 2726 ..Dat
397 2681 524 2713 Lateran.
550 2689 581 2720 15
601 2680 663 2712 Kal.
679 2681 817 2722 Januarii,
837 2680 1023 2717 Pontificatfis
1043 2680 1131 2712 nostri
1151 2691 1228 2713 anno
1242 2682 1330 2713 unde-

271 2729 357 2751 Cimo.

948 2795 1074 2826 Plumbeo
1093 2795 1191 2835 sigillo.

273 2938 323 2969 De
351 2936 470 2979 diversis
493 2940 523 2968 in
550 2936 714 2981 Vafiom'a,
733 2936 900 2980 ficundum
916 2935 1098 2969 mandatum
1116 2940 1198 2982 Papae
1213 2949 1332 2970 excom-

362 2989 538 3026 mnnicatis,
558 2996 612 3030 pro
628 2997 658 3017 eo
677 2984 756 3030 quod
774 2988 882 3017 Pacem
901 2988 987 3031 Regis
1003 2982 1230 3030 perturbarunt.

340 3068 491 3100 Everendo
506 3069 582 3099 Patri
594 3070 621 3099 in
638 3068 755 3099 Christo
901 3068 959 3099 Dei
981 3070 1082 3108 gratia,
1100 3069 1243 3102 Adurenc.
1264 3070 1333 3110 Epi-

361 3107 605 3145 scopo,Decanus
616 3107 712 3138 Sancsti
726 3107 846 3138 Andreae
862 3107 981 3147 Burdeg.
991 3108 1082 3146 Judex
1097 3119 1112 3139 a
1128 3108 1262 3140 Domino
1277 3111 1332 3142 Pa—

275 3155 310 3183 pa
330 3145 500 3183 Delegatus,
516 3145 629 3176 salutem
641 3147 668 3174 in
684 3145 827 3176 Domino.

313 3184 462 3215 Noveritis
479 3194 530 3214 nos
547 3184 711 3214 mandatum
725 3183 851 3214 Domini
865 3183 949 3224 Papae
963 3185 1096 3223 recepisse
1111 3186 1139 3215 in
1151 3185 1214 3216 haec
1229 3187 1328 3217 verbat

125 3091 201 3122 Ann.
216 3089 255 3122 D.

147 3139 230 3169 1253.

125 3173 177 3195 An.
197 3170 240 3205 35.

126 3211 161 3232 H.
184 3216 208 3242 3.

124 3248 155 3270 L.
171 3249 197 3270 ις,
208 3243 234 3280 f.

129 3291 159 3315 27
171 3291 176 3306 ι
186 3302 191 3307 .

126 3323 196 3346 ]ἐ·ιι.’.<
205 3323 256 3346 Ca-

127 3366 220 3383 mirar.

128 3398 241 3421 διαιταν.

126 3433 178 3466 31-
194 3440 259 3467 497·

278 3260 508 3314 *anocentius
528 3259 633 3298 Episco
654 3269 702 3296 us,
725 3259 815 3289 servus
835 3259 976 3291 servorum
993 3260 1067 3297 Dei,
1093 3263 1243 3293 venerabili
1257 3262 1333 3294 fratri

466 3299 574 3330 Bathoii
590 3298 623 3328 &
654 3297 760 3327 Vellen.
774 3298 878 3335 Episco
898 3309 933 3337 0,
951 3299 984 3330 δε
995 3299 1101 3330 dilecto
1117 3300 1174 3330 filio

281 3335 402 3367 Decano
424 3337 610 3376 Burdegaliae,
625 3335 739 3366 salutem
753 3336 786 3367 &
803 3336 868 3376 Apo
893 3337 997 3367 olicam
1013 3338 1250 3368 benedifflonem.

318 3374 396 3405 Cum
415 3375 564 3406 carissimus
582 3376 611 3404 in
625 3373 743 3404 Christo
759 3373 828 3404 filius
840 3375 933 3405 noster
1092 3376 1157 3406 Rex
1171 3377 1284 3416 Angliae
1299 3376 1331 3406 il-

279 3411 382 3452 lustris,
401 3413 504 3444 Crucis
524 3413 663 3453 assumpto
684 3413 859 3451 singnaculo‚
880 3413 913 3442 ad
934 3414 1164 3445 transfretandum
1185 3416 1214 3444 in
1232 3415 1333 3445 Terrae

278 3449 379 3481 finitae
397 3452 543 3482 subsidium
559 3460 686 3489 potenter
701 3460 733 3481 :ic
749 3451 862 3481 viriliter
873 3451 899 3482 se
913 3453 1058 3490 accingat,
1096 3452 1221 3483 ersonam
1237 3453 1332 3492 ipsius,

278 3485 339 3521 &a
361 3496 391 3532 qt
405 3494 432 3519 in
448 3489 531 3518 Bulla
547 3491 578 3520 de
595 3499 632 3529 30
645 3488 737 3527 Julii,
755 3500 826 3518 anno
834 3497 987 3527 praeeunte,
1007 3491 1048 3519 dei
1086 3503 1099 3520 e
1111 3491 1158 3520 hoc
1174 3491 1257 3520 modo.

318 3524 404 3563 Culus
428 3528 593 3558 auctoritate
621 3527 742 3558 mandati
763 3529 926 3558 monuimus
950 3527 1115 3559 Gasconem
1131 3529 1167 3559 de
1189 3528 1277 3560 Biarn.
1297 3529 1333 3560 de

281 3562 401 3594 Fronsat.
423 3566 455 3596 &
477 3566 513 3596 de
527 3565 697 3596 Castellione
720 3565 928 3603 Vicecomitoe,
946 3566 1136 3597 Willielmum
1151 3566 1280 3598 Priorem
1293 3567 1330 3598 de

282 3600 400 3639 Mauso,
417 3603 598 3634 Bertrandum
615 3603 651 3633 de
672 3604 696 3633 la
716 3603 798 3642 Dye,
826 3603 970 3642 Majorem
991 3606 1024 3636 ὃς
1047 3615 1146 3635 omnes
1163 3605 1274 3642 Juratos
1295 3606 1332 3636 de

281 3637 408 3677 Regula,
423 3639 592 3672 Bernardum
610 3641 646 3671 de
667 3641 765 3679 Bonyll
776 3665 785 3680 ,
804 3650 834 3672 ut
855 3643 903 3681 ipli
916 3653 931 3672 a
945 3644 1151 3680 perturbatione
1166 3643 1200 3673 &
1214 3645 1333 3674 invasio—

280 3686 318 3706 ne
342 3685 476 3707 terrarum
502 3680 536 3709 ὃς
561 3679 761 3717 posseffionum
786 3680 893 3717 praefati
918 3679 1006 3721 Regis
1024 3682 1204 3721 crucesignati
1223 3681 1333 3712 desiste·

281 3722 365 3752 rent3

317 3752 370 3790 Et,
388 3761 452 3790 quia
468 3752 502 3781 ab
521 3753 679 3797 huiusmodi
695 3757 902 3793 perturbatione
913 3757 947 3788 &
961 3757 1103 3788 invasione
1114 3768 1173 3788 non
1186 3757 1333 3796 desistunt,

280 3800 334 3821 nos
353 3799 452 3820 omnes
469 3791 614 3826 praedieios
633 3795 819 3832 nominatim,
838 3795 872 3825 &
894 3804 995 3825 omnes
1008 3796 1075 3826 alios
1087 3796 1265 3834 generaliter,
1283 3798 1330 3835 qui

281 3837 383 3859 terram
404 3827 436 3857 &
451 3827 645 3871 poffeffionern
661 3831 741 3870 ipsius
755 3830 843 3871 Regis
857 3832 986 3862 invadere
1000 3834 1043 3864 vel
1060 3834 1218 3872 perturbare
1233 3836 1334 3872 praesu-

283 3874 380 3909 munt,
396 3875 672 3897 excommunicamus
681 3891 691 3907 ,
709 3869 742 3899 &
758 3869 919 3900 denunciari
933 3871 1051 3906 fecimus
1063 3874 1329 3903 excommunicatos

284 3906 311 3934 in
328 3903 459 3934 Diocaese
472 3903 677 3943 Burdegalensi,
694 3907 727 3937 &
740 3907 909 3948 Episcopatu
925 3908 1045 3940 Vascon.

320 3941 409 3985 U'nde
429 3941 525 3972 eadem
545 3942 706 3984 auctoritate
725 3946 805 3975 vobis
817 3946 995 3986 mandamus,
1012 3947 1128 3978 firmiter
1140 3948 1333 3986 injungendo,

282 3989 407 4018 quatinus
428 3989 526 4010 omnes
546 3979 695 4018 praedidos
715 3985 965 4015 excommunicetis
979 4009 990 4023 ,
1016 3986 1049 4016 ὃς
1073 3987 1334 4018 excommunicatos

725 139 1517 191 CONVENTIONE&

1575 139 1976 186 LITERAE,

1367 225 1551 262 denuntietis,
1569 235 1618 262 per
1637 224 1731 256 'totum
1753 224 1952 262 Episcopatum
1965 222 2105 261 vestrum,
2120 222 2230 262 singulis
2244 221 2340 252 diebus
2355 219 2420 251 Do·
2435 214 2512 245 Arm·
2528 212 2570 247 Da

1370 265 1481 294 minicis
1495 264 1528 294 &
1541 263 1671 301 Festivis,
1686 264 1805 293 candelis
1820 264 1956 300 accensis,
1974 262 2008 292 &
2022 262 2127 299 pullatis
2139 262 2290 300 campanis.
2456 261 2542 294 1253.

1407 302 1463 339 Et,
1482 303 1545 339 quia
1565 302 1705 332 crescente
1725 300 1906 332 contumacia
1926 300 2047 330 crescere
2061 300 2144 331 debet
2156 309 2258 339 poena,
2275 307 2327 328 nos
2339 305 2424 328 terras
2436 298 2499 322 ΗΜ·
2517 302 2544 329 3-
2560 304 2563 306 “

1369 342 1500 370 omnium
1523 339 1722 379 praedi&orum
1746 338 1945 369 Ecclesiastico
1956 339 2144 377 supposuimus
2156 337 2324 374 interdisto,
2342 336 2424 379 vobis

1372 379 1549 415 mandantes,
1567 377 1616 408 sub
1638 388 1723 416 poena
1742 377 1917 415 suspenlionis
1932 378 1972 406 ‘ab
1994 378 2021 406 in
2043 376 2115 407 reffu
2130 376 2277 414 Eccleliae,
2294 383 2423 414 quatinus

1372 416 1443 445 infra
1465 416 1536 446 ocio
1554 415 1631 445 dies.
1658 415 1721 456 post
1743 417 1938 453 receptionem
1955 385 2130 454 prael'gntium
2143 439 2153 453 ,
2177 415 2286 454 singulis
2303 421 2423 450 eorum,

1369 454 1520 522 ferrasfavel
1541 454 1718 492 poileffiones
1735 454 1900 484 habentibus
1920 454 1950 483 in
1971 452 2137 491 Episcopatu
2156 452 2267 490 vestro,
2289 450 2423 490 praedicta

1381 502 1438 522 cire
1478 501 1564 523 ciatis.
1642 522 1645 524 .

1408 530 1447 560 Et
1467 541 1535 569 nos,
1553 540 1602 568 per
1615 530 1714 560 litteras
1727 529 1828 559 vestras
1843 537 1981 568 patentes,
1999 529 2077 568 super
2093 527 2236 567 praemissis
2249 527 2423 564 certificetis,

1373 567 1508 606 ita'quod
1522 578 1580 598 ‘nos
1601 568 1634 599 &
1649 567 1783 606 Episcopi
1798 568 1834 598 de
1848 567 2007 606 hujusmodi
2022 567 2322 598 excommunicationis
2333 567 2367 597 δί
2381 567 2425 596 in-

1371 606 1481 636 terdicti
1496 606 1634 645 sententiis
1646 606 1705 636 latis
1719 605 1915 637 certitudinem
1928 607 2077 646 plenariam
2090 606 2238 636 habeamus
2257 614 2264 634 τ
2399 641 2405 647 ·

1411 644 1520 682 Quod,
1538 645 1557 675 si
1573 655 1631 674 non
1650 644 1784 682 feceritis,
1808 645 1940 674 noveritis
1959 655 2010 675 vos
2032 644 2086 675 effi:
2103 644 2214 681 statim,
2239 641 2302 680 post
2319 640 2421 681 praedi-

1372 682 1435 713 &os
1453 683 1524 714 osto
1538 683 1611 721 dies,
1629 683 1726 713 eadem
1739 682 1902 714 auctoritate
1913 683 1950 714 ab
1965 683 2082 722 ingressu
2094 681 2228 713 Eccleliae
2235 680 2386 718 suspensos.

1407 758 1516 789 Datum
1536 770 1551 790 a
1572 758 1609 789 ud
1629 758 1759 789 Vasatum
1783 760 1813 788 in
1829 757 1913 789 Festo
1927 758 2022 789 Sancti
2040 759 2168 789 Thomae
2184 755 2333 798 Apostoli,
2349 764 2425 785 anno

1371 795 1494 828 Domini
1506 799 1546 828 mi
1565 797 1652 828 esimo
1666 797 1856 828 ducentesimo
1872 798 2099 837 quinquagesimo
2113 797 2205 828 tei-tio.

1370 939 1420 970 De
1445 938 1570 983 Alfonsb
1597 940 1671 985 Rege
1697 937 1820 981 Castellae
1833 965 1843 980 ,
1865 940 1902 976 εὖ*
1928 940 2090 971 Exccrcitu
2103 941 2324 971 Saracenorum
2337 964 2348 979 ,
2374 940 2422 970 in-

1487 986 1623 1020 vadendo
1642 989 1845 1032 Aquitaniam
1856 1013 1866 1029 ,
1890 986 2039 1033 Angliam
2053 990 2089 1025 &⁴
2109 983 2305 1034 Hyberniam.

1370 1071 1495 1141 Rssstx
1516 1071 1646 1141 *nivffiffi
1669 1071 1910 1112 archiepiscopis,
1929 1071 1962 1102 &
1979 1070 2140 1110 Episcopis,
2158 1072 2188 1102 in
2200 1070 2337 1102 Hibernia
2351 1080 2425 1102 con-
2437 1058 2570 1139 A1¹¹2¹³5‘3D‘

1472 1119 1544 1143 itutis
1555 1133 1564 1148 ,
1588 1121 1601 1140 a
1615 1119 1698 1141 utem.
2534 1123 2542 1130 ·

1406 1149 1485 1181 Cum
1509 1148 1574 1178 Rex
1595 1148 1741 1187 Castellae,
1759 1159 1828 1180 cum
1848 1148 2027 1179 multitudine
2047 1146 2183 1178 exercitus
2198 1146 2422 1178 Christianorum
2438 1141 2491 1165 An.
2508 1139 2553 1174 3⁸·

1370 1188 1403 1219 &
1419 1188 1639 1225 Saracenorum,
1655 1196 1756 1218 terram
1778 1186 1902 1218 nostram
1924 1186 2071 1217 Vasconiae
2081 1209 2090 1224 ,
2105 1187 2135 1216 in
2150 1186 2288 1225 quindena
2310 1185 2423 1216 Paschae
2437 1180 2472 1202 H.
2491 1186 2517 1212 3·

1370 1228 1502 1264 proximo
1513 1225 1620 1264 futura,
1636 1225 1800 1265 ingressurus
1814 1226 1844 1256 lit
1858 1225 1992 1256 hostiliter
2002 1248 2011 1264 ,
2027 1224 2061 1255 ad
2074 1234 2176 1255 terram
2191 1224 2265 1254 illam
2278 1223 2423 1254 destruen-
2437 1217 2494 1241 Par.
2507 1214 2554 1250 33·

1369 1264 1435 1295 dam
1456 1267 1488 1296 ὃς
1504 1264 1718 1304 occupandam,
1737 1274 1770 1295 ac
1786 1274 1833 1302 per
1850 1265 1997 1294 introitum
2011 1263 2130 1300 ejusdem
2142 1271 2241 1301 terrae,
2260 1263 2280 1293 si
2293 1273 2354 1292 eam
2369 1273 2424 1300 op-
2434 1256 2469 1278 H.
2488 1261 2514 1287 3-

1370 1304 1486 1371 tisrieret,
1503 1303 1579 1344 quod
1601 1303 1687 1342 abiit,
1714 1313 1794 1335 tetras
1816 1302 1920 1334 nostras
1942 1302 2053 1342 Angliae
2073 1302 2108 1332 &
2129 1301 2278 1332 Hiberniae
2294 1301 2424 1332 invadere
2437 1300 2465 1318 ²²·
2480 1292 2507 1317 ²⁵·

1368 1351 1383 1371 a
1414 1351 1477 1372 iret·

1394 1352 1491 1417 pNos’,
1511 1380 1588 1420 super
1609 1388 1667 1410 tam
1687 1378 1777 1410 arduis
1789 1380 1822 1411 &
1834 1380 1995 1417 urgentibus
2008 1379 2126 1418 negotiis
2138 1378 2285 1409 consilium
2300 1378 2425 1409 vestrum

1370 1419 1404 1449 &
1425 1419 1558 1450 auxilium
1580 1419 1718 1458 requirere
1737 1427 1943 1457 proponentes,
1967 1428 2017 1448 vos
2041 1417 2222 1457 requirimus,
2245 1419 2273 1447 in
2296 1417 2349 1447 fide
2367 1427 2422 1456 qua

1370 1457 1454 1488 nobis
1471 1457 1622 1495 tenemini,
1639 1456 1788 1487 affectuose
1808 1466 1935 1495 rogantes
1954 1457 2099 1496 quatinuS,
2116 1455 2185 1486 sicut
2207 1466 2259 1486 nos
2281 1456 2314 1486 ὃ(
2330 1455 2426 1486 hono-

1371 1506 1430 1526 rem
1453 1494 1598 1532 nostrum,
1616 1504 1729 1525 necnon
1750 1495 1783 1525 ὅ(
1806 1489 2037 1532 indempnitatem
2058 1495 2185 1531 corporis
2197 1493 2284 1525 nostri
2297 1493 2426 1533 diligitis,

1371 1535 1523 1565 nullatenus
1538 1534 1672 1564 omittatis
1687 1534 1754 1571 quin
1763 1556 1773 1572 ,
1792 1534 1820 1564 in
1834 1533 1944 1564 instanti
1958 1532 2057 1564 mediae
2070 1531 2283 1600 ffiuadmgefimae
2293 1553 2304 1570 ,
2321 1542 2430 1563 conve-

1371 1575 1450 1603 niatis
1470 1572 1542 1609 apud
1564 1571 1684 1602 Dublin.
1696 1581 1793 1602 coram
1821 1572 1934 1602 ohanne
1948 1569 2006 1602 filio
2021 1569 2077 1602 Gal
2103 1570 2310 1609 idiJusticiario
2320 1569 2442 1609 Hiber-t

1370 1613 1426 1641 nia:
1446 1613 1544 1649 (quem
1564 1618 1676 1648 propter
1698 1609 1755 1640 hoc
1773 1620 1788 1640 a
1827 1619 1914 1649 partes
1934 1609 1990 1640 illas
2004 1608 2152 1647 mittimus)
2166 1608 2285 1639 audituri
2299 1609 2428 1640 volunm-

1371 1658 1430 1680 tem
1451 1649 1575 1680 nostram
1595 1648 1673 1687 super
1692 1648 1830 1687 praediCtis
1849 1648 1980 1688 negotiis,
1994 1658 2057 1688 quae
2075 1647 2152 1678 idem
2183 1647 2334 1678 usticiarius
2346 1648 2430 1678 vobis

1371 1697 1440 1719 tunc
1462 1690 1526 1719 viva
1548 1696 1621 1717 voce
1643 1687 1750 1726 plenius
1769 1696 1906 1726 exponet,
1923 1687 1957 1718 &
1977 1695 2046 1718 cum
2063 1685 2119 1716 aliis
2179 1686 2325 1725 agi-atibus
2344 1694 2426 1717 terrae

1370 1726 1474 1756 nostrae
1494 1725 1656 1763 Hiberniae,
1675 1725 1773 1763 quibus
1794 1725 1822 1756 id
1833 1726 2017 1763 injunximus,
2033 1724 2061 1755 su
2100 1735 2113 1755 r
2128 1723 2229 1755 eisdem
2243 1725 2361 1763 negotiis
2373 1732 2428 1755 tra-

1371 1764 1489 1802 &aturi,
1507 1764 1539 1794 &
1553 1763 1700 1793 consilium
1713 1764 1839 1794 vestrum
1851 1765 1884 1795 &
1898 1764 2029 1794 auxilium
2040 1774 2056 1794 a
2076 1763 2198 1793 bibituri.

1406 1803 1444 1834 Et
1463 1813 1531 1841 vos,
1551 1803 1625 1832 circa
1644 1801 1754 1833 diCtum
1767 1802 1842 1833 diem
1852 1825 1861 1840 ,
1878 1802 2043 1841 provideatis
2059 1801 2092 1832 &
2105 1800 2261 1834 deliberetis
2274 1811 2360 1841 quam
2371 1801 2426 1832 ho-

1369 1841 1446 1872 neste
1466 1841 1498 1872 &
1519 1849 1648 1880 potenter
1665 1851 1731 1879 nos,
1751 1841 1780 1870 in
1800 1849 1858 1871 tarn
1882 1841 1992 1880 urgenti
2013 1839 2047 1871 δε
2061 1840 2235 1870 inexcusabili
2249 1839 2427 1877 necessitate,

1368 1880 1403 1910 de
1427 1881 1507 1910 bonis
1526 1879 1621 1909 vestris
1639 1879 1728 1909 velitis
1748 1879 1880 1918 respicere
1904 1889 1910 1908 :
1945 1877 2112 1909 Inducentes
2130 1876 2281 1909 efficaciter
2302 1878 2427 1909 subditos

1367 1918 1477 1963 nostros
1498 1918 1574 1957 quod
1590 1918 1671 1948 nobis
1684 1919 1714 1947 in
1727 1926 1803 1949 tanta
1815 1917 1974 1948 neceffitate
1987 1918 2020 1949 &
2035 1917 2162 1955 periculo
2174 1916 2309 1948 munifice
2323 1917 2425 1949 subve-

1366 1965 1452 1987 niant.
1795 1968 1800 1974 ·

1406 1995 1482 2034 Qia
1502 1995 1580 2025 nullo
1601 2003 1730 2034 ternpore
1750 1994 1844 2025 futuro
1863 2001 1972 2025 tantum
1992 1993 2181 2031 indigebimus
2195 2017 2204 2029 ,
2235 1993 2304 2024 Deo
2327 1994 2428 2032 dante,

1367 2033 1551 2065 subventione
1568 2034 1725 2064 amicorum
1748 2032 1909 2064 nostrorum
1925 2056 1934 2071 ,
1961 2041 2100 2071 quantum
2119 2033 2150 2063 in
2171 2032 2297 2072 praesenti
2318 2033 2426 2073 indige-

1368 2081 1438 2103 mus.

1404 2148 1540 2182 Testibus
1554 2150 1681 2182 Alianora
1696 2149 1806 2190 Regina
1820 2150 1929 2189 nostra,
1947 2149 1980 2181 ὃς
1996 2147 2123 2181 Ricardo
2137 2148 2254 2182 comite
2268 2147 2424 2179 Cornubiat

1367 2187 1440 2226 apud
1453 2189 1578 2220 Westm.
1594 2200 1632 2230 29
1646 2191 1692 2220 die
1705 2189 1883 2220 Decembris.

1602 2268 1655 2296 Per
1667 2269 1812 2305 Reginam,
1829 2267 1973 2303 Comitern,
1989 2262 2028 2299 &
2041 2269 2129 2294 totum
2142 2263 2294 2294 Concilium.

1411 2401 1432 2422 *
1452 2401 1572 2432 Littera
1596 2398 1759 2431 Willielmo
1780 2397 1816 2431 de
1838 2395 1975 2445 Odingge
1991 2394 2083 2443 staper'·
2102 2398 2213 2444 negotio
2228 2393 2376 2442 praediffo.
2437 2416 2455 2434 -x
2470 2410 2492 2438 1,
2506 2409 2570 2445 498·

1437 2482 1509 2553 Etx
1533 2483 1641 2515 dilecto
1662 2483 1695 2515 «sc
1718 2482 1792 2514 fideli
1811 2483 1861 2515 suo
1882 2464 2100 2514 wiliieimo'de
2121 2479 2331 2522 Odinggeselles
2356 2478 2426 2511 saiu-
2441 2494 2519 2525 Am
2532 2494 2570 2525 D⁴

1462 2533 1517 2553 em.
2468 2542 2553 2572 1254·

1405 2559 1484 2591 Cum
1506 2561 1672 2592 venerabilis
1686 2559 1769 2591 Pater
1781 2559 1940 2591 Bonifacius
1953 2558 2156 2590 Cantuariensis
2171 2557 2426 2598 Archiepiscopus,
2440 2575 2493 2600 An.

1367 2597 1497 2638 Episcopi
1519 2599 1680 2630 Provinciae
1701 2598 1906 2630 Cantuariensis
1919 2619 1929 2634 ‚
1960 2597 2099 2628 Ricardus
2118 2596 2227 2627 Comes
2247 2595 2422 2634 Cornubiae,
2441 2615 2474 2638 H.
2517 2631 2524 2637 .

1367 2636 1449 2668 frater
1470 2637 1580 2676 noster,
1598 2637 1638 2667 R.
1661 2636 1769 2667 Comes
1790 2635 1993 2674 Gloucestriae,
2011 2635 2109 2678 &alii
2125 2634 2270 2672 Comites,
2290 2635 2324 2666 &
2338 2633 2423 2664 Baro-
2439 2620 2570 2685 (3lau3s'33⁴

1367 2685 1416 2705 nes
1434 2677 1463 2706 in
1477 2675 1617 2715 quindena
1630 2675 1726 2706 saneti
1737 2675 1866 2712 Hillarii,
1879 2675 1937 2711 jam
1950 2674 2098 2712 praeteriti,
2117 2672 2190 2711 apud
2205 2672 2330 2702 London
2340 2695 2350 2711 ,
2369 2681 2420 2703 co·
2442 2691 2469 2714 H
2498 2695 2510 2722 3

1367 2723 1426 2743 ram
1443 2714 1543 2744 dilecta
1562 2714 1673 2753 Regina
1693 2712 1804 2751 nostra,
1827 2712 1861 2743 &
1879 2710 2016 2742 Concilio
2035 2710 2149 2748 nostro,
2173 2720 2369 2740 commorante
2391 2711 2422 2740 in
2441 2710 2475 2753 ,η’
2490 2733 2533 2760 ¹4
2550 2723 2570 2752 Α

1368 2751 1487 2790 Anglia,
1504 2751 1663 2789 constituti,
1680 2752 1763 2781 nobis
1782 2750 1967 2788 promiserunt
1986 2749 2130 2779 liberaliter
2148 2749 2181 2778 ὃς
2195 2749 2317 2787 benigne
2330 2748 2423 2778 facere
2471 2747 2477 2752 ”

1368 2791 1499 2821 auxilium
1516 2790 1618 2820 decens
1636 2791 1670 2821 &
1693 2789 1826 2827 perutile,
1843 2787 1974 2818 videlicet
1993 2786 2107 2824 quidam
2125 2785 2237 2816 Praelati
2259 2787 2287 2816 in
2307 2787 2426 2824 propriis

1370 2829 1511 2866 personis,
1527 2829 1560 2859 ὅ(
1572 2828 1687 2867 quidam
1702 2829 1732 2858 in
1748 2827 1885 2867 pecunia,
1900 2824 2031 2855 Comites
2045 2834 2115 2856 vero
2131 2826 2165 2855 &
2182 2823 2300 2854 Batones
2314 2826 2344 2855 in
2359 2833 2430 2862 pro-

1369 2866 1666 2936 fiissssnpexilissssnssssiii
1673 2873 1914 2935 {amisii
1924 2863 2081 2939 3353?
2075 2862 2189 2932 1³?ng
2196 2863 2430 2939 {iiiiiiimfssssz

1369 2954 1397 2975 ra
1429 2943 1565 2974 hostiliter
1577 2943 1619 2974 est
1632 2942 1814 3011 ingreffurus3
1852 2925 1862 2941 ³
2182 2979 2186 2984 Π
2224 2979 2228 2984 .
2330 2979 2335 2984 1

1405 2968 1468 3013 Vos
1483 2991 1518 3012 ex
1532 2989 1594 3012 toto
1609 2991 1660 3013 cor
1679 2991 1696 3012 e
1709 2981 1871 3020 requirimus
1883 2978 1978 3018 quod,
1998 2979 2069 3009 ficut
2081 2977 2231 3016 supraditsti
2246 2977 2378 3008 Comites
2392 2978 2427 3008 δε

1368 3020 1490 3052 Barones
1510 3020 1594 3051 nobis
1616 3019 1804 3058 promiserunt
1819 3018 1896 3056 quod
1909 3025 1989 3047 erunt
2003 3016 2136 3047 London.
2148 3026 2164 3046 a
2175 3017 2222 3047 die
2235 3016 2348 3047 Paschae
2359 3025 2428 3054 pro-

1369 3060 1450 3089 ximo
1472 3059 1572 3089 futurae
1591 3059 1620 3088 in
1637 3066 1689 3088 tres
1703 3057 1884 3095 septimanas,
1902 3056 1986 3094 parati
1999 3056 2032 3086 &
2046 3056 2120 3086 bene
2135 3055 2238 3086 muniti
2251 3055 2307 3085 fine
2320 3055 2374 3084 ulla
2386 3053 2431 3084 di-

1368 3097 1472 3128 latione
1487 3097 1577 3127 versus
1592 3096 1758 3127 Vasconiam
1772 3094 1809 3125 ad
1819 3104 1870 3125 nos
1882 3095 2036 3132 properiter
2053 3103 2186 3131 movere,
2203 3102 2254 3123 vos
2267 3093 2302 3123 ad
2317 3093 2428 3123 ditstum

1367 3136 1445 3167 diem
1465 3136 1498 3167 &
1520 3135 1637 3173 locum,
1654 3134 1744 3164 modo
1757 3133 1910 3170 consimili,
1926 3133 2041 3163 veniatis
2053 3133 2135 3162 omni
2150 3131 2298 3162 occasione
2313 3132 2346 3162 &
2359 3130 2429 3161 dila-

1367 3175 1445 3205 tione
1459 3172 1632 3211 postpositis,
1649 3172 1683 3202 ad
1696 3170 1868 3202 tendendum
1883 3171 1973 3201 versus
1991 3170 2126 3201 Portesm.
2143 3179 2212 3200 curn
2226 3170 2344 3208 praefatis
2358 3168 2426 3198 Ma-

1407 3213 1494 3243 atibus
1528 3212 1562 3242 ad
1579 3210 1807 3242 transfretandum
1826 3219 1892 3240 cum
1907 3209 2011 3239 eisdem
2025 3208 2059 3240 ad
2075 3218 2126 3238 nos
2138 3209 2168 3238 in
2185 3207 2371 3245 Vasconiam,
2389 3208 2423 3238 &-

1368 3222 1425 3281 {gc
1441 3252 1470 3280 in
1487 3235 1542 3280 fi'de
1555 3259 1607 3287 qua
1620 3249 1702 3278 nobis
1715 3249 1879 3286 tenemimi,
1896 3248 1977 3277 vobis
1990 3246 2106 3277 firmiter
2120 3247 2198 3284 injun
2221 3247 2291 3276 'mus
2321 3247 2355 3276 δε
2370 3245 2431 3276 sic-.

1369 3298 1400 3321 ut
1414 3289 1556 3319 honorem
1569 3286 1697 3317 nostrum
1706 3287 1763 3324 st&
1777 3286 2011 3326 indempnitatem
2024 3285 2150 3324 corporis
2164 3294 2200 3315 ve
2239 3285 2247 3313 i
2260 3268 2384 3321 disigius.

1369 3362 1684 3435 d'Tistgrdnffegim’
1699 3363 1733 3394 &
1747 3361 1787 3393 R.
1803 3362 1922 3394 Comite
1935 3361 2090 3393 Comubiae
2102 3360 2174 3399 apud
2189 3359 2313 3392 Westm.
2327 3360 2426 3399 quinto

1389 3414 1416 3434 le
1459 3412 1475 3433 e
1576 3424 1584 3431 .

1406 3479 1482 3510 Idem
1493 3477 1652 3507 mandatum
1665 3476 1701 3515 est
1717 3479 1760 3507 W
1758 3477 1865 3507 illielmo
1878 3478 1910 3507 de
1924 3476 2002 3507 Bello
2014 3480 2112 3514 Campo
2127 3475 2158 3505 de
2173 3475 2240 3504 Bed.
2253 3474 2300 3504 hoc
2314 3473 2422 3510 addito,

1369 3518 1413 3549 vel
1427 3517 1516 3561 filium
1529 3515 1608 3559 suum
1624 3517 1861 3560 primogenitum,
1877 3526 1944 3560 curn
1956 3515 2204 3558 decentitnumero
2216 3513 2338 3557 rnilitum
2347 3534 2356 3547 ‚
2370 3520 2422 3550 pro

1369 3562 1594 3625 {nitigiggasttzsqui
1616 3564 1632 3584 a
1655 3553 1736 3593 Rege
1750 3563 1863 3594 recipiet
1878 3554 2024 3593 cingulum
2039 3552 2155 3584 militare
2169 3561 2199 3582 iri
2213 3550 2322 3582 instanti
2338 3547 2423 3579 Festo

2511 2573 2557 2609 38.

1405 3667 1492 3700 Teste
1508 3675 1538 3699 ut
1551 3667 1629 3706 supra
1642 3679 1691 3707 per
1707 3668 1882 3702 Concilium.

1650 3749 1698 3780 De
1714 3749 1944 3780 Summonitione
1961 3747 2134 3779 Exercitus.

1369 3830 1420 3885 R
1431 3830 1456 3861 E
1466 3830 1496 3860 X
1516 3830 1690 3862 Vicecomiti
1707 3832 1802 3862 Wilts.
1817 3832 1940 3862 salutern.
2125 3864 2132 3870 ,
2170 3862 2176 3869 ,

1477 3867 1556 3899 Cum
1578 3871 1740 3900 venerabilis
1760 3878 1835 3908 pater
1851 3869 1882 3899 B.
1899 3868 2031 3898 Cantuas.
2044 3863 2149 3895 Archie
2169 3861 2294 3906 iscopus,
2313 3862 2374 3895 &c-
2394 3870 2425 3894 ut

1368 3908 1455 3945 supra.
1475 3907 1561 3945 usque
1581 3908 1615 3938 ad
1628 3908 1704 3939 illam
1721 3908 1868 3939 clausulam
1878 3929 1889 3944 ,
1905 3915 1958 3936 vos
1972 3913 2006 3935 ex
2018 3911 2080 3934 toto
2093 3872 2180 3934 cord'e
2194 3910 2372 3941 requirimuS,
2386 3899 2426 3936 ἀι

1369 3953 1433 3976 tunc
1442 3944 1497 3984 fic,
1515 3947 1569 3976 tibi
1583 3945 1698 3977 firmiter
1710 3947 1908 3986 praecipimus,
2011 3979 2016 3984 ⁵
2039 3979 2045 3984 ⁴
2185 3978 2189 3982 ,

1407 3983 1498 4024 Quod
1519 3984 1608 4023 capias
1624 3984 1801 4020 securitatem,
1812 3984 1848 4014 ab
1861 3981 1997 4012 omnibus
2009 3978 2060 4013 illis
2073 3976 2108 4008 de
2123 3976 2226 4012 Bauiva
2241 3986 2304 4017 tua,
2322 3979 2371 4016 qui
2384 3985 2427 4007 te-
2464 3998 2470 4002 .
