2570 4261
644 186 753 228 ET
837 182 1101 226 ACTA

0 274 26 297 n.
38 265 219 300 D.fraunche
232 269 346 301 volente
355 270 418 310 ,luy
433 280 520 302 avons
534 270 621 302 rendu
635 272 660 302 la
675 281 732 302 tere
744 271 780 302 de
792 268 941 307 Escoce',e
954 277 1015 300 tote
1029 268 1053 298 la
1061 275 1140 304 gent,

0 306 52 344 296.
87 317 143 337 oue
157 317 227 339 touz
240 309 297 338 leur
311 310 454 346 homages.

0 355 15 373 Ι.
37 354 60 371 1.

130 345 176 375 En
200 348 356 384 telinoigne
378 347 414 377 de
435 358 509 386 queu
529 348 630 384 chose,
649 358 721 378 nous
740 358 827 378 avons
848 347 888 378 fet
910 346 967 377 fere
982 346 1069 375 cestes
1082 352 1141 373 noz

91 383 184 414 lettres
197 395 323 422 ove1·teS‚
340 385 444 415 donees
467 395 483 415 a
495 385 668 424 Kyncardyn
684 387 709 416 le
724 386 825 417 secund
835 395 901 422 jour
916 394 950 414 u:
960 385 1015 422 jul.
1030 384 1083 413 l’an
1106 382 1142 412 de

91 422 189 453 nostre
203 433 291 462 regne
303 432 390 461 quart.

309 498 363 528 Sub
375 497 465 536 Sigillo
480 508 574 536 magno
587 498 644 527 albi
657 499 745 528 coloris
754 499 885 537 pendente
899 509 917 526 a
930 499 1016 528 cauda
1023 505 1141 535 pergam.

429 622 547 657 Eadem
571 625 678 656 Latine
699 622 830 656 reddita.

145 747 254 785 visuris,
271 749 317 778 vel
330 748 475 783 audituris,
490 745 618 780 salutem,

0 685 280 791 ¹¹96D'J0hannes,
298 708 355 739 Dei
372 708 475 747 gratia,
494 707 559 738 Rex
577 707 681 738 Scotiae
696 731 706 746 ‚
722 708 871 746 omnibus,
889 710 1033 746 praesentes
1052 709 1142 738 literas

33 773 50 799 4

0 811 23 830 1.

4 1138 78 1166 4¹9·

135 785 211 821 Quia
228 796 280 816 nos
292 808 302 824 ‚
318 795 369 825 per
389 785 495 814 malurn
516 784 665 814 consilium
686 783 838 822 falsumque
851 808 860 822 ,
879 785 1143 823 simplicitatemque

94 823 221 854 nostram
236 848 245 862 ,
262 824 383 862 graviter
401 821 573 852 offendimus
586 846 595 860 ,
614 822 647 852 &
668 825 884 859 provocavimus
905 823 1068 853 Dominum
1088 833 1143 852 110⁴-

95 862 185 892 strum
206 861 396 897 Edwardum,
414 860 473 890 Dei
494 861 595 899 gratia,
615 860 725 899 Regem
746 861 862 897 Angliae
876 884 886 899 ,
904 861 1065 892 Dominum
1084 861 1142 890 Hi-

92 900 212 937 berniae,
232 899 348 929 Ducem
364 898 538 937 Aquitanise,
556 898 700 936 videlicet,
715 900 745 928 in
759 909 809 936 eo,

134 937 241 975 Qiod,
260 936 405 967 existentes
420 937 451 967 ὃς
466 945 607 967 manentes
621 939 649 966 in
665 937 718 966 fide
729 937 789 974 sua,
809 938 842 968 ὃς
856 936 905 967 suo
917 935 1065 977 homagio,
1084 938 1142 967 alli-

92 978 219 1016 gavimus
240 984 293 1004 nos
317 975 391 1014 Regi
409 975 535 1005 Franciae
547 998 558 1014 ‚
584 986 632 1013 qui
653 983 721 1005 tunc
740 974 828 1005 hostis
848 977 903 1014 ejus
923 985 978 1006 erat
1000 980 1033 1008 &c
1051 976 1143 1006 adhuc

91 1014 148 1046 est:

134 1052 356 1083 Matrimonium
368 1060 550 1090 procurantes
564 1050 622 1081 fieri
636 1061 704 1081 cum
719 1050 774 1082 filia
789 1050 911 1082 Domini
927 1051 1041 1092 Caroli,
1056 1052 1144 1083 fratris

95 1101 111 1121 e
123 1101 167 1121 us:

108 1101 119 1129 J
136 1129 155 1148 ³¹²
173 1128 211 1159 Et
222 1152 232 1167 ,
257 1137 288 1159 ut
309 1127 472 1159 Dominum
492 1127 621 1158 nostrum
640 1136 816 1166 gravaremus
833 1152 842 1166 ,
867 1127 1039 1167 Regemque
1056 1128 1144 1158 Fran—

96 1168 149 1198 ciae
167 1169 326 1205 juvaremus
341 1190 350 1206 2
367 1177 435 1198 cum
453 1168 535 1197 omni
556 1166 691 1204 potestate
709 1166 804 1196 nostra
820 1188 830 1204 ‚
847 1177 896 1204 per
916 1167 1064 1205 Werram,
1082 1177 1147 1197 mo-

95 1206 141 1236 dis
157 1216 191 1236 ue
204 1206 275 1236 aliis:

136 1217 266 1282 qDeinde,
285 1255 334 1282 per
346 1244 473 1274 nostrum
487 1242 644 1281 perversum
659 1242 807 1272 consilium
828 1243 1020 1282 antedictum,
1038 1242 1147 1273 diffida-

97 1283 190 1313 vimus
202 1283 365 1314 Dominum
380 1282 508 1312 nostrum
521 1281 633 1319 Regem
649 1280 774 1319 Angliae,
793 1282 826 1312 &
843 1281 984 1321 posuimus
999 1292 1051 1312 nos
1073 1291 1148 1312 extra

95 1321 183 1351 fidem
199 1323 232 1353 &
244 1322 408 1359 homagium
424 1321 516 1349 i‘uum:

136 1360 173 1390 Et
187 1360 309 1390 misimus
322 1367 417 1397 gentes
430 1357 536 1387 nostras
550 1358 580 1386 in
595 1363 696 1386 terram
718 1356 795 1386 suam
816 1357 944 1396 Angliae,
963 1357 996 1387 ad
1018 1357 1146 1388 incendia

99 1397 240 1436 facienda,
259 1398 292 1428 &
305 1395 410 1435 praedas
424 1395 613 1434 abducendas,
630 1394 784 1424 homicidia
797 1395 829 1425 ὃς
844 1396 895 1425 alia
916 1396 1037 1434 dampna
1058 1397 1146 1433 pluri-

98 1446 144 1466 ma
158 1435 354 1474 perpetranda3
1089 1474 1094 1478 η

138 1474 175 1505 Et
189 1483 291 1504 terram
304 1473 426 1510 Scotiae,
445 1482 509 1510 qute
523 1471 562 1501 est
575 1470 612 1501 de
624 1470 711 1501 feodo
723 1471 790 1510 suo,
807 1479 906 1502 contra
929 1481 995 1502 eum
1016 1481 1146 1503 munien-

99 1512 154 1550 do3
173 1521 306 1552 ponentes
328 1511 360 1541 &
384 1510 548 1540 stabilientes
567 1518 662 1548 gentes
684 1519 798 1540 armatas
818 1511 846 1539 in
861 1510 958 1547 Villis,
974 1510 1094 1549 Castris,
1113 1513 1146 1542 &

98 1551 180 1589 alibi,
197 1551 231 1580 ad
251 1549 459 1580 defendendum
479 1558 582 1580 terram
602 1557 700 1578 contra
719 1558 784 1578 eum
798 1569 808 1586 ,
827 1549 860 1579 δε
878 1549 913 1579 ad
931 1548 1048 1579 feodum
1068 1550 1147 1581 suurn

96 1588 320 1619 deforciandum.

133 1626 254 1665 Propter
277 1638 309 1657 ea
316 1646 331 1665 ,-
342 1627 375 1658 ὃς
395 1637 447 1665 pro
465 1625 719 1664 transgreffionibus
739 1625 913 1664 supradietis,
930 1625 1077 1657 Dominus
1095 1637 1149 1657 no-

98 1664 153 1696 ster
167 1665 231 1696 Rex
243 1665 357 1703 Angliae
371 1662 540 1702 anoedirsstus,
558 1664 691 1703 ingreffus
706 1673 806 1694 terram
823 1665 946 1702 Scodae,
965 1666 995 1694 in
1003 1665 1144 1698 fortitudi-

98 1714 135 1733 ne
155 1703 217 1743 sua,
235 1714 298 1734 eam
319 1704 503 1742 conquiiivit,
521 1705 554 1734 &
574 1704 666 1740 cepit,
685 1712 744 1732 non
766 1702 895 1733 obstante
916 1705 997 1733 omni
1018 1714 1054 1734 eo
1069 1704 1148 1742 quod

96 1742 190 1773 facere
202 1744 346 1781 potuimus
361 1750 459 1772 contra
471 1750 553 1779 eum,

135 1780 214 1811 Sicut
234 1780 327 1819 potest
349 1780 385 1810 de
399 1781 462 1818 jure
481 1779 589 1816 facere,
608 1786 742 1816 tanquam
764 1778 909 1809 Dominus
931 1779 967 1810 de
979 1779 1065 1810 feodo
1079 1780 1146 1820 suo,

96 1819 164 1887 quia
176 1828 228 1850 nos
243 1820 268 1849 ei
279 1819 445 1857 homagium
459 1817 588 1848 nostrum
601 1816 772 1847 reddidimus
781 1840 790 1856 ‚
808 1818 841 1848 ὃς
862 1818 981 1848 fecimus
1001 1819 1051 1850 alia
1070 1829 1148 1850 ante-

119 1857 182 1887 icta.

136 1895 206 1926 Nos
226 1896 309 1933 igitur
330 1894 475 1926 existentes
487 1895 518 1924 in
526 1893 614 1942 plena
629 1894 753 1931 potentia
765 1894 878 1930 nostrfi,
896 1895 928 1925 δε
943 1895 1031 1926 liber-5³
1045 1896 1147 1926 volun-

98 1941 166 1972 tate,
184 1933 351 1964 reddidimus
374 1935 400 1964 ei
417 1941 520 1964 terram
538 1933 661 1970 Scotiae‚
677 1933 710 1963 ὃ(
730 1942 844 1971 gentem
857 1942 947 1964 totam
964 1944 1032 1964 cum
1046 1935 1147 1965 homa-

119 1982 156 2001 llS.

98 1981 117 2011 g
135 2010 169 2040 In
183 2011 260 2049 cujus
274 2012 314 2041 rei
329 2009 523 2041 testimonium
537 2009 656 2040 fecimus
673 2009 732 2040 fieri
747 2009 794 2039 has
808 2010 907 2040 litteras
922 2018 1053 2048 patentes.

134 2085 241 2117 Datum
260 2086 334 2125 apud
354 2084 526 2127 Kyncardyn
547 2085 670 2117 secundo
690 2086 736 2117 die
752 2085 819 2125 Julii
835 2109 845 2125 ,
863 2087 940 2126 regni
960 2086 1049 2118 nostri
1071 2097 1146 2118 anno

96 2134 207 2162 quarto.

138 2250 187 2281 De
205 2247 399 2282 Orationibus
413 2253 448 2288 ξφ
464 2250 625 2297 Suffragiis
639 2261 693 2296 pro
709 2253 814 2283 anima
829 2248 987 2282 Edmundi
997 2250 1113 2295 fratris

571 2302 668 2346 Regis.

0 2390 80 2458 ¹261),
99 2378 212 2439 REX
230 2382 390 2414 Venerabili
411 2385 439 2414 in
461 2382 579 2415 Christo
594 2382 668 2415 Patri
680 2385 718 2415 R.
733 2384 833 2416 ezidem
847 2384 932 2424 grati-21
946 2383 1076 2416 Cantuar.
1091 2385 1148 2415 Ar-

0 2439 28 2468 ²9
51 2454 56 2459 .

19 2479 32 2495 2

172 2422 370 2460 chiepiscopo‚
389 2424 472 2453 totius
484 2423 594 2462 Angliae
607 2423 741 2462 Primati,
757 2424 879 2453 salutem.

139 2458 292 2490 Altiffimus
307 2470 416 2491 creator
429 2462 561 2491 omnium
574 2461 608 2491 ad
623 2461 680 2492 hoc
693 2463 843 2491 humanam
858 2469 984 2491 naturam
999 2462 1034 2492 ad
1054 2462 1092 2492 sui
1113 2461 1147 2491 si-

101 2497 288 2528 militudinem
302 2499 335 2529 &
349 2500 509 2538 ymaginem
521 2501 641 2537 creavit,
661 2509 696 2530 ex
708 2499 802 2530 anima
813 2501 846 2531 &
868 2510 992 2540 corpore
1012 2499 1147 2530 constitu-

0 2545 85 2581 „s-24·
101 2543 178 2573 tarn,
195 2534 224 2565 in
240 2536 297 2566 hoc
313 2536 421 2567 mundo
434 2537 581 2568 miserabili
595 2538 762 2576 collocavit,
780 2545 811 2568 ut
831 2538 928 2575 finito,
947 2548 999 2582 pro
1018 2538 1073 2568 suae
1094 2548 1148 2568 vo-

1 2592 24 2610 1,
38 2593 74 2611 m,
100 2573 210 2604 luntatis
223 2575 355 2613 arbitrio,
371 2575 451 2619 hujus
464 2577 529 2606 vitae
538 2599 547 2614 ,
566 2576 649 2606 velud
661 2576 800 2614 cujusdam
815 2577 1041 2615 peregrinationis
1053 2576 1131 2606 cursu
1141 2600 1150 2614 ,

0 2621 4 2636 l

99 2612 189 2651 ipsum
210 2613 401 2650 compositum
421 2624 450 2642 m
468 2613 513 2643 sua
531 2615 663 2652 principia
682 2614 848 2653 resolvatur,
866 2617 899 2645 ἃ
919 2614 953 2644 ad
975 2623 1092 2652 terram,
1112 2614 1148 2644 de

100 2649 156 2688 qua
170 2650 228 2689 est,
247 2661 369 2689 corpore
381 2651 528 2690 redeunte,
546 2652 581 2683 ad
597 2652 777 2691 Dominum,
795 2654 810 2683 a
825 2664 882 2692 quo
895 2653 972 2683 datus
990 2652 1046 2690 est,
1062 2653 1148 2690 Spiri-

105 2697 148 2719 tus
161 2697 320 2720 revertatur.

140 2727 240 2765 Qam
263 2728 378 2766 quidem
401 2730 652 2769 peregrinationem
673 2739 761 2759 nemo
777 2728 869 2767 potest
883 2751 892 2767 ,
917 2728 975 2759 fine
994 2729 1148 2759 multarum

100 2766 364 2803 coinquinationurn
379 2770 567 2805 contagione,
586 2777 731 2807 peragere,
750 2768 818 2798 sicut
839 2778 892 2797 nec
913 2767 996 2805 pedes
1017 2769 1148 2798 itineran-

97 2805 169 2833 tium
183 2805 235 2834 iter
248 2805 342 2842 suum,
361 2805 464 2844 absque
472 2807 588 2843 pulveris
600 2806 772 2843 adhaesione,
790 2806 920 2842 transireg
937 2815 1021 2844 quare
1035 2806 1146 2837 summe

98 2841 224 2885 indigent
243 2843 258 2872 ὀ
281 2843 408 2881 praesenti
426 2844 529 2875 saeculo
549 2845 715 2875 transeuntes
744 2845 880 2876 vivorum
907 2844 1041 2883 suffragiis
1070 2844 1147 2883 adju-

97 2890 165 2911 vari.

135 2917 214 2949 Cum
228 2920 320 2958 itaque
333 2921 375 2951 vir
388 2920 511 2959 illustris,
530 2920 699 2951 Edmundus
711 2921 809 2951 unicus
829 2920 910 2952 frater
930 2921 1027 2952 noster
1044 2921 1148 2952 carissi-

98 2966 179 2995 πως,
198 2959 245 2996 qui
258 2958 356 2988 nostris
369 2960 403 2990 &
419 2959 510 2998 Regni
526 2959 614 2989 nostri
626 2960 745 2999 negotiis
759 2959 866 2997 semper
879 2969 1040 2998 promptus,
1057 2960 1147 2990 devo-

98 3003 142 3025 tus
156 2997 244 3026 extitit
258 2997 291 3027 δε
304 2996 408 3034 fidelis,
426 2999 459 3028 &
473 2999 502 3027 in
516 3007 574 3035 quo
589 2998 725 3028 virtutum
739 2998 772 3028 &
787 2999 936 3066 {gadarum
955 2999 1029 3029 dona
1052 2999 1149 3029 multi-

99 3033 182 3070 plicia
196 3034 407 3072 praelucebant,
421 3036 456 3065 ab
471 3036 523 3065 hac
537 3036 615 3073 luce,
634 3043 718 3073 prout
732 3036 781 3074 ipsi
821 3036 956 3067 lasmatori
978 3035 1098 3075 placuit,
1116 3037 1148 3067 iit

100 3071 253 3102 subtractus
274 3073 318 3109 (ex
342 3071 398 3110 qua
419 3074 604 3103 subtractione
623 3083 779 3112 reputamus
799 3085 849 3104 nos
862 3074 999 3112 &ipsum
1013 3075 1148 3115 Regnum

99 3109 256 3154 plurimum
268 3110 414 3148 desolatos)
431 3111 508 3149 quod
522 3112 603 3143 vobis
614 3122 675 3142 non
690 3112 746 3143 sine
758 3114 836 3152 gravi
849 3114 978 3151 corporis
991 3113 1149 3144 amaritudi-

100 3158 139 3178 ne
152 3158 328 3179 nunciamus:

137 3185 333 3218 Paternitatem
353 3187 474 3219 vestram
496 3187 653 3218 affeetuosis
673 3189 802 3225 precibus
821 3191 925 3220 attente
937 3190 1103 3227 requirimus
1117 3191 1150 3221 δεῖ

99 3233 246 3263 rogamus,
265 3234 413 3264 quatenus,
432 3226 513 3264 ipsius
526 3226 613 3256 fratris
625 3227 711 3257 nostri
723 3237 774 3257 exe
795 3229 850 3258 uias
862 3238 930 3259 cum
944 3228 1098 3259 devotione
1106 3229 1150 3258 so-

98 3261 250 3300 lempniter
263 3264 448 3302 celebrantes,
467 3265 523 3302 ejus
537 3264 679 3302 animam,
698 3275 765 3295 cum
799 3268 972 3297 ecantatione‘
985 3267 1148 3305 missarum,

101 3301 135 3331 &
158 3301 223 3368 agilis-
235 3302 401 3333 devotarum
422 3304 580 3333 orationum
601 3301 751 3342 suffragiis,
768 3305 815 3342 ipsi
831 3305 899 3335 Deo
913 3305 1055 3336 Altiffimo
1066 3315 1149 3336 com-

100 3347 166 3368 men
188 3349 246 3369 ens.

137 3376 208 3407 Illud
223 3377 298 3407 idem
312 3378 347 3408 ab
358 3379 488 3409 universis
501 3380 534 3410 &
550 3377 661 3415 singulis
674 3378 819 3419 religiosis,
836 3382 869 3412 &
884 3381 938 3411 aliis
954 3382 1075 3419 perionis
1090 3381 1147 3412 Ec-

103 3414 272 3453 clesiasticis,
291 3415 402 3446 subditis
414 3416 527 3454 vestris,
545 3426 593 3454 per
606 3424 696 3447 totam
709 3417 829 3449 vestram
852 3419 989 3451 Dioceiin
1010 3420 1067 3450 fieri
1087 3421 1146 3458 spe-

44 3490 55 3496 ,
100 3454 204 3484 cialiter
219 3453 398 3492 injungendo.

136 3529 227 3560 Teste
241 3529 323 3570 Rege
338 3529 411 3567 apud
425 3530 568 3560 Aberden.
587 3538 630 3569 15.
645 3530 690 3562 die
700 3530 777 3570 julii.

136 3605 308 3638 Confimiles
323 3606 476 3645 diriguntur
490 3605 597 3646 singulis
609 3606 754 3647 Episcopis
768 3618 817 3647 per
830 3608 968 3650 Angliam.

136 3681 226 3713 Teste
238 3682 365 3721 utsupra.

139 3756 309 3789 Confimiles
322 3759 420 3791 litterae
434 3759 589 3799 diriguntur
604 3758 760 3790 Abbatibus
771 3760 941 3802 subscriptis,
957 3763 1035 3805 usque
1049 3765 1087 3796 ibi
1094 3775 1147 3806 pa-

103 3799 261 3826 ternitatem
274 3797 408 3837 vestram,
427 3797 464 3834 (ἐγ
477 3806 540 3828 tunc
552 3799 648 3828 dicitur
656 3821 665 3836 ,
678 3799 828 3829 amicitiam
841 3799 962 3832 vestram
977 3806 1082 3835 attente
1102 3816 1146 3835 re-

102 3834 238 3870 quirimus
249 3836 282 3866 &
298 3846 428 3876 rogamus
440 3845 571 3875 quatenus
587 3836 667 3874 ipsius
679 3837 768 3867 fratris
781 3836 870 3868 nostri
883 3842 1025 3880 exequias,

96 3871 183 3938 Jitprsa
194 3871 270 3941 ιῖᾑέἔ
284 3874 323 3904 ibi
337 3874 408 3905 illud
418 3875 502 3912 idem,
516 3872 553 3909 ὁ
567 3882 630 3904 tunc
645 3875 759 3913 dicitur,

104 3918 155 3947 gio
166 3919 187 3939 is
211 3920 229 3940 u

1042 3841 1100 3877 &c.
1115 3849 1146 3872 ut

271 3912 276 3917 ,
292 3913 297 3917 ”
777 3876 908 3908 universis
920 3878 953 3909 ὃς
961 3879 1073 3918 fingulis
1086 3882 1149 3913 reli-

269 3920 310 3942 1t1s
323 3913 436 3952 vestris,
454 3913 603 3952 specialiter
618 3913 799 3952 injungendo.

140 3983 230 4015 Teste
244 3994 275 4016 ut
287 3986 373 4026 supra.

104 4058 218 4090 Abbati
229 4061 262 4090 de
274 4064 374 4093 Sancto
385 4064 515 4105 Albano,

648 4064 758 4098 Abbati
773 4066 805 4097 de
818 4064 976 4108 Wltham,

141 4100 211 4129 Tom.
231 4101 257 4130 Ι.
274 4102 307 4131 Ρ.
328 4104 387 4139 lli²

1184 179 1658 228 PUBLICA.

2165 209 2183 236 t
2191 200 2237 236 61

1185 263 1298 310 Abbati
1307 266 1338 294 de
1353 269 1449 298 Sancfi‘o
1461 271 1618 310 Edmundffi
1730 272 1840 302 Abbati
1857 274 1885 303 dt·
1899 274 2041 315 Fontibus,

1186 302 1297 331 Abbaci
1309 306 1340 332 de
1353 305 1504 345 Eves'bam,
1730 311 1842 340 Abba:
1858 313 1888 341 a'o
1902 314 2095 346 Hu'nwltram

1186 340 1299 369 Abbati
1311 342 1417 381 W’stm.
1729 350 1841 379 Abbati
1853 356 1884 380 de
1896 354 1941 379 Ka
1950 352 2050 391 kestea'e
2057 377 2068 392 ‚
2101 340 2111 354 ⁷

1187 382 1219 406 A
1222 377 1298 420 bbat1
1306 383 1324 408 S
1325 382 1400 409 anc‘i‘i
1406 382 1552 422 Augustini
1558 388 1690 416 cantuar.

1187 418 1299 445 Abbati
1314 418 1346 446 de
1362 420 1516 458 Alnewyk,

1186 454 1299 483 Abbati
1312 457 1343 484 de
1356 459 1459 487 §aneia
1473 460 1608 499 Agatha,

1185 492 1299 522 Abbati
1311 494 1342 522 de
1357 495 1516 535 Barlynges,

1188 531 1299 560 Abbati
1313 532 1344 560 de
1359 536 1492 573 Croxton,

1188 570 1207 587 ³*
1226 569 1336 598 Abbati·
1349 572 1379 599 de
1394 575 1495 601 sumata
1508 575 1662 612 Radegund.

1187 607 1298 636 Abbati
1314 608 1344 636 de
1360 611 1512 649 Neuheuse,

1187 646 1296 674 Abbati
1307 649 1339 675 de
1346 648 1439 685 Suleby
1446 671 1456 686 ,

1186 683 1298 712 Abbati
1311 685 1343 713 de
1359 687 1491 715 Wi’e'lebek
1500 710 1509 725 ‚

1185 721 1298 750 Abbati
1312 723 1342 750 de
1358 723 1460 761 Hales,

1185 760 1294 789 Abbati
1306 761 1337 789 de
1352 763 1482 801 Furmys,

1729 387 1840 416 About:
1857 395 1887 418 de
1898 390 2067 430 Raghey‘ord,

1729 425 1840 455 Abbati
1853 427 1884 455 de
1895 430 2015 467 Cumae„

1729 462 1839 493 Abbati
1853 465 1883 493 a'e
1899 466 1973 494 Vulfe
1987 467 2096 506 Regali,

1729 501 1840 530 Abbati
1853 503 1884 531 de
1898 505 2054 544 stratford,

1728 539 1840 567 Abbati
1853 542 1883 569 a'e
1895 541 2039 581 Qa'rera,

1727 576 1839 605 Abbati
1853 578 1884 606 de
1899 580 1974 608 Beslo
1987 580 2038 611 loco
2054 585 2149 620 Regis,

1727 613 1838 643 Abbati
1850 615 1881 643 de
1895 618 2024 657 Reuesby,

1728 651 1839 680 Abbati
1856 655 1885 681 de
1898 657 2020 685 Gerndon
2028 680 2038 694 ‚

1728 689 1841 718 Abbare·
1853 701 1884 719 a:
1892 694 1964 729 Rupe
1970 716 1980 731 ,

1728 727 1842 756 Abbati
1854 729 1885 757 de
1900 729 1976 759 Valle
1989 734 2043 760 Dei
2052 757 2061 770 ,

1729 765 1840 794 Abbati
1854 767 1884 795 de
1899 769 1995 806 Melsa.

1582 838 1720 879 Magistro
1735 840 1849 872 Ordinis
1861 842 1897 873 de
1910 843 2130 885 Sempyngham.

1190 911 2234 930 Ἢ

1186 959 1432 1004 Jmstrumentum
1448 961 1624 1006 Publium,
1645 965 1734 1011 fhper
1754 971 1967 1001 renuntiatione
1977 970 2084 1013 fassa,
2104 973 2229 1018 perplu-

1233 1022 1278 1041 res
1295 1007 1403 1042 nobiles
1417 1013 1536 1054 Scotiae,
1560 1013 1796 1056 consoederationi
1813 1019 1888 1047 inter
1908 1019 2037 1051 Francia
2062 1023 2170 1066 Regem
2194 1025 2230 1059 (3⁶

1233 1058 1314 1104 ipsbs.

1220 1141 1254 1171 N
1268 1141 1401 1173 Nomine
1415 1143 1555 1181 Domini,
1576 1142 1679 1175 Amen.

2249 284 2324 316 Arm.
2338 283 2378 316 Di

2278 326 2356 361 ²222&

2247 365 2314 391 Euo.
2337 374 2359 393 r,

2253 590 2379 624 ²11.7zt·<

2250 1153 2326 1185 Anni
2341 1152 2384 1185 Γ),

1237 1181 1344 1224 ¹‘Anno
1361 1181 1383 1224 a.
1398 1181 1551 1226 Nativitate
1572 1183 1692 1226 ejusdem
1716 1183 1805 1228 1296,
1823 1183 1984 1229 Indiffione
2002 1188 2110 1226 Nona,
2131 1190 2235 1221 Mensis
2275 1194 2357 1231 1296.

1188 1218 1253 1262 Julu
1266 1218 1311 1248 die
1322 1219 1437 1263 decrmo
1451 1228 1565 1258 quinto,
1584 1231 1614 1250 in
1629 1222 1772 1259 praesentiit
1787 1234 1859 1262 mei,
1877 1224 1991 1255 Norarii
2006 1227 2184 1266 innumeri,
2199 1230 2233 1260 &
2251 1235 2292 1258 Aa
2320 1242 2364 1267 24.

1189 1256 1301 1286 testium
1323 1257 1559 1296 subscriptorum,
1574 1261 1608 1289 ad
1628 1262 1686 1290 hoc
1706 1271 1875 1292 vocatorum
1896 1262 2044 1301 specialiter
2069 1269 2102 1296 ὅς
2123 1275 2235 1305 rogato-
2251 1273 2280 1296 Ε.
2302 1279 2323 1294 r⁴

1189 1305 1251 1325 rum
1259 1319 1269 1333 ,

1224 1371 1368 1402 Discretus
1391 1371 1443 1401 Vir
1461 1372 1599 1419 iNslagis‘ter
1618 1372 1784 1420 *Willielrnus
1801 1379 1897 1415 Comyn
1910 1399 1920 1415 ‚
1935 1378 2093 1419 Praepofitus
2112 1379 2234 1422 Ecclesiae

1264 1411 1372 1440 Saneiae
1387 1414 1489 1439 JlIariae
1501 1415 1634 1441 Clvttatn‘
1647 1415 1742 1442 Sanaeffi
1758 1415 1890 1445 Andreae.
2117 1417 2120 1422 ’

1227 1485 1298 1516 Una
1311 1496 1379 1517 cum
1392 1486 1550 1518 Nobilibus
1563 1488 1637 1518 Viris
1650 1487 1801 1528 Dominis,
2100 1525 2108 1539 ι

1191 1563 1351 1592 Normanno
1365 1563 1396 1592 de
1411 1562 1562 1603 Leghelyn‚

1191 1600 1355 1630 Alexandro
1370 1603 1402 1631 de
1415 1601 1583 1631 Lambreton
1591 1624 1601 1639 ‚
1734 1604 1864 1641 Johanne
1880 1607 1912 1634 a'e
1918 1608 2079 1646 varagh,

1191 1638 1324 1676 Johanne
1335 1640 1367 1669 de
1381 1639 1521 1669 Glennesk.
1735 1645 1776 1671 W
1776 1642 1881 1671 illielmo
1893 1644 1924 1672 de
1939 1644 2081 1685 Cluniaco,

1192 1676 1323 1722 Johanne
1344 1677 1376 1707 de
1395 1677 1528 1708 strivelin
1545 1679 1576 1708 de
1600 1681 1697 1709 Mora·
1733 1680 1824 1711 Thom.
1838 1682 1908 1712 dieto
1920 1681 1944 1711 le
1955 1683 2044 1722 Uffir,
2064 1684 2204 1717 Militibus

1230 1726 1297 1755 vla,

1736 1568 1853 1595 Patricio
1867 1567 1899 1595 de
1913 1568 1941 1595 E
1938 1560 2010 1606 ggilu
2006 1580 2075 1608 pte,

1229 1791 1305 1822 Non
1319 1794 1348 1825 vi
1362 1803 1415 1824 nec
1431 1801 1508 1824 metu
1520 1794 1652 1832 coactus,
1671 1800 1701 1824 ut
1713 1795 1838 1833 dicebat,
1856 1795 1894 1826 set
1908 1795 2058 1834 spontanea
2070 1799 2116 1830 sua
2138 1800 2240 1832 volun*

1191 1838 1262 1868 tate,
1282 1832 1319 1861 ad*
1336 1832 1421 1862 fidem
1441 1834 1474 1863 &c
1489 1833 1663 1863 voluntatem
1680 1832 1803 1863 Domini
1819 1833 1968 1873 Edwardi‚
1988 1836 2046 1866 Dei
2057 1838 2159 1876 gratia,
2178 1839 2239 1869 Rea

1191 1871 1231 1908 gis
1257 1870 1368 1909 Anglite
1390 1870 1498 1900 illustris
1513 1893 1522 1909 ‚
1540 1872 1670 1909 veniens,
1688 1873 1954 1911 confoederationes,
1972 1876 2150 1915 contractus,
2169 1887 2241 1907 con-

1190 1909 1353 1946 ventiones,
1371 1909 1403 1938 &
1416 1910 1510 1946 pacra,
1529 1919 1713 1947 quocumque
1729 1912 1846 1940 nomine
1865 1911 1910 1940 vel
1929 1912 2079 1952 consensu,
2100 1915 2173 1944 clam
2196 1914 2243 1945 vel

1191 1947 1301 1983 palam,
1319 1957 1388 1977 cum
1410 1948 1541 1977 Domino
1563 1947 1710 1986 Philippo,
1731 1948 1830 1978 eidem
1849 1950 1934 1989 gratia
1950 1950 2032 1990 Rege
2046 1952 2239 1991 Francorum,

1191 1985 1238 2014 vel
1255 1985 1303 2015 sibi
1323 1986 1542 2023 adhaercntibus,
1561 1987 1634 2015 initae
1655 1987 1820 2024 extitissent,
1838 1997 1974 2025 quantum
1997 1992 2024 2018 in
2044 1990 2103 2027 ipso
2124 1992 2191 2029 fuir,
2207 1994 2241 2022 &1

1191 2023 1280 2060 ipsum
1297 2025 1514 2063 contingebant,
1531 2024 1576 2054 vel
1590 2025 1753 2063 contingere
1767 2034 1895 2065 poterant
1908 2027 2111 2067 quovismodo,

1230 2061 1407 2099 Revocavit,
1421 2062 1550 2099 cass‘avit,
1568 2063 1700 2101 irritavit,
1717 2066 1750 2093 ὃς
1765 2065 1848 2093 etiam
1866 2065 2011 2104 anullavit,
2029 2067 2243 2107 caffasfirrims,

1193 2099 1226 2130 δε
1242 2101 1326 2130 nullas
1344 2100 1400 2130 esse
1412 2101 1547 2131 nuntiavit
1561 2110 1668 2139 organo
1686 2102 1764 2131 vocis
1787 2102 1858 2131 suae:
1879 2102 1917 2133 Et
1936 2103 2055 2142 eisdem,
2074 2106 2120 2144 vi>
2139 2106 2242 2136 formae

1192 2140 1225 2168 ὃς
1241 2138 1356 2168 effectui
1372 2139 1548 2176 earumdem,
1564 2149 1631 2168 cum
1645 2141 1727 2169 omni
1741 2141 1903 2170 commodo
1917 2143 1994 2180 quod
2011 2143 2112 2173 exinde
2126 2144 2176 2174 sibi
2188 2155 2242 2182 poa

1193 2177 1255 2208 terit
1267 2178 1431 2215 provenite,
1449 2177 1572 2214 expresse
1585 2177 1767 2216 renuntiavit3

1230 2213 1267 2244 Et
1281 2237 1289 2253 ,
1308 2216 1385 2244 tactis
1404 2216 1578 2245 sacrosanctis
1600 2218 1633 2246 ὃς
1655 2216 1782 2246 osculatis
1804 2216 1864 2246 Dei
1885 2216 2042 2255 Evangeliis
2057 2242 2066 2258 ,
2081 2219 2242 2250 fidelitatem

1191 2253 1259 2283 fecit
1273 2253 1405 2283 Domino
1419 2254 1495 2290 Regi
1511 2254 1621 2292 Angliae
1638 2263 1815 2293 memorato,
1830 2256 1863 2285 &
1880 2255 1958 2292 super
1982 2255 2111 2288 fidelitate
2130 2259 2190 2296 sua,
2209 2259 2244 2288 sl*

1192 2293 1222 2321 bi
1237 2292 1324 2330 fasta,
1343 2292 1398 2322 suas
1410 2300 1532 2329 patentes
1545 2293 1611 2322 iecit
1626 2292 1713 2323 literas
1722 2315 1732 2330 ‚
1750 2293 1799 2323 sub
1814 2294 1934 2323 nomine
1947 2294 1995 2325 suo
2009 2297 2246 2335 conceptas,veri

1192 2331 1231 2362 sui
1246 2331 1325 2369 figuli
1339 2329 1520 2368 impreffione
1535 2330 1673 2369 pendente
1687 2331 1872 2370 consignatas:

1231 2407 1363 2445 Qarum
1375 2407 1516 2438 literarum
1530 2406 1559 2437 in
1572 2408 1706 2438 omnibus
1719 2408 1753 2438 &
1765 2418 1814 2448 per
1826 2409 1922 2438 omnia
1935 2409 2035 2440 Tenor
2048 2410 2088 2440 est
2098 2410 2164 2441 talis.

1194 2483 1348 2544 ATouz
1370 2493 1468 2522 ceaus‚
1487 2485 1535 2522 qui
1553 2484 1640 2515 cestes
1660 2484 1753 2514 lettres
1777 2493 1892 2515 verront
1908 2496 1947 2516 ou
1962 2495 2078 2525 orront,
2097 2486 2244 2518 Williame

1268 2521 1402 2560 Comyn,
1422 2522 1544 2552 Provost
1557 2523 1602 2552 del
1617 2523 1707 2562 Eglil'e
1723 2523 1759 2553 de
1770 2522 1847 2553 Seint
1863 2523 1993 2562 Andreu,
2012 2525 2091 2555 saluz.

1192 2596 1216 2627 P
1230 2559 1287 2602 l'ur
1300 2569 1354 2589 ceo
1367 2569 1421 2597 que
1433 2562 1481 2598 jeo
1493 2561 1523 2590 fu
1540 2570 1650 2599 venuZ,
1669 2572 1684 2591 a
1697 2561 1722 2591 la
1737 2561 1794 2599 foi,
1812 2571 1827 2591 e
1840 2571 1854 2590 a
1870 2561 1894 2591 la
1907 2563 2025 2593 voluute
2042 2563 2079 2594 du
2104 2563 2242 2594 trefiioble

1218 2607 1294 2627 since

1192 2636 1251 2667 Roi
1265 2619 1473 2675 d'sslngleterre,
1489 2638 1626 2674 Seigneur
1642 2637 1781 2675 d’lrland‚
1797 2647 1813 2666 e
1827 2637 1908 2668 Ducs
1921 2637 2035 2676 d’Aquit
2055 2641 2058 2645 '
2080 2650 2133 2679 ne,

1223 2674 1280 2712 Jeo
1299 2683 1412 2712 promet
1434 2684 1486 2712 pur
1507 2685 1593 2715 moy,
1611 2685 1627 2705 e
1647 2685 1698 2713 pur
1723 2684 1781 2705 mes
1795 2675 1881 2714 heirs,
1899 2675 1942 2706 sur
1954 2679 2035 2714 peine
2069 2688 2084 2708 e
2098 2688 2162 2709 cors
2176 2686 2192 2709 e
2205 2678 2244 2710 de

1190 2711 1299 2750 Avoir‚
1317 2722 1333 2742 e
1352 2712 1396 2743 sur
1417 2722 1504 2751 quant
1524 2723 1579 2751 que
1602 2723 1673 2744 nous
1689 2713 1819 2751 peuii'ons
1833 2723 1974 2753 encoure,
1991 2726 2027 2753 qe
2041 2726 2111 2746 nous
2126 2717 2172 2755 luy
2187 2717 2242 2747 ser-

1191 2752 1304 2789 virons,
1323 2752 1388 2780 bien
1403 2760 1419 2780 e
1432 2752 1588 2789 leaument,
1601 2761 1702 2787 contre
1717 2761 1788 2782 totes
1800 2761 1900 2791 gemz,
1918 2763 1953 2791 qe
1974 2763 2091 2790 purront
2110 2757 2189 2786 vivre
2209 2756 2244 2786 &

1192 2790 1297 2826 morit,
1314 2797 1385 2819 totes
1399 2789 1437 2819 les
1451 2790 1511 2819 foiz
1545 2801 1561 2820 e
1574 2799 1646 2820 nous
1658 2790 1778 2820 serroms
1792 2791 1900 2829 requis‚
1918 2801 1957 2821 ou
1971 2794 2067 2830 garniz
2080 2793 2115 2822 de
2127 2803 2176 2831 par
2188 2803 2243 2824 no-

1193 2836 1234 2857 tre
1246 2828 1381 2866 Seigneur
1396 2827 1421 2857 le
1437 2827 1496 2858 Roi
1510 2801 1703 2867 d3Engleterre
1717 2828 1858 2867 avantdit,
1875 2839 1913 2858 ou
1928 2839 1974 2866 par
1988 2830 2026 2860 ses
2043 2831 2126 2861 heirs:

1229 2865 1254 2895 E
1269 2875 1306 2904 qe
1317 2875 1390 2895 nous
1402 2866 1461 2896 leur
1474 2866 1593 2903 damage
1607 2876 1643 2896 ne
1655 2867 1776 2897 sauroms
1785 2889 1795 2904 ‚
1813 2877 1849 2905 qe
1861 2877 1932 2898 nous
1946 2867 1992 2898 vel
2010 2867 2207 2900 destorbeorns
2226 2880 2243 2900 a

1191 2912 1235 2935 tot
1248 2903 1344 2934 nostre
1356 2914 1442 2942 poet,
1460 2915 1477 2935 e
1491 2905 1517 2935 le
1530 2905 1589 2935 leur
1602 2905 1750 2935 faceomsa
1763 2905 1858 2935 savoir.

1228 2941 1253 2972 E
1263 2966 1272 2981 ,
1287 2953 1302 2972 a
1315 2944 1402 2972 cestes
1415 2944 1510 2972 cnoses
1522 2944 1593 2973 tenir
1606 2952 1623 2972 e
1635 2943 1752 2982 garder,
1767 2944 1817 2982 jeo
1829 2944 1924 2983 oblige
1939 2953 2025 2985 moy,
2043 2955 2059 2975 e
2071 2954 2131 2976 mes
2151 2945 2242 2984 heirs,

1191 2991 1207 3011 e
1222 2990 1292 3011 touz
1308 2989 1367 3010 mes
1379 2982 1477 3018 biens,

1226 3019 1268 3057 E,
1284 3028 1365 3049 outre
1376 3028 1446 3056 ceo,
1464 3019 1489 3048 ai
1497 3019 1545 3056 jeo
1559 3019 1638 3055 jurei„
1651 3019 1694 3050 sur
1706 3019 1802 3050 seintes
1815 3019 1989 3058 Evangeiles.

1225 3057 1272 3087 En
1284 3057 1509 3096 Tesmoignance
1522 3056 1557 3085 de
1570 3067 1643 3094 queu
1656 3058 1741 3088 chose
1750 3060 1799 3097 jeo
1814 3068 1846 3098 ay
1860 3058 1907 3088 fait
1919 3059 1985 3089 faire
1999 3059 2088 3090 cestes
2101 3059 2193 3091 lettres
2206 3071 2242 3091 o-

1192 3105 1301 3134 verteS,
1316 3095 1412 3126 sealees
1425 3095 1461 3125 de
1475 3105 1546 3125 mon
1562 3094 1631 3125 Seal.

1233 3134 1323 3164 Done
1336 3133 1477 3170 Abirden,
1495 3133 1521 3163 le
1533 3134 1678 3171 quinzime
1690 3135 1755 3172 jour
1769 3135 1804 3164 de
1815 3134 1899 3174 Juyl,
1916 3134 1968 3164 l'an
1983 3134 2022 3165 du
2036 3144 2122 3175 regne
2143 3136 2240 3168 nostre

1195 3172 1335 3209 Seigneur
1349 3173 1375 3202 le
1390 3172 1459 3210 Roy
1473 3170 1668 3209 d'Engleterre
1681 3173 1804 3204 avantdit
1818 3173 1946 3205 vintisme
1961 3182 2050 3211 quart.

1217 3247 1293 3317 [Aet.
1315 3247 1388 3286 apud
1411 3248 1546 3279 Abirden.
1564 3258 1642 3278 anno
1656 3272 1666 3286 ,
1684 3247 1845 3281 Indic‘tione
1857 3273 1866 3289 ‚
1893 3248 1995 3280 Mense
2013 3250 2046 3280 δε
2063 3249 2109 3281 die
2130 3259 2241 3289 praeno-

1189 3294 1215 3316 ta
1230 3295 1249 3315 is
1257 3308 1267 3324 ‚

1596 3361 1614 3382 ²*
1634 3360 1818 3392 Praesentibus
1825 3386 1835 3401 ,

1225 3436 1382 3470 Venerabili
1404 3441 1432 3470 in
1454 3437 1570 3469 Christo
1594 3437 1677 3469 Patre
1693 3437 1825 3469 Domino
1839 3440 1978 3477 Antonio,
1996 3442 2051 3469 Dei
2066 3442 2176 3478 gratia,
2195 3441 2237 3468 E-

1259 3476 1360 3516 ptjsc'Opo
1375 3477 1564 3515 Dunolmenfi,

1555 3561 1600 3591 Ac
1613 3560 1768 3592 Nobilibus
1782 3559 1872 3599 Viris,

1733 3649 1837 3676 Briano
1850 3645 1916 3675 Filio
1930 3645 2036 3683 Alani,
2053 3644 2091 3680 ὠ

1190 3652 1312 3679 Dominis
1323 3649 1453 3689 Johamze
1468 3646 1546 3678 rtzzk.
2087 3687 2091 3692 α
2107 3688 2111 3692 .

1731 3684 1847 3714 Roberto
1859 3684 1891 3714 de
1907 3686 1938 3713 H
1930 3683 2008 3724 ylton
2016 3708 2026 3721 ‚
2045 3682 2181 3714 Milithus
2187 3707 2197 3724 ,

1190 3688 1323 3727 Johanne
1338 3690 1369 3718 de
1382 3687 1521 3727 Hastinges
1530 3707 1540 3723 ‚

1191 3729 1273 3756 Petro
1288 3729 1310 3755 C
1311 3727 1384 3756 orbet
1393 3749 1402 3765 3

1227 3801 1362 3833 Testibus
1384 3800 1418 3831 ad
1436 3800 1494 3830 hoc
1514 3799 1620 3830 vocatis
1641 3797 1788 3837 specialiter
1800 3798 1832 3829 <Sc
1847 3796 1966 3836 rogatu,
1983 3807 2051 3828 cum
2064 3794 2120 3829 aliis
2134 3807 2236 3838 quam-

1190 3842 1336 3921 Ριυὲιῑὺὲἑὸ
1351 3876 1490 3913 Andreas,
1499 3874 1643 3913 quondam
1659 3874 1804 3905 Guilielmi
1819 3873 1855 3903 de
1866 3874 1958 3913 Tang.
1966 3872 2095 3905 Clericus
2103 3874 2234 3907 Eborum

1191 3917 1337 3954 Diocelis,
1355 3914 1531 3945 sacrosannstae
1554 3913 1621 3943 sedis
1643 3912 1805 3950 apostolicae
1825 3911 1951 3957 publicus
1965 3911 2129 3956 auetoritate
2139 3913 2236 3956 Nota-

1192 3958 1262 3993 rius,
1282 3956 1329 3992 qui
1349 3951 1509 3991 praemiffis,
1528 3953 1584 3982 ursa
1605 3960 1673 3981 cum
1691 3951 1772 3981 dietis
1792 3950 1924 3988 testibus,
1942 3949 2072 3995 intel-fiii,
2087 3960 2172 3994 mque
2197 3954 2234 3981 iic

1192 3994 1251 4024 fieri
1272 3994 1331 4023 vidi
1354 3993 1387 4023 δε
1408 3991 1515 4028 audivi,
1535 4000 1567 4020 ro
1587 3998 1644 4020 atus
1666 3989 1744 4026 super
1765 3988 1815 4017 hiis
1831 3987 1948 4026 praesens
1959 3988 2074 4020 confeci
2086 3990 2234 4027 publicum

1189 4031 1428 4067 Instrumentum,
1445 4030 1477 4059 &
1494 4029 1522 4057 in
1537 4038 1575 4066 pu
1595 4028 1682 4059 licam
1694 4028 1817 4070 formam
1833 4025 1978 4070 redactum
1992 4026 2071 4066 figno
2085 4036 2153 4059 meo
2167 4036 2240 4058 con-

1188 4070 1264 4101 sueto
1278 4069 1396 4109 signavi,
1414 4069 1442 4098 in
1456 4065 1542 4097 fidem
1555 4067 1589 4098 ὃς
1604 4066 1797 4134 πείὶὶὶιτίιοηιυιη
1809 4063 2024 4102 praemissorum.
2188 4102 2242 4132 m-

2255 1312 2291 1333 fa‘
2312 1312 2366 1335 Rot.

2257 1352 2297 1382 pei,
2303 1359 2307 1371 i
2314 1357 2323 1372 5
2331 1350 2383 1374 CM

2257 1393 2347 1412 meram

1328 2608 1399 2627 mon
1414 2600 1490 2628 chier
1504 2600 1657 2638 Seigueur,
1673 2599 1725 2629 iire
1737 2598 1875 2637 Edward,
1893 2609 1939 2637 par
1953 2601 1976 2629 la
1989 2610 2072 2638 grace
2093 2602 2128 2632 de
2147 2602 2256 2642 Dieu,

2255 3375 2386 3411 ⁸11.722,
