2560 4261
221 181 275 230 36

75 288 150 320 Ann.
162 287 204 320 D;

100 338 114 358 1
123 337 186 367 199.

225 362 345 394 Littera
364 357 508 391 Alienorae
526 356 657 400 Reginae,
677 361 732 397 per
749 362 842 397 quam
859 346 986 392 conccffit
1005 346 1170 394 privilegia
1186 341 1286 374 homi-

607 399 693 433 nibus
709 398 745 432 de
764 399 900 433 Olerone.

296 489 417 519 Lienora
432 512 442 526 ,
467 486 527 518 Dei
550 485 654 524 gratia,
670 483 783 515 humilis
798 483 909 513 Reoina
924 481 1052 519 Angliae,
1067 474 1189 520 Ducissa
1199 474 1286 517 Nor-

261 548 264 550 *
303 529 403 558 maniae
418 528 452 558 ὃ(
466 526 493 556 Α
535 526 643 562 itaniae‚
660 525 694 555 &
709 507 864 554 Cominii?
876 520 1068 557 Andegaviae,
1086 513 1286 551 Aichiepisco-

248 570 286 607 is,
305 567 467 605 Episcopis,
514 564 668 601 ominbus,
687 560 914 593 vicecomitibus
928 583 937 597 ,
953 557 1124 598 Batonibus,
1142 551 1286 597 Senescal-

226 579 257 637 iis
270 631 280 645 ,
299 606 473 644 Praepolitis
499 603 661 642 justiciariis
674 624 684 639 ,
701 599 809 630 Ballivis
821 598 969 635 universis,
987 597 1047 626 tam
1062 598 1178 630 tuturis,
1196 599 1285 629 quam

226 645 424 684 praesentibus,
443 629 478 674 ad
492 652 564 681 quos
577 642 675 671 litterae
689 638 749 668 istae
762 637 956 675 pervenerint,
976 634 1100 676 salutem.

263 683 361 714 Sciatis
380 693 432 713 nos
453 679 621 712 concess'isse
634 702 643 715 ,
667 678 700 708 &
721 675 849 714 praesenti
864 673 950 704 Carta
964 672 1058 703 nostra
1071 681 1100 700 in
1115 676 1285 707 perpetuum

225 721 408 753 confirmasse
427 720 536 750 dileetis
556 719 589 748 &
611 715 738 747 fidelibus
757 713 859 744 nostris
879 711 1012 742 universis
1031 709 1196 740 hominibus
1217 708 1235 726 ³*
1250 706 1286 736 de

227 761 358 792 Olerone
378 762 411 791 &
433 767 535 790 eorum
556 753 726 786 Haeredibus
741 777 750 791 ,
768 761 801 783 ut
813 751 849 781 de
864 750 960 789 puellis
971 751 1005 781 &
1018 748 1108 778 viduis
1121 747 1172 777 suis
1186 745 1287 783 nuptui

226 799 366 831 tradendis
378 823 388 837 ,
407 800 440 830 ὃς
461 797 497 826 de
516 794 641 826 masculis
664 791 716 822 suis
728 790 894 827 uxorandis,
912 790 946 820 ὃς
961 788 996 819 de
1012 786 1099 817 Ballio
1114 786 1286 824 puellarum,

226 840 262 870 &
275 838 438 874 viduarum,
455 836 488 866 ὃς
503 833 694 865 masculorum
707 830 822 861 suorum
836 828 987 865 habendo,
1003 826 1060 856 sine
1073 825 1162 856 nostri
1174 827 1207 856 &
1221 834 1288 853 nos-

227 887 341 908 trorum
363 873 524 906 Haeredum
543 870 770 903 contradiostione
784 892 794 908 ,
818 867 854 899 ad
875 867 1052 899 voluntatem
1066 865 1143 896 suam
1156 863 1234 895 licite
1247 862 1288 892 fa-

228 917 304 946 ciant
318 916 347 944 in
363 922 533 952 perpetuum
546 913 579 942 &
591 909 697 950 secure.

266 952 468 984 Concessimus
490 952 576 981 etiam
596 958 627 979 ut
648 950 709 986 ipiis
731 947 766 977 &
787 955 889 976 eorum
909 943 1081 975 Haeredibus
1096 944 1162 974 vina
1176 940 1236 978 sua,
1254 941 1289 972 &

226 991 262 1022 sal
282 992 362 1023 suum
375 1016 383 1029 ,
409 992 442 1022 &
464 999 566 1020 omnes
588 995 702 1018 caeteras
724 995 767 1015 res
780 985 908 1022 venales,
927 983 1028 1013 nullius
1041 981 1173 1013 obstante
1186 980 1289 1010 inhibi-

228 1032 324 1069 tione,
343 1029 467 1061 vendere
479 1030 512 1060 &
527 1027 655 1066 quolibet
667 1023 758 1056 modo
769 1023 920 1053 distrahere
930 1022 1020 1052 liceat.

268 1068 469 1100 Concessimus
484 1068 570 1097 etiam
582 1066 645 1104 ipfis
661 1066 694 1096 &
709 1072 812 1093 eorum
824 1060 995 1092 Haeredibus
1008 1069 1055 1098 ut,
1073 1061 1102 1089 in
1116 1058 1222 1089 ultimis
1235 1066 1289 1088 tec-

230 1109 360 1139 tamentis
374 1107 425 1138 suis
434 1131 443 1145 ,
461 1116 503 1136 res
517 1107 550 1137 &
566 1103 750 1143 poffeffiones
764 1101 821 1132 suas
834 1099 959 1131 dividant
972 1098 1007 1129 ad
1021 1098 1199 1129 voluntatem
1212 1098 1290 1128 suam

229 1148 276 1177 vel
295 1146 329 1177 ad
351 1146 530 1177 voluntatem
549 1145 709 1174 amicorum
725 1140 859 1178 suorum,
879 1139 898 1168 si
913 1139 988 1168 forte
999 1137 1084 1176 aliqui
1099 1146 1133 1166 ex
1146 1138 1200 1175 eis,
1217 1146 1290 1174 prae-

228 1187 362 1224 occupati
381 1185 427 1215 vel
445 1183 533 1215 occisi
547 1207 557 1222 ,
583 1183 699 1220 copiam
713 1181 746 1212 &
761 1178 842 1218 poffe
856 1188 915 1208 non
927 1177 1075 1208 habuerint
1088 1174 1292 1206 testamentum

227 1225 320 1264 ipsum
333 1223 506 1262 disponendi.

267 1263 380 1294 Omnes
393 1264 478 1293 etiam
494 1270 590 1300 pravas
604 1257 838 1296 consuetudines,
854 1265 920 1295 quae
931 1253 1004 1293 apud
1018 1253 1180 1284 Oleronem
1196 1254 1292 1290 impo-

233 1302 291 1333 sitae
305 1302 383 1340 sunt,
401 1311 434 1331 ex
449 1311 508 1339 quo
523 1298 688 1331 venerabilis
701 1299 734 1329 ὃς
749 1296 857 1327 illustris
871 1296 915 1324 vir
937 1293 1033 1323 noster
1048 1292 1194 1323 Dominus
1208 1292 1292 1321 Hen-

233 1342 307 1372 ricus
330 1340 395 1370 Rex
415 1339 526 1378 Angli-x
546 1337 697 1368 nobiscum
718 1335 933 1366 matrimonium
954 1333 1094 1363 contraxit
1109 1355 1118 1370 ,
1134 1329 1292 1370 quassamus

231 1381 431 1418 inperpetuum
452 1379 485 1409 &
506 1377 614 1415 penitus
634 1375 808 1411 abolemus;
839 1373 968 1403 volentes
988 1372 1022 1402 &
1045 1371 1240 1409 praecipientes
1261 1377 1293 1398 ut

231 1418 360 1456 praediCti
373 1417 503 1447 homines
517 1415 553 1445 de
567 1414 714 1452 Olerone,
732 1414 765 1445 ὅ(
779 1422 882 1442 eorum
894 1409 1034 1440 Haeredes
1048 1409 1133 1448 justas
1147 1410 1180 1440 δε
1194 1408 1294 1438 liberas

231 1456 447 1488 consuetudines
461 1464 543 1486 terrae
554 1452 608 1484 suae
622 1452 781 1483 custodiant
795 1451 829 1481 &
849 1450 970 1480 habeant
982 1473 993 1487 ,
1008 1448 1079 1478 sicut
1094 1447 1295 1479 Anteccssores

232 1506 335 1527 eorum
349 1495 399 1525 sub
413 1493 578 1525 nostrorum
593 1490 816 1522 Antecefforum
831 1488 974 1519 Dominio
986 1496 1145 1518 tenuerunt.

272 1534 319 1564 Ut
337 1542 432 1564 autern
454 1532 516 1562 haec
538 1530 630 1560 nostra
652 1529 815 1567 concessio,
836 1527 893 1558 sive
908 1525 1107 1565 confirmatio,
1129 1534 1295 1564 perpetuam

232 1573 431 1603 auctoritatem
450 1570 483 1600 &
504 1569 620 1607 plenum
640 1568 729 1598 robur
749 1569 892 1605 optineat,
910 1575 963 1596 nos
977 1564 1095 1595 Cartam
1110 1565 1192 1595 istam
1205 1565 1296 1602 sigillo

234 1611 334 1642 nostro
355 1609 475 1640 fecimus
491 1608 624 1645 insigniri.
662 1606 775 1637 Datum
788 1605 860 1644 apud
876 1604 1075 1642 Andiliacum,
1095 1604 1184 1635 Aruio
1200 1603 1297 1636 Incar-

233 1651 292 1680 nati
304 1649 394 1680 Verbi
410 1647 568 1678 Millesimo
583 1645 752 1676 Centeliino
766 1643 966 1684 Nonagelimo
978 1642 1086 1673 Nono.

235 1725 390 1764 Testibuv,

73 491 126 517 Αη.
147 498 169 517 ι,

73 527 136 564 Joh.

74 569 142 593 L.B.
151 570 191 601 pe-

73 613 114 630 nes
127 606 178 630 Ca-

75 650 171 668 merar.

75 684 189 706 scaccar.

81 720 96 734 '¹‘
106 719 128 745 1.
142 726 150 743 i
161 725 202 743 ιι..

236 1806 353 1835 Domino
372 1804 489 1832 Henrico
505 1800 675 1831 >canaam-n.
707 1802 749 1830 Ε-
786 1795 935 1839 Hymberto
950 1798 982 1827 de
995 1801 1099 1828 Forum.

270 1842 386 1882 piftopo,
788 1837 931 1868 willielmo
948 1839 1100 1875 Bormant²

237 1884 320 1912 Petro
330 1882 443 1910 Bertino
458 1885 522 1908 tunc
530 1876 673 1917 Senescallo
689 1879 749 1907 Pic-
787 1876 922 1914 Johanne
933 1874 1043 1915 Roilloy.

248 1956 251 1959 ῃ
275 1923 381 1957 taviae,
788 1915 920 1953 Johanne
935 1913 1039 1951 Vitale,

239 1960 339 1989 Launo
356 1959 468 1995 Ogerio‚
788 1953 917 2023 {ohanne
931 1952 971 1990 Jo
984 1951 1070 1991 blino,

240 1996 359 2027 chalone
373 1997 405 2026 de
419 1993 577 2033 Rochforti,
802 1991 827 2024 't
843 1992 938 2024 multis
980 1991 1017 2021 is.

239 2034 375 2076 Gaufrido
390 2035 422 2064 de
437 2035 595 2071 Cauvigne,

240 2165 361 2199 Littera
396 2160 437 2208 J.
464 2163 552 2207 Regis
576 2170 630 2206 per
655 2169 749 2204 quam
778 2154 905 2200 conceffit
930 2152 1098 2188 hominibus
1123 2152 1159 2189 de
1180 2155 1307 2190 Olerone

285 2209 367 2259 quod
390 2207 490 2257 poffint
512 2206 620 2242 habere
645 2211 723 2240 inter
744 2205 780 2252 fi
804 2208 1010 2239 communiam
1037 2201 1128 2237 libere
1142 2231 1154 2248 ,
1187 2208 1303 2252 quiete,

285 2264 350 2302 &a

90 2338 167 2368 Ann.
178 2335 220 2367 D.

117 2385 130 2406 1
139 2385 201 2414 199.

89 2419 123 2444 A.
149 2425 171 2442 i.

89 2454 152 2492 Joh.

90 2501 123 2528 23
132 2514 134 2517 .
144 2491 223 2530 Julii.

90 2534 120 2559 L.
129 2535 157 2558 B.
165 2536 202 2567 pe-

90 2579 131 2596 nes
146 2572 197 2596 Ca-

91 2617 189 2635 merar.

91 2652 207 2674 §taccam

280 2347 437 2385 Ohannes',
462 2345 521 2376 Dei
535 2344 622 2383 gratia
635 2369 645 2382 ,
663 2343 729 2374 Rex
743 2341 856 2381 Angliae
892 2341 1038 2372 Dominus
1050 2340 1217 2378 Hiberniae,
1235 2339 1307 2370 Dux

290 2385 484 2418 Normanniae
499 2409 508 2422 ,
531 2386 566 2416 ὃ(
586 2383 767 2420 Aquitanniae
780 2406 790 2420 ,
808 2383 842 2413 &
856 2367 967 2412 Comes
981 2379 1167 2419 Andegaviae,
1185 2379 1306 2409 Archie-

245 2426 380 2467 piscopis‚
400 2424 564 2462 Episcopis,
583 2422 760 2459 Abbatibus,
778 2419 962 2458 Comitibus,
981 2418 1136 2449 Baronibus
1150 2443 1159 2456 ,
1174 2417 1304 2456 justicia-

245 2467 290 2496 riis
322 2464 554 2495 vicecomitibus
565 2485 576 2500 ‚
598 2460 774 2498 Praepositss,
791 2461 825 2490 δε
840 2458 975 2490 omnibus
990 2456 1100 2488 Ballivis
1115 2458 1149 2488 &
1164 2456 1187 2486 F
1189 2456 1306 2487 idelibus

243 2490 346 2536 nolitis
359 2503 483 2534 salutem.

281 2543 433 2574 Noveritis
456 2540 535 2580 quod
557 2550 609 2570 nos
630 2537 823 2569 concessimus
837 2560 846 2573 ,
873 2536 906 2566 &
931 2534 1057 2573 praesenti
1078 2533 1184 2564 Charta
1211 2532 1308 2563 nostra

245 2581 479 2613 confirmavimus
498 2579 606 2610 diieeiis
627 2578 661 2608 ὃς
675 2576 802 2606 fidelibus
817 2573 935 2611 nostris,
955 2573 1142 2610 Burgensibus
1155 2570 1257 2602 nostris
1270 2571 1306 2602 de

246 2621 389 2658 Olerone,
409 2618 489 2658 quod
504 2618 624 2648 habeant
639 2615 840 2646 communiam
855 2614 884 2642 in
898 2612 1037 2642 Olerone.

284 2660 383 2696 Quare
397 2658 549 2695 volumus,
567 2657 601 2686 ὅ(
616 2653 734 2684 firmiter
748 2653 929 2690 praecipimus
945 2650 1023 2688 quod
1039 2649 1088 2687 ipsi
1102 2650 1303 2679 communiam

246 2698 364 2728 habeant
374 2697 450 2727 bene
463 2697 496 2727 &
512 2697 539 2725 in
554 2703 639 2733 pace,
656 2703 724 2722 cum
737 2692 873 2721 omnibus
888 2688 1060 2719 libertatibus
1079 2690 1113 2719 ὃς
1128 2688 1221 2718 liberis
1234 2697 1307 2718 con-

244 2735 434 2767 suetudinibus
449 2734 483 2765 ad
497 2732 696 2764 communiam
710 2728 921 2768 pertinentibus.

283 2772 484 2806 concessimus
507 2774 591 2803 etiam
615 2772 653 2801 eis
668 2794 678 2808 ,
697 2769 730 2800 δε
744 2768 831 2798 Carta
844 2765 940 2796 nostra
954 2763 1206 2802 confirmavimus,
1224 2762 1307 2802 quod

243 2813 292 2852 ipsi
313 2814 434 2843 habeant
454 2820 556 2841 omnes
574 2810 714 2840 libertates
735 2808 768 2838 ὅ(
788 2806 888 2836 liberas
907 2802 1125 2835 consuetudines
1143 2813 1194 2840 per
1216 2810 1308 2832 totam

245 2861 349 2883 terram
369 2850 496 2881 nostram
511 2875 520 2887 ,
565 2858 610 2878 uas
626 2848 729 2877 habere
742 2845 848 2875 debent
862 2844 895 2874 δε
908 2843 1015 2880 solent,
1033 2843 1067 2872 &
1082 2841 1152 2871 sicut
1165 2839 1252 2871 Carta
1267 2841 1308 2870 A-

245 2891 361 2958 herizo&
382 2890 503 2929 Reginae
530 2887 556 2918 N
569 2888 632 2918 atris
651 2884 757 2916 nostrae
777 2883 914 2915 testatur:
937 2881 1024 2912 Salvo
1043 2881 1072 2910 in
1092 2880 1227 2910 omnibus
1244 2880 1309 2918 jure

245 2933 297 2958 nol
313 2939 354 2958 ro.

243 3004 380 3037 Testibus
386 3028 396 3043 ,

249 3085 287 3113 E.
308 3081 409 3122 Elienfi
418 3105 426 3118 ,

247 3125 275 3151 S.
297 3118 471 3159 Bathom'enfi
488 3116 633 3158 Epifiopisr

249 3157 392 3189 Willielmo
409 3161 508 3187 Comite
523 3154 669 3194 Arundel,

249 3202 283 3229 R.
303 3201 403 3228 Comite
416 3195 568 3235 Leicestriae
578 3219 588 3234 ,

798 3079 890 3107 Garin
898 3073 961 3117 filio
974 3072 1101 3110 Gerola'i,

797 3115 899 3146 sahero
921 3114 950 3143 ἅτ
972 3112 1076 3151 Quem.
1096 3114 1170 3141 Dat.
1189 3116 1237 3149 per
1251 3120 1310 3139 ma-

834 3165 899 3183 num
922 3154 961 3181 H.
977 3148 1179 3190 Cantuarienfis
1191 3149 1313 3179 Archie-

828 3194 924 3232 piscopi
937 3188 1096 3221 Cancellarii
1111 3187 1211 3229 mstri,

250 3274 337 3319 Apud
355 3273 528 3305 Vemolium
542 3297 553 3311 ,
575 3269 721 3303 vicesimo
742 3269 827 3300 tertio
849 3268 895 3299 die
906 3268 990 3308 Julii,
1010 3266 1098 3298 Anno
1113 3265 1210 3306 Regni
1223 3264 1312 3296 nostri

251 3324 354 3351 primo.

102 3428 152 3462 *71*
168 3434 233 3466 113.
254 3439 281 3466 *ἒ
301 3443 461 3474 Conventio
481 3443 559 3473 inter
574 3436 692 3486 Johan.
704 3439 811 3482 Regem
827 3437 864 3472 όν
886 3433 1065 3466 Alii-noram
1085 3433 1232 3477 Reginam
1247 3431 1316 3464 An-

495 3490 562 3537 gliae
580 3491 723 3521 Matrem
740 3485 822 3530 ejus,
847 3481 883 3514 de
900 3481 1053 3514 Pimvia.

104 3560 182 3591 3⁰¹¹·
192 3559 233 3591 D·
295 3573 429 3605 Ohannes
443 3599 453 3613 ,
475 3574 535 3604 Dei
556 3572 659 3613 gratia,
677 3573 738 3603 &c.
755 3570 853 3601 Sciatis
875 3576 928 3598 nos
941 3563 1123 3602 concessisse,
1140 3565 1173 3595 &
1188 3564 1317 3602 praesenti

132 3608 217 3637 ¹¹99·
306 3613 390 3643 Carta
408 3612 502 3643 nostra
520 3610 701 3643 confirmasse
723 3608 871 3640 kariffimae
893 3616 926 3636 ac
940 3604 1092 3636 venerabili
1108 3603 1262 3640 Dominae,
1280 3603 1313 3632 &

102 3641 158 3702 ⁸4⁷2
175 3648 198 3666 ¹·
258 3651 348 3683 Matri
366 3651 470 3681 nostrae
492 3651 636 3681 Alienorae
650 3673 660 3687 ,
684 3649 741 3678 Dei
761 3646 848 3687 gratia
863 3671 873 3685 ,
892 3644 1013 3684 Reginae
1026 3641 1155 3681 Angliae,
1173 3640 1251 3682 quod
1265 3641 1315 3670 ha-

104 3677 129 3713 J
129 3687 141 3703 ⁰
162 3698 167 3703 ·
257 3690 323 3721 beat
344 3689 378 3719 ὃς
398 3698 488 3719 teneat
503 3713 512 3726 ,
533 3689 667 3720 omnibus
688 3686 786 3716 diebus
808 3687 874 3717 vitae
894 3684 966 3721 suae,
984 3682 1028 3713 vel
1043 3679 1177 3719 quamdiu
1191 3679 1240 3708 ilbi
1255 3679 1313 3717 pla-

103 3718 183 3779 cair.
197 3722 220 3741 ¹‘
259 3728 349 3760 cuerit
380 3736 470 3757 totam
485 3727 641 3758 Pi&aviam
654 3735 724 3756 cum
737 3725 872 3754 omnibus
893 3720 1065 3761 pertinentiis
1083 3719 1153 3757 suis,
1171 3727 1241 3748 cum
1254 3726 1314 3748 tota

101 3753 142 3796 Jf'
161 3761 206 3779 '³⁷¹'
259 3751 432 3797 Haereditate
451 3765 484 3795 &
505 3765 688 3803 adquisitione
699 3788 709 3802 ,
733 3772 799 3801 quae
814 3772 893 3799 eam,
912 3771 946 3792 ex
960 3760 1049 3798 aliqua
1063 3766 1155 3797 parte,
1176 3755 1222 3787 vel
1238 3766 1313 3793 quo-

106 3800 144 3856 'g‘
153 3810 164 3854 ’¹
172 3796 202 3853 ζ·
216 3798 240 3817 ¹·
258 3813 373 3843 cunque
389 3804 451 3841 jure
467 3826 477 3840 ,
503 3805 647 3843 contingat
662 3815 672 3841 3
695 3811 759 3840 quae
777 3801 860 3830 nobis
880 3809 1015 3839 tanquam
1036 3798 1118 3828 ῐεέὶο
1130 3794 1248 3827 Haeredi
1262 3794 1312 3825 suo

106 3849 144 3895 δ’
192 3850 198 3856 ·
257 3841 398 3874 concessit
420 3842 454 3871 &
475 3840 576 3871 dimisit
589 3866 599 3879 ,
623 3841 656 3871 ὃς
678 3839 765 3870 Carta
785 3838 831 3868 sua
850 3838 1032 3868 confirmavit
1045 3859 1055 3875 ,
1072 3836 1106 3866 &
1121 3833 1197 3872 unde
1211 3834 1313 3864 homa-

126 3866 184 3903 οφ·
278 3883 336 3912 'um
350 3879 479 3910 nostrum
492 3880 614 3916 recepit,
630 3880 662 3908 &
676 3878 752 3908 unde
768 3877 943 3906 Dominiuiii
956 3877 1042 3906 totius
1055 3882 1137 3905 terrae
1152 3871 1312 3910 praedict-ie,

278 3920 443 3956 omagium,
462 3915 623 3947 fidelitatem
636 3918 669 3947 ὃ(
682 3917 788 3947 servitia
801 3915 883 3944 nobis
897 3914 1055 3944 atturnavit.

296 3958 335 3988 Et
348 3966 408 3986 non
421 3964 532 3986 tantum
544 3954 581 3984 de
594 3954 732 3991 praedietis
747 3954 828 3984 terris
839 3951 940 3982 nostris
953 3952 1086 3982 volumus
1106 3948 1185 3988 quod
1199 3948 1232 3979 fit
1244 3947 1312 3979 Do—

259 3998 352 4033 mim3
370 3995 408 4025 set
423 3995 507 4024 etiam
520 3993 556 4022 de
570 3993 670 4029 nobis,
689 3994 722 4022 &
736 3992 871 4022 omnibus
885 3991 963 4020 terris
973 4014 982 4028 ,
1001 3991 1034 4019 &
1049 3990 1131 4019 rebus
1145 3987 1254 4018 nostris.

297 4034 465 4064 Conventio
479 4032 562 4061 etiam
577 4032 648 4060 inter
661 4039 728 4067 nos,
744 4029 822 4067 quod
837 4029 890 4067 ipsa
902 4028 943 4058 nil
957 4027 1034 4057 dabit
1047 4027 1083 4058 de
1099 4026 1239 4065 praediecis
1255 4025 1313 4056 fine

257 4073 363 4105 assensu
385 4072 419 4103 &
441 4070 559 4103 consilio
581 4068 698 4106 nostr03
716 4077 771 4099 nee
785 4078 853 4106 nOS,
871 4067 928 4098 sine
945 4065 1049 4097 affensu
1062 4067 1096 4097 &
1112 4064 1230 4098 consilio
1243 4064 1310 4096 suo:

687 164 1493 218 CoNVENTi'oNES,
1548 160 1935 216 LITERAE‘,

1328 251 1460 290 Excepto
1480 253 1575 291 aliquo
1595 255 1773 299 competenti
1794 253 1938 285 beneficio
1952 277 1962 293 ,
1986 253 2066 293 quod
2086 253 2158 292 ipsa,
2175 253 2222 285 vel
2237 256 2290 284 nos
2304 253 2391 285 facia·
2409 252 2537 290 Ann.D'

1328 301 1390 321 mus
1407 301 1461 329 pro
1475 291 1559 322 salute
1576 302 1733 324 animarum
1748 292 1918 323 nostrarum,
2435 285 2536 335 1199..

1363 357 1454 389 Teste
1461 382 1471 396 ‚
1490 360 1552 392 δίε.

1506 483 1627 521 Litterae
1645 489 1775 521 Nunciis
1794 490 1881 536 Regis
1898 487 2023 532 Castellae
2038 491 2074 526 ὠ·
2095 488 2202 521 Toleti.

1320 570 1517 654 JOhannes,
1536 572 1594 604 Dei
1609 572 1694 641 qratia
1729 572 1935 618 &c3Nunciis
1950 573 2075 605 Domini
2090 571 2179 612 Regis
2199 573 2234 604 ὃς
2250 571 2391 604 Dominae
2410 578 2486 611 Arm,
2498 581 2539 616 Π

1375 609 1498 647 Reginae
1514 611 1609 642 Castel
1620 622 1644 641 ιε
1660 598 1823 650 &⁷Toleti,
1837 611 1962 644 salutem.
2430 627 2516 659 1199,
2530 647 2532 649 .

2479 669 2488 686 1

1365 646 1513 679 Mittimus
1535 650 1569 680 ad
1583 660 1636 681 vos
1650 650 1769 681 dilectos
1783 652 1817 682 ὃς
1829 651 1924 682 fideles
1940 651 2054 682 nostros
2066 650 2182 681 fratrem
2200 648 2232 679 P.
2250 648 2390 688 Vemob,
2408 661 2450 685 An

1310 697 1314 700 ·
1328 685 1447 716 Radum
1461 686 1497 717 de
1512 687 1696 719 Malo—leone
1710 689 1901 720 Senescallum
1915 689 2067 727 Pit‘taviae,
2086 689 2119 720 δε
2134 687 2175 718 G.
2189 688 2225 718 de
2238 685 2335 726 Cella,
2353 689 2388 719 &
2405 681 2470 732 Joh'.
2495 681 2503 688 ⁹

1329 724 1466 761 quosdam
1488 735 1630 765 magnates
1652 735 1734 758 terrae
1748 727 1852 758 nostrae
1865 738 1935 759 cum
1950 729 2019 767 illis3
2037 727 2113 758 unde
2125 727 2210 757 vobis
2223 725 2390 756 mandamus
2407 737 2481 763 cm,
2500 746 2522 766 ,-

1329 763 1460 801 quatinus
1480 773 1511 793 ea
1525 788 1535 803 ,
1553 773 1624 809 'quae
1642 766 1774 809 'praediffi
1787 775 1859 812 tres,
1876 767 1924 799 vel
1937 767 1996 798 duo
2011 765 2127 798 illorum
2143 765 2227 798 vobis
2241 765 2338 796 dicent
2353 773 2389 795 ex
2408 772 2534 809 Johannis

1328 810 1407 839 parte
1421 801 1533 841 nostra,
1551 801 1739 834 indubitanter
1754 805 1880 836 credatis.
2408 816 2435 848 p·
2446 821 2515 842 2.m.
2531 797 2542 811 ’

2412 858 2458 884 29.
2467 853 2541 889 dorso.

1367 871 1457 902 Teste
1468 870 1576 910 meipso
1589 872 1663 911 apud
1677 872 1852 914 Karentem,
1873 884 1911 914 30
1925 875 1970 905 die
1979 875 2066 914 Junii.
2411 897 2436 916 7„
2452 889 2479 917 3.

1613 999 1663 1032 De
1677 1001 1810 1032 Nunciis
1825 1002 1912 1047 Regis
1928 1001 2115 1049 portugaliae.

1371 1083 1507 1115 Ohannes
1520 1107 1530 1123 ‚
1541 1084 1607 1129 ‘Dei
1625 1084 1726 1122 Gan'a,
1745 1083 1807 1116 ὅτε.
1826 1083 2073 1125 Archiepiscopis,
2091 1087 2255 1126 Episcopis,
2273 1081 2396 1118 Abbati·
2415 1099 2442 1130 Α
2503 1101 2538 1133 D

1381 1124 1434 1153 bus
1450 1125 1483 1155 ὅ(
1499 1124 1646 1154 Prioribus
1660 1134 1743 1155 terrae
1758 1123 1813 1154 suae
1828 1123 1963 1154 Salutem.
2444 1110 2492 1131 Μ’
2535 1124 2544 1134 ⁸

1371 1161 1544 1206 Mandamus
1567 1164 1649 1193 vobis
1671 1162 1765 1201 quod,
1785 1172 1854 1193 cum
1876 1161 1989 1194 NunCii
2008 1162 2141 1194 karissimi
2153 1164 2243 1194 fratris
2256 1164 2394 1195 nostri&
2435 1149 2492 1178 ¹¹9
2495 1151 2512 1180 9
2514 1164 2522 1170 ’

1331 1208 1417 1229 amici
1432 1200 1520 1239 Regis
1536 1200 1705 1245 Portigaleii.
1726 1208 1776 1245 per
1787 1211 1840 1232 vos
1852 1201 1996 1232 transitum
2011 1202 2147 1240 fecerint,
2162 1211 2284 1232 omnem
2300 1203 2396 1233 hono-
2414 1183 2491 1244 Af*

1333 1247 1393 1281 rem
1403 1261 1413 1276 ,
1429 1249 1517 1282 quem
1539 1248 1665 1284 poteritis
1679 1265 1688 1279 ,
1715 1250 1753 1270 eis
1775 1240 1926 1270 exhibeatis
1939 1252 1949 1277 3
1970 1241 2021 1279 ὃς,
2040 1240 2059 1270 si
2075 1240 2231 1270 necessariis
2246 1241 2279 1271 ὃς
2295 1241 2397 1271 auxilio
2413 1218 2479 1283 Ξοί,

1334 1276 1390 1306 indi
1411 1287 1517 1316 uetuit,
1536 1289 1574 1308 eis
1595 1289 1623 1308 in
1639 1278 1796 1309 neceffiiriis
1818 1280 1851 1310 ὃς
1867 1278 1968 1309 auxilio
1984 1279 2172 1317 provideatis,
2191 1278 2262 1310 sicut
2277 1279 2396 1310 dilectus
2438 1267 2452 1283 a
2483 1279 2489 1283 '
2506 1265 2529 1285 ¹⁸

1333 1316 1367 1346 ὃς
1404 1315 1472 1346 delis
1487 1316 1618 1356 nosterJ.
1638 1317 1796 1349 Lexovien.
1815 1317 2041 1348 Archidiaconus
2056 1318 2139 1349 vobis
2153 1318 2237 1349 dicet.
2413 1294 2548 1370 {⁰5¹‘Zm’

1370 1392 1461 1424 Teste
1477 1394 1583 1432 meipso
1596 1394 1670 1433 apud
1684 1394 1844 1425 Karentcm
1853 1419 1862 1433 ,
1884 1404 1924 1434 30
1939 1394 1985 1425 die
1994 1395 2082 1434 Junii.
2419 1370 2550 1438 Z?·g{0⁷s3²·

1466 1522 1587 1555 Littera
1604 1519 1736 1566 ejusdem
1752 1522 1925 1566 argumenti
1941 1519 2070 1552 Ballivis
2087 1520 2265 1566 Terraefhae.

1376 1607 1512 1637 Ohannes
1532 1605 1590 1636 Dei
1609 1605 1708 1637 Gratia
1723 1629 1733 1644 ,
1757 1606 1818 1637 &c.
1837 1603 1983 1634 Omnibus
2003 1603 2113 1636 Ballivis
2135 1614 2218 1637 terrae
2239 1605 2294 1636 suae
2323 1605 2402 1636 Salu-
2419 1617 2496 1648 Ana
2512 1617 2560 1649 D·¹

1378 1656 1582 1728 ffissdavimus
1603 1684 1686 1728 vobis
1710 1681 1790 1722 quod
1805 1706 1815 1720 ,
1840 1691 1910 1712 cum
1933 1680 2047 1712 Nuncii
2060 1681 2193 1713 karissimi
2206 1683 2296 1714 fratris
2313 1682 2403 1714 nostri
2420 1665 2454 1723 ΑΙ
2464 1666 2527 1722 ¹199‘

1339 1724 1375 1767 &t
1390 1733 1474 1767 amici
1486 1722 1574 1766 Regis
1589 1722 1758 1766 Porngalen.
1776 1731 1826 1764 per
1837 1730 1899 1764 'vos
1913 1721 2060 1765 transitum
2075 1721 2211 1766 fecerint,
2229 1723 2263 1753 ὅς
2276 1722 2402 1766 necessa-
2420 1718 2481 1771 Jo'h.
2493 1716 2501 1723 ’

1341 1772 1387 1791 riis
1402 1761 1571 1806 indiguerint
1584 1770 1631 1791 aut
1645 1761 1764 1805 aux-ilio,
1783 1770 1820 1789 eis
1835 1769 1864 1788 in
1880 1759 2036 1789 necessanis
2049 1760 2083 1790 &
2099 1760 2201 1791 auxilio
2215 1760 2403 1799 prowdeans,

1342 1800 1550 1869 ficffisdiiilcegttus
1572 1800 1606 1829 ὃς
1627 1798 1714 1830 fidehs
1735 1797 1983 1837 nosterjohannes
1998 1798 2156 1830 Lexovien.
2175 1798 2403 1831 Archidiaconus

1341 1849 1469 1908 VOTeste
1484 1862 1592 1915 meipso
1606 1875 1680 1915 apud
1695 1875 1853 1907 Karentem
1862 1899 1872 1914 ,
1892 1883 1931 1914 30
1945 1873 1992 1905 die
2004 1873 2021 1913 J
2026 1875 2093 1906 unii.

1343 2000 1372 2030 ‘JV‘
1390 2001 1497 2038 Foedus
1512 2007 1549 2044 ῤ’
1567 2005 1728 2038 conventio
1745 2006 1823 2036 inter
1840 2000 1881 2050 J.
1901 2003 2013 2049 Regem
2034 2003 2172 2051 Angliae,
2193 2006 2230 2042 (³7⁴
2250 2005 2285 2037 Β.
2305 2005 2407 2037 Comi·
2422 2017 2476 2048 ³1.
2497 2028 2556 2057 ¹¹4·

1770 2062 1831 2085 tem
1847 2051 2006 2085 flandriae.

1347 2148 1373 2169 1.
1392 2138 1573 2201 Notum
1595 2139 1627 2170 sit
1648 2136 1780 2170 universis
1795 2161 1814 2181 ,Ι
1828 2137 1887 2181 hoc
1909 2135 2045 2176 scriptum
2059 2138 2157 2170 visuris
2169 2162 2179 2177 ‚
2198 2137 2278 2176 quod
2291 2138 2351 2168 hoc
2366 2137 2408 2168 est
2426 2140 2503 2172 Ami,
2517 2140 2560 2172 D,

1489 2179 1596 2223 Foedus
1616 2179 1650 2209 &
1669 2177 1837 2221 Conventio
1857 2184 1930 2219 inter
1947 2176 2112 2215 johannem
2133 2177 2249 2217 Regem
2270 2176 2384 2215 Angliae
2397 2201 2407 2215 ,
2449 2190 2535 2219 1199,

1345 2217 1380 2248 &
1393 2216 1425 2248 Β.
1445 2216 1599 2249 Comitem
1620 2215 1765 2246 Flandriae.
1790 2214 1955 2254 Videlicet,
1983 2215 2075 2255 Qiod
2103 2215 2180 2246 idem
2209 2215 2276 2245 Rex
2296 2215 2408 2255 Angliae
2427 2223 2480 2247 An.
2503 2230 2528 2248 i.

1346 2266 1447 2294 pacem
1460 2266 1507 2287 aut
1521 2265 1649 2301 treugam
1664 2265 1734 2286 cum
1748 2254 1832 2298 Rege
1847 2253 1870 2283 F
1872 2255 1973 2284 ranciae
1987 2264 2047 2284 non
2063 2254 2147 2286 faciet
2159 2254 2263 2292 absque
2276 2254 2408 2284 volunta-
2427 2258 2491 2296 Joh.

1345 2304 1375 2326 te
1389 2296 1423 2327 &
1438 2295 1557 2339 affenssu
1573 2293 1696 2334 ejusdem
1711 2293 1853 2331 Comitis3
1871 2301 1926 2322 nec
1940 2292 2018 2323 idem
2030 2292 2140 2324 Comes
2155 2293 2255 2331 faciet,
2270 2301 2317 2323 aut
2332 2292 2408 2323 face-
2427 2301 2502 2325 cart.
2517 2305 2543 2325 i.

1345 2344 1377 2404 ἔξ
1390 2344 1492 2404 georg&
1506 2340 1898 2403 {acerrssgigtftrlgugamAelign
1912 2330 1996 2371 Rege
2012 2331 2036 2361 F
2037 2333 2141 2363 ranciae
2156 2331 2259 2370 absque
2274 2331 2408 2363 volunta-
2425 2335 2560 2374 Jahannii.

1384 2421 1411 2442 2.
1423 2410 1465 2456 'Et
1477 2382 1626 2456 ῗὶῐὶιῗῗοῖξε,
1635 2382 1683 2440 ¹de¹
1695 2380 1839 2440 voffinlstate
1851 2379 2007 2452 ‘exiaea'ffensu
2022 2408 2183 2448 utriusque,
2268 2416 2315 2438 aut
2333 2418 2409 2439 con-
2429 2381 2534 2442 {215⁹

1346 2450 1445 2481 cordia
1464 2449 1544 2481 fieret
1565 2458 1637 2494 inter
1655 2448 1770 2488 Regem
1786 2446 1912 2477 Franciae
1927 2447 1961 2478 &
1976 2457 2040 2486 eos,
2057 2447 2091 2478 &
2107 2447 2174 2477 Rex
2188 2417 2317 2477 ffinciae
2333 2446 2412 2484 post-

1347 2489 1472 2520 modum
1493 2489 1618 2520 alterutri
1637 2494 1780 2527 guerraret
1794 2510 1804 2524 ,
1825 2493 1988 2516 tenerentur
2002 2486 2130 2524 praedisti
2143 2485 2210 2516 Rex
2227 2485 2357 2525 Angliae‚
2376 2485 2412 2516 δε

1348 2527 1458 2559 Comes
1477 2528 1511 2558 ad
1531 2535 1666 2558 mutuum
1688 2525 1839 2556 subsidium
1853 2525 1887 2555 &
1901 2524 2034 2554 auxilium
2050 2524 2101 2554 fibi
2115 2525 2243 2555 invicem
2257 2523 2412 2555 conferen-

1347 2567 1436 2605 dum,
1454 2575 1541 2605 prout
1555 2566 1655 2596 melius
1671 2571 1822 2603 poterunt,
1841 2564 1875 2594 &
1890 2563 1960 2594 sicut
1975 2563 2104 2594 fecerunt
2118 2571 2251 2601 tempore
2266 2572 2326 2602 quo
2341 2562 2413 2593 Foe-

1346 2604 1398 2636 dus
1411 2606 1480 2636 illud
1493 2607 1566 2636 inter
1581 2614 1630 2635 eos
1644 2603 1825 2635 contraitum
1841 2601 1891 2632 est.

1387 2654 1414 2684 3.
1434 2644 1472 2676 Et
1494 2643 1640 2675 sciendum
1662 2642 1703 2673 est
1726 2641 1806 2680 quod
1827 2642 1886 2672 hoc
1907 2639 2015 2670 Foedus
2038 2640 2073 2671 &
2087 2640 2151 2670 haec
2167 2638 2337 2670 Conventio
2350 2649 2412 2670 non

1346 2683 1532 2713 solummodo
1553 2682 1684 2712 duratura
1704 2680 1747 2710 est
1766 2688 1900 2719 tempore
1914 2687 2040 2718 guerrae,
2055 2677 2101 2708 sed
2116 2678 2326 2715 imperpetuum
2339 2677 2414 2708 inter

1347 2731 1397 2763 eps
1410 2722 1444 2752 &
1457 2722 1530 2752 inter
1538 2719 1676 2750 Haeredes
1690 2727 1793 2749 eorum
1806 2720 1855 2758 qui
1869 2726 1954 2748 terras
1969 2716 2094 2754 ipsorum
2108 2716 2246 2747 tenebunt
2259 2715 2325 2753 post
2341 2726 2412 2755 eos;

1348 2761 1406 2790 live
1419 2768 1472 2798 pax
1487 2760 1570 2790 fuerit
1584 2759 1640 2789 sive
1656 2766 1764 2795 guerra.

1385 2807 1414 2836 4.
1432 2797 1474 2828 Ita
1497 2797 1577 2836 quod
1592 2822 1602 2836 ,
1629 2796 1649 2826 si
1672 2796 1738 2826 Rex
1761 2793 1875 2831 Angliae
1887 2792 1946 2823 hoc
1963 2790 2071 2823 Foedus
2087 2791 2120 2822 &
2135 2790 2213 2822 hanc
2229 2789 2414 2822 Conventio-

1347 2846 1418 2867 nem
1439 2846 1500 2867 nori
1521 2835 1710 2867 observaverit
1725 2857 1735 2873 ‚
1759 2833 1798 2863 illi
1848 2833 1897 2869 qui
1917 2832 2078 2867 iuraverunt
2094 2830 2153 2860 hoc
2169 2829 2276 2860 Foedus
2291 2831 2325 2861 &
2339 2830 2414 2861 hanc

1350 2874 1589 2919 Conventionem
1603 2872 1725 2905 tenenda
1739 2882 1793 2910 pro
1805 2857 1890 2910 Rege
1901 2868 2029 2909 Angliae²
2038 2869 2152 2913 mittent
2165 2868 2193 2899 se
2205 2870 2234 2898 in
2247 2870 2413 2907 captionem

1349 2913 1478 2952 praediCti
1497 2913 1624 2944 Comitis
1645 2912 1716 2943 infra
1737 2909 1864 2941 mensem
1884 2908 1949 2947 post
1971 2917 2037 2938 uam
2057 2907 2085 2937 id
2102 2907 2180 2937 bona
2201 2906 2257 2937 fide
2275 2908 2414 2946 scierint,

1349 2963 1411 2983 non
1423 2952 1568 2990 expeetata
1581 2950 1793 2983 submonitione
1807 2946 1935 2985 praedieti
1971 2946 2083 2977 ,omitia

1388 3000 1414 3030 5.
1431 2991 1565 3022 Similiter
1580 3015 1590 3029 ,
1610 2990 1630 3021 si
1648 2989 1740 3020 dietus
1762 2986 1873 3017 Comes
1894 2986 1954 3016 hoc
1973 2984 2081 3015 Foedus
2095 2983 2129 3015 &
2141 2983 2215 3015 hanc
2228 2982 2411 3014 Conventio-

1348 3040 1419 3061 nem
1440 3040 1501 3060 non
1516 3029 1706 3060 observaverit
1717 3051 1728 3066 ,
1749 3026 1789 3056 illi
1804 3048 1814 3064 ‚
1840 3025 1890 3063 qui
1909 3025 2073 3064 juraverunt
2095 3023 2154 3053 hoc
2170 3022 2277 3054 Foedus
2287 3022 2321 3052 &
2337 3021 2413 3052 hanc

1349 3069 1588 3100 Conventionem
1601 3065 1722 3099 tenenda
1734 3075 1788 3103 pro
1801 3063 1861 3101 ipso
1872 3062 2010 3100 Comite‚
2029 3062 2146 3092 mittent
2159 3061 2187 3092 se
2200 3063 2229 3091 in
2243 3061 2409 3097 captionem

1349 3108 1419 3139 dieti
1441 3107 1530 3147 Regis
1551 3107 1663 3146 Angliae
1682 3104 1753 3135 infra
1774 3102 1902 3146 mensem
1914 3099 2107 3145 postquamlid
2121 3099 2199 3130 bona
2213 3098 2269 3129 fide
2283 3098 2413 3137 scierint,

1349 3157 1410 3178 non
1425 3146 1571 3184 expestata
1583 3144 1794 3176 submonitione
1805 3140 1875 3171 dieti
1889 3140 1978 3179 Regis
1993 3138 2116 3175 Angliae.

1389 3187 1417 3216 6.
1436 3185 1508 3215 Hoc
1519 3185 1640 3223 juravit,
1657 3192 1710 3221 pro
1724 3181 1784 3219 ipso
1797 3179 1882 3216 Rege
1897 3178 1944 3209 An
1964 3179 2025 3215 liae,
2043 3177 2120 3206 bona
2133 3174 2189 3206 fide
2201 3174 2316 3213 tenend.
2336 3174 2413 3204 Wil-

1350 3224 1461 3255 lielmus
1483 3222 1520 3253 de
1542 3222 1676 3253 Humetz
1695 3218 1927 3250 Constabularius
1984 3215 2141 3246 ormanniae
2187 3215 2221 3246 &
2246 3216 2275 3245 in
2288 3214 2413 3243 animam

1351 3262 1475 3302 ejusdem
1490 3261 1598 3300 Regis·²
1616 3261 1651 3292 &
1665 3268 1718 3298 pro
1730 3258 1790 3297 ipso
1800 3258 1902 3296 juravit
1916 3255 1994 3286 idem
2001 3238 2232 3285 Oonstabularius
2244 3254 2274 3283 in
2287 3253 2411 3282 animam

1351 3303 1484 3410 {lie
1497 3338 1583 3407 iiii,
1591 3345 1717 3406 earu
1725 3327 2415 3406 a0e2maz1iuesgffraiszu⁰eaaizret

1353 3418 1437 3456 dam,
1455 3415 1604 3454 videlicet,

1393 3491 1552 3525 Wllielmus
1568 3489 1745 3530 Marefialluc
1760 3492 1850 3521 Comes
1864 3488 1897 3518 de
1913 3486 2057 3524 Pembroc,

1391 3531 1505 3570 Ranulf.
1522 3535 1612 3561 Comes
1624 3529 1732 3569 Cestriae
1741 3551 1751 3568 ,

1544 3573 1634 3599 Comes
1647 3567 1779 3598 Robertut
1791 3567 1824 3598 de
1838 3564 1994 3607 Leiceflria.

1353 3695 1459 3732 Faedus
1484 3699 1595 3729 initum
1623 3698 1700 3727 inter
1723 3692 1901 3741 Johannem
1917 3693 2026 3737 Regem
2046 3684 2159 3734 Angliae
2173 3711 2185 3728 ,
2209 3686 2246 3722 (ῥ’
2269 3683 2413 3732 Κςὲἱηαί-

1691 3742 1766 3776 dum
1784 3741 1929 3776 comitam
1945 3735 2074 3770 Boloniae.

1354 3840 1380 3862 1.
1405 3828 1460 3892 bl
1478 3830 1572 3861 Otum
1584 3829 1616 3860 sit
1630 3828 1763 3861 universis
1775 3828 1835 3860 hoc
1846 3825 1983 3862 scriptum
1996 3817 2196 3858 visuris‚qiiod
2210 3816 2270 3861 hoe
2287 3815 2329 3846 est
2343 3814 2412 3846 Foe-
2433 3815 2510 3846 Ann.
2522 3814 2555 3845 D

1486 3868 1538 3899 dus
1552 3869 1586 3899 ὅ(
1594 3867 1762 3899 Conventio
1773 3868 1848 3898 imei-
1858 3863 2022 3903 johannem
2036 3858 2154 3902 Regem
2167 3856 2294 3895 Angiiae,
2303 3856 2337 3886 &
2350 3854 2412 3885 Re·
2454 3863 2467 3884 1
2476 3862 2539 3892 199.

1351 3907 1497 3949 ginaldum
1519 3905 1671 3938 Comitem
1694 3905 1823 3938 Boioniae
1868 3902 1925 3933 viz.
1942 3899 2008 3930 Rex
2030 3896 2143 3936 Angliae
2158 3904 2260 3938 pacem
2275 3901 2323 3924 aut
2337 3901 2413 3924 treu-
2432 3896 2483 3921 An.
2507 3901 2530 3919 i.

1351 3957 1419 3984 gam
1434 3955 1502 3977 cum
1517 3945 1549 3976 R
1585 3955 1602 3975 e
1615 3945 1743 3977 Franciae
1756 3952 1817 3977 non
1831 3927 1933 3977 saciet,
1947 3946 2002 3968 nec
2016 3935 2110 3979 facere
2121 3940 2226 3973 poterit
2240 3931 2345 3970 absque
2357 3941 2412 3963 vo·
2431 3930 2495 3967 Joh.

1351 3986 1459 4018 luntate
1479 3984 1512 4015 ὅ(
1535 3995 1550 4014 a
1577 3983 1641 4015 ensu
1663 3983 1787 4022 ejusdem
1799 3978 1943 4015 Comitis3
1961 3984 2016 4006 nec
2031 3972 2109 4004 idem
2125 3971 2237 4004 Comes
2251 3970 2344 4002 facere
2356 3979 2412 4009 po-
2433 3973 2507 3997 σω.
2519 3975 2544 3995 ι.

1351 4025 1417 4055 terit
1428 4032 1538 4094 ¹pacem
1555 4030 1602 4053 aut
1622 4030 1750 4061 treugam
1771 4028 1842 4049 curn
1863 4017 1946 4057 Rege
1958 4013 2084 4045 Franciae
2097 4010 2202 4051 absque
2216 4009 2364 4044 voluntate
2377 4007 2411 4039 &
2431 4006 2493 4045 fib*
2501 4012 2527 4043 1>-
2539 4011 2550 4031 ¹

1351 4061 1428 4095 affen
1439 4072 1458 4093 u
1470 4060 1600 4102 praedicti
1612 4059 1700 4102 Regis
1715 4057 1834 4099 Angliae.
2329 4093 2359 4117 ὅ.
2375 4080 2415 4115 Et
2433 4052 2525 4080 nmq..
2538 4041 2554 4071 d
