2570 4261
288 122 367 161 πμ

138 184 265 217 Anfl·D·
282 193 338 223 sine
356 194 544 223 diminutione
555 215 565 230 ,
590 201 624 222 ac
638 191 862 222 contradictione
881 192 971 232 aliqua
990 192 1185 224 restituendam
1197 217 1207 233 ,
1232 194 1288 225 five
1301 193 1335 224 ad

160 225 241 262 1278⁴
278 232 441 262 mandatum
455 231 522 260 sedis
536 231 632 267 ipsiuS,
649 230 700 260 tibi
715 232 815 267 quovis
829 240 958 268 ternpore
971 231 1150 272 faciendum,
1169 243 1203 263 ex
1216 243 1340 272 quacun-

136 264 204 291 zdv.
223 273 247 292 ¹·
281 280 335 309 que
354 269 431 299 causa
451 279 508 298 non
529 267 742 298 transfretaveris
756 292 766 307 ,
789 269 844 299 sive
864 270 927 299 alias
944 268 1017 300 sedes
1037 270 1092 307 ipsa
1113 270 1340 309 quandocunque

280 316 345 338 ante
360 316 439 336 tuum
454 306 605 345 paliagium
619 306 728 336 dietam
740 307 880 345 repetierit
899 309 1080 344 quantitatem
1089 332 1098 347 ,
1115 318 1143 340 te
1155 319 1187 340 ac
1201 309 1340 339 succesio-

281 356 322 376 res
336 353 398 374 tuos
411 344 532 383 obliges,
550 343 675 381 praestito
685 346 844 382 juramento
859 368 868 383 ,
895 346 994 377 &tuis
1013 346 1091 386 super
1110 347 1167 377 hoc
1184 349 1340 384 patentibus

279 384 374 413 litteris
388 382 564 419 exhibendis,
583 392 697 412 necnon
711 380 745 413 ἃ
763 385 868 424 aliquos
888 394 938 420 pro
956 384 1054 414 nostro
1076 387 1189 416 arbitrio
1210 385 1340 416 Praelatos

279 421 374 459 Regni
389 421 509 455 eiusdem
523 443 532 458 ,
558 420 592 450 ad
607 421 683 451 idem
701 432 755 452 una
774 433 842 453 curn
863 422 912 452 suis
926 422 1056 453 Eccleliis
1069 423 1104 454 de
1124 422 1218 454 nostra
1230 424 1342 454 licentia

277 458 441 497 obligandos
450 482 458 496 ,
476 469 509 489 ac
523 459 632 498 insuper
644 459 765 498 ydoneas
779 461 932 491 Societates
948 460 1143 491 Mercatorum
1155 461 1190 491 de
1204 461 1279 491 Italia
1291 471 1339 491 ex-

277 497 370 538 hibeas
383 506 479 527 tecum
488 521 497 535 ,
516 497 669 528 secundum
684 498 814 530 nostrum
827 499 1035 537 beneplacitum
1044 522 1054 538 ,
1069 501 1271 540 obligationem
1286 500 1340 530 hu-

272 536 285 573 j
289 535 398 565 ulmodi
409 536 544 566 subituros
552 547 562 572 .·,

318 573 388 604 Hoc
411 575 610 605 nichilominus
626 575 776 606 adiciendo
791 575 821 604 in
839 575 991 606 earundem
1012 584 1124 606 tuarum
1146 575 1340 615 serie,littera-

276 621 340 641 rum
350 635 359 650 ,
377 612 454 650 quod
467 622 497 643 tu
511 615 651 654 promittis
664 623 691 644 te
702 614 937 644 transfretaturum
955 615 984 644 in
997 622 1077 644 terrae
1091 615 1212 655 praefatae
1226 615 1338 646 succur-

274 650 354 688 sum,
372 650 597 690 quandocunque
609 653 660 682 tibi
673 652 754 682 fuerit
766 652 887 687 ejusdem
900 651 966 682 sedis
981 653 1142 683 auetoritate
1157 652 1337 691 mandatum;

275 689 410 728 quodque
424 691 483 729 vis,
501 691 534 721 ὃς
548 690 685 720 consentis
706 690 846 729 expreffe,
866 700 917 729 ut,
944 690 1094 731 postquam
1118 691 1227 730 signum
1245 693 1337 722 crucis

275 727 363 758 assum
386 728 461 766 seris,
478 728 511 758 ad
523 728 694 758 reddendum
709 728 844 759 Domino
857 737 959 759 votum
974 739 1055 759 tuum
1068 739 1116 769 per
1130 730 1271 761 censuram
1279 730 1336 761 Ec—

275 766 356 796 cles1a
368 768 473 804 ticam,
490 767 523 797 &
537 767 603 797 alios
618 766 734 804 mOdOS,
753 777 823 805 quos
836 767 910 797 sedes
923 767 976 807 ipsa
989 768 1096 798 duxerit
1111 768 1268 808 eligendos,
1287 780 1335 808 per

272 804 366 835 sedem
379 804 497 836 eandem
510 805 737 844 quandocunque
750 806 801 836 sibi
813 805 904 836 visum
919 806 1000 837 fuerit
1014 807 1196 846 compellaris,

308 843 362 874 Ne
373 852 465 873 autem
478 844 612 882 possimus
623 843 659 874 de
672 843 761 881 aliqua
774 846 926 875 variatione
939 847 1046 884 notari,
1065 846 1132 877 scire
1143 854 1171 877 te
1185 847 1332 886 volumus,

294 882 349 911 uod
371 883 452 912 nobis
472 883 674 913 nichilominus
692 883 859 913 reservamus
872 906 881 921 ,
907 893 937 914 ut
957 892 1015 914 tam
1036 894 1100 915 ante
1120 884 1332 916 conceffionem

271 891 392 950 decimae
406 921 474 955 tibi,
491 930 521 951 ut
535 921 709 960 praedicitur,
727 921 898 958 faciendam,
911 932 997 962 quam
1009 924 1092 954 etiam
1107 923 1188 962 post,
1205 926 1279 963 prius
1293 934 1333 955 ta—

273 969 340 989 men
356 969 440 999 quam
454 960 504 989 tibi
519 960 600 990 fuerit
612 960 723 992 decima
737 960 834 990 eadem
853 960 982 1000 assignata
994 984 1005 1000 ,
1029 962 1065 993 de
1084 963 1138 1000 ipsa
1152 963 1264 993 decima
1277 963 1332 993 dis-

271 1008 376 1037 ponere
388 999 474 1028 libere
486 999 640 1037 valeamus,
659 1008 743 1037 prout
755 1008 835 1030 terrae
849 999 984 1037 saepefatae
999 1002 1114 1040 negotio
1126 1002 1160 1031 &
1173 1002 1234 1032 alias
1247 1002 1332 1032 nobis

269 1037 408 1067 videbitur
420 1045 594 1074 oportunum
611 1049 620 1073 ς
644 1039 710 1068 licet
723 1048 782 1068 non
804 1038 835 1068 sit
850 1038 1012 1069 intentionis
1028 1039 1131 1069 nostrae
1152 1041 1226 1070 circa
1244 1041 1331 1078 ipsam

269 1075 411 1105 decimam
425 1076 476 1105 tale
488 1076 590 1113 aliquid
611 1077 778 1115 immutare,
795 1076 872 1117 quod
887 1085 915 1107 te
928 1087 1046 1108 movere
1059 1077 1187 1118 deberet,
1203 1078 1237 1109 ad
1249 1088 1330 1110 tuum

267 1113 347 1152 super
360 1114 596 1153 crucelignatione
608 1115 739 1152 praedicta
751 1115 926 1154 propositum
939 1116 1156 1147 immutandum.

305 1190 372 1222 Dat.
391 1191 511 1222 Viterbii
524 1190 589 1223 Kal.
604 1192 677 1232 Aug.
693 1191 876 1223 Pontificatfis
889 1191 978 1224 nostri
992 1203 1067 1224 anno
1081 1195 1181 1232 primo.

915 1269 968 1300 Sub
972 1269 1026 1312 filo
1041 1270 1167 1301 canabeo.

115 1391 292 1425 οῙῘ.121.>)Ῐ““
316 1396 382 1426 Rex
398 1394 586 1439 propofiterat
609 1394 757 1440 quasdam
782 1393 955 1428 Abbathias
979 1395 1024 1428 ad
1047 1397 1163 1442 cenfitm
1188 1409 1323 1431 annuum

312 1442 395 1473 mille
423 1445 613 1475 Asltzrcarum
643 1448 728 1476 curiae
764 1446 899 1477 Romana
925 1444 1104 1490 sblvendum
1131 1443 1304 1493 ablegandus
1315 1461 1324 1486 ,·

309 1492 367 1523 Cui
383 1493 465 1536 Papa
482 1495 605 1525 minime
621 1493 772 1537 confintit.

262 1575 453 1638 Nicolaus
467 1575 638 1616 Episcopus,
657 1578 749 1608 servus
764 1578 905 1609 servorum
922 1579 979 1610 Dei
996 1603 1005 1618 ,
1030 1580 1172 1612 carissimo
1191 1583 1221 1612 in
1237 1581 1324 1613 Chri-

346 1615 389 1655 sto
405 1615 462 1644 filio
569 1615 644 1656 Regi
661 1616 772 1657 Angliae
791 1617 888 1648 illustri
903 1641 914 1657 ,
938 1619 1053 1650 salutem
1073 1621 1106 1651 δε
1128 1620 1324 1659 Apostolicam

259 1653 496 1684 benedictionem.

298 1692 405 1723 Dilec'ii
419 1691 481 1727 filii,
501 1691 584 1723 frater
593 1692 731 1729 Johannis
751 1694 786 1725 de
802 1694 980 1734 Derlenton,
999 1696 1103 1727 ordinis
1117 1697 1232 1728 fratrum
1246 1698 1322 1729 Prae-

257 1731 431 1769 dicatorum,
451 1741 483 1761 ac
501 1730 629 1761 Maoistri
644 1732 799 1771 Henricus,
817 1744 849 1764 ac
865 1733 1040 1772 Gulielmus,
1069 1735 1245 1767 Celiitudinis
1266 1747 1321 1768 tuce

258 1770 372 1801 Nuncii
388 1780 422 1799 ex
436 1778 512 1810 parte
525 1778 571 1801 tua
580 1793 590 1808 ,
607 1772 636 1800 in
650 1771 744 1802 nostrai
757 1773 790 1803 ὅ(
810 1773 924 1803 fratrum
938 1773 1099 1805 nostrorum
1120 1785 1171 1812 pro
1191 1776 1322 1807 osuerunt

257 1807 399 1850 praesentia
421 1808 590 1847 constituti,
615 1810 693 1849 quod
715 1820 744 1841 tu
758 1833 768 1849 ,
792 1811 889 1842 volens
910 1812 1058 1843 consultius
1079 1815 1160 1853 provi
1181 1824 1226 1845 ere
1243 1815 1319 1854 quod

258 1848 355 1878 census
367 1857 472 1878 annuus
485 1847 559 1878 mille
569 1847 730 1879 Marcamm
739 1849 942 1889 sterlingorum
951 1873 960 1889 ,
979 1851 1013 1882 ad
1025 1862 1109 1891 quem
1124 1854 1229 1884 ratione
1238 1854 1318 1894 Reg-

256 1888 286 1916 ni
301 1886 411 1926 Angliae
424 1896 456 1916 ac
471 1886 607 1917 Yberniae
621 1888 701 1918 nobis
716 1889 749 1919 δε
762 1888 895 1919 Ecclesiae
909 1888 1052 1921 Romanae
1065 1893 1181 1930 teneris,
1199 1903 1258 1923 non
1274 1894 1317 1924 so—

253 1925 316 1956 lum
330 1935 397 1963 tu0,
415 1925 453 1955 set
469 1925 501 1956 &
517 1925 707 1956 successorum
721 1935 836 1957 tuorum
856 1929 1031 1965 temporibus
1046 1929 1164 1969 pacifice
1178 1931 1316 1970 persolva-

254 1972 314 2003 tur,
333 1963 464 1994 instanter
476 1963 597 2001 postulas
611 1964 639 1994 in
650 1965 708 1995 hoc
723 1967 776 1996 tuis
789 1965 925 1996 desideriis
940 1969 1041 2006 annui,
1057 1969 1134 2008 quod
1149 1970 1246 2001 census
1259 1971 1314 2009 ipse

252 2012 301 2040 per
315 2012 412 2033 manus
425 2003 583 2041 aliquorum
597 2002 742 2034 Abbatum
755 2004 790 2035 &
809 2003 940 2035 Priorum
959 2006 1080 2043 ejusdem
1102 2007 1219 2047 Regni,
1261 2020 1314 2040 uo-

252 2051 317 2071 rum
333 2040 514 2071 Monasteriis
528 2050 634 2082 paratus
645 2052 672 2072 es
686 2042 720 2073 ad
733 2042 761 2073 id
773 2041 940 2074 sufficientes
994 2044 1130 2076 ssessiones
1143 2047 1177 2077 &
1192 2047 1239 2078 red
1261 2049 1313 2079 itus

251 2079 400 2123 assignare,
416 2080 453 2109 de
464 2088 568 2109 caetero
581 2080 764 2121 persolvatur,
782 2082 820 2112 ita
833 2082 928 2121 quod,
958 2096 965 2114 1
980 2083 1046 2114 dieti
1056 2084 1179 2116 Abbates
1190 2085 1312 2116 &Prio-

252 2128 294 2147 res
309 2128 336 2147 tn
351 2118 489 2149 solutione
501 2117 665 2157 deficerent,
684 2128 715 2150 tu
727 2130 775 2149 eos
788 2119 822 2150 ad
841 2120 916 2159 hoc,
934 2131 988 2151 una
1000 2122 1149 2154 nobiscum
1158 2147 1168 2162 ‚
1188 2134 1236 2164 per
1250 2135 1312 2156 eos-

250 2156 317 2187 dem
331 2156 451 2187 redditus
466 2156 499 2186 &
515 2157 710 2196 possessiones,
727 2168 760 2188 ac
774 2158 825 2189 alia
836 2169 935 2189 eorum
953 2161 1028 2191 bona
1040 2171 1078 2192 co
1097 2172 1142 2193 ere
1155 2165 1276 2194 tenearis.

287 2194 376 2234 Sane,
396 2195 433 2225 fili
446 2194 585 2226 cariffime
598 2219 607 2233 ,
632 2205 883 2237 quantumcunque
896 2198 1013 2229 libenter
1027 2201 1056 2230 in
1099 2201 1129 2230 iis
1143 2224 1153 2240 ,
1178 2212 1242 2241 quae
1258 2203 1310 2234 tibi

248 2233 413 2271 expediunt,
431 2234 504 2264 votis
518 2234 570 2264 tuis
583 2244 704 2265 annuere
719 2258 728 2271 ,
754 2245 838 2273 prout
852 2236 1005 2268 secundum
1026 2238 1125 2269 Deum
1141 2242 1310 2280 poterimus,

248 2272 440 2307 intendamus,
456 2281 549 2302 tamen
563 2272 631 2303 scire
644 2283 671 2304 te
685 2274 817 2304 volumus
830 2298 839 2310 ,
862 2275 939 2314 quod
953 2275 1031 2316 super
1050 2278 1194 2316 pnemiffis
1205 2304 1215 2318 ‚
1240 2290 1308 2310 cum

247 2310 375 2342 fratribus
389 2310 490 2341 nostris
504 2310 702 2342 deliberatione
715 2313 881 2353 praehabita,
899 2322 1023 2352 patenter
1033 2316 1217 2356 advertimus,
1232 2319 1309 2358 quod

247 2360 300 2380 nec
317 2349 418 2379 honori
433 2349 498 2379 sedis
513 2349 688 2388 Apostolicae
702 2353 849 2391 congruit,
869 2363 922 2383 nec
941 2354 992 2384 tuis
1007 2354 1165 2386 utilitatibus
1179 2358 1307 2396 expedit,

245 2388 280 2418 &
295 2388 359 2418 ideo
373 2398 425 2417 nec
442 2398 493 2418 nos
507 2389 554 2427 ipfi
573 2391 776 2429 proponimus,
794 2391 868 2421 circa
883 2402 930 2429 ea,
947 2402 1011 2430 quae
1030 2392 1108 2430 super
1123 2395 1225 2425 eodem
1240 2406 1307 2426 cen-

243 2426 272 2467 su
282 2448 291 2463 ,
310 2436 357 2463 per
370 2425 479 2457 nost-zos
493 2426 722 2466 praedcceffores,
741 2428 774 2459 &
790 2437 852 2460 tuos
863 2452 874 2468 ,
895 2430 958 2461 sunt
976 2431 1037 2462 aista
1056 2432 1224 2472 solempnius
1237 2457 1247 2472 ,
1271 2436 1305 2467 δε

244 2467 345 2495 servata
358 2465 476 2504 diutius,
493 2465 596 2505 aliquid
610 2467 766 2497 immutare.

115 1578 191 1611 Anu.
207 1578 249 1609 D.

137 1618 219 1653 1278.

112 1660 165 1685 An.
179 1659 207 1685 6.

114 1699 142 1722 E.
166 1704 187 1721 1.

111 1737 151 1762 Lx
160 1735 230 1769 Orig.

280 2540 348 2572 Dat.
365 2541 484 2574 Viterbii
499 2542 563 2573 Kal.
579 2542 652 2584 Aug.
667 2543 852 2577 Pontificatsis
866 2545 954 2577 nostri
971 2557 1045 2578 anno
1057 2550 1160 2589 primo.

883 2623 938 2653 Sub
943 2623 1007 2666 filio
1021 2625 1145 2656 canabeo.
1192 2643 1197 2650 ι

239 2744 347 2776 Lirem
372 2756 391 2777 a
423 2744 573 2791 Johanna
597 2749 709 2793 Regina
732 2744 855 2788 Castellae
870 2757 925 2791 pro
952 2746 1174 2796 Archiepiftopo
1194 2750 1303 2784 Rotho-

700 2795 838 2841 magetfi.

95 2877 172 2908 Ann.
190 2877 229 2908 D.

117 2917 200 2953 1278.

95 2958 147 2982 Aa.
163 2957 189 2983 6.

96 2998 125 3020 E.
151 3003 173 3020 1.

94 3031 206 3059 Bmidcla

248 2894 273 2931 I
322 2879 462 2910 Trtsliaut
475 2880 613 2917 homme,
631 2880 664 2911 &
678 2878 815 2922 tresnoble
827 2904 836 2919 ,
855 2881 888 2912 δε
905 2882 952 2911 son
967 2881 1095 2914 treschier
1115 2884 1162 2914 filz
1180 2885 1304 2925 Eduart,

310 2928 356 2954 par
372 2918 397 2948 la
413 2928 494 2957 grace
509 2919 544 2948 de
560 2918 651 2957 Dieu,
671 2918 739 2958 Roy
757 2918 775 2948 d
787 2919 962 2958 Engleterre,
980 2922 1040 2952 &c.
1073 2922 1197 2962 Jehane,
1215 2935 1262 2962 par
1278 2926 1302 2956 la

245 2956 360 2985 meisme
375 2957 454 2986 chele
469 2967 552 2994 grace
565 2980 574 2994 ,
601 2957 698 2987 Roine
712 2959 747 2988 de
761 2956 872 2988 Castele
894 2959 926 2990 δε
941 2959 977 2989 de
992 2959 1094 3001 Lyon,
1112 2960 1249 2994 Contesse
1267 2964 1302 2994 de

245 2991 366 3031 Ponter,
382 2997 440 3025 &e
456 2995 527 3025 filuz
536 3018 545 3033 ,
563 2996 596 3026 &
612 2996 687 3025 bone
700 3006 809 3026 amour.

280 3031 358 3062 Biaus
370 3033 422 3062 fitz
432 3056 440 3070 ,
457 3043 573 3064 comme
584 3035 612 3071 je
624 3044 693 3064 vous
708 3034 783 3065 eusse
795 3043 872 3065 autre
886 3036 945 3066 foiz
959 3038 1053 3075 proie,
1069 3047 1117 3076 par
1132 3049 1190 3069 mes
1211 3039 1302 3071 lettres

95 3071 194 3097 Lima-
243 3069 278 3100 de
295 3071 319 3101 la
340 3071 473 3110 boloigne
493 3073 518 3102 le
535 3071 730 3111 Archevesque
749 3073 783 3103 de
805 3074 890 3104 Roen
905 3098 914 3112 ,
935 3075 1073 3106 d’cndroit
1092 3078 1213 3117 l'omage
1235 3079 1302 3118 q’uil

96 3117 153 3132 mm
170 3107 203 3140 ὠ*
244 3118 315 3138 vous
330 3109 391 3139 doit
406 3110 487 3148 faire,
506 3109 541 3139 ke
554 3120 623 3140 vous
638 3111 686 3140 son
701 3112 821 3150 homage
838 3113 984 3144 vaussrffies
996 3115 1153 3146 rechevour
1174 3127 1221 3154 par
1255 3128 1301 3147 ro—

95 3148 215 3186 eremum
243 3157 359 3183 cureur,
377 3147 475 3178 duskes
489 3159 504 3178 a
518 3148 594 3177 chou
606 3158 640 3187 qe
654 3160 725 3179 vous
738 3151 862 3189 pass‘eries
873 3151 896 3181 13
912 3161 988 3188 mer,
1003 3162 1074 3192 pour
1088 3154 1165 3184 chou
1178 3155 1235 3194 q'ui
1259 3155 1300 3186 est

95 3192 120 3208 ιη
132 3186 211 3212 sarri.
240 3195 336 3224 greves
351 3186 386 3216 de
404 3186 426 3216 la
439 3188 505 3216 voie
517 3186 552 3216 de
567 3186 682 3225 Rome,
701 3188 724 3217 Ia
740 3199 778 3217 ou
794 3189 811 3218 il
827 3199 841 3219 a
855 3190 928 3220 molt
940 3188 981 3221 eu‘
992 3201 1006 3221 a
1022 3192 1103 3229 faire3

279 3223 317 3254 Et
329 3235 376 3255 me
391 3224 462 3255 Sires
477 3235 548 3255 vous
560 3235 594 3254 en
612 3227 669 3262 prie
683 3236 730 3262 par
744 3227 780 3256 ses
794 3227 899 3267 lettres,
912 3230 941 3268 je
956 3240 1026 3259 vous
1037 3231 1078 3267 pri
1090 3241 1125 3261 en
1139 3239 1200 3262 tant
1214 3243 1299 3264 come

235 3264 265 3301 je
279 3263 355 3302 puis,
375 3263 409 3293 ke
425 3274 495 3294 vous
510 3264 535 3294 le
548 3265 657 3300 proiere
670 3274 739 3293 mon
754 3265 905 3305 Seigncur,
922 3268 956 3298 ὅ(
970 3268 995 3298 10
1009 3268 1103 3300 nostre
1116 3271 1230 3300 vuellies
1250 3272 1301 3302 fai-

239 3311 284 3338 re,
304 3301 329 3331 se
343 3312 413 3331 vous
430 3302 495 3332 faire
510 3303 535 3332 le
550 3312 617 3338 poes
633 3312 666 3332 en
684 3303 748 3332 nule
764 3305 885 3335 maniere
898 3329 907 3344 ‚
931 3307 986 3336 s'eu
1009 3308 1087 3337 faites
1106 3316 1166 3338 tant
1186 3319 1221 3348 qe
1240 3310 1258 3339 il
1274 3310 1300 3340 se

240 3339 312 3378 puist
328 3340 510 3377 npercheuoir
526 3351 580 3378 que
594 3350 652 3370 mes
668 3342 766 3377 prieres
781 3342 797 3371 li
817 3343 889 3375 aient
909 3354 943 3375 en
961 3355 1072 3376 aucune
1092 3346 1176 3377 chose
1192 3349 1299 3386 pourfi-

240 3386 284 3411 te,
302 3379 334 3407 ὃς
349 3379 413 3418 q’uil
429 3390 498 3409 nous
511 3389 545 3409 en
563 3378 632 3415 puist
647 3380 793 3410 merchier.

274 3416 369 3447 Dieux
386 3418 437 3448 soit
453 3427 522 3448 avec
539 3427 616 3447 vous.

237 3538 340 3569 Lirem
355 3552 373 3570 a
394 3540 538 3587 §salmana
559 3542 708 3586 Comitiffz
725 3542 892 3575 d'Alcnson
915 3548 950 3581 (ᾗ
979 3544 1119 3578 chartres
1138 3550 1212 3593 Regi
1228 3550 1297 3580 An-

280 3586 344 3628 gliae
372 3594 520 3625 mjarorm
542 3601 597 3634 pro
625 3591 772 3622 Gulielmo
798 3591 1021 3638 Archiepistopo
1053 3593 1294 3642 Rothomagensi,

286 3633 364 3675 quod
387 3636 607 3680 Jurmzemttm
634 3637 793 3683 fidelitatis
816 3651 870 3685 pcr
892 3652 1099 3686 procuratores
1130 3647 1193 3690 ejus
1220 3648 1296 3677 reci-

95 3662 170 3692 Ann.
188 3662 228 3692 D.

116 3701 198 3736 1273.
281 3689 371 3723 peret.

93 3742 144 3764 An.
164 3741 190 3766 6.

93 3780 122 3802 E.
145 3786 167 3802 ι,
299 3763 434 3795 Trcsheut
448 3768 479 3796 ἃ
496 3771 630 3801 [1011101113
643 3771 762 3811 Prince‚
781 3772 830 3802 son
850 3775 978 3805 treschier
1001 3778 1034 3807 &
1057 3776 1171 3806 treiame
1186 3773 1294 3805 Cousin

92 3814 202 3841 Raude&
308 3800 341 3830 E.
355 3813 399 3839 par
416 3805 439 3833 la
452 3814 531 3836 'grace
547 3809 579 3837 <le
600 3810 693 3847 Dieu,
712 3810 780 3841 Rov
799 3811 834 3840 de
851 3813 1030 3852 Angleterre,
1044 3814 1193 3852 Johanne‚
1213 3813 1294 3843 Con-

94 3856 189 3877 ιιηιη,
240 3839 306 3883 sesi?
320 3840 478 3871 d'AlffiCOn
492 3845 524 3873 δε
540 3846 573 3874 de
585 3847 730 3885 Chertres,
750 3846 815 3879 salut
830 3851 862 3880 &
882 3853 972 3882 veraie
993 3863 1112 3891 amour,
1130 3853 1163 3882 ὃς
1177 3852 1215 3881 lui
1229 3861 1294 3888 apa-

92 3898 150 3915 rum
167 3888 199 3921 (J-
237 3878 336 3921 13111100
349 3890 363 3908 3
379 3878 404 3907 sa
420 3880 543 3917 solente,
562 3884 593 3912 δε
608 3895 620 3913 a
637 3885 684 3914 son
701 3887 796 3924 pleilir.

93 3930 152 3953 pm
171 3937 214 3953 ‚vm
271 3918 348 3954 bite,
364 3926 447 3945 come
460 3916 628 3959 ljonerirable
642 3921 711 3952 Pere
727 3935 760 3953 en
772 3924 836 3960 Jesu
852 3925 943 3964 Crist,
961 3927 1050 3957 Guill.
1065 3937 1113 3965 par
1126 3927 1149 3957 la
1163 3936 1244 3966 grace
1257 3927 1292 3957 de

94 3966 119 3990 if„
143 3952 326 3991 ΤΗΝ-131011,
346 3954 501 3998 Arcevelqe
516 3957 550 3985 de
568 3957 650 3987 Roen
667 3982 676 3995 ,
703 3962 798 3992 nostre
817 3963 933 4000 especiel
950 3967 1005 3994 ami
1028 3966 1046 3985 ἓ*
1063 3976 1132 3995 vous
1146 3965 1211 3995 doie
1227 3965 1292 3994 feire

94 4005 109 4018 ι
121 4004 158 4030 11,
172 3990 371 4031 ,22‚110nmge,
388 3993 421 4024 δε
438 3993 457 4023 11
477 3993 589 4025 redoute
608 4005 688 4027 mour
702 3999 725 4029 la
742 4010 800 4030 mer
815 4023 825 4038 ,
850 4003 883 4032 δε
900 4003 1100 4034 meesmement
1116 4013 1167 4041 pur
1181 4013 1214 4034 ce
1227 4003 1291 4042 qu'il

759 106 2011 166 coNvENTloNEs,L1TERAE,

1374 193 1415 222 est
1427 202 1509 225 mout
1523 203 1628 234 grevez
1641 196 1675 227 δε
1689 198 1828 228 travaillez
1839 198 1877 229 du
1893 206 1956 230 tous
1969 207 2076 240 voyage
2090 223 2100 237 ,
2122 209 2178 240 que
2189 201 2208 231 il
2221 211 2237 232 a
2249 201 2289 232 fet
2303 212 2351 241 par
2364 204 2432 236 lonc
2450 204 2526 237 Ann.
2540 205 2570 238 D·

1373 239 1449 271 tens,
1468 233 1501 263 &
1514 244 1529 264 a
1543 233 1640 264 Rome
1655 236 1687 265 &
1701 245 1716 265 a
1727 236 1854 275 aifleurs,
1877 246 1928 274 pur
1941 246 2016 276 quoy
2030 239 2098 267 il-ue
2116 247 2182 276 peut
2197 241 2255 270 mie
2267 241 2322 272 aler
2334 253 2350 273 a
2360 253 2431 275 vous
2469 245 2556 284 1278.

1375 279 1410 299 en
1426 281 1527 308 propre
1541 272 1670 312 persone,
1688 273 1752 303 sanz
1763 283 1845 314 grant
1861 275 1930 312 peril
1940 276 1977 313 de
1989 277 2039 305 son
2054 286 2134 314 cors;
2421 285 2513 313 *Edu
2536 293 2559 313 1.

1413 308 1451 339 Et
1466 309 1525 339 seur
1535 309 1560 339 se
1569 311 1687 348 j’entens
1700 322 1755 350 que
1770 323 1816 343 ma
1832 313 1927 343 Dame
1943 313 1968 343 la
1982 314 2075 345 Reine
2095 325 2164 346 vous
2181 317 2240 356 prie
2260 328 2307 356 per
2324 317 2362 348 ses
2381 319 2432 351 let-
2568 325 2570 327 '

1374 355 1442 385 tres,
1462 357 1497 385 qe
1511 357 1580 378 vous
1593 349 1611 378 li
1624 351 1752 380 vueilliez
1764 351 1829 381 faire
1842 352 1880 382 tel
1900 361 1982 391 grace
1997 375 2007 391 ,
2031 363 2087 393 que
2107 364 2178 384 vous
2192 355 2218 385 le
2238 356 2369 387 devandit
2380 357 2434 388 ho-

1375 395 1455 425 mage
1470 387 1600 428 vueilliez
1614 390 1748 418 receivoir
1763 399 1811 427 per
1825 389 1874 420 son
1888 390 2061 421 Procureeur
2075 391 2207 432 especiel,
2226 403 2263 424 en
2278 394 2313 425 tel
2327 396 2434 426 manie-

1375 433 1404 452 re
1413 447 1422 462 ,
1443 434 1478 462 qe
1491 427 1509 454 11
1523 424 1580 455 tost
1594 435 1661 455 com
1681 426 1698 456 li
1708 426 1756 457 diz
1770 427 1944 468 Arcevesque
1957 452 1966 466 ,
1993 429 2087 459 nostre
2101 440 2163 461 ame
2174 454 2183 470 ,
2205 432 2280 463 saura
2289 443 2344 472 que
2362 444 2434 465 vous

1375 461 1444 506 soies
1456 473 1483 506 es
1496 465 1592 506 parties
1603 464 1638 493 de
1652 464 1759 495 France
1772 489 1781 503 ,
1798 476 1837 496 ou
1853 477 1880 496 es
1900 469 1997 505 parties
2012 468 2047 498 de
2065 468 2226 509 Gascoigne
2239 494 2250 510 ,
2271 481 2310 502 ou
2325 482 2379 510 que
2397 481 2433 504 ce

1375 499 1427 530 sort
1435 524 1444 538 ,
1462 501 1481 530 11
1497 501 1552 531 sore
1567 511 1634 541 prez
1647 503 1680 533 &
1694 504 1846 544 apareilliez
1858 505 1893 535 de
1906 516 1976 545 vous
1989 506 2056 536 feire
2069 506 2191 547 homage
2204 520 2240 540 en
2254 520 2356 550 propre
2370 521 2432 551 per-

1375 537 1441 568 sone
1456 539 1474 569 si
1490 549 1574 570 come
1586 541 1603 570 il
1617 540 1717 572 deura:
2215 578 2218 579 ⁷

1412 576 1442 607 Si
1458 587 1529 621 vous
1545 580 1604 618 pri,
1617 579 1695 618 Sire,
1713 589 1772 611 tant
1785 591 1853 612 com
1864 584 1890 620 je
1904 583 1963 622 puis
1975 606 1984 622 ,
2009 594 2064 624 que
2078 595 2148 614 vous
2163 584 2188 615 la
2222 586 2289 616 riere
2305 596 2350 618 ma
2370 587 2433 619 Da-

1374 623 1422 645 me
1435 615 1565 660 vucilliez
1578 619 1712 658 acomplir
1724 619 1758 650 &
1772 629 1872 651 mettre
1886 632 1900 651 a
1917 632 1999 652 euure
2013 633 2049 652 en
2065 622 2141 652 ceste
2155 594 2301 663 beigigne3
2320 627 2353 656 &
2372 635 2432 658 tant

1373 663 1408 683 en
1423 654 1516 698 ferres,
1533 656 1571 686 s'i!
1586 666 1656 686 vous
1668 657 1755 696 plest,
1772 667 1823 697 pur
1838 660 1954 690 l'amour
1968 660 2003 690 de
2020 662 2058 691 lui
2073 662 2105 692 &
2118 661 2155 692 de
2174 664 2234 692 moi
2249 685 2260 700 ,
2286 673 2341 701 que
2358 675 2431 696 nous

1373 702 1409 722 en
1424 693 1552 730 puiffiens
1566 695 1684 725 mercier
1699 697 1731 726 ὃ(
1748 696 1838 727 savoir
1856 707 1953 738 grace,
1970 700 2003 730 ὃς
2024 710 2078 738 que
2092 700 2111 730 il
2133 701 2278 740 aperceive
2297 711 2352 740 que
2370 712 2429 734 noz

1371 738 1463 770 preres
1475 732 1495 762 11
1508 734 1581 763 aient
1594 733 1657 764 valu
1671 743 1768 765 envers
1784 745 1861 766 vous.

1409 769 1521 800 Nostre
1533 770 1594 802 Sire
1609 782 1679 801 vous
1691 781 1759 811 gart.

1370 846 1398 878 Α
1408 808 1518 877 Dsqnne
1541 819 1557 840 a
1582 810 1726 850 Estampes
1751 811 1778 842 le
1801 811 1945 843 Vendredi
1969 823 2046 854 apres
2071 814 2097 846 le
2122 815 2200 847 Saint
2225 816 2296 848 Pere
2320 826 2430 850 entrant

1398 857 1436 878 ou
1465 871 1471 877 .
1851 872 1855 876 -

1403 926 1459 955 Ad
1466 926 1577 955 eundem
1589 925 1711 964 effi’c‘lum
1723 927 1765 957 ad
1773 929 1870 966 Regem
1879 928 2039 966 praediei‘um
2051 933 2200 961 mittuntur
2211 931 2299 962 literae
2311 932 2330 962 ἃ
2343 936 2426 962 Mar-

1363 971 1463 1001 gareta
1479 967 1581 1003 Regina
1596 968 1726 994 Franciae.

1403 1039 1472 1071 Dat.
1488 1041 1561 1079 apud
1576 1041 1701 1082 Stampas
1713 1041 1758 1073 die
1768 1041 1849 1080 Jovis
1860 1041 1924 1080 post
1935 1043 2129 1076 inventionem
2143 1046 2217 1077 beati
2233 1047 2373 1085 Stephani.

1364 1184 1452 1216 Bulla
1475 1195 1529 1230 per
1549 1195 1642 1230 quam
1662 1187 1745 1230 Papa
1755 1183 1941 1231 significavit
1962 1187 2094 1220 Praelatis
2115 1187 2233 1233 Angliae
2249 1214 2260 1230 ,
2275 1185 2383 1233 quod,
2396 1187 2430 1230 st

1410 1235 1477 1266 Rex
1493 1232 1740 1276 transfretaverit
1758 1237 1789 1265 in
1805 1231 1972 1277 subsidium
1991 1245 2074 1268 terrae
2083 1236 2192 1281 sanHae
2204 1262 2214 1277 ,
2238 1234 2364 1278 conceffit
2382 1239 2425 1267 ei-

1409 1279 1476 1313 dem
1491 1280 1640 1322 decimam
1660 1279 1913 1325 ecclesiasticorum
1938 1282 2116 1318 reddituum
2125 1281 2189 1330 βψ
2196 1283 2304 1329 forma
2325 1287 2357 1316 in
2371 1295 2423 1316 ea-

1407 1328 1475 1362 dem
1492 1327 1575 1362 bulla
1593 1340 1736 1364 contenta.

1361 1423 1435 1484 N
1446 1423 1553 1455 Icolaus
1566 1423 1734 1464 Episcopus,
1752 1425 1842 1457 servus
1856 1426 1997 1458 servorum
2015 1426 2088 1465 Dei,
2107 1426 2319 1458 Venerabilibus
2332 1426 2422 1459 fratri·
2440 1422 2515 1454 Ann.
2532 1423 2570 1456 D.

1447 1463 1497 1494 bus
1610 1463 1802 1494 Londoniensr
1822 1465 1856 1495 &
1967 1465 2168 1497 Herefordenfi
2192 1466 2360 1506 Episcopis,
2385 1476 2419 1497 ac
2459 1463 2542 1500 1278.

1360 1500 1482 1531 Dilec‘tis
1500 1501 1560 1532 filiis
1575 1501 1613 1532 M
1651 1502 1716 1532 istro
1737 1502 1884 1533 Ardicioni
1904 1502 2060 1543 Capellano
2079 1506 2112 1535 &
2134 1504 2251 1536 Nuntio
2272 1504 2373 1535 nostro
2389 1505 2419 1535 in
2439 1505 2491 1529 An.
2509 1504 2536 1529 ⁶·

1361 1539 1480 1580 Anglia,
1498 1541 1531 1571 ὃς
1544 1542 1618 1570 fratri
1648 1541 1753 1571 olianni
1767 1540 1803 1571 de
1811 1540 1986 1580 Derlenton,
2001 1542 2107 1574 ordinis
2119 1542 2358 1583 Praedicatorum,
2375 1544 2416 1574 sa-
2439 1544 2469 1567 E·
2492 1549 2516 1567 ¹·
2538 1579 2544 1584 .

1359 1578 1449 1609 lutem
1464 1579 1497 1609 &
1511 1578 1696 1618 apostolicam
1708 1580 1943 1611 benedictionem.
2439 1582 2480 1606 Ex
2498 1582 2569 1614 ortg-

1395 1617 1450 1648 Nu
1472 1627 1501 1647 er
1515 1626 1563 1656 tu,
1581 1617 1637 1656 fili,
1655 1618 1737 1649 frater
1747 1617 1890 1656 Johannes
1902 1617 2121 1657 deDerlenton‚
2138 1619 2173 1650 &
2186 1619 2279 1662 dilesti
2294 1619 2343 1651 filii
2350 1619 2420 1651 Ma-

1380 1655 1437 1686 istri
1485 1658 1594 1687 enricus
1606 1666 1639 1687 ac
1653 1656 1831 1688 Guillielmus
1845 1658 1955 1695 clerici,
1971 1658 2005 1689 &
2019 1657 2128 1688 Nuntii
2146 1659 2277 1689 carissrmi
2290 1659 2322 1689 in
2335 1657 2424 1690 Chri-

1360 1698 1371 1725 1
1385 1705 1406 1725 o
1421 1694 1470 1726 filii
1484 1695 1573 1726 nostri
1685 1695 1774 1735 Regis
1787 1696 1898 1735 Angliae
1909 1695 2034 1734 illustris,
2050 1696 2177 1736 expofitis
2190 1696 2291 1736 Regiae
2302 1697 2337 1728 ad
2346 1698 2422 1728 Ter-

1359 1744 1419 1764 ram
1433 1733 1555 1765 sanctam
1570 1733 1730 1765 devotionis
1742 1734 1844 1765 affeetu
1858 1735 1892 1766 &
1910 1734 2036 1765 laudabili
2054 1735 2199 1778 proposito
2211 1758 2222 1773 ,
2244 1735 2279 1766 ad
2297 1735 2421 1767 subven-

1358 1773 1467 1803 tionem
1481 1773 1562 1817 ipsrus
1576 1796 1586 1812 ,
1611 1774 1703 1812 primo
1713 1796 1724 1812 ,
1746 1773 1865 1811 ejusdem
1881 1772 1968 1812 Regis
1981 1782 2100 1817 nomme
2114 1796 2124 1812 ‚
2149 1773 2264 1817 petiistis
2278 1772 2420 1806 decimam

1357 1811 1609 1842 eccleliastrcorum
1630 1811 1788 1843 reddituum
1811 1811 1908 1851 Regni
1934 1811 2070 1859 Anglrae,
2094 1821 2128 1842 ac
2147 1811 2263 1843 aliarum
2283 1821 2419 1845 terrarum

1357 1849 1385 1880 R
1405 1851 1444 1880 <tis
1459 1851 1540 1888 ipsius
1552 1873 1561 1888 ‚
1587 1858 1672 1888 prout
1686 1851 1774 1881 extitit
1789 1851 1819 1880 in
1839 1850 2019 1891 Lugdunensi
2042 1848 2179 1880 Concilio
2195 1850 2319 1888 ejusdem
2336 1859 2420 1882 terrae

1354 1888 1404 1919 sub
1416 1889 1472 1920 idio
1485 1889 1613 1927 deputata
1626 1913 1635 1927 ,
1658 1898 1688 1920 ut
1702 1889 1862 1927 hujusmodi
1875 1889 2012 1920 affectum
2032 1887 2185 1932 evidentius
2203 1899 2252 1929 per
2270 1891 2362 1928 operis
2377 1889 2420 1921 ef-

1354 1927 1464 1958 fec'tum
1480 1928 1624 1966 exhibeat,
1643 1929 1675 1959 ὃ(
1690 1938 1743 1968 pro
1783 1928 1863 1959 situm
1879 1927 2020 1959 efficacius
2033 1937 2133 1965 exequi
2148 1926 2237 1959 valeat
2250 1950 2261 1967 ,
2283 1927 2420 1968 apostoli->

1354 1976 1386 1997 ca
1401 1967 1450 1997 sibi
1465 1967 1630 1998 audioritate
1644 1976 1719 1998 conc
1759 1967 1764 1972 '
1781 1966 1907 2004 petiistis:

1391 2005 1505 2045 Insuper
1519 2006 1669 2037 colleetam
1680 2006 1741 2043 jam
1762 2006 1795 2037 &
1816 2004 2004 2045 colligendam
2019 2013 2053 2035 ex
2073 2004 2184 2036 decima
2197 2005 2253 2043 ipsa
2267 2007 2418 2044 pecuniam

1354 2044 1434 2081 (cum
1450 2054 1556 2082 paratus
1571 2044 1601 2075 sit
1614 2045 1690 2075 idem
1703 2044 1768 2074 Rex
1784 2043 1907 2074 vivificae
1922 2044 2013 2074 crucis
2027 2044 2136 2082 signum
2150 2043 2306 2083 affumere,
2320 2055 2353 2076 ac
2368 2055 2420 2084 pet·

1353 2083 1482 2119 praelatos
1498 2082 1526 2113 R
1585 2082 1663 2120 isui,
1683 2083 1731 2120 qui
1746 2082 1781 2113 ad
1797 2082 1853 2113 hoc
1870 2105 1880 2121 ,
1902 2082 1939 2113 de
1956 2081 2050 2113 nostra
2063 2083 2192 2121 licentia,
2208 2082 2234 2112 se
2250 2092 2283 2114 ac
2299 2083 2356 2114 suas
2369 2094 2418 2114 ec-

1351 2121 1442 2152 clesias
1456 2121 1550 2160 obliga
1571 2130 1622 2152 unt
1631 2145 1641 2161 ,
1659 2121 1692 2152 &
1705 2122 1790 2151 etiam
1803 2130 1852 2159 per
1866 2120 2034 2152 sufficientes
2041 2119 2218 2152 Mercator&
2229 2131 2328 2152 cavere
2342 2122 2415 2159 ydo-

1350 2161 1403 2189 nee
1417 2159 1494 2198 quod
1504 2183 1513 2198 ,
1531 2161 1552 2191 fi
1565 2170 1631 2190 eum
1647 2170 1707 2190 non
1720 2160 1892 2190 transfretare
1906 2160 2070 2198 contingat,
2084 2161 2252 2199 pecuniam,
2271 2169 2415 2199 receptam

1349 2207 1383 2228 ex
1399 2198 1509 2229 decima
1530 2199 1603 2237 ipsa,
1620 2197 1756 2236 restituet)
1779 2198 1871 2229 eidem
1887 2197 1986 2237 Regi,
2005 2196 2150 2237 praemiffis
2169 2198 2410 2236 crucesignatione

1348 2237 1382 2267 &
1398 2238 1529 2267 cautione
1541 2236 1782 2275 praecedentibus,
1800 2236 1928 2274 affignari
1944 2260 1954 2275 ,
1978 2236 2119 2267 nonnullis
2138 2238 2290 2268 rationibus
2307 2239 2336 2269 in
2359 2238 2414 2275 hus

1344 2275 1468 2313 jusmodi
1484 2277 1653 2313 petitionum
1667 2274 1830 2314 suffragium
1846 2275 1974 2315 allegatis.

1384 2314 1452 2345 Nos
1465 2323 1560 2345 autem
1575 2314 1649 2354 Regi
1682 2315 1781 2344 raefato
1793 2314 1827 2344 ad
1842 2313 2010 2354 praemillam
2024 2316 2144 2355 primam
2155 2316 2338 2355 petitionem,
2357 2325 2412 2346 no-

1349 2353 1428 2383 mine
1442 2354 1491 2383 suo
1506 2353 1608 2383 factam
1623 2375 1633 2391 ,
1678 2362 1695 2382 e
1708 2352 1824 2382 fratrum
1845 2352 2007 2383 nostrorum
2030 2354 2149 2384 consilio
2163 2363 2213 2392 per
2227 2355 2290 2384 alias
2304 2353 2413 2385 nostras

1347 2391 1449 2422 litteras
1465 2391 1512 2422 res
1526 2391 1664 2422 ondemus
1678 2414 1688 2429 ,
1711 2390 1788 2430 quod
1801 2413 1812 2428 ,
1837 2391 1857 2421 11
1880 2390 1980 2430 Regali
1997 2391 2214 2430 magnificentiae
2234 2393 2360 2431 placeat,
2373 2392 2412 2423 ad

1347 2429 1500 2461 subvenien
1521 2440 1571 2460 um
1587 2439 1668 2461 terrae
1685 2429 1828 2467 praediCtae
1848 2429 1971 2460 absolute
1983 2453 1992 2468 ,
2018 2429 2068 2461 abs
2083 2440 2119 2460 ue
2134 2430 2342 2462 intendimento
2360 2431 2412 2461 ali-

1346 2478 1421 2508 quo,
1439 2469 1552 2509 publice
1564 2479 1596 2500 ac
1613 2468 1819 2508 sollempniter,
1836 2476 1921 2506 prout
1936 2477 2046 2499 tantum
2087 2478 2151 2499 ecet
2167 2468 2349 2509 Principem,
2370 2470 2409 2500 sa-

1346 2507 1463 2538 lutiferae
1480 2509 1570 2538 crucis
1584 2507 1726 2538 caradiere
1738 2507 1858 2546 insigniri
1873 2530 1883 2546 ,
1901 2506 1988 2537 nostri
2003 2507 2136 2548 propositi
2159 2506 2200 2538 est
2218 2508 2252 2539 &
2267 2510 2353 2547 parati
2367 2509 2411 2539 su-

1347 2555 1409 2576 mus
1421 2546 1593 2578 excellentiae
1608 2546 1663 2576 suae
1676 2569 1684 2583 ,
1710 2545 1861 2586 postquam
1882 2546 1968 2576 taliter
1983 2546 2186 2587 crucesignatus
2203 2547 2283 2578 fuerit
2296 2570 2306 2585 ,
2331 2547 2411 2578 deci-

1347 2594 1425 2615 mam
1441 2585 1600 2616 concedere
1613 2584 1796 2622 postulatam,
1813 2584 2000 2625 colligendam
2012 2586 2044 2616 &
2060 2586 2088 2615 in
2109 2594 2172 2616 tuto
2187 2585 2346 2617 servandam
2364 2596 2410 2616 us-

1349 2633 1404 2660 que
1419 2624 1454 2654 ad
1470 2633 1579 2662 tempus
1592 2623 1726 2663 generalis
1739 2623 1812 2661 passa
1834 2624 1867 2662 ii,
1883 2625 1916 2655 ὅ(
1933 2631 2001 2654 tunc
2010 2646 2020 2662 ,
2035 2623 2080 2653 seu
2095 2633 2160 2654 ante
2178 2624 2307 2663 forsitan,
2325 2633 2411 2662 prout

1345 2662 1416 2730 fast?i
1428 2663 1540 2700 qualitas
1559 2662 1682 2693 suadebit
1697 2684 1707 2700 ,
1731 2662 1780 2701 ipli
1832 2662 1877 2701 egi
1896 2662 1933 2693 de
1955 2661 2090 2692 mandato
2109 2661 2209 2692 nostro
2221 2663 2309 2693 libere
2326 2662 2410 2701 affig-

1343 2710 1397 2729 nan
1418 2710 1473 2731 am.

1383 2737 1467 2769 Circa
1487 2738 1617 2770 secundae
1636 2748 1707 2769 vero
1722 2739 1866 2778 petitionis
1886 2738 2035 2769 articulum
2050 2761 2060 2777 ,
2083 2737 2118 2769 ad
2140 2738 2197 2769 hoc
2218 2739 2296 2778 quod
2316 2740 2410 2770 dietus

1344 2776 1410 2807 Rex
1428 2777 1461 2807 ad
1481 2778 1558 2807 idem
1579 2777 1649 2816 passa
1670 2778 1729 2806 ium
1748 2778 1776 2807 se
1797 2775 1881 2815 poffit
1902 2786 2054 2817 praeparare
2073 2777 2267 2815 commodius,
2285 2779 2314 2810 in
2331 2778 2408 2816 hoc,

1341 2823 1425 2853 prout
1439 2815 1524 2846 habet
1544 2825 1640 2845 earum
1662 2825 1708 2845 em
1730 2814 1887 2845 nostrarum
1903 2815 1983 2845 series
2005 2815 2176 2854 litterarum,
2194 2817 2313 2855 gratiose
2332 2818 2407 2848 voris

1343 2854 1393 2884 suis
1407 2855 1572 2892 annuimus,
1588 2853 1681 2893 quod,
1698 2853 1762 2894 post
1775 2853 1932 2891 hujusmodi
1943 2854 2214 2893 crucesignationem
2228 2855 2305 2885 suam
2316 2877 2326 2892 ,
2352 2855 2404 2885 fibi

1342 2893 1440 2932 viginti
1456 2893 1581 2931 quinque
1597 2893 1671 2922 milia
1687 2892 1851 2923 Marcarum
1865 2892 1901 2922 de
1914 2893 2042 2932 praefata,
2060 2893 2180 2923 collecta
2195 2893 2256 2932 jam
2276 2902 2310 2923 ex
2326 2892 2405 2923 deci-

1343 2941 1390 2961 ma
1408 2930 1478 2969 ipsa,
1497 2932 1634 2970 pecunia,
1652 2931 1822 2962 intendimus
1841 2930 1932 2960 facere
1953 2930 2100 2970 affirmari,
2123 2931 2194 2961 dum
2213 2941 2309 2962 tamen
2325 2931 2403 2961 idem

1342 2969 1408 3000 Rex
1425 2970 1498 3007 prius
1510 2970 1543 3000 ad
1557 2971 1741 3007 quantitatem
1756 2970 1840 3007 ipsam
1875 2969 1932 2999 fine
1945 2969 2136 3000 diminutione
2152 2979 2185 3000 ac
2197 2969 2403 3001 contradiffio-

1342 3018 1379 3039 ne
1390 3007 1496 3045 aliquit,
1515 3008 1730 3047 restituendam,
1748 3007 1805 3038 five
1818 2992 1857 3038 ad
1869 3007 2032 3038 mandatum
2052 3007 2120 3039 sedis
2140 3008 2218 3049 ipfius
2232 3033 2242 3047 ,
2267 3009 2315 3039 sibi
2329 3018 2402 3048 quo-

1341 3047 1383 3078 vis
1397 3055 1526 3086 tempore
1545 3046 1704 3077 faciendum
1720 3070 1730 3086 ,
1752 3055 1785 3076 ex
1805 3056 1981 3086 quacumque
1998 3047 2075 3077 caula
2093 3056 2154 3077 non
2169 3047 2401 3086 transfretaverit,

1341 3085 1397 3116 sive
1410 3086 1473 3115 alias
1486 3085 1558 3115 sedes
1573 3087 1590 3105 ¹*
1607 3086 1678 3124 ipsa,
1698 3084 1934 3125 quandocumque
1948 3093 2012 3115 ante
2024 3085 2102 3116 suum
2115 3085 2282 3125 passagium,
2294 3086 2400 3116 dietam

1340 3125 1481 3162 repetierit
1496 3125 1697 3162 quantitatem,
1715 3124 1742 3154 se
1760 3133 1792 3154 ac
1805 3124 1973 3154 succelsores
1987 3123 2047 3154 suos
2061 3124 2168 3163 obliget
2183 3135 2193 3162 3
2215 3124 2340 3168 praestito
2354 3125 2400 3163 ju-

1340 3171 1485 3201 ramento,
1502 3163 1535 3192 &
1550 3163 1600 3193 suis
1614 3163 1690 3199 super
1704 3162 1761 3192 hoc
1784 3163 1940 3200 patentibus
1959 3163 2055 3193 litteris
2074 3162 2259 3201 exhibendis,
2285 3173 2402 3195 necnon

1340 3202 1374 3232 &
1391 3201 1515 3238 aliquos,
1533 3210 1584 3239 pro
1602 3201 1700 3231 nostro
1717 3201 1848 3238 arbitriO,
1863 3200 1996 3232 Pnelatos
2011 3201 2105 3240 Regni
2120 3200 2240 3238 ejusdem
2255 3201 2289 3232 ad
2303 3202 2380 3232 idem
2390 3225 2400 3240 ,

1341 3241 1395 3269 una
1413 3249 1481 3269 cum
1501 3239 1552 3268 suis
1569 3240 1703 3278 ecclesiis,
1727 3240 1763 3269 de
1780 3238 1873 3270 nostra
1894 3240 2007 3270 licentia
2023 3239 2213 3278 obligandos,
2237 3250 2271 3270 ac
2291 3241 2402 3278 insuper

1340 3278 1461 3319 ydoneas
1476 3277 1617 3307 societates
1627 3278 1820 3308 Mercatorum
1835 3278 1871 3308 de
1883 3277 1958 3309 Italia
1970 3278 2101 3308 exhibeat
2113 3277 2208 3308 secum
2217 3301 2227 3318 ,
2244 3279 2402 3310 secundum

1340 3315 1467 3347 nostrum
1485 3316 1708 3355 beneplacitum,
1724 3317 1930 3356 obligationem
1944 3316 2104 3355 hujusmodi
2121 3316 2273 3355 subituras;
2288 3317 2345 3348 hoc
2356 3318 2401 3348 ni-

1340 3355 1511 3385 chilominus
1530 3353 1675 3386 adiciendo
1694 3357 1721 3386 in
1740 3355 1891 3386 earundem
1910 3355 2018 3386 suarum
2035 3355 2103 3385 serie
2124 3356 2275 3386 litterarum
2288 3378 2298 3394 ,
2341 3355 2399 3386 uod

1339 3394 1396 3431 ipse
1442 3394 1564 3423 romirtit
1589 3395 1614 3424 se
1638 3394 1873 3425 transfretaturum
1896 3395 1926 3424 in
1950 3403 2031 3425 terrae
2057 3394 2202 3433 praedistae
2223 3394 2308 3425 succu
2333 3403 2398 3432 um,

1339 3442 1410 3469 quan
1431 3441 1575 3470 ocumque
1603 3433 1652 3463 libi
1677 3433 1760 3463 fuerit
1787 3433 1908 3471 ejusdem
1932 3432 1999 3464 sedis
2022 3432 2186 3463 3116101113ῐο
2210 3431 2396 3463 mandatum:

1341 3470 1486 3509 Quodque
1505 3470 1567 3500 vult
1589 3471 1622 3501 &
1642 3471 1781 3501 consentit
1797 3471 1918 3511 expresse
1935 3480 1966 3502 ut
1978 3495 1987 3510 ,
2009 3470 2158 3510 postquam
2181 3471 2291 3510 signum
2306 3470 2399 3500 crucis

1338 3508 1526 3546 assumpserit,
1546 3507 1578 3538 ad
1595 3509 1767 3540 reddendum
1790 3509 1910 3540 domino
1934 3520 2036 3540 votum
2058 3510 2137 3539 suurn
2150 3532 2159 3547 ,
2186 3519 2235 3549 per
2253 3507 2396 3538 censuram

1340 3546 1554 3578 ecclesiasticam
1577 3548 1609 3577 ὃ(
1628 3548 1695 3578 alios
1712 3548 1812 3578 modos
1827 3571 1837 3586 ,
1861 3558 1930 3588 quos
1945 3548 2019 3578 sedes
2040 3547 2095 3585 ipsa
2116 3547 2226 3578 duxerit
2240 3545 2397 3585 eligendos,

1358 3596 1387 3615 er
1406 3584 1498 3615 sedem
1523 3584 1642 3615 eandem
1659 3609 1669 3625 ,
1693 3586 1928 3626 quandocumque
1953 3586 2003 3617 sibi
2028 3585 2116 3616 visum
2144 3586 2250 3623 fuerit,
2269 3584 2397 3623 compel-

1347 3632 1414 3653 atus.

1372 3661 1425 3691 Ne
1444 3669 1535 3690 autem
1553 3661 1695 3698 possemus
1713 3663 1748 3694 de
1765 3664 1857 3702 aliqua
1872 3664 2024 3695 variatione
2043 3663 2133 3693 notari
2148 3685 2158 3701 ,
2180 3661 2261 3692 nobis
2277 3661 2307 3690 in
2321 3670 2395 3698 prae-

1336 3698 1419 3729 distis
1432 3698 1531 3729 nostris
1544 3700 1636 3730 litteris
1652 3701 1848 3733 reservavimus
1859 3711 1890 3733 ut
1903 3725 1913 3741 ,
1938 3711 1996 3732 tam
2011 3711 2074 3732 ante
2094 3698 2304 3742 concessionem
2316 3700 2395 3730 deci-

1336 3747 1392 3767 mce
1409 3738 1525 3773 praefato
1540 3737 1614 3778 Regi
1629 3761 1639 3777 ,
1664 3749 1695 3770 ut
1711 3741 1889 3779 praedicitur,
1908 3740 2066 3771 faciendam
2078 3761 2088 3776 ,
2112 3747 2195 3775 quam
2211 3745 2298 3780 etiam
2313 3738 2394 3777 post,

1335 3776 1409 3813 prius
1422 3784 1516 3805 tamen
1529 3786 1613 3814 quam
1628 3778 1676 3808 libi
1695 3779 1777 3809 fuerit
1797 3778 1908 3809 decima
1922 3778 2019 3808 eadem
2036 3777 2183 3814 assignata,
2200 3774 2235 3804 de
2250 3776 2304 3815 1psa
2315 3777 2394 3807 deci-

1337 3823 1383 3843 ma
1397 3812 1541 3852 disponere
1559 3815 1644 3845 libere
1662 3818 1817 3855 valeamus,
1834 3825 1919 3855 prout
1938 3824 2019 3846 terrae
2037 3813 2173 3857 saepelfatae
2193 3814 2309 3857 negotio
2324 3838 2334 3853 ,
2359 3815 2395 3846 &

1335 3851 1398 3881 alias
1412 3853 1493 3882 nobis
1512 3852 1651 3884 videbitur
1672 3864 1847 3894 oportunum
1866 3878 1876 3892 ,
1895 3855 1961 3884 licet
1981 3862 2040 3883 non
2059 3853 2090 3882 sit
2111 3858 2271 3881 intentionis
2289 3852 2395 3884 nostrae

1335 3890 1408 3919 circa
1424 3890 1508 3930 ipsam
1528 3891 1669 3923 decimam
1694 3893 1747 3923 tale
1772 3893 1875 3930 aliquid
1899 3894 2049 3922 immutare
2063 3912 2081 3932 ,q
2095 3889 2171 3927 quod
2192 3890 2314 3921 eundem
2334 3891 2395 3921 Re-

1335 3936 1400 3965 gem
1424 3939 1542 3959 movere
1562 3930 1676 3961 deberet
1695 3931 1728 3961 ad
1750 3931 1829 3961 suum
1844 3954 1853 3968 ,
1880 3930 1958 3966 super
1979 3929 2218 3964 crucelignatione
2243 3929 2393 3968 praedffika,

1335 3967 1511 4003 propositum
1534 3969 1765 4007 immutandum,
1790 3976 1874 4008 prout
1890 3967 1953 3996 haec
1975 3966 2067 3995 omni:
2087 3967 2117 3995 in
2136 3966 2280 4006 praemissis
2295 3967 2396 3999 nostris

1336 4005 1444 4044 litteris,
1464 4004 1538 4044 Regi
1553 4007 1665 4038 dii-estis
1680 4006 1789 4045 eidem,
1806 4006 1912 4047 plenius
1927 4005 2117 4035 continentur.
2309 4043 2349 4085 Q

2343 4053 2394 4074 uo«

2418 3086 2555 3123 *11.123.·
