2570 4261
117 211 194 241 Ann.
213 210 253 242 D.

138 258 227 289 1274.

115 292 144 316 F..
164 299 186 316 1.

113 531 244 569 ⁰11.31.

79 2881 160 2919 xAnn.
175 2885 216 2916 D.

112 2934 195 2964 1274.

81 2969 134 2992 An.
155 2975 179 2993 z.

81 3007 111 3032 Ε.
135 3012 144 3031 1

79 3045 140 3070 Pax.
160 3051 186 3070 2.

80 3084 111 3108 E.
136 3089 156 3108 ¹.

81 3127 117 3146 m.
137 3127 178 3154 ¹5·

83 3314 144 3344 *11-
162 3326 205 3354 32.

80 3724 161 3756 'Anu
174 3724 215 3755 D.

107 3772 189 3801 1274.

82 3806 126 3830 An
154 3812 175 3829 ι.

84 3844 114 3867 Ε.
138 3850 159 3867 1.

84 3877 193 3914 L.B.f.

85 3917 131 3950 67.
151 3926 179 3943 a.

84 3956 131 3980 Pen
135 3964 156 3980 es
164 3957 216 3981 Ca-

83 4000 177 4019 mehir.

279 139 298 169 1
306 140 358 179 40

313 211 352 244 Et
374 212 471 244 {achez
489 221 526 251 qe
543 210 562 241 li
582 209 704 250 meffige
715 210 896 250 devauntdit,
914 221 951 281 ge
963 211 1024 243 sunt
1038 223 1113 244 venu
1126 223 1180 262 por
1190 224 1261 254 ceo,
1275 215 1337 245 sunt

271 249 584 320 glesstrtnffidemaunde
595 249 680 286 depar
692 248 763 281 Don
773 250 873 289 Jame‚
888 260 904 280 e
937 260 952 281 e
968 259 1028 291 part
1040 251 1118 283 Mun
1131 254 1259 294 beygnur
1270 254 1341 295 Guy

288 365 397 410 'Done
416 374 432 395 3
453 363 585 402 Naples,
607 362 635 395 le
654 362 784 395 Vintime
804 366 847 404 jur
866 365 902 397 de
922 364 1012 407 May,
1036 367 1072 399 de
1092 367 1117 399 13
1137 367 1241 400 secund
1261 368 1338 399 indi-

266 413 343 434 ClOU.

488 525 516 553 *ὲ
542 529 687 564 Ρνιεάίὲἶιι
707 533 827 564 Littera
847 534 958 565 Latine
973 530 1104 565 reddita.

337 612 508 645 Obilisfirnis
527 615 612 654 viris,
629 615 839 647 consanouineis
858 616 910 647 suis
930 616 1110 656 chariffimis,
1127 616 1261 649 Domino
1276 619 1331 650 Ra.

356 650 392 681 de
407 650 497 682 Claro
513 662 630 691 monte,
649 640 871 685 Conffiabulario
886 654 1014 686 Franciae
1025 656 1059 686 &
1073 655 1208 687 Domino
1221 657 1257 688 de
1271 658 1332 689 Ni-

278 689 344 727 ella,
363 690 396 720 &
412 689 546 722 Domino
559 691 705 723 Amalrico
720 692 755 723 de
770 692 936 731 Montfort,
949 693 1092 732 johannes
1105 695 1141 725 de
1154 695 1332 737 Mountfort‚

257 698 367 758 {omes
384 729 421 760 de
441 729 613 769 SquillaciO,
630 731 664 761 &
688 730 724 762 de
740 730 847 762 Monte
860 732 912 763 Sca
932 732 1027 772 gioso,
1041 732 1171 773 salutem,
1187 745 1330 774 amorem,

256 765 290 797 ὃ(
303 768 330 796 se
344 768 372 797 in
386 769 520 798 omnibus
534 778 658 806 paratum
673 769 708 800 ad
722 769 812 801 vestra
827 771 919 808 benep
930 772 1008 801 acita.

293 805 372 835 Scire
386 816 438 836 vos
453 808 584 837 volumus
598 806 677 847 quod
691 808 792 840 nobilis
804 810 864 848 vir,
882 809 1102 849 consanguineus
1116 810 1212 842 noster
1225 812 1330 843 charis-

256 844 339 875 fimus
366 844 468 876 Guido
489 846 526 876 de
547 846 694 877 Montfort
730 847 800 878 ficut
813 848 877 878 alias
891 858 940 889 per
954 848 1054 880 litteras
1065 850 1172 880 nostras
1185 851 1329 882 intimavi-

257 891 321 913 mus
334 906 344 922 ,
361 893 408 914 me
426 884 541 916 mandat
557 886 591 916 &
611 886 678 916 scire
695 870 762 916 secit
783 886 878 918 secum
897 897 931 916 ex
971 888 1036 918 aeto
1057 898 1234 920 conventum
1252 890 1328 930 effe,

258 922 335 961 quod
352 932 404 960 pro
422 922 499 954 8000
515 924 603 954 unciis
621 925 678 955 auri
692 924 853 956 liberabitur
868 936 884 956 e
898 927 940 963 pri
952 937 1016 957 ona.

291 959 330 991 Et
357 961 474 1000 proinde
500 962 577 1002 quod
607 962 662 1003 ipse
684 973 734 1002 per
756 974 832 996 meas
852 965 953 996 litteras
975 964 1110 996 Domino
1130 965 1231 997 nostro
1251 966 1279 997 R

254 995 383 1030 Franciae
402 1000 603 1042 supplicarem,
620 1002 654 1034 &
674 1012 727 1033 vos
746 1013 780 1034 ac
803 1003 869 1034 alios
889 1005 996 1035 amicos
1008 1004 1070 1035 suos
1083 1003 1229 1036 instantius
1245 1006 1284 1036 ob
1297 1017 1326 1037 e-

250 1047 360 1107 frarem
376 1061 387 1078 ,
413 1039 451 1070 ita
479 1039 558 1081 quod
585 1039 685 1073 habeat
712 1042 879 1083 praedictam
898 1043 1037 1074 summam
1056 1054 1109 1083 pro
1129 1043 1327 1076 deliberatione

263 1086 304 1106 ua.

288 1114 326 1146 Et
348 1115 472 1147 firniliter
491 1116 568 1157 quod
588 1118 649 1149 illos
669 1118 705 1150 de
727 1128 804 1158 parte
824 1119 956 1161 Guelpha
975 1122 1005 1152 in
1023 1120 1144 1159 Tuscia,
1162 1121 1196 1153 ὃς
1215 1123 1324 1154 amicos

252 1153 314 1184 suos
333 1155 403 1185 citra
415 1164 528 1186 montes
539 1155 619 1194 super
632 1157 689 1188 hoc
705 1160 796 1198 rogari
809 1159 949 1198 facerem,
970 1160 1006 1190 ita
1020 1160 1097 1200 quod
1113 1161 1246 1192 tantotius
1260 1162 1325 1192 scri-

252 1192 350 1223 berem
372 1193 405 1224 ad
427 1192 592 1225 Dominum
608 1196 739 1227 nostrum
755 1196 870 1237 Regem
882 1197 905 1229 F
907 1199 1026 1237 ranciae,
1043 1208 1076 1229 ac
1090 1198 1118 1228 id
1131 1207 1234 1230 notum
1249 1200 1324 1232 face-

249 1241 311 1262 rem
331 1233 410 1262 vobis
428 1233 461 1263 &
502 1233 648 1265 uibusdam
669 1235 725 1266 aliis
745 1235 796 1267 suis
817 1238 915 1267 amicis
937 1238 1008 1268 ultra
1029 1246 1141 1268 montes
1155 1248 1203 1276 per
1220 1239 1320 1270 litteras

249 1279 325 1300 meas
344 1271 459 1308 clausas,
534 1281 582 1310 per
603 1273 783 1306 Gulielmum
797 1275 882 1306 Vuull
896 1277 944 1316 qui
960 1277 1037 1307 venit
1048 1275 1155 1307 direere
1169 1287 1184 1306 a
1198 1276 1317 1309 Comite

249 1307 410 1354 Guydone,
425 1311 460 1340 de
482 1311 590 1347 Sicilia,
607 1313 640 1343 ὃ(
659 1323 675 1343 3
694 1322 769 1352 parte
790 1313 924 1352 Guelpha
945 1314 1026 1356 super
1045 1314 1103 1346 hoc
1126 1316 1268 1354 requisita,
1286 1317 1320 1348 &

248 1347 326 1387 quod
340 1358 408 1379 certi
421 1349 474 1378 litis
487 1349 524 1380 de
539 1350 644 1381 auxilio
658 1351 734 1396 quod
748 1352 872 1384 Tuscani
884 1353 950 1384 dare
964 1354 1150 1392 promiserunt
1163 1354 1198 1386 ad
1213 1354 1321 1388 delibe-

247 1387 385 1416 rationem
399 1385 524 1418 Domini
537 1387 708 1430 Guyd0n1s3
727 1390 795 1422 scire
810 1402 861 1423 vos
873 1390 947 1422 facio
960 1392 1037 1434 quod

1051 1478 1127 1499 1000
1149 1468 1284 1504 Florenos

1047 1517 1127 1538 2000
1147 1508 1284 1543 Florenos

1052 1556 1130 1587 3000
1146 1547 1282 1581 Florenos

1072 1595 1128 1625 300
1144 1586 1168 1616 F
1169 1587 1281 1620 lorenos

1065 1633 1126 1662 400
1145 1625 1281 1659 Florenos

1066 1672 1126 1694 200
1142 1663 1279 1698 Florenos

280 1460 472 1495 Promiserunt
491 1473 551 1504 pars
573 1465 706 1505 Guelpha
727 1468 880 1501 Florentiae

282 1500 475 1534 promiserunt
496 1514 556 1543 pars
571 1505 705 1546 Guelpha
717 1507 801 1538 Senae

281 1538 472 1573 Promiserunt
522 1554 546 1573 rs
559 1543 692 1585 Guelpha
709 1545 745 1575 de
760 1546 884 1578 Orvieto

279 1577 456 1611 Communia
477 1553 519 1612 dea
535 1580 642 1613 Monte
662 1583 799 1615 Pulciano
818 1603 941 1610 —-—

281 1616 461 1651 Communia
481 1620 518 1650 de
541 1619 629 1652 Portu

277 1655 455 1690 Communia
469 1659 504 1690 de
518 1658 624 1691 Pistoia
769 1675 893 1685 »3-

240 1732 332 1765 Nulla
352 1736 402 1766 alia
422 1744 492 1767 terra
511 1736 626 1768 Tusciae
647 1739 802 1779 quicquam
814 1739 909 1770 auxilii
924 1739 1046 1771 confert.
1062 1740 1146 1781 poffit
1161 1743 1263 1774 habere
1277 1745 1313 1775 ab

242 1782 301 1803 uno
322 1775 498 1806 vaslallorum
517 1776 630 1807 suorum
650 1779 679 1807 in
700 1785 770 1808 terra
788 1777 833 1810 sua
852 1778 904 1809 Rh
959 1779 977 1808 ii
993 1788 1070 1810 1000
1086 1779 1230 1813 Florenos.
1272 1784 1314 1814 A-

242 1812 312 1842 mici
333 1813 405 1852 ejus,
423 1815 451 1844 in
474 1815 515 1845 hia
536 1816 674 1854 partibus,
692 1816 764 1846 adeo
787 1787 1001 1857 paupereggsunt
1021 1819 1055 1849 &
1077 1819 1216 1859 exhausti,
1234 1822 1313 1862 quod

242 1860 332 1881 nemo
352 1852 394 1882 est
417 1855 464 1892 qui
485 1854 519 1884 ali
541 1854 586 1884 uid
609 1855 701 1885 auxilii
721 1861 852 1887 conterre
869 1856 971 1895 poffit,
986 1865 1034 1887 aut
1053 1860 1226 1890 conveniens
1247 1861 1313 1900 fibi,

241 1898 288 1919 aut
306 1889 495 1922 honorificum
543 1894 646 1923 omino
660 1893 809 1934 Guydoni.

278 1927 316 1958 Et
338 1930 401 1969 quia
420 1931 566 1961 mandastis
588 1932 682 1972 quod,
701 1943 732 1963 ea
771 1943 815 1963 uae
835 1933 930 1964 litteris
950 1934 1044 1965 clausis
1066 1936 1149 1966 vobis
1163 1937 1312 1968 intimave-

240 1976 316 2005 ram,
335 1978 411 1999 nunc
435 1971 533 2000 eadem
555 1980 604 2008 per
627 1980 751 2011 patentes
774 1972 1073 2013 itteraslignificarem,
1090 1974 1237 2015 praesentes
1251 1976 1311 2007 fieri

240 2005 293 2035 feci
309 2006 406 2043 Sigillo
420 2017 487 2039 meo
536 2010 634 2040 ndenti
649 2010 764 2050 sigillari.

276 2043 313 2074 Et
334 2045 420 2076 sciatis
437 2019 535 2091 quod>e
529 2048 679 2086 postquam
695 2048 740 2079 hae
756 2049 794 2080 ita
807 2049 905 2080 litterae
920 2050 1033 2080 fuerunt
1049 2050 1132 2080 factae
1147 2051 1181 2082 &
1195 2051 1312 2083 ordina-

241 2089 295 2120 tae,
313 2084 346 2114 ὃς
366 2083 524 2116 Guillielm.
545 2087 581 2117 de
602 2086 688 2118 Vuull
711 2096 768 2118 erat
783 2087 938 2119 decessurus
950 2089 984 2119 ad
998 2099 1050 2119 vos
1063 2089 1311 2130 conveniendum,

239 2130 255 2150 a
277 2121 432 2158 plicuerunt
458 2124 584 2164 Neapoli
599 2126 736 2158 solemnes
750 2126 784 2157 ad
800 2137 852 2157 nos
865 2126 978 2158 Nuncii
991 2128 1006 2158 ὲ
1021 2128 1126 2166 Sicilia,
1146 2129 1160 2159 ὲ
1175 2129 1311 2160 Domino

278 2161 396 2190 uidone·
419 2162 453 2192 ὅ(
475 2163 636 2195 deferebant
654 2166 755 2196 litteras
771 2165 806 2195 de
820 2166 995 2205 pactionibus
1010 2167 1044 2198 &
1059 2169 1253 2198 conventione
1267 2169 1311 2199 in-

243 2205 285 2227 ter
300 2197 370 2229 Don
381 2185 524 2238 jacobum
537 2203 570 2234 ὃ(
586 2202 751 2234 Dominum
768 2202 819 2235 Gu
838 2205 945 2235 donem
977 2204 1014 2235 de
1028 2205 1140 2236 cautelis
1153 2207 1187 2237 ὃ(
1200 2208 1310 2237 cautio-

241 2236 339 2275 nibus,
355 2239 388 2269 &
406 2239 579 2272 firmitatibus
608 2242 731 2281 iigillatas
752 2243 822 2282 Sigil
833 2254 853 2274 o
866 2243 937 2274 Don
949 2228 1068 2285 Jaques3
1086 2245 1120 2275 &
1131 2245 1192 2276 sunt
1204 2255 1238 2276 ex
1254 2247 1310 2283 ejus

239 2284 316 2318 parte
338 2287 497 2318 conventa,
513 2264 593 2320 quod
610 2281 805 2312 deliberabitur
827 2292 880 2322 pro
897 2291 993 2313 10000
1005 2284 1095 2314 unciis
1105 2285 1182 2322 auri,
1200 2285 1234 2315 &
1249 2295 1309 2315 non

237 2313 322 2344 aliter.
348 2315 398 2346 De
414 2318 531 2356 quibus,
547 2319 687 2350 solvendae
700 2320 761 2351 sunt
775 2321 879 2360 praesto
891 2330 972 2360 4000
984 2323 1092 2359 unciae5
1114 2323 1147 2353 ὅ(
1163 2333 1216 2360 pro
1228 2325 1308 2354 6000

235 2350 342 2383 dabiter
364 2357 498 2386 terminus
514 2357 531 2385 6
548 2358 696 2389 mensium.
735 2358 772 2390 Et
788 2360 807 2390 sr
824 2360 853 2389 in
869 2359 925 2390 hoc
940 2360 1087 2400 deficitur,
1106 2362 1212 2399 prorsus
1225 2361 1308 2393 dubi-

236 2398 268 2433 to
282 2391 358 2431 quod
374 2393 410 2435 de
423 2395 536 2435 persona
549 2396 594 2427 sua
610 2397 641 2427 sit
656 2397 829 2436 periculum,
849 2407 992 2439 propterea
1006 2409 1070 2437 vos,
1089 2409 1226 2440 quantum
1241 2411 1306 2439 pos-

239 2432 289 2473 um
298 2453 308 2469 ,
325 2431 458 2474 obsecro,
476 2434 554 2474 quod
574 2434 652 2476 super
666 2435 742 2475 hoc,
760 2437 858 2468 melius
870 2438 904 2469 &
918 2437 1106 2477 festinantius,
1121 2449 1205 2480 quam
1220 2439 1306 2480 possi-

236 2475 270 2498 tis
302 2470 450 2502 conissium
474 2474 597 2504 mittatis.

272 2491 310 2538 iit
331 2508 434 2550 sciatis,
452 2512 529 2552 quod
551 2513 591 2542 isti
605 2512 718 2544 Nuncii
757 2514 865 2545 raediffi
879 2516 927 2554 qui
941 2524 1098 2553 venerunt,
1116 2524 1230 2556 propter
1245 2517 1303 2548 hoc

236 2547 371 2616 νῦεηίἒηῐ,
389 2550 422 2581 ὃς
444 2549 518 2581 tniffi
540 2551 601 2582 sunt
624 2561 682 2583 tarn
694 2563 727 2583 ex
774 2563 813 2584 on
824 2553 926 2593 Jacobi
940 2563 1026 2594 quarn
1040 2563 1074 2584 ex
1088 2563 1165 2594 parte
1178 2554 1306 2587 Domini

269 2593 296 2614 ui
316 2596 386 2617 onis.

265 2659 336 2693 Dat.
350 2661 478 2703 Neapoli
490 2674 536 2696 20.
553 2666 597 2698 die
612 2666 684 2699 Maii
699 2667 861 2699 Indictione
872 2667 1000 2700 secunda.

368 2801 416 2834 De
440 2802 607 2847 Provfione
625 2814 680 2851 pro
699 2804 892 2836 Coronatione
915 2805 1002 2852 Regis
1009 2803 1168 2850 facienda.

236 2882 289 2938 R
298 2883 322 2915 E
332 2883 363 2915 X
381 2884 545 2928 Universa,
561 2889 622 2920 &c.
636 2888 760 2920 salutern.

345 2923 423 2960 Quia
446 2924 561 2957 Festum
580 2925 781 2960 Coronationis
803 2927 908 2959 nostrae
925 2928 971 2959 die
984 2927 1155 2966 Dominica‚
1173 2929 1301 2969 proxima

258 2960 302 2991 0st
321 2960 436 2993 Festum
458 2963 663 3004 Affumptionis
679 2968 769 2997 beatae
785 2964 904 3007 Mariae,
921 2968 1053 3006 proximo
1064 2967 1208 3006 futurum,
1226 2967 1301 2998 cele·

259 3000 361 3030 rabitur
378 3001 449 3040 apud
472 3002 635 3036 Westmon.
656 3005 791 3036 Domino
805 3006 996 3045 concedente,
1011 3015 1125 3046 propter
1139 3005 1217 3046 quod
1231 3006 1301 3037 fide-

237 3038 275 3068 les
291 3037 400 3069 nostros
413 3040 602 3073 NVillielrnum
616 3044 653 3075 de
665 3044 795 3075 windes.
807 3044 840 3076 δε
851 3043 974 3083 Joceum
987 3045 1024 3076 de
1039 3044 1163 3076 London
1178 3044 1301 3085 Empto-

235 3087 277 3107 res
296 3075 424 3117 nostros,
442 3080 619 3118 praesentium
639 3083 820 3120 exhibitores,
839 3085 975 3114 mittimus
994 3093 1043 3124 per
1066 3083 1185 3123 singulos
1196 3082 1302 3115 Comi-

235 3123 305 3184 taltus
318 3116 435 3185 nomos}
443 3117 570 3159 Angliae,
580 3121 614 3151 ad
630 3121 817 3159 providentias
830 3130 930 3154 contra
943 3122 1020 3153 idem
1031 3121 1146 3154 Festum
1159 3122 1300 3154 faciendas

233 3164 249 3184 a
285 3164 304 3184 o
325 3164 355 3185 us
370 3165 410 3185 no
437 3166 518 3186 rum:

270 3164 360 3224 ngis
381 3196 577 3236 praecipimus,
597 3196 713 3228 firmiter
734 3198 925 3240 injungentes,
943 3197 1020 3240 quod
1041 3198 1161 3237 praefatis
1175 3200 1301 3232 Williel-

233 3240 285 3261 mo
301 3231 452 3270 &Joceo‚
470 3233 504 3264 ad
519 3235 663 3274 praedietas
680 3237 869 3276 providentias
883 3237 1037 3277 faciendas,
1056 3238 1230 3269 intendentes
1245 3240 1299 3270 fitis

233 3270 267 3300 &
280 3270 490 3312 respondenteS,
508 3274 681 3305 consulentes
696 3275 729 3305 &
745 3276 920 3316 auxiliantes,
938 3285 1022 3315 prout
1034 3275 1068 3306 ad
1082 3286 1153 3314 opus
1167 3277 1297 3309 nostrum

231 3310 318 3348 magis
339 3309 479 3340 videbitur
498 3313 643 3351 expedire,
670 3316 683 3329 *
708 3314 744 3343 ita
761 3315 838 3352 quod
857 3315 1031 3357 diligentiam
1052 3314 1174 3347 vestram
1194 3318 1224 3348 in
1243 3317 1297 3349 hac

230 3356 306 3384 parte
321 3349 425 3379 merito
440 3351 642 3383 commendare
656 3352 816 3385 debeamus.

266 3385 301 3417 In
316 3387 410 3425 cujus,
427 3388 487 3418 &c.

267 3459 333 3493 Dat.
350 3463 409 3495 &e
422 3464 495 3502 apud
510 3463 637 3496 Westm.
656 3474 704 3504 27.
714 3464 802 3505 Junii.

234 3591 342 3624 Forma
355 3599 438 3640 pacis
449 3623 458 3638 ‚
485 3601 563 3630 inter
581 3600 688 3645 Regem
706 3601 823 3646 Angliae
842 3604 879 3640 ὠ
899 3604 1045 3635 Comitem
1063 3601 1231 3646 Flandriae,
1258 3605 1295 3641 (ῤ’

416 3647 561 3679 Matrem
585 3645 659 3680 disti
686 3649 810 3681 Comitis
838 3649 921 3696 apud
942 3650 1113 3695 Monstroil.

235 3719 293 3781 A
310 3722 391 3789 {sous
410 3732 571 3797 cmusbqui
593 3730 669 3762 ceste
683 3731 761 3764 lettre
774 3742 888 3765 verrunt
901 3745 940 3766 ou
954 3743 1070 3780 orrunt,
1087 3734 1229 3780 Edward,
1247 3743 1296 3775 par

236 3797 304 3829 Duc
319 3766 496 3840 gegxggissz.
522 3779 574 3808 eu,
590 3770 658 3811 Roy
673 3771 710 3801 de
725 3771 904 3812 Eng1ererre,
923 3774 1059 3814 Seigneur
1071 3774 1107 3805 de
1120 3773 1260 3813 Huland,
1279 3783 1297 3803 e

274 3837 394 3868 Sachent
415 3841 465 3871 tuit
486 3843 520 3872 ke
540 3854 623 3875 come
644 3846 669 3876 la
691 3846 779 3878 noble
797 3847 893 3880 Darne
913 3849 1088 3889 Margaret&
1104 3848 1242 3880 Conteffe
1260 3847 1296 3878 de

236 3874 366 3919 Flaundr.
389 3886 404 3905 e
424 3877 459 3907 de
480 3879 610 3912 Henaud.
630 3883 690 3914 eust
712 3884 761 3915 feit
781 3885 896 3926 arester,
914 3890 932 3919 e
955 3889 1090 3928 prendre,
1107 3890 1125 3918 ὲ
1145 3886 1296 3918 vendrede

236 3914 314 3958 biens
332 3914 380 3944 des
400 3912 570 3948 Marchauns
592 3921 686 3952 nostre
706 3922 793 3962 Pere,
807 3934 823 3954 e
842 3925 878 3955 de
897 3935 972 3957 noez.
984 3927 1020 3958 de
1033 3927 1213 3966 Engleterre,
1229 3935 1247 3955 e
1260 3924 1295 3954 de

236 3950 357 3996 Hirland
393 3962 409 3982 e
424 3952 459 3982 de
472 3955 496 3984 13
512 3955 630 3987 Marche
644 3960 678 3989 de
693 3960 796 3999 Gales,
814 3972 850 3993 en
864 3963 890 3994 sa
903 3972 975 3995 terre
990 3965 1026 3995 de
1039 3960 1205 4002 Flaundres,
1222 3973 1240 3993 e
1252 3962 1295 3993 sur

239 3999 316 4028 mer,
331 4001 360 4032 ,με
371 4000 436 4030 ques
456 4001 470 4021 a
492 4002 577 4032 granz
590 3995 720 4034 summes,
739 4009 755 4028 e
767 3999 805 4028 les
818 4001 915 4031 deners
927 4004 982 4040 pris
995 4013 1011 4033 e
1024 4011 1139 4034 retenuz
1152 4010 1201 4042 par
1213 4001 1294 4032 ache-

237 4027 305 4065 sun,
324 4031 343 4058 il
363 4038 447 4060 come
467 4029 492 4060 13
512 4033 670 4064 avauntdite
683 4032 819 4067 Conteffe
833 4039 900 4069 eles
912 4040 970 4071 scus
982 4040 1085 4081 deym,
1102 4040 1151 4072 des
1162 4048 1296 4081 mre-rag&

736 124 1986 180 CONVENTIONE83L1TERAE,

1375 213 1423 245 des
1442 214 1506 244 feez
1523 213 1560 244 de
1578 214 1612 245 ἦε
1626 215 1711 246 Cenz
1727 226 1798 247 mars
1814 217 1849 248 de
1862 215 1975 254 Rente,
1993 225 2049 258 que
2062 215 2105 247 ele
2116 215 2198 249 disoit
2211 227 2247 258 qe
2259 219 2356 253 nostre
2367 222 2439 257 Pere

1376 253 1405 289 ly
1426 252 1550 293 devoyt,
1567 262 1583 282 e
1602 253 1638 284 de
1659 254 1753 286 nostre
1772 256 1841 286 Pere
1860 256 1899 286 les
1918 264 2009 295 tempt
2031 265 2068 285 en
2081 255 2159 293 seez,
2176 266 2193 286 e
2204 267 2241 288 en
2253 257 2350 301 ostoyt
2364 272 2400 294 en
2414 264 2440 295 fi

1376 291 1439 331 fey,
1454 301 1470 322 e
1486 301 1521 321 en
1535 291 1585 321 lon
1597 291 1727 333 homage.
1782 320 1787 324 .

1416 329 1454 359 Et
1470 339 1522 366 pur
1534 328 1609 360 ceste
1623 332 1692 370 prise
1703 342 1758 373 que
1772 333 1797 364 13
1811 333 1869 364 dite
1881 331 2018 364 Conteffe
2030 331 2133 372 fesoyt,
2148 342 2165 363 e
2175 342 2259 374 avoyt
2273 335 2330 374 fet,
2343 337 2441 371 nostre

1376 367 1445 398 cher
1466 367 1554 406 Pere,
1571 378 1588 397 e
1604 378 1656 399 nus
1667 370 1748 401 usons
1759 372 1807 402 feit
1823 371 1939 409 arester,
1957 381 1974 401 e
1989 371 2106 411 prendre
2119 381 2155 401 en
2167 370 2213 403 En
2234 374 2330 406 leterre
2340 398 2351 414 ,
2364 386 2383 407 e
2395 377 2440 409 sur

1375 416 1438 436 mer
1451 405 1498 436 des
1511 407 1590 436 biens
1604 418 1631 438 as
1647 407 1818 440 Marchauns
1831 411 1868 441 de
1882 410 1908 440 13
1918 418 1990 441 terre
2008 409 2033 440 la
2046 411 2103 441 dite
2115 409 2211 442 Conte
2234 421 2264 442 e:

1410 444 1448 475 Et
1466 454 1519 482 pur
1538 455 1592 475 ceo
1616 445 1789 479 Marchauns
1809 459 1845 479 ne
1863 449 1959 489 poaint
1978 449 2118 480 surement
2134 449 2206 490 aler,
2223 460 2279 482 oue
2297 450 2340 482 lur
2354 451 2439 486 Mar-

1373 482 1550 521 chaundises‚
1567 483 1603 513 de
1619 484 1694 515 l'une
1707 495 1778 517 terre
1790 488 1823 517 al'
1838 496 1926 518 autre·

1410 521 1439 552 A
1458 521 1484 551 la
1507 521 1634 561 requeste
1651 523 1689 554 de
1701 524 1809 556 Muiire
1822 525 1891 566 Guy
1907 511 2004 557 Conte
2017 525 2053 557 de
2061 525 2196 569 ‚Flaudres
2229 526 2288 558 finz
2300 528 2324 560 13
2337 538 2434 562 avant-

1370 558 1429 602 dite
1449 557 1604 600 Conteffe,
1618 570 1753 594 otreames
1772 563 1808 595 de
1830 564 1902 595 estre
1912 574 1928 594 a
1943 564 2086 595 Mustroill
2101 564 2143 594 sur
2155 564 2182 596 la
2195 549 2280 605 Mer,
2296 577 2313 599 a
2325 571 2434 602 certein

1369 607 1412 635 101-
1445 608 1462 628 a
1474 606 1557 629 treter
1567 599 1603 630 de
1617 610 1680 638 pees
1693 601 1736 632 sur
1749 602 1788 633 les
1802 603 1971 634 avauntdites
1983 603 2086 634 choses.

1405 621 1431 667 E
1452 646 1539 667 come
1556 648 1607 668 nus
1626 638 1733 669 fuffom
1752 651 1768 671 a
1789 641 1949 673 l'avauntdit
1960 642 2022 680 jor,
2040 652 2076 683 qe
2089 651 2162 672 nous
2175 649 2312 674 otreames
2324 644 2438 678 aMus-

1369 674 1458 713 troill,
1478 676 1504 706 le
1523 677 1647 708 avantdit
1667 677 1736 719 Guy
1756 678 1853 710 Conte
1872 679 1907 710 de
1922 680 2072 711 Flaundres
2085 681 2141 711 s'en
2156 681 2218 712 uint
2231 692 2246 712 a
2260 692 2313 713 nus
2323 705 2334 722 ,
2352 693 2369 714 e
2381 694 2435 717 nus

1367 713 1411 745 fist
1433 714 1492 744 dire
1503 713 1593 757 'cestes
1608 717 1712 756 paroles
1744 728 1779 748 ue
1792 718 1926 749 s’ensuent
1940 728 2030 759 apres,
2045 719 2215 758 pardevaunt
2226 729 2327 763 graunt
2338 722 2437 760 plente

1367 754 1416 784 des
1437 751 1552 783 Grainis
1575 762 1666 793 genz,
1685 765 1701 785 e
1718 727 1754 786 die
1767 756 1851 796 Sages
1865 765 1955 798 genz,
1972 767 1990 788 e
2001 757 2040 788 les
2054 757 2109 789 dist
2123 758 2201 789 Mon
2215 769 2265 790 ure
2278 759 2433 802 Baudiwyn

1367 793 1403 824 de
1418 791 1530 822 Anenes
1545 802 1579 822 en
1595 793 1671 824 ceste
1682 795 1794 832 forme5

1403 830 1479 867 Sire,
1498 829 1633 867 lelConte
1647 832 1682 862 de
1697 832 1862 872 Flaundres,
1880 835 1928 873 qui
1941 843 1977 876 cy
1991 833 2032 865 est
2044 833 2090 865 sen
2105 842 2170 866 uent
2184 845 2204 879 a
2212 846 2282 867 vous
2299 847 2352 878 pur
2364 839 2393 870 lu
2417 862 2429 879 ‚

1365 880 1382 901 e
1405 879 1456 907 pur
1477 879 1523 899 ma
1543 869 1626 900 dame
1646 870 1671 902 13
1683 880 1761 902 mere
1776 873 1801 903 la
1814 871 1950 903 Conteffi:
1964 873 1999 903 de
2013 873 2142 904 Flaundr.
2158 884 2174 905 e
2187 877 2205 904 11
2220 885 2289 906 vous
2303 877 2373 916 dist,
2392 848 2429 910 ke

1363 909 1451 940 verite
1469 907 1527 946 est,
1546 907 1581 938 ke
1604 918 1651 940 ma
1672 910 1757 940 dame
1775 911 1800 942 sa
1819 919 1897 941 mere
1915 911 1949 942 ad
1968 911 2008 942 fet
2027 911 2146 950 arester,
2164 913 2236 944 dunt
2251 915 2272 959 il
2281 915 2309 955 ly
2323 917 2428 957 misse,

1319 968 1326 974 .
1359 948 1466 989 jesques
1485 956 1512 976 as
1533 955 1630 987 graunt
1648 947 1771 979 summes
1792 948 1841 980 des
1861 951 1956 988 biens,
1973 960 2001 980 as
2016 950 2187 982 Marchauns
2201 952 2237 982 de
2251 952 2430 996 Engleterre‚

1363 988 1396 1019 &
1410 987 1447 1018 de
1461 984 1581 1016 Hirland
1590 1008 1599 1025 ,
1617 995 1635 1016 e
1645 987 1682 1018 de
1695 987 1720 1018 13
1735 987 1859 1019 Marche
1872 988 1909 1019 de
1923 988 2024 1028 Gales,
2039 998 2088 1029 par
2099 990 2125 1021 la
2140 990 2218 1021 reson
2232 1002 2287 1033 que
2302 992 2379 1024 desus
2392 1005 2429 1026 en

1363 1025 1440 1057 ceste
1453 1024 1532 1054 lettre
1545 1023 1586 1055 est
1600 1025 1679 1057 misse
1692 1035 1698 1055 :

1400 1064 1425 1096 E
1446 1062 1543 1094 vostre
1560 1063 1632 1094 Pere
1643 1088 1653 1104 ‚
1678 1074 1694 1095 e
1712 1074 1778 1104 vus,
1802 1075 1851 1105 par
1869 1064 1987 1096 achesun
2006 1064 2042 1096 de
2059 1075 2132 1105 ceo,
2155 1076 2226 1098 avez
2242 1068 2296 1101 foit
2313 1071 2430 1112 arester,

1360 1113 1378 1134 e
1394 1103 1495 1135 retenir
1513 1102 1575 1133 asez
1591 1102 1638 1133 des
1657 1104 1754 1143 biens,
1773 1105 1821 1134 des
1846 1103 2018 1135 Marchauns
2038 1104 2074 1136 de
2093 1104 2259 1145 Flaundres,
2276 1117 2313 1139 en
2327 1109 2432 1151 Engle.

1359 1150 1493 1212 tergum
1506 1179 1580 1218 puist
1593 1179 1652 1212 dire
1666 1181 1692 1212 la
1705 1181 1849 1214 avauntdit
1861 1179 1960 1212 Conte
1974 1191 1990 1212 e
2001 1182 2025 1212 la
2038 1182 2199 1226 avauntdite
2214 1181 2368 1227 Comesse,
2380 1197 2431 1227 par

1359 1220 1448 1252 bones
1466 1220 1575 1258 resunS,
1594 1220 1614 1250 fi
1635 1229 1722 1251 come
1743 1222 1762 1251 il
1783 1221 1825 1251 lur
1846 1219 1968 1259 semble,
1983 1220 2019 1251 ke
2041 1220 2107 1251 bien
2120 1231 2137 1251 e
2151 1232 2167 1252 a
2180 1221 2249 1253 dreit
2265 1224 2358 1256 eusent
2371 1225 2431 1257 este

1358 1259 1426 1290 fetes
1448 1267 1520 1289 tutes
1542 1257 1579 1288 les
1598 1257 1693 1290 choses
1713 1258 1884 1292 devantdites
1898 1282 1908 1298 ,
1932 1269 1981 1299 par
2002 1259 2026 1289 la
2048 1259 2107 1290 dite
2125 1259 2278 1300 Contesse,
2299 1272 2316 1293 e
2336 1273 2384 1301 par
2402 1264 2430 1296 fia

1377 1307 1443 1336 ent3
1463 1307 1515 1336 pur
1537 1296 1563 1327 le
1581 1295 1674 1328 honur
1694 1297 1730 1329 de
1750 1308 1821 1337 vus,
1840 1307 1856 1327 e
1875 1308 1927 1339 pur
1938 1307 2104 1337 reverence,
2119 1308 2136 1329 e
2151 1308 2203 1337 pur
2216 1302 2320 1331 retenir
2333 1302 2430 1335 vostre

1357 1307 1417 1405 ἓξ]
1437 1346 1517 1367 amur
1539 1346 1556 1366 e
1576 1336 1671 1366 vostre
1690 1346 1772 1377 pees,
1789 1336 1815 1367 le
1835 1336 1998 1367 devauntdit
2017 1335 2131 1377 Conte,
2150 1348 2203 1375 pur
2224 1338 2284 1379 sey,
2303 1349 2320 1370 e
2339 1341 2430 1379 pursa

1401 1385 1447 1407 ere
1482 1383 1534 1406 vus
1555 1383 1668 1412 promet
1688 1385 1704 1405 a
1725 1376 1842 1414 rendre,
1860 1385 1899 1405 ou
1919 1385 1935 1405 a
1953 1375 2010 1405 fere
2029 1375 2145 1414 rendre,
2163 1384 2213 1407 tuz
2227 1376 2266 1408 les
2279 1379 2355 1410 biens
2371 1390 2428 1419 que

1356 1423 1408 1445 unt
1429 1424 1445 1444 e
1472 1424 1488 1444 e
1509 1421 1641 1452 retenuit,
1660 1423 1695 1444 en
1718 1414 1888 1451 Flaundres,
1905 1423 1945 1444 ou
1966 1413 2009 1444 sur
2036 1413 2122 1453 Mer,
2141 1425 2189 1453 par
2204 1415 2265 1447 lurz
2279 1426 2368 1457 genz‚
2385 1429 2426 1451 ou

1355 1463 1404 1494 par
1422 1461 1525 1492 autres,
1561 1453 1589 1482 ui
1610 1451 1712 1483 fussent
1731 1461 1848 1485 recettffi
1865 1461 1902 1483 en
1923 1452 1964 1482 lur
1985 1461 2056 1484 terre
2075 1463 2123 1492 par
2138 1455 2181 1485 lur
2195 1455 2426 1497 consentement‚

1354 1501 1394 1522 ou
1417 1502 1464 1529 par
1485 1492 1527 1522 lur
1556 1500 1609 1528 eu,
1624 1501 1664 1521 ou
1683 1499 1744 1522 tens
1763 1491 1822 1530 quil
1843 1500 1860 1520 e
1873 1490 1976 1521 fussent
1990 1500 2129 1530 reeettez,
2146 1503 2185 1523 ou
2198 1494 2374 1526 demoraunz
2388 1496 2426 1528 de

1354 1529 1399 1560 En
1422 1531 1534 1568 leterte,
1550 1539 1566 1559 e
1579 1529 1615 1558 de
1629 1529 1788 1569 Hirlaund‚
1808 1540 1824 1560 e
1837 1529 1873 1559 de
1888 1529 1912 1558 la
1928 1528 2049 1560 Marche
2063 1530 2098 1560 de
2113 1531 2207 1562 Gales.

1422 1592 1431 1608 ,
1446 1579 1498 1609 pur
1518 1578 1571 1599 ceo
1583 1568 1618 1598 ke
1632 1568 1658 1599 le
1673 1568 1727 1598 dist
1742 1568 1840 1600 Conte
1856 1567 1920 1598 n'ad
1934 1578 1980 1605 pas
1992 1568 2030 1598 les
2041 1569 2140 1599 deners
2154 1571 2182 1601 ci
2195 1569 2321 1610 present,
2338 1572 2357 1602 il
2372 1583 2425 1605 vus

1352 1616 1465 1647 promet
1478 1608 1513 1639 de
1528 1607 1585 1638 fere
1598 1607 1636 1637 les
1648 1607 1822 1639 devantdites
1835 1606 2018 1649 restitutions,
2035 1617 2052 1637 e
2064 1608 2103 1638 les
2113 1617 2211 1652 payes,
2230 1619 2266 1640 en
2277 1610 2302 1640 la
2316 1611 2421 1651 forme,

1353 1656 1388 1677 en
1408 1647 1432 1677 la
1453 1656 1581 1684 manere,
1602 1656 1657 1684 que
1676 1656 1748 1677 vous
1769 1648 1795 1678 le
1808 1646 1965 1684 devnere23
1981 1656 1997 1675 e
2017 1656 2068 1677 vus
2082 1657 2158 1685 pne,
2176 1647 2240 1686 sire,
2257 1647 2294 1680 ke
2308 1659 2380 1681 vous
2393 1651 2421 1682 le

1351 1695 1490 1726 receyvez
1505 1695 1542 1716 en
1555 1684 1649 1715 vostre
1659 1685 1720 1715 bon
1734 1695 1815 1723 ame,
1832 1695 1848 1715 e
1863 1694 1899 1714 en
1915 1683 2012 1715 vostre
2025 1685 2102 1716 bone
2121 1696 2193 1726 pees.

1388 1723 1413 1754 E
1422 1748 1432 1763 ,
1451 1725 1487 1755 de
1501 1724 1588 1755 cestes
1603 1723 1699 1755 choses
1713 1725 1894 1765 pleynement
1912 1723 1988 1762 fere,
2000 1733 2016 1753 e
2030 1725 2219 1764 accomplier,
2233 1735 2282 1763 par
2296 1726 2334 1767 ky
2347 1737 2364 1758 e
2375 1727 2426 1760 l'a-

1349 1763 1495 1795 vauntdite
1520 1762 1657 1794 Contesse
1678 1762 1701 1793 fit
1721 1763 1822 1803 Mei-e,
1840 1764 1858 1794 il
1874 1761 1970 1802 oblige
1988 1761 2032 1803 sey
2044 1785 2056 1802 ,
2073 1773 2090 1793 e
2107 1771 2158 1794 tuz
2175 1763 2212 1794 ses
2231 1764 2308 1796 biens
2322 1775 2338 1796 a
2353 1776 2424 1807 vus,

1349 1802 1399 1832 sire
1415 1802 1482 1843 Roy
1499 1802 1534 1833 de
1548 1801 1717 1841 Engleterre¹

1386 1839 1411 1871 E
1434 1851 1503 1879 nus,
1518 1841 1661 1872 avauntdit
1681 1838 1803 1871 Edward
1826 1837 1877 1869 Ro
1912 1839 1950 1870 de
1968 1838 2150 1880 Engleterre,
2167 1850 2224 1883 pur
2241 1851 2296 1872 ceo
2315 1842 2352 1873 ke
2373 1843 2423 1876 l'a-

1348 1879 1475 1910 vauntdit
1495 1878 1592 1910 Conte
1614 1880 1650 1910 de
1670 1878 1693 1908 F
1695 1879 1820 1910 laundres
1840 1878 1860 1908 fi
1878 1848 2056 1909 humlement
2078 1879 2106 1909 se
2124 1879 2159 1909 ad
2173 1880 2259 1910 oflert
2271 1880 2307 1911 de
2321 1882 2423 1914 rendre

1347 1918 1385 1948 les
1407 1918 1504 1950 choses
1517 1918 1676 1950 dessusdites
1711 1928 1728 1948 e
1741 1927 1776 1948 en
1793 1917 1817 1947 la
1832 1916 1926 1947 forme
1941 1916 2091 1956 desusdire,
2110 1926 2144 1956 e,
2162 1928 2215 1958 pur
2228 1928 2282 1949 ceo
2297 1920 2333 1951 ke
2345 1931 2420 1952 nous

1347 1956 1445 1987 savons
1459 1958 1526 1988 bien
1542 1957 1608 1998 qu’il
1625 1941 1744 1988 n'esient
1758 1957 1815 1986 mie
1829 1955 1954 1995 present,
1972 1964 2060 1996 quant
2073 1956 2110 1986 les
2125 1957 2279 1988 avantdites
2292 1959 2374 1996 prises
2385 1960 2421 1992 &

1348 1996 1448 2034 injures
1462 1997 1558 2028 furunt
1572 1997 1656 2035 fetes,
1673 1996 1775 2026 ainceis
1789 1994 1867 2026 esteit
1881 2004 1918 2025 en
1932 1994 1957 2025 la
1971 1996 2037 2025 voie
2050 1994 2146 2025 nostre
2161 1995 2297 2040 Seignur‚
2311 1998 2347 2028 de
2360 2007 2424 2031 utre

1346 2044 1426 2074 mer,
1444 2045 1460 2065 e
1482 2035 1639 2066 entendons
1660 2042 1873 2075 certaynement
1892 2035 1940 2074 qui
1964 2033 1969 2063 l
2011 2033 2104 2074 desple
2125 2042 2137 2064 t
2150 2034 2198 2064 des
2210 2038 2308 2074 priies,
2325 2036 2362 2067 ke
2376 2037 2424 2068 fu-

1348 2082 1411 2104 runt
1431 2073 1515 2111 feteS,
1535 2084 1551 2104 e
1566 2073 1613 2104 des
1628 2074 1746 2112 iniures,
1761 2083 1777 2104 e
1792 2074 1858 2104 bien
1874 2082 1889 2103 e
1904 2044 2010 2103 muliie
2024 2045 2178 2104 sembffiunt
2193 2083 2220 2104 as
2233 2073 2335 2114 offies,
2352 2076 2422 2115 qu’il

1346 2122 1399 2143 nus
1413 2112 1469 2151 feyt
1483 2113 1502 2143 si
1516 2112 1734 2150 humblement3
2343 2152 2349 2157 .

1384 2150 1434 2181 De
1447 2151 1542 2182 nostre
1560 2151 1674 2182 volente
1687 2151 1844 2188 ordenons,
1864 2149 1899 2180 ke
1913 2159 1965 2180 nus
1978 2149 2054 2180 stons
2068 2149 2144 2180 {aver
2157 2160 2174 2181 e
2187 2160 2306 2190 enquere
2319 2151 2386 2183 bien
2400 2162 2419 2184 e

1347 2189 1503 2229 leuemem,
1521 2190 1658 2221 combien
1675 2189 1770 2219 nostre
1782 2189 1870 2227 Pere,
1887 2199 1904 2218 e
1918 2198 2007 2227 nom,
2026 2188 2104 2218 eson
2123 2189 2380 2228 comaundement‚
2399 2201 2417 2223 e

1350 2229 1376 2258 le
1399 2228 1510 2267 nostre,
1537 2237 1588 2259 unt
1607 2229 1675 2269 pris,
1699 2227 1803 2265 areste,
1821 2238 1860 2258 ou
1881 2234 1993 2266 retenu,
2012 2237 2060 2267 par
2080 2227 2219 2258 l’achesun
2238 2230 2417 2269 avauntdite,

1343 2267 1391 2298 des
1419 2268 1497 2298 biens
1516 2277 1543 2298 as
1566 2266 1747 2298 Marchiauns
1774 2265 1809 2296 de
1831 2265 2003 2304 Flaundres,
2031 2275 2068 2296 en
2089 2265 2254 2305 Engieterre
2268 2290 2279 2306 ,
2311 2277 2351 2299 ou
2372 2268 2418 2300 sur

1343 2315 1405 2336 mer
1423 2316 1429 2336 z

1381 2343 1406 2374 E
1429 2344 1515 2376 aufuit
1529 2344 1673 2386 combeyn
1687 2344 1712 2375 la
1728 2343 1881 2381 Comesse,
1900 2353 1917 2374 e
1928 2343 1979 2374 son
1992 2343 2250 2382 comaundement‚
2268 2354 2307 2375 ou
2321 2353 2416 2384 gera,

1343 2391 1466 2414 recettez
1477 2393 1512 2413 en
1525 2383 1551 2413 sa
1564 2393 1634 2414 terre
1649 2393 1697 2423 per
1711 2383 1762 2413 son
1775 2382 2005 2425 consentement,
2021 2391 2062 2411 ou
2077 2381 2128 2411 son
2141 2382 2204 2421 seu,
2222 2391 2301 2414 taunt
2314 2394 2413 2415 comes

1343 2422 1360 2452 il
1383 2422 1475 2453 furent
1495 2421 1650 2452 demur-anz
1671 2432 1710 2452 ou
1734 2429 1870 2458 reccttez,
1888 2429 1939 2451 unt
1958 2429 2028 2459 pris,
2045 2419 2154 2450 arestez
2175 2431 2215 2452 ou
2236 2430 2354 2452 retenuz
2365 2423 2416 2454 des

1342 2461 1420 2491 biens
1438 2472 1465 2492 as
1483 2459 1655 2529 Nfarchauns
1667 2461 1703 2491 de
1717 2460 1892 2501 Engleterre,
1912 2459 1957 2490 *e
1971 2458 2007 2490 de
2022 2457 2198 2498 Hitlaunde,
2214 2469 2232 2490 e
2244 2459 2280 2490 de
2291 2461 2317 2491 la
2331 2461 2414 2494 Mar-

1341 2500 1395 2530 che
1408 2499 1444 2530 de
1458 2500 1506 2531 Ga
1519 2509 1553 2530 es.

1378 2537 1420 2577 E,
1439 2539 1475 2570 de
1496 2537 1592 2569 nostre
1601 2546 1700 2578 grace,
1719 2537 1821 2568 volons
1836 2536 1871 2567 ke
1886 2535 1946 2566 cele
1961 2535 2088 2575 summe,
2107 2546 2163 2576 que
2177 2543 2259 2568 troue
2272 2536 2342 2570 serra
2357 2549 2414 2580 que

1338 2587 1390 2607 om
1411 2587 1492 2608 avera
1514 2578 1569 2615 pris
1589 2587 1606 2607 e
1627 2586 1723 2607 retenu
1735 2586 1771 2606 en
1786 2575 1964 2615 Engleterre,
1982 2574 2031 2606 des
2045 2576 2125 2606 biens
2137 2585 2165 2605 as
2180 2574 2357 2608 Marchauns
2371 2578 2407 2611 de

1339 2615 1506 2654 Flaundres,
1522 2626 1570 2654 par
1591 2616 1615 2645 le
1634 2615 1856 2646 comendement
1872 2612 1968 2644 nostre
1983 2624 2049 2652 pere
2082 2624 2121 2645 ou
2134 2614 2160 2645 le
2176 2614 2288 2655 nostre,
2307 2618 2352 2647 vei
2395 2627 2412 2649 e

1338 2663 1375 2683 en
1387 2656 1528 2694 paiement
1543 2654 1579 2684 de
1598 2655 1622 2684 la
1635 2655 1746 2685 summe
1758 2654 1806 2684 des
1821 2654 1900 2683 biens
1914 2651 1961 2683 des
1977 2661 2037 2683 noz
2053 2637 2234 2685 Marchaunz
2245 2654 2349 2687 devant
2371 2657 2377 2663 ”
2396 2680 2408 2697 ‚

1338 2702 1393 2731 que
1408 2693 1505 2723 furunt
1519 2701 1636 2723 retenuz
1648 2703 1683 2723 en
1698 2693 1721 2722 F
1722 2692 1857 2722 laundres.

1374 2730 1399 2760 E
1421 2731 1446 2761 le
1458 2730 1616 2762 avauntdite
1631 2730 1728 2761 Conte
1742 2740 1794 2760 nus
1807 2731 1928 2769 aquirera
1943 2738 1959 2758 e
1971 2729 2009 2759 les
2022 2738 2097 2768 noz,
2113 2739 2175 2760 vers
2186 2729 2226 2760 les
2239 2729 2409 2765 devauntdis

1338 2767 1510 2800 Marchands
1531 2769 1568 2799 de
1590 2769 1736 2806 Flandres,
1753 2768 1789 2798 de
1803 2768 1851 2835 qlgi
1865 2770 1902 2796 les
1915 2767 1992 2796 biens
2004 2766 2098 2797 furent
2113 2769 2167 2805 pris
2179 2778 2215 2798 en
2230 2767 2407 2811 Engleterre‚

1373 2818 1384 2837 r
1406 2807 1431 2837 le
1453 2807 1685 2838 Comandement
1704 2805 1799 2836 nostre
1862 2815 1908 2843 re,
1925 2814 1964 2834 ou
1987 2804 2013 2834 le
2033 2805 2143 2843 nostre,
2161 2816 2198 2838 en
2217 2807 2254 2837 tel
2273 2817 2404 2849 manere,

1335 2816 1387 2885 ΕΞ,
1402 2846 1429 2887 sy
1449 2846 1474 2876 la
1487 2846 1597 2876 summe
1610 2846 1657 2876 des
1672 2846 1766 2883 biens,
1783 2845 1830 2875 des
1846 2842 2006 2874 Marchanz
2019 2842 2055 2874 de
2070 2842 2218 2882 Flandres,
2238 2854 2354 2878 retenuz
2367 2858 2405 2880 en

1335 2884 1381 2916 En
1402 2884 1513 2923 leterre‚
1533 2894 1571 2914 ou
1594 2884 1636 2915 sur
1658 2894 1735 2922 mer,
1753 2893 1801 2923 par
1822 2882 1917 2913 nostre
1931 2880 2020 2920 Pete,
2039 2891 2078 2913 ou
2093 2893 2142 2921 par
2156 2883 2250 2914 nostre
2262 2893 2346 2929 gent,
2365 2896 2404 2918 ne

1336 2893 1410 2954 [υἱέϊ
1428 2934 1443 2954 3
1470 2933 1583 2964 parpaer
1602 2923 1626 2953 la
1638 2922 1747 2953 summe
1761 2922 1797 2952 de
1808 2922 1886 2952 biens
1898 2921 1934 2952 de
1948 2928 2007 2951 noz
2023 2919 2198 2952 Marchauns
2210 2921 2342 2967 desusdis,
2357 2935 2405 2956 re-

1335 2971 1422 2993 tenuz
1444 2971 1480 2992 en
1504 2961 1673 3000 Flaundres,
1697 2971 1735 2992 ou
1755 2960 1798 2991 sur
1819 2959 1904 2999 Mer,
1923 2960 1940 2990 fi
1963 2969 2049 2990 corne
2069 2959 2146 2991 desus
2165 2959 2206 2991 est
2225 2961 2266 2992 dit
2300 2962 2328 2993 le
2347 2963 2405 2995 dist

1335 3000 1433 3032 Conte
1454 3011 1504 3031 nus
1524 3001 1600 3032 dune
1623 3001 1699 3031 bone
1717 3000 1804 3031 {eurte
1817 2998 1852 3029 de
1866 3008 1917 3029 nus
1930 2997 2030 3028 rendre
2042 2998 2068 3028 le
2083 3008 2247 3031 remenaunt
2259 2984 2296 3032 de
2308 3001 2334 3032 la
2346 3001 2407 3034 dite

1335 3041 1458 3077 summe,
1477 3039 1579 3071 dedens
1603 3039 1628 3070 la
1643 3040 1800 3079 quinzeyne
1814 3038 1850 3068 de
1865 3037 1953 3068 Paske
1986 3036 2104 3067 rochein
2116 3039 2220 3069 avenir.

1375 3078 1418 3116 E,
1436 3079 1456 3109 si
1476 3078 1496 3108 il
1517 3087 1599 3118 aveyt
1618 3078 1678 3116 plus
1696 3077 1744 3108 des
1765 3077 1844 3107 biens
1862 3076 1910 3107 des
1971 3075 2106 3106 archauns
2116 3076 2153 3108 de
2168 3077 2337 3118 Flaundres,
2355 3089 2404 3121 par

1336 3116 1432 3149 nostre
1452 3116 1541 3156 Pere,
1559 3127 1598 3148 ou
1621 3126 1669 3156 par
1684 3116 1722 3147 les
1737 3115 1812 3154 seus,
1828 3125 1866 3146 ou
1880 3126 1928 3156 par
1943 3124 2010 3153 nuS,
2029 3124 2068 3145 ou
2082 3124 2133 3156 par
2144 3117 2182 3147 les
2196 3125 2271 3147 noel.
2285 3126 2404 3150 retenuz

1335 3167 1372 3188 en
1393 3156 1573 3195 Engleterre,
1599 3165 1637 3186 ou
1660 3155 1703 3185 sur
1724 3154 1808 3193 Mer,
1824 3154 1858 3184 ke
1880 3164 1916 3184 en
1936 3153 1960 3183 la
1980 3153 2090 3184 summe
2108 3154 2156 3186 des
2177 3154 2270 3194 benz,
2288 3156 2325 3187 de
2345 3165 2408 3188 nov

1335 3195 1490 3226 Marchans
1508 3194 1642 3232 desusdis,
1660 3201 1777 3224 retenuz
1796 3203 1832 3223 en
1854 3191 2023 3232 Flaundres,
2037 3202 2076 3223 ou
2097 3192 2142 3223 sur
2162 3203 2240 3232 mer,
2258 3194 2365 3225 ficome
2385 3195 2406 3226 il

1333 3233 1375 3264 est
1396 3232 1486 3264 deffus
1504 3233 1563 3272 dit,
1578 3241 1638 3264 nuz
1659 3232 1760 3263 volons
1780 3231 1814 3262 de
1839 3231 1934 3263 nostre
1952 3240 2051 3271 grace,
2065 3231 2101 3261 ke
2123 3232 2203 3274 celuy
2222 3232 2283 3272 plus
2296 3232 2340 3264 lur
2355 3233 2406 3266 seit

1333 3283 1346 3302 r
1364 3271 1429 3302 ndu.

1347 3283 1395 3340 eE
1417 3320 1485 3349 nus,
1503 3319 1540 3339 en
1560 3309 1636 3340 ceste
1657 3308 1768 3349 forme,
1787 3309 1888 3339 volons
1909 3319 1966 3349 que
1987 3316 2038 3339 tuz
2056 3307 2253 3348 Marchaunz‚
2275 3319 2292 3340 e
2311 3318 2402 3341 autres

1330 3358 1404 3390 genz
1424 3349 1461 3380 de
1477 3357 1562 3379 terres
1580 3358 1614 3378 au
1629 3346 1743 3387 Conte,
1762 3359 1801 3378 ou
1815 3359 1830 3379 a
1843 3348 1869 3379 la
1883 3347 2021 3378 Conteffe
2033 3348 2191 3386 avauntdis,
2207 3348 2329 3389 puiffent
2343 3348 2398 3379 aler

1331 3388 1398 3420 {aui-‘s
1417 3397 1434 3418 e
1457 3387 1550 3425 seurs,
1578 3397 1614 3418 en
1634 3386 1689 3417 lurs
1707 3387 1835 3428 parsones
1849 3409 1859 3426 ,
1885 3396 1901 3417 e
1922 3397 1959 3417 en
1977 3387 2020 3418 lur
2042 3386 2122 3417 biens
2136 3409 2147 3426 ,
2173 3395 2222 3425 par
2243 3396 2282 3418 un
2301 3386 2397 3418 nostre

1346 3436 1412 3458 erre.

1333 3436 1344 3459 t
1369 3465 1395 3496 E
1416 3474 1484 3503 nuS,
1507 3462 1578 3501 Guy
1601 3463 1765 3495 devauntdit
1786 3463 1884 3495 Conte
1901 3463 1938 3495 de
1959 3463 2111 3495 Flaundres
2124 3486 2135 3503 ,
2157 3473 2247 3494 avons
2271 3462 2358 3508 fenne
2381 3472 2400 3494 e

1331 3503 1434 3535 estable
1447 3501 1523 3533 ceste
1537 3501 1716 3533 ordenaunce
1727 3503 1900 3543 desusdite3e
1918 3510 2106 3553 promettoms
2118 3512 2134 3532 a
2146 3500 2307 3546 l’avauntdit
2319 3500 2400 3546 Roy,

1331 3544 1376 3574 sur
1397 3542 1553 3581 obligation
1575 3540 1610 3571 de
1631 3550 1680 3572 tuz
1701 3552 1760 3573 noz
1781 3543 1876 3581 biens,
1894 3542 1963 3573 alen
1982 3541 2137 3585 cornplier,
2154 3540 2190 3572 de
2209 3548 2261 3572 tuit
2274 3549 2309 3570 en
2323 3546 2398 3580 tuit,

1330 3592 1383 3623 pur
1397 3591 1447 3611 nus
1462 3590 1480 3610 e
1491 3589 1542 3619 pur
1556 3579 1594 3609 les
1606 3589 1681 3619 noz,
1700 3592 1717 3613 e
1731 3591 1782 3619 pur
1796 3581 1890 3612 nostre
1906 3580 1992 3611 Mere
2005 3579 2180 3618 avauntdite3

1375 3619 1402 3650 E
1425 3618 1527 3649 volons
1549 3627 1566 3647 e
1585 3627 1697 3650 otreuns
1719 3619 1754 3650 ke
1776 3620 1825 3650 luz
1838 3619 2026 3658 Marchauns,
2041 3628 2058 3649 e
2071 3625 2162 3648 autres
2171 3624 2239 3657 gens
2249 3614 2297 3646 des
2310 3622 2394 3648 terres

1327 3656 1489 3689 l’avauntdit
1505 3656 1587 3696 Rey,
1602 3658 1721 3695 puissent
1732 3659 1787 3689 aler
1800 3658 1868 3689 sauss
1881 3659 1914 3689 δε
1925 3657 2010 3695 seurs,
2027 3667 2063 3687 en
2076 3656 2146 3687 lures
2159 3654 2303 3699 persones,
2321 3665 2337 3686 e
2353 3665 2390 3687 en

1329 3697 1373 3727 lur
1386 3696 1481 3733 biens,
1500 3705 1548 3735 par
1563 3706 1601 3726 un
1616 3705 1674 3728 tute
1688 3697 1783 3728 nostre
1797 3705 1867 3728 terre
1901 3707 1917 3728 e
1929 3695 2025 3727 nostre
2039 3695 2125 3726 Mete
2139 3692 2280 3724 desusdrte.
2294 3731 2299 3736 .

1365 3733 1409 3772 E,
1426 3743 1462 3763 en
1483 3732 1657 3774 testmonage
1675 3736 1712 3767 de
1731 3745 1803 3767 tut&
1821 3719 1911 3767 cesses
1930 3734 2043 3774 choses,
2067 3742 2155 3771 nous,
2169 3730 2313 3762 avauntdis
2333 3731 2395 3763 Ed-

1330 3773 1406 3804 ward
1428 3771 1494 3811 Rey
1511 3773 1546 3803 de
1564 3771 1745 3813 Engleterre,
1762 3784 1779 3805 e
1797 3773 1848 3805 Gu
1888 3772 1986 3805 Conte
2002 3773 2039 3803 de
2053 3769 2200 3815 Flaundres
2236 3779 2324 3800 avons
2335 3771 2395 3812 feyt

1329 3819 1430 3841 mettre
1453 3821 1524 3841 nous
1538 3811 1610 3842 seaus
1623 3823 1637 3843 a
1650 3812 1709 3844 cest
1723 3813 1817 3850 escrit3
1846 3823 1916 3844 auve
1928 3813 1952 3842 al
1967 3810 2109 3843 avauntdit
2122 3807 2187 3848 Rey
2219 3816 2235 3836 e
2248 3808 2397 3849 Engleter-

1330 3858 1377 3887 re,
1396 3858 1412 3878 e
1431 3859 1466 3880 au
1487 3848 1584 3881 Conte
1597 3851 1634 3882 de
1648 3851 1811 3890 Flaundres,
1827 3861 1844 3883 e
1855 3851 1911 3883 ala
1925 3847 2078 3886 Comesse,
2094 3854 2114 3877 e
2124 3856 2140 3876 a
2153 3853 2204 3877 tuz
2216 3855 2324 3887 autres,
2339 3848 2394 3880 lurfl

1329 3887 1409 3919 dreiz
1420 3897 1457 3917 en
1472 3894 1543 3918 totes
1557 3898 1645 3922 autres
1659 3891 1753 3921 chose.
2120 3924 2126 3929 ,

1366 3925 1432 3956 Ceo
1451 3925 1481 3956 fu
1503 3927 1570 3966 feit,
1595 3939 1611 3959 e
1632 3929 1756 3967 ordene,
1778 3937 1796 3958 e
1813 3927 1952 3966 necorde,
1973 3924 1994 3955 fi
2013 3930 2098 3954 come
2119 3922 2138 3953 11
2216 3933 2362 3966 contenu,
2377 3933 2397 3958 a

1331 3963 1476 3995 Mustroill
1499 3965 1542 3996 sur
1563 3966 1587 3996 13
1610 3966 1695 4007 Mer,
1714 3967 1741 3998 le
1762 3966 1897 4007 Samady,
1913 3963 2058 4010 procheyn
2079 3971 2155 4003 apres
2185 3972 2200 3993 a
2221 3963 2302 4008 Feste
2315 3963 2352 3994 de
2368 3963 2396 3995 la

1331 4001 1535 4044 Magdaleyne,
1561 4014 1598 4035 en
1616 4005 1671 4036 l'an
1689 4005 1726 4037 de
1743 4003 1944 4037 Pharnacion
1959 3999 2057 4034 nostre
2074 4000 2223 4042 Seygnour
2243 3999 2320 4034 Mul.
2341 4002 2396 4034 du⁴

1330 4050 1406 4074 cent.
1420 4041 1546 4076 semum.
1560 4053 1579 4075 e
1590 4051 1681 4082 quam·
2279 4077 2393 4109 mma

2456 220 2532 254 Ann.
2545 223 2570 255 Ε

2478 271 2565 302 1274.

2457 304 2526 332 Edv.
2544 312 2570 332 ι.
