2570 4261
51 216 2176 353 CONVENTIONES‚

545 458 1694 550 LITERAE‚

1055 665 1089 709 E

174 807 820 919 ACTA
991 813 1068 914 P

1157 660 1201 709 T

1149 810 2092 916 UBLICA.

541 1195 632 1235 Rex
660 1193 715 1234 ad
717 1190 849 1247 filiam
868 1190 1109 1245 Comittffam
1138 1187 1362 1230 Hellandiae
1370 1187 1487 1242 super
1505 1187 1687 1229 dotalicio
1696 1189 1780 1243 suo,

321 1319 347 1362 ξ
366 1338 368 1341 -
384 1320 397 1352 ²2
422 1322 447 1352 Ε
473 1321 532 1352 Roi
545 1332 560 1352 a
579 1321 604 1351 sa
619 1320 752 1351 treschere
766 1318 818 1350 fille
839 1317 982 1349 Elizabeth
997 1340 1007 1356 ,
1033 1316 1112 1347 Con-

397 1390 403 1393 ,
430 1358 497 1390 tesse
510 1360 546 1389 de
559 1358 681 1389 Holland
701 1369 718 1388 e
735 1358 771 1388 de
785 1357 910 1395 Zeland,
930 1367 946 1386 e
966 1356 1058 1386 Dame
1078 1356 1113 1385 de

401 1404 403 1407 ’
430 1396 551 1428 Frissand
559 1420 569 1436 ,
581 1396 670 1436 saluz,
683 1406 699 1426 e
711 1397 845 1426 beneizan
856 1395 891 1425 de
906 1395 975 1425 Pere
987 1405 1002 1424 a
1016 1393 1077 1424 fisse.

354 1461 366 1466 Α
387 1442 404 1469 ,“
455 1436 575 1466 Sachetz
594 1446 629 1473 qe
642 1458 652 1474 ,
678 1444 729 1473 pur
750 1434 787 1464 les
805 1433 951 1470 busoignes
971 1432 1007 1462 de
1026 1432 1113 1462 vestre

357 1472 388 1491 '³‘
431 1473 561 1512 douaire,
578 1484 613 1512 qe
626 1472 730 1510 affigne
742 1482 811 1503 vous
825 1471 864 1501 est
878 1481 913 1501 en
930 1470 967 1501 les
980 1471 1048 1500 dites
1062 1479 1113 1500 ter-

343 1533 345 1537 «
400 1523 402 1525 ·
431 1522 471 1542 res
485 1514 630 1543 envoioms
643 1523 658 1542 a
672 1521 756 1549 vouS,
777 1520 812 1540 en
826 1509 896 1540 celes
917 1509 1018 1539 Parties
1034 1532 1043 1547 ,
1064 1518 1114 1538 nos

363 1550 384 1592 γ’
433 1561 516 1581 amez
528 1561 544 1581 e
558 1550 631 1581 feaus
640 1550 801 1589 ,Williame
812 1548 848 1578 de
860 1547 983 1578 Burnton
991 1558 1022 1586 ,e
1035 1547 1115 1578 Hen-

400 1598 404 1600 ’
435 1599 467 1630 ry
480 1589 641 1627 Espigurnel
657 1612 666 1627 ,
693 1595 817 1626 portours
835 1586 870 1617 de
891 1596 936 1616 ces
957 1586 1058 1616 lettres:
1079 1585 1115 1615 les

308 1638 314 1641 ’
381 1626 407 1638 ‘³
436 1638 521 1666 queus
533 1637 603 1658 nous
621 1637 718 1658 avoms
731 1625 802 1656 avise
820 1625 853 1656 &
872 1624 998 1655 enforme
1019 1624 1060 1654 sor
1079 1623 1116 1653 les

51 1666 120 1735 diltes
133 1665 295 1703 busoignes‚
308 1671 366 1695 tant
378 1674 458 1697 avant
479 1675 564 1696 come
583 1675 653 1696 nous
670 1665 707 1695 les
730 1666 840 1702 poiorns
859 1663 989 1694 entendre
1004 1673 1040 1693 eri
1058 1661 1115 1692 En-

83 1714 175 1736 eterre.

50 1715 72 1744 g
92 1743 148 1774 Pur
160 1743 243 1782 quoi,
257 1742 339 1772 chere
353 1741 422 1781 fine,
436 1750 519 1781 quant
533 1742 552 1772 il
563 1738 665 1772 {erront
684 1751 700 1771 a
716 1750 784 1771 vous
804 1750 888 1770 venus
909 1739 1116 1776 corteisement,

51 1791 137 1812 corne
151 1792 166 1812 a
181 1790 249 1811 vous
265 1789 347 1818 aperit
358 1804 367 1819 ,
390 1781 426 1811 les
445 1790 571 1819 receves,
588 1781 643 1810 ensi
665 1779 712 1818 q’il
728 1780 784 1809 s’en
803 1777 921 1817 puissent
940 1779 1011 1808 loer:
1031 1777 1055 1807 E
1069 1777 1116 1807 suz

53 1820 181 1850 meismes
193 1818 265 1849 celes
277 1829 327 1850 vos
338 1818 488 1855 bosoignes
502 1819 560 1857 plus
577 1826 657 1849 avant
672 1819 709 1848 les
720 1817 803 1849 avises
817 1828 832 1847 e
849 1816 1115 1856 enformes,sicome

53 1868 123 1888 vous
145 1856 286 1888 entendres
307 1867 342 1896 qe
370 1857 395 1887 le
416 1858 542 1889 honneur
565 1857 602 1887 de
619 1856 707 1887 vestre
723 1855 789 1886 estat
807 1856 832 1885 le
848 1864 954 1894 requert
967 1879 977 1894 ‚
999 1866 1016 1885 e
1032 1863 1116 1885 come

54 1906 123 1927 vous
140 1905 229 1925 verres
246 1906 281 1933 qe
298 1897 407 1935 mieuz,
425 1906 441 1926 e
459 1896 518 1934 plus
535 1895 754 1934 profitablement
770 1894 818 1925 seit
834 1905 849 1925 a
866 1893 940 1924 faire.

91 1935 119 1965 A
137 1933 212 1964 Dieu
228 1933 292 1964 seies
307 1944 375 1965 vous
393 1934 547 1973 comande,
564 1934 646 1964 chere
662 1933 724 1964 fille.

92 2009 227 2041 Donnees
243 2021 259 2041 a
275 2010 491 2050 Westmostier,
501 2011 527 2042 le
543 2020 588 2050 17.
602 2012 666 2050 jour
679 2010 715 2042 de
729 2009 814 2041 Mars.

56 2131 116 2168 Ad
137 2132 307 2181 Guydonem
326 2135 471 2167 Comitem
493 2133 660 2178 Flandriae,
677 2134 770 2182 ficper
792 2133 936 2180 reqngfitis
953 2142 1008 2178 per
1028 2132 1120 2163 Num-

553 2187 621 2216 cios.

55 2267 136 2330 LE
149 2267 208 2298 Roi
221 2278 255 2299 au
267 2267 363 2299 nobles
380 2268 514 2308 homme,
530 2279 547 2300 e
563 2269 612 2300 son
629 2268 697 2309 feal,
713 2269 773 2300 Sire
790 2266 979 2309 Guy‚00nte
991 2265 1026 2296 de
1040 2263 1120 2295 Flan-

130 2306 208 2344 dres,
225 2317 241 2337 e
259 2307 385 2338 Marchis
402 2308 437 2338 de
455 2308 582 2345 Namur,
599 2307 671 2338 saluz
687 2319 703 2338 e
721 2308 778 2337 bon
796 2316 882 2337 amur.

94 2345 147 2374 Les
164 2344 357 2384 requestes,qe
374 2356 443 2377 vous
460 2356 529 2376 nous
546 2345 635 2376 feistes
654 2357 700 2384 per
711 2346 801 2385 johan
815 2346 933 2382 Seignur
945 2343 981 2373 de
994 2341 1122 2372 Bondues

57 2383 228 2422 Trameries,
245 2394 262 2414 e
286 2384 399 2415 Baudtui
416 2385 452 2415 de
469 2384 604 2422 Channe,
621 2395 672 2414 vos
689 2383 823 2422 messages
838 2407 847 2422 ‚
874 2382 1004 2412 Portours
1022 2380 1058 2410 de
1078 2390 1123 2410 ces

57 2421 144 2451 lettres
164 2423 235 2460 (que
252 2422 394 2459 sagement
413 2433 429 2452 e
450 2422 599 2453 avisement
620 2432 670 2453 vos
690 2422 837 2460 busoignes
855 2431 923 2451 nous
944 2418 1120 2454 mostreient)

60 2470 156 2490 avoms
169 2461 353 2497 plenerement
366 2460 495 2491 entendu.

98 2498 150 2528 Sor
167 2499 203 2528 les
219 2508 302 2537 queus
317 2499 410 2529 choiffi
421 2509 489 2529 nous
502 2498 543 2529 lor
557 2508 653 2529 avorns
667 2497 770 2535 charge
784 2495 874 2528 nostre
899 2494 1025 2534 responS,
1037 2504 1053 2524 e
1072 2504 1125 2524 ceo

65 2547 100 2574 qe
118 2546 187 2566 nous
200 2547 236 2566 en
248 2546 346 2574 poums
362 2536 434 2574 fere,
446 2537 551 2567 endreit
569 2537 605 2567 de
627 2547 680 2567 ceo
701 2545 785 2575 quant
807 2540 821 2553 ³*
841 2546 856 2565 a
868 2545 932 2573 ore,
948 2534 973 2564 le
996 2532 1058 2571 quel
1074 2532 1126 2562 res-

64 2585 135 2644 poiilis
148 2575 167 2604 il
185 2586 254 2606 vous
271 2585 385 2613 porront
404 2575 463 2606 dire
480 2586 516 2606 en
533 2576 558 2606 la
575 2575 682 2614 forme,
700 2585 735 2614 qe
755 2585 824 2605 nous
844 2574 904 2604 lour
922 2581 1018 2603 avoms
1037 2572 1094 2609 dit,
1111 2580 1127 2600 e

63 2624 97 2645 av
119 2621 172 2643 etz.

102 2690 182 2722 Don.
200 2701 216 2721 a
231 2690 445 2729 W‘estmostier,
462 2691 487 2722 le
505 2699 549 2730 17.
563 2692 626 2730 jour
642 2690 678 2722 de
696 2690 780 2722 Mars.

63 2828 114 2860 De
131 2827 227 2858 Terra
241 2826 350 2870 fhnfsa
368 2823 570 2871 recuperanda
582 2851 591 2866 ,
607 2822 823 2870 cooperantibus
840 2824 1044 2857 Tartarorum
1062 2821 1129 2852 Do-

110 2878 210 2916 mino,
223 2886 292 2906 cum
310 2872 537 2920 Jurgianorum
555 2876 591 2911 ὠ·
615 2876 765 2906 Armeniae
783 2869 910 2918 Regibus
922 2896 931 2912 ,
943 2879 1045 2902 contra
1063 2867 1129 2900 Sol-

109 2921 225 2954 danum
245 2919 464 2971 Babylonicum.

65 3006 266 3074 BOfiissifacius
280 3006 304 3037 E
325 3006 448 3051 iscopuS,
460 3007 550 3051 servus
563 3005 703 3052 servorum
720 3006 794 3046 Dei,
813 3004 952 3036 carlffimo
970 3004 1000 3047 in
1014 3000 1129 3032 Christo

165 3055 193 3074 ¹0
207 3045 299 3076 Edvar
319 3056 355 3084 0,
367 3046 444 3082 Regl
457 3046 570 3083 Anghae
583 3045 812 3084 illustn‚salutem
824 3045 857 3076 &
871 3042 1064 3081 Apostolicam
1080 3042 1129 3071 be-

24 3118 30 3124 ·
64 3083 263 3113 nediCtionem.

101 3122 190 3152 Nova
210 3121 323 3159 grandia
331 3145 346 3166 ².
368 3121 406 3152 fili
426 3120 578 3160 carissime,
597 3130 671 3153 nova
686 3121 791 3161 felicia,
809 3131 882 3152 nova
906 3121 1000 3158 utique
1024 3117 1129 3155 gaudiis

16 3189 28 3196 ,
65 3160 252 3204 prosequenda
265 3162 426 3229 praempulsxl
447 3170 532 3198 nuper
551 3161 631 3190 nobis
649 3160 686 3190 de
704 3161 889 3191 Orientalibus
911 3158 1044 3197 partibus,
1062 3156 1129 3186 fide-

65 3199 160 3235 dignis
179 3199 325 3229 litterarum
341 3199 373 3229 ὅ(
426 3200 572 3228 unciorum
594 3197 719 3229 affatibus
752 3199 912 3236 illuxerunt,
930 3206 992 3235 quae
1006 3195 1129 3226 fidelium

67 3237 222 3267 admodum
236 3237 373 3268 delectant
387 3237 510 3268 auditum
524 3257 534 3275 ,
557 3236 642 3267 corda
661 3221 798 3268 laetis-icant
811 3260 821 3276 ,
843 3235 1002 3273 animosque
1022 3233 1130 3264 demul-

68 3284 142 3306 cent.

107 3313 175 3343 Ideo
196 3323 229 3343 ue
244 3313 312 3352 tibi,
328 3313 413 3344 veluti
431 3310 664 3343 Christianiffimo
678 3310 819 3352 Principi,
831 3314 864 3345 &
878 3309 1057 3344 devotissimo
1069 3309 1125 3340 Ec-

68 3351 157 3382 clesiae
172 3351 189 3381 fi
199 3353 283 3389 i0,ea
298 3361 392 3382 tenore
406 3352 577 3389 praesentium
596 3350 686 3387 digne
699 3354 868 3389 quamtocius
881 3350 1017 3382 reseranda
1030 3350 1127 3379 decre-

66 3392 177 3429 vimus,
193 3398 223 3420 ut
240 3391 269 3419 iu
287 3400 383 3420 eorum
402 3390 578 3427 perceptione
592 3388 740 3426 gratissima
754 3390 912 3428 jocunderis
931 3391 960 3419 in
981 3388 1127 3425 Domino,

68 3430 163 3467 tuique
179 3427 299 3466 pedor-is
315 3429 412 3458 intima
435 3428 536 3457 laetitiae
562 3427 682 3465 copiosae
702 3427 858 3458 dulcoribus
879 3428 1044 3466 repleantur,
1065 3426 1129 3455 licet

64 3467 125 3511 jam
143 3466 251 3535 foglsitzm
271 3476 344 3496 nova
361 3466 458 3496 eadem
479 3465 595 3496 sensibus
609 3465 723 3504 Regiis,
737 3466 819 3496 famae
841 3466 1028 3504 praecurrentis
1049 3462 1130 3495 asser-

69 3513 111 3536 tio
126 3515 172 3535 rev
199 3513 257 3535 ant.
914 3533 916 3535 .

109 3543 196 3582 Sane,
215 3542 278 3572 Rex
296 3542 429 3581 excelsus,
450 3540 518 3572 filius
535 3541 635 3572 summi
653 3541 758 3580 Regis,
788 3543 815 3572 ui
836 3541 880 3572 sua
900 3542 1019 3574 virtuosa
1032 3549 1130 3580 poten-

71 3581 110 3612 tia
123 3583 152 3612 in
166 3582 234 3612 orbe
251 3589 380 3611 terrarum
401 3581 469 3610 mira
489 3581 523 3612 &3
545 3579 676 3617 stupenda
696 3590 757 3610 mor
796 3580 854 3610 ibus
869 3583 970 3620 jugiter
989 3588 1130 3619 operatur,

70 3621 174 3658 quique
190 3620 368 3657 superborum
385 3629 487 3649 cornua
501 3620 634 3657 conterit,
647 3627 757 3649 enervat
768 3620 837 3648 vires
846 3642 855 3656 ,
866 3619 1010 3649 molimina
1023 3626 1131 3656 vacuat,

71 3660 228 3688 temerarios
247 3657 320 3688 ausus
338 3657 448 3696 fraenat,
472 3657 618 3694 diligenter
636 3657 806 3687 considerans
823 3658 855 3688 &
873 3657 979 3688 solerter
992 3657 1131 3687 attendens

69 3696 214 3732 ingentem
232 3695 451 3726 Christianorum
469 3695 584 3732 Regum
601 3695 634 3725 &
658 3694 837 3733 Principum,
854 3695 1030 3733 fideliumque
1049 3703 1132 3726 caete-

72 3744 167 3764 rorum
186 3734 335 3773 desidiam,
354 3744 414 3771 quae
430 3757 439 3772 ,
462 3744 542 3771 prout
560 3733 696 3763 evidentia
708 3732 775 3763 faeti
795 3733 896 3771 docet,
920 3734 936 3762 a
953 3734 1043 3771 longis
1061 3742 1131 3764 retro

71 3773 257 3812 temporibus,
270 3773 386 3803 comissa
400 3772 549 3802 dinoscitur
570 3773 644 3802 circa
668 3771 880 3809 recuperandam
893 3793 902 3810 ,
927 3772 963 3802 de
980 3773 1132 3809 impiorum

73 3810 216 3848 manibus,
229 3819 328 3842 terram
345 3811 466 3842 sandiam
475 3834 484 3849 ,
498 3820 580 3848 quam
595 3809 704 3840 illorum
717 3809 832 3839 nefanda
846 3811 1061 3848 temeritas,non
1078 3810 1132 3840 sine

74 3848 164 3877 multo
177 3849 258 3878 totius
271 3849 479 3880 Christianitatis
499 3848 785 3886 obprobrio,abolim
808 3848 990 3878 miserabiliter
1011 3848 1133 3878 detinens

74 3893 258 3925 occupatam,
268 3888 354 3925 ipsam
365 3887 476 3919 tandem
491 3887 597 3923 redegit
610 3887 639 3915 in
654 3887 775 3916 cinerem
796 3886 828 3916 &
840 3885 989 3923 favillam-,¹

114 3923 221 3953 Diebus
241 3927 371 3961 proximo
387 3928 446 3965 jam
463 3925 598 3956 traiisaffis
609 3947 619 3962 ,
638 3925 673 3955 de
692 3924 744 3954 suae
763 3925 938 3960 benignitatis
962 3923 1134 3962 Clementis,

76 3961 212 4004 suscitavit
230 3963 353 3999 spiritum
393 3965 517 3995 animum
537 3965 650 4001 tetigit,
673 3973 722 3992 cor
747 3962 875 3992 accendit
889 3985 899 4000 ,
916 3963 969 3992 viri
989 3962 1133 3999 magnifici

79 3999 170 4029 Genti
182 3999 332 4031 Tartaricae
364 4004 527 4040 ominantis,
541 4004 603 4040 qui,
615 4001 740 4030 nondum
754 4009 857 4030 renatus
870 4000 946 4030 fonte
960 4001 1134 4039 baptismatis,

79 4037 207 4068 nondum
225 4038 387 4070 orthodoxae
407 4040 471 4071 fidei
495 4040 600 4070 lumine
617 4039 770 4076 illustratus,
787 4038 821 4068 ad
840 4037 944 4068 Christi
967 4038 1075 4069 laudem
1098 4040 1132 4069 &

80 4075 289 4143 ggigmlangffl
298 4076 430 4145 IsuVmens,
444 4079 551 4118 eJ'usque
565 4078 727 4117 prosequens
739 4076 872 4108 ferventer
884 4076 1028 4115 obsequia,
1038 4078 1071 4109 &
1084 4087 1131 4109 ex-

1151 1327 1256 1355 ponens
1269 1325 1321 1355 pro
1335 1307 1385 1359 'illis
1402 1317 1517 1346 totaliter
1534 1315 1610 1360 se'&
1628 1314 1689 1360 sua,
1705 1318 1810 1354 potenti
1828 1316 1862 1347 &
1879 1317 1996 1355 copioso
2006 1321 2127 1351 exercitu
2140 1330 2210 1351 con-

1152 1365 1285 1433 firrggaffi,
1303 1355 1451 1392 habitoque
1469 1354 1594 1392 praesidio
1611 1351 1812 1385 carissimorum
1834 1365 1864 1385 in
1882 1355 1997 1387 Christo
2014 1355 2134 1389 filiorum
2159 1370 2212 1390 no·-

1446 1392 1658 1432 Jurgianorum‚
1675 1393 1709 1423 &
1884 1394 2025 1425 Armeniae
2046 1395 2160 1434 Regum
2182 1398 2215 1428 il-

1151 1432 1292 1470 lustrium,
1306 1439 1402 1462 contra

1576 1431 1727 1461 Soldanum
1746 1431 1847 1461 Gentis
1867 1431 2019 1463 Babiloniae
2035 1433 2195 1467 Dominum

1153 1470 1252 1501 Crucis
1265 1470 1374 1500 hostem
1387 1470 1576 1507 praecipuum,
1592 1470 1626 1500 &
1646 1468 1810 1500 Christianae
1827 1469 1891 1500 fidei
1907 1472 2070 1509 inimicum,
2090 1484 2122 1504 ac
2139 1460 2215 1506 mul-²

1153 1509 1298 1539 titudinem
1315 1508 1525 1538 Sarracenorum
1542 1509 1731 1545 innumeram,
1748 1518 1830 1545 quam
1848 1508 1968 1547 ejusdem
1985 1510 2097 1541 Soldani
2113 1512 2212 1552 damp-

1153 1556 1213 1577 nata
1230 1548 1351 1585 nequitia
1368 1545 1569 1583 congregarat,
1586 1546 1663 1576 duxit
1681 1545 1811 1576 hostiliter
1848 1547 2051 1579 rocedendum:

1188 1585 1223 1615 Et
1240 1585 1374 1622 deinum,
1391 1584 1480 1614 divini
1499 1584 1597 1614 favoris
1614 1583 1731 1622 auxilio,
1758 1593 1814 1622 prae
1827 1586 1862 1614 ati
1880 1586 2057 1617 Tartarorum
2076 1587 2197 1620 Domini

1153 1624 1336 1661 triumphante
1351 1622 1490 1661 potentia,
1507 1622 1615 1663 ejusque
1631 1622 1739 1653 dextera
1757 1623 1935 1661 praevalente,
1947 1625 2156 1658 Sarracenorum
2169 1614 2213 1667 ip³

1153 1661 1245 1691 sorum
1262 1661 1441 1692 inextimabili
1459 1660 1532 1691 faeta
1550 1661 1644 1698 caede,
1661 1660 1794 1691 Soldanus
1817 1661 1871 1698 ipse
1888 1663 1978 1693 nimio
1995 1665 2094 1696 timore
2112 1674 2213 1704 perter-

1155 1701 1234 1738 ritus,
1248 1709 1395 1738 menteque
1413 1699 1597 1730 consternatus
1614 1699 1647 1729 &
1665 1699 1816 1737 animo,ad
1834 1700 1912 1736 fugae
1929 1702 2083 1733 remedium
2101 1705 2126 1734 se
2144 1712 2214 1735 cori-

1154 1740 1341 1777 vertit3quem
1359 1738 1434 1768 idern
1452 1737 1593 1768 Dominus
1609 1737 1788 1768 Tartarorum
1801 1738 1997 1775 praedieorum
2007 1740 2139 1779 ,Regum
2152 1753 2214 1774 mu-

1154 1778 1261 1807 nimine
1275 1776 1481 1814 circumfultus,
1499 1786 1546 1813 per
1563 1776 1648 1812 longa
1665 1783 1794 1806 terrarum
1811 1776 1891 1814 spatia
1916 1780 2050 1816 promptis
2066 1782 2164 1811 animis
2180 1783 2213 1812 &

1154 1816 1316 1846 vietricibus
1333 1815 1415 1850 fignis
1432 1814 1566 1852 explicitis
1582 1813 1703 1852 persequi
1717 1825 1775 1845 non
1812 1816 1897 1845 uievit
1911 1838 1921 1853 ,
1944 1824 2000 1846 tota
2024 1825 2091 1848 terra
2109 1819 2215 1850 illarum

1154 1855 1286 1892 partium,
1305 1853 1474 1891 fugientibus
1491 1852 1658 1889 incolis,vel
1675 1855 1764 1884 verius
1782 1863 1801 1891 g
1813 1853 1877 1884 adio
1894 1855 2046 1886 trucidante
2063 1855 2218 1897 subduCtis,

1155 1892 1273 1922 restituta
1290 1891 1334 1922 scu
1351 1892 1454 1922 reddita
1472 1890 1642 1921 Christianis.

1181 1930 1224 1989 ’φ
1242 1931 1354 1969 inquam
1371 1928 1561 1960 inextimabilis
1579 1929 1681 1967 pietas!
1706 1928 1736 1958 Ο
1762 1926 1895 1961 immensa
1913 1931 2068 1969 benignitas
2085 1931 2218 1965 Salvatio-

1158 1979 1212 1999 nis.

1197 2008 1270 2045 Quis
1287 2009 1403 2045 meruit,
1422 2006 1524 2044 quidve
1540 2005 1609 2036 illius
1626 2004 1731 2036 induxit
1750 2005 1951 2045 Clementiam,
1973 2017 2003 2038 ut
2025 2010 2106 2040 tantae
2132 2010 2220 2048 pleni-

1161 2046 1256 2076 tudine
1270 2046 1508 2083 gratiae,tantique
1525 2046 1644 2074 muneris
1661 2044 1794 2074 donativo
1811 2044 1933 2076 fidelium
1952 2047 2068 2084 populos
2085 2049 2221 2088 prosequi,

1161 2085 1253 2145 ficqu}
1270 2086 1344 2115 circa
1361 2084 1420 2114 illos
1436 2082 1577 2113 effundere
1600 2083 1653 2113 suae
1676 2082 1870 2114 misericordiae
1896 2084 2100 2116 multitudinem
2121 2087 2221 2125 digna—

1158 2131 1243 2153 retur.

1198 2161 1306 2192 Verum
1324 2162 1382 2200 quis
1400 2160 1531 2198 Princeps
1550 2159 1710 2191 Catholicus
1727 2170 1785 2190 non
1802 2161 1913 2190 miretur
1931 2161 1964 2191 δε
1982 2160 2104 2199 stupeat?
2120 2165 2178 2201 quis
2190 2163 2222 2194 fi-

1161 2200 1227 2231 delis
1244 2210 1302 2230 non
1320 2199 1457 2230 erubescat
1470 2199 1598 2230 obnixius
1611 2222 1621 2237 ,
1643 2199 1676 2230 &
1693 2199 1792 2229 rubore
1809 2209 1867 2228 non
1884 2199 2058 2236 perfundatur
2083 2202 2224 2233 uberrimo

1161 2238 1250 2269 vultus
1261 2238 1334 2277 ejus?

1196 2277 1285 2316 Qiod
1304 2276 1366 2306 Rex
1385 2275 1534 2306 Coelorum
1552 2275 1585 2306 &
1604 2275 1843 2314 Dominus,cujus
1860 2275 2000 2307 humiliter
2018 2284 2111 2314 parent
2129 2278 2223 2317 Impe-

1159 2317 1201 2346 rio
1219 2315 1357 2352 universa,
1379 2323 1481 2345 tantam
1498 2314 1531 2345 &c
1550 2314 1697 2351 gloriosam
1714 2315 1880 2353 vietoriam,
1905 2325 1952 2352 per
1970 2315 2151 2347 ministerium
2173 2319 2227 2348 ho⁴

1161 2355 1261 2391 minis,
1273 2353 1400 2384 nondum
1417 2353 1493 2390 supra
1510 2361 1615 2390 petram
1630 2352 1694 2382 fidei
1711 2353 1868 2391 constituti⁷
1891 2353 1979 2383 voluit
1996 2354 2135 2385 modernis
2152 2364 2224 2386 tem-

1161 2393 1273 2430 poribus
1289 2393 1425 2429 exerceri,
1442 2401 1525 2429 cum,
1538 2391 1605 2421 sicut
1617 2390 1757 2421 Celfitudo
1775 2390 1866 2427 Regia
1883 2401 1942 2420 non
1959 2392 2083 2430 ignorat,
2103 2395 2141 2424 tui
2155 2393 2226 2424 Pro-

1162 2432 1298 2467 genitores
1312 2429 1571 2468 potiffime,utpote
1584 2428 1638 2459 fide
1658 2430 1796 2467 praeclari,
1809 2430 1843 2459 &
1859 2428 2010 2459 devotione
2030 2431 2141 2469 sinceri,
2154 2442 2224 2470 prae-

1162 2469 1248 2499 dietae
1265 2469 1362 2498 Terrae
1382 2467 1482 2498 sanetae
1496 2466 1652 2497 custodiam
1671 2477 1795 2497 exercere
1810 2468 2086 2506 continue,tuerique
2100 2478 2225 2506 potenter

1163 2507 1199 2537 ab
1211 2506 1352 2544 hostibus,
1371 2506 1440 2536 dum
1455 2506 1609 2544 temporalis
1622 2507 1691 2536 'vitae
1705 2505 1813 2536 cursum
1836 2514 2010 2543 peragerent,
2029 2506 2225 2546 noscebantur,

1164 2545 1300 2575 salubriter
1317 2544 1483 2582 exponendo
1497 2553 1637 2582 propterea
1659 2543 1791 2582 quicquid
1811 2553 1934 2581 poterant
1946 2567 1955 2582 ,
1980 2545 2113 2582 quicquid
2133 2555 2226 2584 erant,

1166 2592 1280 2613 caeteros
1294 2582 1515 2613 Christianorum
1538 2582 1631 2619 Reges
1649 2583 1681 2612 &
1700 2582 1841 2619 Principes
1860 2582 1894 2611 ad
1919 2592 1950 2612 ea
1968 2592 2025 2612 non
2042 2584 2097 2614 sine
2114 2583 2226 2616 laudum

1165 2621 1266 2652 sonoro
1285 2622 1427 2659 praeconio
1445 2621 1600 2658 propensius
1616 2620 1783 2651 inducendo.

1203 2660 1222 2679 ²*
1241 2659 1318 2690 Cum
1336 2661 1420 2697 igitur
1438 2659 1551 2696 grandi,
1568 2669 1621 2689 nec
1638 2660 1797 2696 immerito,
1815 2660 1956 2696 cupiamus
1972 2659 2092 2699 assedi-u,
2116 2660 2225 2693 nostro-

1166 2709 1220 2738 que
1237 2699 1271 2729 ad
1289 2698 1318 2728 id
1336 2698 1442 2728 fervens
1458 2698 1591 2734 dirigatur
1608 2698 1740 2735 intentio,
1758 2707 1787 2727 ut
1804 2698 1891 2727 Terra
1907 2698 1997 2729 sancia
2021 2709 2104 2736 grave
2130 2701 2227 2738 'ugum

1167 2739 1360 2775 Agarenorum
1378 2735 1509 2773 effugiat,
1527 2735 1603 2773 quod
1624 2737 1681 2773 jam
1704 2735 1803 2766 diutini
1828 2738 1957 2773 temporis
1979 2737 2065 2775 spatio
2088 2710 2228 2778 toseravit,

1167 2777 1200 2807 &
1218 2776 1254 2806 de
1271 2775 1392 2813 ipsorum
1409 2774 1524 2806 scelestis
1542 2775 1667 2804 manibus
1683 2773 1810 2804 liberetur
1833 2776 1951 2804 omnino
1985 2784 2069 2813 eaque
2086 2777 2119 2807 ad
2138 2777 2228 2808 divini

1168 2814 1303 2845 Numinis
1320 2814 1453 2850 gloriam,
1470 2812 1660 2843 exaltationem
1679 2812 1742 2842 fidei
1757 2835 1766 2850 ,
1790 2822 1822 2842 ac
1845 2813 1926 2842 totius
1951 2798 2160 2846 Christianitatis
2176 2816 2228 2846 ho-

1168 2862 1282 2890 norem,
1300 2852 1476 2889 vigilantibus
1494 2850 1587 2881 studiis
1604 2853 1633 2881 in
1651 2850 1719 2881 statu
1736 2850 1863 2888 prospero
1880 2850 2066 2891 conservetur,

1199 2891 1336 2928 Regalem
1355 2889 1598 2927 Magnificentiam
1613 2898 1758 2927 rogamus,
1774 2890 1807 2919 &
1824 2889 1964 2919 hortamur
1981 2892 2099 2929 attente,
2120 2902 2154 2922 ac
2175 2894 2229 2923 ob-'-

1168 2930 1301 2960 secramus
1319 2930 1348 2958 in
1365 2928 1422 2958 filio
1440 2928 1497 2958 Dei
1515 2927 1600 2957 Patris
1613 2950 1622 2963 ‚
1643 2928 1780 2965 quatinus,
1797 2928 1836 2957 ob
1853 2927 2038 2966 divinam,&
2056 2929 2229 2967 Apostolicae

1169 2969 1237 2999 sedis
1254 2967 1449 3003 reverentiam,
1469 2975 1578 3003 tuaeque
1596 2965 1683 2996 salutis
1700 2966 1733 2997 δί
1750 2965 1916 2996 exaltationis
1933 2976 2115 3003 augmentum
2130 2992 2139 3006 ,
2169 2974 2229 3000 tan-

1168 3016 1251 3045 quam
1270 3006 1336 3036 filius
1354 3004 1554 3035 benedietionis
1571 3004 1604 3033 δε
1622 3005 1731 3040 gratiae.
1750 3005 1958 3042 progenitorum
1983 3013 2093 3036 tuorum
2111 3006 2230 3045 vestigia

1168 3045 1238 3075 clara
1255 3044 1365 3083 sequens
1398 3052 1452 3073 rue
1469 3042 1567 3080 amplae
1584 3039 1770 3073 subventionis
1787 3043 1819 3073 &
1838 3044 1967 3079 potentine
1985 3044 2229 3083 brachium,circa

1168 3084 1247 3121 ipsius
1264 3092 1341 3113 terrae
1357 3067 1504 3112 iiibfidium
1519 3090 1550 3110 ac
1566 3079 1849 3119 succursum‚sole1ter
1865 3081 2009 3112 excendere
2026 3092 2083 3112 non
2100 3085 2227 3114 omittas:

1168 3122 1254 3159 ut,&
1273 3121 1347 3159 quod
1366 3121 1402 3151 de
1420 3119 1473 3158 ipsa
1490 3119 1611 3155 terra,&
1629 3119 1685 3149 aliis
1701 3119 1878 3150 ultramarinis
1895 3121 2071 3159 regionibus,
2083 3131 2130 3159 per
2143 3121 2229 3152 Chri-

1168 3159 1267 3190 stianos
1284 3159 1366 3189 {olitis
1384 3160 1506 3195 retineri,
1518 3157 1734 3195 recuperandum
1751 3157 1874 3195 supersit,
1891 3160 2041 3196 recuperari
2060 3160 2159 3191 valeat:
2178 3161 2229 3198 &‚

1169 3198 1244 3237 quod
1262 3206 1450 3235 recuperatum
1468 3196 1524 3233 est,
1541 3197 1574 3226 &
1591 3197 1791 3233 recuperabitur
1808 3195 2042 3234 rehaedificari,&
2060 3197 2160 3228 firmari
2178 3209 2226 3229 va-

1169 3238 1234 3274 leat,
1251 3247 1284 3267 ac
1302 3237 1403 3266 muniri
1438 3236 1470 3266 &
1488 3234 1623 3265 salubriter
1646 3235 1768 3264 retineri:
1795 3242 1825 3264 ut
1842 3234 1929 3264 cultus
1947 3235 2067 3266 Domini
2086 3238 2154 3267 inibi
2173 3237 2225 3266 ob-

1169 3276 1300 3312 servetur,
1318 3274 1384 3304 Deo
1401 3259 1505 3304 diurna:
1522 3282 1554 3302 ac
1572 3272 1716 3303 noeturnae
1735 3271 1824 3302 laudes
1841 3272 1857 3301 a
1874 3272 1997 3304 fidelibus
2015 3284 2080 3304 cum
2098 3275 2226 3304 devotio-

1165 3324 1200 3344 ne
1218 3313 1368 3350 solvantur,
1393 3314 1425 3344 &
1444 3310 1669 3348 multiplicentur:
1689 3312 1722 3341 δε
1739 3319 1886 3347 augeantur
1904 3311 2010 3341 ibidem
2029 3312 2105 3342 Fides
2119 3312 2223 3342 Catho-

1164 3352 1274 3389 lica‚&
1293 3351 1335 3381 Po
1345 3351 1413 3381 iulus
1431 3349 1654 3380 Christianum&
1673 3358 1706 3379 ex
1721 3348 1831 3379 diversis
1849 3349 1946 3380 mundi
1965 3350 2223 3387 climatibus,Reg-

1165 3392 1207 3421 nis
1223 3399 1305 3428 atque
1329 3362 1484 3419 Provinciis
1508 3387 1540 3417 ad
1559 3395 1644 3424 partes
1661 3387 1716 3417 illas
1733 3386 1823 3417 fideles
1841 3396 2004 3418 concurrant
2021 3388 2054 3417 :id
2072 3388 2226 3417 inhabitan-

1166 3429 1252 3466 dum,
1270 3429 1303 3458 &
1320 3427 1523 3458 defendendum
1542 3434 1626 3463 partes
1643 3425 1772 3464 easdem,
1796 3426 1829 3456 &
1847 3425 1922 3464 quod
1945 3425 2106 3463 acquisitum
2129 3425 2228 3464 fuerit,

1167 3467 1248 3498 dante
1266 3466 1413 3504 Domino,
1430 3464 1611 3496 retinendum.

1205 3505 1254 3535 Sic
1271 3513 1299 3535 te
1316 3506 1345 3534 in
1362 3505 1429 3541 hiis,
1447 3511 1525 3541 prout
1542 3501 1702 3533 necessitatis
1719 3502 1845 3533 articulus
1865 3503 1966 3540 exigit,
1977 3498 2130 3538 habiturus,
2148 3500 2225 3539 quod

1168 3552 1235 3574 terra
1253 3543 1308 3581 ipsa
1324 3552 1391 3581 tuo,
1408 3544 1440 3573 &
1458 3542 1571 3571 aliorum
1589 3540 1721 3579 Regum,
1738 3542 1771 3572 ὃς
1790 3540 1951 3577 Principum
1972 3540 2058 3578 adjuta
2075 3540 2226 3577 suffragiis,

1168 3582 1271 3615 auxiliis
1286 3579 1589 3615 circumfulta,favente
1607 3579 1806 3616 Domino‚cui
1819 3579 1905 3608 nichil
1924 3578 2080 3615 impossible
2098 3579 2227 3616 cernitur,

1168 3621 1202 3651 ad
1231 3620 1328 3650 statum
1352 3619 1524 3657 tranquillum
1541 3618 1574 3648 &
1600 3617 1755 3654 prosperum
1780 3617 1921 3647 reducatur
1938 3639 1948 3654 ,
1977 3617 2109 3654 perpetuis
2133 3615 2228 3646 futuris

1169 3667 1226 3690 tem
1266 3660 1339 3689 ribus
1356 3659 1384 3688 in
1403 3658 1449 3687 illo
1467 3655 1593 3685 stabiliter
1610 3654 1787 3693 permansura.
1948 3672 1952 3676 ·

1236 3697 1350 3727 aeterum
1369 3706 1425 3726 non
1443 3697 1568 3730 ignorare
1586 3702 1612 3723 te
1629 3692 1856 3730 volumuS,quod
1874 3692 2011 3722 dietamm
2023 3700 2100 3722 terrae
2117 3702 2149 3722 ac
2167 3701 2228 3729 par-

1167 3737 1240 3766 tium
1259 3735 1326 3766 statu
1343 3735 1376 3765 &
1400 3732 1604 3764 conditionibus
1630 3733 1659 3761 in
1683 3740 1815 3761 maturam
1839 3731 2063 3760 deliberationem
2087 3728 2229 3769 adductis,

1170 3775 1251 3804 nobis
1268 3773 1436 3810 temporibus
1454 3770 1508 3800 istis
1526 3780 1583 3799 nori
1600 3770 1707 3799 videtur
1724 3770 1925 3809 expedimidum
1944 3768 2096 3805 panagium
2114 3778 2228 3805 genera-

1171 3812 1285 3849 le,licet
1302 3813 1336 3842 ad
1355 3811 1383 3840 id
1401 3811 1447 3840 suo
1463 3818 1587 3845 tempore
1605 3807 1763 3837 faciendum
1781 3808 1864 3844 plenis
1881 3807 2025 3836 aflectibus
2041 3807 2230 3845 intendamus3

1172 3853 1235 3888 quia
1253 3860 1300 3887 per
1317 3849 1400 3886 illud,
1418 3847 1491 3885 quod
1509 3846 1668 3876 dilationem
1691 3847 1788 3883 recipit
1805 3869 1814 3883 ,
1847 3845 1929 3875 dietis
1953 3853 2030 3874 terrae
2053 3844 2086 3875 &
2111 3845 2229 3882 partibus

1172 3889 1252 3919 valde
1269 3886 1527 3925 dampnosammon
1544 3883 1710 3914 succurretur
1727 3886 1764 3913 eis
1781 3892 1905 3920 tempore
1921 3891 2067 3919 oportuno.

1211 3927 1332 3963 Ideoque
1364 3934 1415 3962 pro
1431 3923 1626 3953 acceleratione
1642 3921 1793 3959 succursuS,
1818 3923 1850 3952 δε
1868 3931 1903 3950 ne
1920 3920 2074 3951 comoditas
2121 3920 2137 3949 a
2160 3919 2227 3950 Cle-

1173 3965 1274 3995 mentia
1292 3948 1392 3994 caefesti
1410 3959 1552 3998 concessa,
1570 3960 1710 3998 perdatur,
1727 3960 1913 3997 providimus,
1930 3967 1977 3996 per
2000 3944 2103 3989 diveriii
2127 3958 2227 3995 Regna

1171 4004 1204 4034 &
1222 4003 1379 4039 Regiones,
1396 4001 1511 4030 excitare
1528 3999 1612 4029 corda
1628 3998 1768 4035 fidelium,
1783 3999 1845 4035 qui,
1862 4006 1924 4027 ante
1943 3996 2125 4034 Lugdunense
2143 4005 2229 4033 gene*

1170 4041 1223 4072 rale
1241 4040 1419 4076 Concilium,
1436 4038 1534 4068 ultimo
1552 4037 1735 4073 celebratum,
1752 4036 1796 4066 vel
1814 4035 1874 4073 post
1891 4035 1975 4073 illud,
1998 4035 2086 4065 crucis
2103 4035 2229 4072 signacu-

1169 4079 1229 4110 lum
1245 4077 1461 4115 assumpserunt,
1478 4086 1507 4108 ut
1524 4077 1553 4106 in
1569 4075 1654 4106 dietae
1671 4084 1747 4105 tenue
1765 4073 1919 4106 succursum
1941 4082 2009 4105 cum
2026 4073 2159 4104 celeritate
2176 4081 2231 4109 qua

1643 4113 1672 4144 A
1704 4136 1705 4139 η
2178 4119 2231 4146 W

2242 1334 2316 1365 Ann.
2329 1333 2370 1364 D.

2263 1383 2346 1413 1300.

2242 1415 2308 1441 Ed'v.
2330 1421 2340 1439 1
2347 1427 2354 1438 A

2257 2681 2387 2725 *1136'9
