2570 4261
626 165 753 208 ET
867 167 1191 209 ACTA

6 266 54 299 Ar
95 264 128 296 D
148 247 297 291 valentiam
325 246 409 279 Mille
433 248 569 285 librarum
587 249 795 281 Turonensium
812 260 963 290 parvorum
980 275 989 290 ,
1017 254 1046 282 in
1064 252 1145 294 disto
1167 251 1216 281 suo

32 275 115 346 ¹569-
130 288 138 296 ·
153 284 273 330 hospitio
299 286 412 317 inventa
426 310 436 326 ,
464 289 624 327 rapuerint,
648 289 680 320 &
705 289 799 320 secum
823 290 858 320 ad
876 291 973 322 Navcs
990 290 1045 321 suas
1065 295 1221 328 alportave-

150 332 220 353 rint:

9 347 112 372 ΜΛ·
190 361 430 406 Tandem,·cum
450 363 487 394 sic
501 364 611 403 ablatis,
630 374 647 394 a
661 373 743 402 portu
763 366 918 404 praedieto,
935 377 992 405 quo
1014 367 1162 404 volebant,
1180 364 1222 409 fe-

150 398 232 431 loniis
252 401 285 437 ὃς
301 410 402 437 rapinis
423 401 561 438 praedietis
583 404 726 443 impunitis
751 406 974 442 remanentibus,
994 405 1168 441 recedendo,
1188 413 1219 432 in

155 438 242 469 nostri
259 438 500 476 &jurisdictionis
520 440 640 479 nostr-az,
658 440 798 471 dietarum
816 444 951 480 partium,
971 452 1169 480 contemptum
1187 442 1220 472 &-

156 476 371 515 praejudicium,
389 487 421 509 ac
437 478 544 519 praefati
559 478 700 510 servientis
714 480 801 509 nostri
818 480 996 512 manifestum
1007 481 1221 519 dispendium&

151 515 290 553 jacturam
299 537 309 555 ,
326 515 395 546 sicut
409 516 489 552 ipsius
501 518 661 555 accepimus
678 527 712 548 ex
728 518 852 555 querela:

193 552 276 590 Nos,
294 553 342 592 qui
354 553 436 585 dieto
459 553 589 589 servienti
607 555 717 595 nostro,
735 557 803 587 licut
824 567 876 587 nec
893 559 1000 588 caeteris
1013 556 1049 587 de
1064 556 1172 593 Regno
1189 556 1222 586 δε

159 590 296 630 potestate
310 591 403 622 nostra
418 591 508 622 deesse
524 603 582 623 non
597 593 756 632 possumus,
776 596 843 632 quin
860 596 938 636 iplis,
956 606 1024 626 cum
1038 596 1225 635 indiguerint,

157 630 351 661 subveniamus
366 630 456 661 modo
476 641 533 669 quo
545 633 695 669 poterimus
706 633 833 672 meliori,
851 636 1005 664 amicitiam
1021 633 1141 664 vestram
1156 633 1225 662 aste-

162 667 258 699 &uose
273 669 434 708 requirimus
447 670 480 702 &
498 679 648 708 rogamus,
667 673 791 709 quatinus
808 672 922 709 praefato
938 672 1108 703 Guillielmo
1148 670 1226 712 super

161 705 324 750 praemiffis,
342 707 376 738 &
391 707 536 747 dampnis,
555 718 618 747 quae
632 709 780 740 occasione
794 710 929 747 praedicta
945 709 1069 740 sustinuit
1086 732 1095 747 ,
1113 694 1170 738 lieri
1186 710 1227 739 ta-

164 745 243 775 cratis
255 741 384 775 debitum
396 745 429 776 &
446 745 575 776 festinum
587 745 700 785 justitiae
713 749 973 786 complementum,
991 747 1168 778 rescribendo
1176 756 1230 789 no-

166 784 224 820 bis,
242 783 262 814 si
276 782 384 822 placet,
400 794 468 815 cum
482 784 559 827 super
573 785 630 815 hoc
645 795 678 816 ex
693 795 767 827 parte
780 786 872 817 nostra
886 787 1008 825 requisiti
1026 786 1147 824 fueritis,
1163 783 1230 823 quid

164 822 194 854 in
211 821 265 852 hac
278 829 355 860 parte
370 822 500 853 duxeritis
511 824 683 856 taciendum.

168 898 171 899 ⁷
205 859 330 892 Scientes
351 869 403 897 pro
429 869 507 892 certo
531 862 606 900 quod
625 861 792 893 diffimulare
810 873 868 893 non
893 864 1047 900 poterimus
1060 885 1069 901 ,
1094 862 1162 900 quin
1180 869 1233 898 pro

171 898 272 936 nobis,
290 899 323 929 ὃς
341 898 458 937 praefato
476 898 645 931 Guillielmo
659 923 668 939 ,
686 901 706 931 si
723 901 794 931 forte
816 903 863 932 has
881 911 974 939 preces
991 901 1094 932 nostras
1112 910 1169 930 non
1187 908 1235 929 ex-

171 935 327 974 audieritis,
346 937 490 974 provideri
507 938 640 969 faciemus
657 940 692 973 de
710 941 883 980 competenti
899 940 1026 972 remedio
1044 941 1073 972 in
1088 939 1139 973 hac
1152 946 1235 976 parte.

208 1010 276 1043 Dat.
295 1012 369 1055 apud
384 1013 504 1052 Langel.
526 1016 551 1047 8.
569 1014 615 1049 die
628 1015 759 1055 Januarii.

179 1149 238 1184 Ad
249 1153 365 1197 Papam
389 1160 493 1183 contra
519 1151 694 1197 Epiftopum
713 1152 937 1198 Glascnenfim‚
963 1157 999 1192 ὠ*
1019 1164 1074 1201 pro
1099 1152 1242 1205 Stephgmo

275 1199 312 1235 de
329 1203 462 1248 Segrave
481 1199 524 1233 ad
539 1201 698 1244 Ecclefiam
717 1202 921 1247 Glafiuensbm
934 1201 1147 1248 promovendo.

30 1272 107 1307 Arm·
120 1269 162 1301 D·
181 1287 218 1342 P
228 1283 336 1316 APAE
355 1283 418 1323 Rex
432 1283 533 1330 devota
546 1284 654 1315 Pedum
667 1285 758 1316 oscula
774 1286 928 1331 beatorum.
1041 1327 1045 1332 ι

31 1320 138 1379 Aln3029
182 1323 362 1392 Pffialg‘leiffier
410 1322 492 1355 Pater
514 1323 631 1360 ban&e‚
649 1324 811 1356 Venerabili
834 1325 905 1356 Patri
920 1348 930 1363 ,
954 1325 1089 1356 Domino
1107 1326 1248 1365 Arnaldo,

384 1360 517 1399 piscopo,
536 1371 588 1398 pro
604 1361 802 1392 deliberatione
825 1364 1009 1401 quorumdam
1030 1364 1250 1402 Episcoporum,

31 1394 62 1417 Ε·
85 1398 111 1415 ²·
181 1400 214 1430 &
235 1399 401 1438 quibusdam
421 1399 478 1429 aliis
503 1401 624 1436 negotiis
638 1422 647 1437 ,
671 1400 706 1430 acl
724 1411 774 1430 nos
791 1411 825 1430 ex
845 1411 919 1441 parte
938 1402 1028 1432 vestra.
1053 1413 1120 1433 cum
1149 1403 1248 1434 vestrae

33 1432 104 1455 ΚΜ·
121 1435 148 1452 ²·
187 1437 344 1468 Sanc‘titatis
357 1438 452 1468 litteris
466 1439 590 1469 venienti
625 1438 782 1471 Robertum
797 1438 998 1476 Glasguensem
1014 1440 1251 1480 Episcopum,tit-

35 1469 67 1493 13.
88 1475 114 1491 ²·
130 1473 167 1492 m·
187 1484 271 1514 pote,
291 1476 370 1506 clame
392 1477 563 1514 memoriae,
589 1459 712 1507 sDomini
736 1477 770 1507 E.
796 1478 939 1516 quondam
958 1480 976 1498 '¹¹‘
997 1479 1086 1516 Regis
1113 1480 1225 1515 Angliae
1240 1503 1251 1519 ‚

35 1505 64 1531 ⁶⁴
186 1515 323 1551 genitoris
342 1514 453 1552 nostri,
480 1515 514 1545 &
537 1514 661 1545 nostrum
680 1516 854 1553 proditorem
873 1527 904 1547 ac
923 1518 1071 1548 inimicum
1092 1519 1248 1557 capitalem,

53 1540 73 1561 *ι
84 1542 139 1568 HI·
187 1553 220 1584 ὃ(
237 1552 308 1591 quasi
322 1554 407 1584 totius
419 1552 522 1588 diffidii
535 1555 606 1583 inter
618 1553 728 1585 dietum
743 1556 902 1592 genitorem
916 1555 1043 1586 nostrum
1057 1558 1090 1587 δε
1104 1567 1153 1586 nos
1161 1568 1193 1587 ac
1201 1567 1253 1595 po-

72 1588 135 1616 ¹²3·
188 1591 285 1630 pulum
303 1599 385 1622 terrae
405 1591 510 1622 nostrae
525 1592 630 1622 Scotiae
643 1592 855 1632 seminatorem,
873 1604 985 1624 necnon
999 1594 1034 1624 de
1048 1595 1169 1625 crimine
1183 1596 1254 1626 laesae

189 1629 342 1668 Majestatis
362 1640 396 1661 ac
417 1630 626 1668 conspirationis
648 1632 787 1670 publicae,
806 1632 840 1663 &
861 1632 897 1666 de
912 1633 1033 1670 perjurio
1047 1634 1160 1664 notorie
1172 1633 1255 1664 diffa-

189 1677 298 1701 matum
312 1668 482 1707 frequentius
494 1669 527 1700 &
540 1669 726 1708 convitii-um,
744 1669 861 1701 fecimus
881 1671 990 1701 liberari
1011 1670 1088 1701 Sedis
1111 1671 1254 1710 Apostoli-

187 1718 232 1739 cae
247 1706 413 1745 conspectui
430 1707 646 1745 praesentandam
660 1731 670 1748 ,
694 1717 724 1738 ut
741 1708 848 1739 ibidem
862 1731 872 1747 ,
897 1709 953 1739 sine
972 1709 1018 1747 spe
1036 1710 1156 1740 habendi
1171 1722 1186 1742 a
1204 1721 1257 1741 no-

187 1747 232 1777 bis
249 1746 391 1779 licentiam
403 1746 439 1777 ad
452 1754 538 1784 partes
551 1746 656 1777 Scotiae
669 1747 817 1785 redeundi,
837 1757 955 1785 poenam
971 1758 1025 1786 pro
1040 1748 1181 1780 demeritis
1195 1749 1258 1780 sub-

188 1793 232 1816 eat
250 1784 467 1815 condecentem.

227 1822 265 1854 Et
280 1824 343 1861 quia
365 1822 532 1861 transumpta
553 1823 665 1861 publica
680 1823 828 1853 litterarum
849 1824 882 1854 ὃς
903 1823 1153 1856 Instrumentorum
1170 1826 1260 1863 publi-

194 1871 316 1900 corum,
333 1862 366 1892 &
386 1861 514 1899 praedieti
536 1860 712 1899 Glasguensis
731 1861 864 1902 Episcopi
886 1863 1015 1900 nepharia
1036 1864 1069 1895 ὃς
1091 1864 1260 1895 detestabilia

195 1910 282 1938 opera
296 1900 454 1938 tangentia,
471 1901 554 1931 vobis
567 1910 625 1930 non
643 1901 765 1930 misimus
777 1923 787 1939 ,
801 1901 877 1939 juxta
891 1901 1045 1932 nostrarum
1060 1904 1261 1933 continentiam

195 1939 364 1977 litterarum,
382 1949 430 1976 per
447 1938 593 1977 praefatum
611 1938 806 1969 pictavensem
822 1938 1015 1978 Episcopum,
1031 1940 1128 1971 vestrae
1143 1941 1261 1972 Beatitu-

196 1978 258 2008 dini
271 1977 457 2015 direffarum,
474 1977 551 2015 super
567 1987 624 2016 quo
645 1988 713 2016 nOS,
731 1977 750 2008 si
772 1977 876 2017 placeat
911 1979 1036 2018 benigne
1052 1980 1085 2010 ὃς
1103 1979 1264 2011 favorabili-

196 2024 236 2046 ter
253 2016 350 2046 habeat
363 2016 502 2046 excusatos
516 2015 604 2046 vestra
622 2015 770 2046 Paternitas
786 2016 872 2046 Sacro
884 2017 964 2048 aneta
977 2040 988 2056 ,
1013 2015 1130 2048 dilectos
1147 2019 1179 2049 &
1197 2017 1265 2048 fide-

196 2054 234 2085 les
253 2054 361 2084 nostros
381 2053 553 2091 Magistrum
571 2053 728 2084 Matrinum
747 2054 782 2085 de
798 2054 1112 2096 Rymliiac'o,Prioi-em
1127 2056 1162 2089 de
1173 2057 1268 2088 Wan-

199 2093 328 2131 gesford,
348 2094 380 2124 ὅ(
399 2093 542 2123 Andream
561 2093 649 2130 Sapiti
665 2093 701 2122 de
721 2092 858 2126 Florentia
896 2104 964 2124 curn
982 2094 1093 2126 Litteris
1110 2095 1143 2126 &
1162 2095 1268 2127 Instru-

202 2133 304 2163 mentis
321 2131 481 2170 praedictis,
497 2131 530 2161 ad
547 2130 759 2163 informandum
780 2142 829 2162 vos
848 2116 952 2170 plenius
969 2131 1048 2170 super
1063 2133 1170 2173 praefati
1187 2133 1268 2165 Glas-

203 2170 312 2208 gueniis
330 2169 464 2208 Episcopi
479 2169 559 2200 factis
576 2170 677 2200 illicitis
694 2179 774 2208 atque
791 2170 890 2208 gestis,
905 2170 1079 2209 vestramque
1095 2173 1124 2201 in
1143 2172 1195 2203 hac
1211 2182 1271 2212 par-

204 2217 233 2278 εξ
250 2208 453 2240 conscientiam
475 2208 670 2247 serenandam,
688 2209 722 2239 ad
740 2208 838 2239 vestrae
860 2209 1016 2240 sanctitatis
1033 2209 1204 2248 praesentiam
1221 2211 1271 2241 de-

203 2250 214 2279 i
229 2249 348 2278 inamus·

245 2270 415 2322 Benjgr’iitati
435 2285 534 2316 vestrae
551 2286 632 2315 omni
652 2283 804 2316 affedtione
826 2285 880 2323 quii
908 2285 1050 2323 possumus
1076 2285 1274 2326 supplicantes,

208 2326 336 2363 quatinus
348 2323 443 2354 habita
459 2324 537 2362 super
555 2323 622 2354 statu
636 2324 669 2355 ὃς
683 2323 848 2355 conditione
859 2323 928 2354 dieti
943 2324 1119 2362 Glasgueniis
1132 2325 1276 2364 Episcopi,

209 2366 268 2395 tam
284 2373 332 2401 per
345 2362 437 2392 dictos
454 2362 587 2392 Nuncios
606 2361 729 2400 nostros,
748 2362 833 2400 quam
848 2372 894 2400 per
912 2362 1025 2393 Litteras
1043 2364 1075 2393 ὃ(
1092 2363 1277 2395 instrumenta

210 2402 346 2442 praedicta
362 2400 562 2431 informatione
579 2401 712 2438 pleniori,
729 2400 838 2430 ulterius
856 2400 892 2430 de
911 2400 1027 2438 persona
1045 2401 1124 2439 iplius
1142 2402 1277 2441 Episcopi

210 2441 298 2472 taliter
320 2439 478 2477 dignemini
496 2439 623 2469 ordinare
637 2461 647 2477 ,
672 2438 747 2478 quod
773 2438 807 2469 ad
832 2438 1031 2477 Episcopatum
1058 2439 1279 2479 Glasguensem,

211 2479 288 2510 unde
305 2477 496 2516 multipliciter
513 2477 630 2508 reddidit
647 2476 674 2506 se
692 2477 841 2513 indignum
855 2499 865 2515 ,
889 2476 933 2507 seu
955 2479 1039 2508 etiarn
1061 2478 1095 2508 ad
1109 2487 1209 2510 terram
1227 2489 1280 2510 no-

213 2518 299 2548 stram
314 2516 418 2547 Scouae
433 2539 443 2554 ,
468 2524 514 2547 aut
530 2516 596 2545 alibi
613 2515 684 2546 infra
703 2515 865 2555 potestatem
883 2515 1007 2546 nostram
1025 2526 1084 2546 non
1102 2517 1192 2549 redeat
1211 2529 1282 2556 quo-

214 2555 541 2593 vismodozpraesumatur
555 2554 691 2592 siquidem
709 2554 950 2592 verisimiliter,&
967 2556 1095 2585 timeatur
1113 2556 1190 2594 quod
1204 2557 1281 2587 idem

216 2594 391 2633 Episcopus,
408 2593 428 2623 si
445 2592 480 2624 ad
501 2603 611 2623 moram
629 2592 733 2623 alicubi
750 2591 821 2623 infra
840 2591 967 2623 nostrum
984 2593 1157 2625 Dominium
1176 2594 1284 2626 facien-

216 2633 283 2664 dam
303 2633 384 2662 fuerit
402 2631 555 2669 restitutus,
573 2632 663 2669 priora
681 2631 818 2668 prioribus
836 2633 1016 2661 committere
1032 2642 1092 2662 non
1110 2633 1232 2664 cessaret.

258 2672 408 2710 roirca
421 2693 431 2709 ,
448 2670 483 2700 ad
505 2671 631 2709 regimen
649 2669 792 2708 praedi&ae
810 2669 982 2710 Glasguensis
1000 2669 1150 2710 Ecclesiae,
1169 2671 1285 2710 praefato

217 2710 350 2742 Roberto
366 2718 462 2741 amoto
474 2732 483 2747 ,
510 2709 544 2739 &
561 2708 684 2738 absoluto
703 2708 809 2745 penitus
827 2709 863 2738 ab
880 2708 982 2739 eodem
999 2732 1008 2747 ,
1037 2708 1073 2739 de
1090 2710 1203 2748 persona
1228 2710 1284 2742 dis-

219 2750 290 2780 creti
307 2749 361 2779 viri
375 2771 384 2786 ‚
408 2748 440 2778 ὃς
463 2748 545 2778 nobis
561 2747 591 2776 in
611 2746 726 2777 Christo
743 2746 838 2777 dilecti
852 2770 861 2785 ,
884 2746 1019 2784 Magistri
1036 2747 1167 2786 Stephani
1185 2749 1221 2779 de
1238 2749 1287 2780 Se-

221 2798 308 2824 grave
322 2810 332 2825 ,
353 2787 420 2825 juris
443 2785 585 2819 Canonici
608 2784 773 2817 professoris
788 2808 798 2824 ,
823 2784 945 2824 ejufflem
963 2785 1139 2823 Glasgueniis
1156 2787 1287 2820 Ecclesiae

222 2826 335 2857 Decani
350 2848 359 2863 ,
379 2825 412 2855 &
432 2823 537 2854 Clerici
555 2823 641 2854 nostri
660 2824 801 2854 familiaris
821 2824 881 2862 (qui
903 2824 1047 2855 nobilitate
1067 2827 1174 2862 generis
1189 2849 1199 2865 ,
1224 2836 1288 2856 mo-

222 2875 286 2896 rum
303 2863 443 2894 honestate
456 2886 466 2902 ,
491 2873 524 2893 ac
544 2862 601 2893 aliis
620 2864 753 2893 virtutum
771 2863 922 2900 praeconiis
936 2885 946 2901 ,
995 2874 1038 2893 uae
1065 2864 1154 2902 ipsum
1172 2865 1289 2895 reddunt

224 2904 327 2934 merito
345 2901 608 2933 commendandum
624 2924 634 2939 ,
658 2901 779 2931 noscitur
796 2900 949 2939 insignitus)
970 2872 1101 2939 gignetur
1119 2903 1290 2942 quaesumuS,

224 2941 284 2973 Dei
303 2942 336 2972 &
354 2940 442 2971 nostri
459 2941 558 2971 intuitu
594 2939 682 2970 vestra
701 2939 859 2970 Clementia
877 2940 1030 2977 providere.

266 2979 416 3011 Credimus
432 2979 536 3009 etenim
555 2962 686 3018 firmiter,
704 2978 736 3009 &
753 2977 888 3015 speramus
906 2978 1054 3017 quod,per
1071 2979 1150 3017 ipsius
1167 2981 1291 3010 circum-

227 3017 400 3056 spefflonem
419 3017 452 3048 δί
471 3016 631 3047 industriam
647 3039 658 3055 ,
682 3027 716 3049 ac
735 3017 896 3047 amicorum
913 3016 1025 3047 suorum
1043 3019 1197 3055 potentiam
1211 3042 1222 3057 ,
1239 3028 1291 3058 pax

229 3056 321 3087 nostra
338 3057 368 3086 in
385 3056 503 3094 partibus
522 3054 660 3092 praediffls
679 3055 778 3086 melitis
795 3055 828 3085 &
845 3055 1031 3097 inviolabiliiis
1045 3056 1250 3089 conservabitur
1262 3059 1293 3087 iri

231 3095 373 3126 futurum:
392 3094 522 3132 dietaque
534 3093 710 3129 Glasguensis
726 3093 848 3125 Ecclesia
863 3116 872 3132 ,
889 3095 919 3124 in
936 3094 1115 3132 spiritualibus
1130 3096 1163 3126 &
1182 3103 1294 3134 tempo-

230 3133 346 3171 talibus,
363 3133 467 3164 votivis
483 3131 680 3169 prosperabitur
696 3133 884 3162 incrementis.

268 3171 460 3210 Supplicamus
482 3169 592 3207 insuper
610 3169 709 3200 vestrae
726 3170 907 3209 Beatitudini,
925 3170 1000 3209 quod
1013 3171 1141 3209 praefatos
1161 3171 1295 3203 Nuncios

229 3210 339 3243 nostros
350 3211 381 3240 in
396 3209 448 3240 hiis
460 3209 493 3241 &
507 3208 580 3246 aliis,
599 3217 649 3238 nos
663 3209 696 3238 &
709 3207 847 3246 Regnum
860 3209 987 3240 nostrum
999 3211 1191 3249 tangentibus,
1211 3211 1294 3241 habe-

231 3260 261 3281 re
279 3249 409 3286 dignetur
426 3248 511 3278 taliter
528 3246 758 3285 commendatOS,
772 3247 852 3285 quod
865 3249 980 3287 negotia
991 3249 1020 3278 in
1033 3248 1167 3287 personis,
1185 3249 1218 3281 ὃς
1234 3259 1297 3288 per-

233 3288 308 3321 sonae
326 3288 355 3317 in
372 3287 496 3323 negotiis
515 3285 633 3316 feliciter
650 3284 850 3324 prosperentur.

267 3324 440 3363 Conservet⁷
459 3325 520 3356 &c.

268 3401 338 3434 Dat.
354 3401 429 3440 apud
443 3400 586 3439 Langele‚
606 3409 651 3430 ιο.
664 3399 711 3430 die
722 3398 853 3439 januarii.

430 3533 489 3569 Ad
508 3533 684 3568 Cardinales
701 3535 793 3581 fitper
814 3535 939 3582 Mgotio
962 3536 1107 3580 antefato.

88 3636 166 3668 Ann-
179 3633 220 3665 D*
307 3618 448 3652 Enerabili
472 3620 501 3649 in
517 3618 643 3664 ’Christo
667 3618 740 3664 Patri
783 3619 929 3664 'Domino
947 3620 1072 3665 Arnaldo
1118 3619 1174 3665 Dei
1193 3622 1299 3662 gratia,

113 3685 122 3701 ι
147 3683 166 3703 0
189 3697 197 3704 ·
253 3698 258 3703 ·
319 3659 429 3690 Sanetae
448 3657 551 3688 Mariae
568 3668 597 3688 in
616 3657 732 3689 Porticu
749 3643 882 3689 iDiacono
897 3657 1053 3703 Cardinali,
1071 3643 1178 3703 Amico
1192 3659 1239 3691 suo
1252 3661 1301 3692 ka-

130 3684 144 3714 3
158 3682 187 3739 3
237 3696 359 3736 riffimo,
377 3696 546 3735 fflwardus,
562 3697 622 3727 &c.
641 3696 751 3728 salutem
767 3697 925 3740 &sincerae
938 3697 1096 3741 dileetionis
1108 3696 1252 3743 affeetum..

89 3716 152 3777 An,
275 3735 351 3766 Cum
373 3735 490 3765 dile&os
516 3735 549 3765 δε
574 3733 665 3765 fideles
680 3759 688 3772 ,
722 3733 876 3771 Magistros
903 3734 1059 3778 Martinum
1084 3735 1303 3780 deRymhiaco

88 3755 119 3783 Ε
156 3774 162 3780 “
176 3798 191 3815 2
236 3773 367 3806 Priorem
380 3774 415 3804 de
428 3772 635 3811 Wangesford,
653 3773 686 3803 &
698 3773 841 3803 Andream
855 3772 941 3810 Sapiti
959 3773 993 3804 de
1011 3773 1164 3818 Florentia,
1178 3775 1306 3808 Clericos

89 3794 167 3854 Romz..
196 3809 203 3816 ⁴
239 3813 364 3852 nostros,
382 3822 447 3843 cum
464 3810 624 3855 quibusdam
640 3811 748 3855 Litteris
762 3812 795 3855 ᾧ(
813 3810 1001 3854 instrumentis
1018 3812 1135 3856 publicis
1148 3835 1157 3849 ‚
1180 3813 1213 3844 ad
1235 3824 1305 3852 prae-

91 3832 165 3894 52⁵6·
239 3851 354 3882 sentiam
368 3851 490 3881 Domini
508 3849 620 3880 Summi
639 3848 783 3879 Pontis-cis
800 3849 1012 3880 transmittamus
1026 3873 1036 3888 ,
1065 3850 1097 3881 ad
1113 3850 1203 3888 ipsum
1218 3852 1307 3883 infor-

241 3889 378 3920 mandum
395 3890 428 3921 &
447 3887 636 3919 instruendum
656 3887 732 3925 super
760 3887 841 3918 faelis
866 3887 966 3918 illicitis
989 3887 1108 3919 Roberti
1133 3888 1308 3928 Glasguensis

241 3925 374 3965 Episcopi
391 3936 472 3966 atque
491 3926 585 3964 gestu:

281 3965 381 4003 Qem
399 3966 511 4004 quidem
530 3963 719 4003 Episcopum,
740 3963 869 4001 tanquam
885 3987 894 4001 ,
913 3963 996 4007 bonae
1015 3966 1181 4005 memori-az,
1201 3966 1308 3998 Domi-

240 4003 271 4032 ni
289 4002 322 4033 E.
342 4005 484 4041 quondam
501 4003 593 4041 Regis
612 4002 741 4040 Angliae,
760 4002 845 4033 Patris
863 4002 965 4039 nostri,
982 4003 1015 4033 &
1033 4003 1159 4033 nostrum
1183 4006 1310 4043 prodito-

243 4050 304 4071 rem
329 4042 534 4082 inimicumque
553 4041 698 4083 capitalem
710 4064 721 4080 ,
751 4041 785 4074 &
803 4041 876 4080 quasi
893 4041 977 4074 totius
994 4040 1096 4073 diffidii
1111 4043 1183 4074 inter
1199 4044 1311 4077 dissum
1343 4064 1346 4067 -

1305 162 1888 215 PUBLICA.
2236 179 2316 228 135

1263 253 1419 289 genitorem
1442 254 1567 286 nostrum
1586 256 1618 285 &
1636 265 1686 285 nos
1702 265 1735 286 ac
1754 257 1890 295 populum
1908 266 1986 289 terrae
2000 256 2102 287 nostrae
2119 257 2223 289 Scotiae
2239 259 2320 290 semi-
2334 252 2406 283 Asm-
2419 251 2460 282 D-

1261 299 1386 332 natorem
1400 313 1410 329 ,
1436 302 1551 322 necnon
1569 293 1605 322 de
1623 295 1744 324 crimine
1763 295 1833 325 laesae
1860 295 2012 334 Mijestati‘s
2024 319 2034 334 ,
2059 296 2092 326 &
2109 297 2319 334 conspirationis
2353 299 2438 330 1309·

1261 328 1400 366 publicae,
1419 340 1451 359 ac
1468 331 1503 360 de
1524 332 1644 368 per'urio
1664 334 1776 362 notorie
1794 333 1968 365 diffamatum
1986 334 2151 372 frequentius
2168 336 2201 365 &
2220 337 2320 366 convi-
2335 331 2400 358 Edv.
2417 338 2442 355 ²·

1262 366 1360 404 etum,
1379 367 1537 398 Venerabili
1579 371 1627 399 atri
1642 393 1652 407 ,
1679 369 1809 401 Domino
1827 371 1967 412 Arnaldo,
1988 372 2142 403 Pffitavensi
2160 373 2319 411 Episcopo,

1261 403 1294 434 ad
1308 414 1359 434 nos
1378 415 1444 436 cum
1458 406 1533 449 ⁵dicti
1552 406 1676 437 Domini
1695 407 1778 446 Papae
1802 410 1911 440 Litteris
1930 413 1958 440 in
1977 412 2080 447 Anglia
2096 413 2219 442 venienti
2236 435 2245 450 ,
2270 421 2322 441 nu-

1261 452 1309 480 per
1318 464 1332 485 ,¹
1345 443 1385 472 ob
1399 443 1476 474 Sedis
1491 444 1663 482 Apostolicae
1680 448 2006 486 reverentiam,fecimus
2019 449 2141 487 liberari,
2159 450 2238 487 ipsius
2254 449 2320 479 Do-

1263 482 1333 510 mini
1348 481 1459 512 Summi
1473 482 1619 513 Pontilicis
1636 484 1795 521 conspectui
1814 486 2052 526 praesentandum,
2070 496 2099 517 ut
2118 489 2246 526 ibidem,
2264 488 2320 517 sine

1261 519 1308 556 spe
1326 519 1445 550 habendi
1465 532 1479 551 a
1496 522 1576 551 nobis
1593 522 1735 553 licentiam
1755 524 1788 553 ad
1813 534 1898 562 partes
1915 525 2019 556 Scotiae
2036 526 2183 564 redeundi,
2201 535 2319 564 poenam

1263 567 1315 594 pro
1331 556 1472 588 demeritis
1489 559 1578 589 subeat
1596 560 1818 599 condecentem,

1277 634 1281 638 ²
1302 596 1320 613 ²*
1340 594 1530 626 Paternitatem
1550 598 1668 628 vestram
1688 598 1838 630 affeetuose
1856 602 2014 638 requirimus
2031 602 2064 632 6:
2081 612 2213 638 rogamus
2226 625 2236 640 ,
2274 612 2322 632 ua·
2354 594 2437 634 *iii

1262 641 1334 662 tinus
1347 642 1408 671 erga
1430 634 1540 664 dietum
1562 635 1726 666 Dominum
1745 638 1885 668 summum
1905 639 2090 677 Pontificem,
2107 650 2136 670 ut
2154 641 2190 671 de
2228 651 2255 670 er
2266 650 2320 671 ona
2357 654 2418 681 124.

1264 670 1333 700 dieti
1352 658 1525 703 G‘las‘ruensis
1544 673 1676 712 Episcopi
1695 675 1760 705 velit
1776 676 1863 706 taliter
1886 677 2011 707 ordinare
2027 700 2036 714 ,
2062 679 2136 715 quod
2155 679 2189 709 ad
2234 678 2322 716 pisco-

1266 717 1362 746 patum
1377 709 1570 741 Glascuensem
1607 713 1679 743 unde
1702 714 1889 752 multipliciter
1912 715 2031 746 reddidit
2052 716 2078 745 se
2094 717 2243 753 indignum
2279 716 2325 747 vel

1265 748 1349 777 etiam
1363 748 1396 777 ad
1410 756 1510 779 terram
1526 760 1565 780 no
1590 761 1649 780 ram
1666 751 1788 790 Scotiae,
1807 761 1852 783 aut
1864 753 1930 784 alibi
1942 753 2013 784 infra
2027 754 2190 791 potestatem
2203 739 2326 786 nostram

1267 794 1324 814 non
1340 786 1431 816 redeat
1446 788 1638 825 quovismodo.

1307 822 1343 853 Et
1356 825 1449 863 quod,
1469 826 1570 856 eodem
1578 826 1708 858 Roberto
1722 838 1738 858 a
1752 829 1892 865 regimine
1905 828 2082 866 Glasguensis
2099 830 2234 860 Ecclesiae
2250 830 2332 860 abso-

1270 861 1329 891 luto
1353 862 1469 905 totaliter
1486 864 1520 894 &
1536 874 1633 896 amoto
1648 888 1657 903 ,
1683 865 1776 896 eidem
1794 867 1926 898 Ecclesiae
1943 867 1979 898 de
1996 867 2109 905 personfi
2127 868 2235 898 discreti
2253 869 2306 898 viri
2322 891 2333 906 ,

1272 901 1305 930 &
1325 901 1404 943 nobis
1421 902 1450 930 in
1469 901 1584 933 Christo
1601 904 1696 934 dilecti
1712 927 1721 940 ,
1747 904 1879 942 Magistri
1897 906 2028 943 Stephani
2044 906 2080 936 de
2097 906 2253 946 Seagrave,
2266 908 2334 945 juris

1274 937 1415 981 Caiionici
1438 938 1601 971 Professoris
1615 965 1624 978 ,
1648 942 1770 981 ejusdem
1793 942 1967 981 Glasguensis
1985 943 2116 975 Ecclesiae
2134 944 2244 975 Decani
2298 945 2332 975 &

1277 975 1382 1020 Clerici
1399 978 1483 1021 nostri
1499 979 1637 1010 familiaris
1658 982 1716 1024 (qui
1734 982 1875 1012 nobilitate
1891 984 1998 1018 generis
2014 1005 2024 1018 ‚
2049 993 2161 1013 morum
2178 967 2337 1021 honestate,

1277 1025 1311 1045 ac
1329 1014 1387 1044 aliis
1404 1025 1537 1048 Virtutum
1556 1020 1703 1055 praeconiis
1716 1041 1726 1057 ,
1745 1029 1806 1057 quae
1824 1020 1911 1057 ipsum
1929 1020 2046 1050 reddunt
2063 1023 2168 1051 merito
2186 1031 2338 1051 commen-

1282 1053 1423 1097 dandum,
1434 1055 1560 1097 'noscitur
1579 1056 1731 1094 insignitus)
1750 1057 1898 1095 dignetur,
1917 1057 1975 1089 Dei
1992 1059 2024 1089 δε
2041 1059 2126 1089 nostri
2142 1060 2256 1098 intuitu,
2275 1069 2340 1097 pr0⁴

1283 1091 1379 1123 videre
1394 1114 1404 1129 ,
1427 1094 1531 1130 jugiter
1546 1094 1643 1125 instare
1661 1095 1748 1126 velitis
1766 1105 1862 1127 amore
1880 1096 1981 1135 nostri,
1998 1097 2031 1128 &
2050 1105 2118 1127 cum
2133 1096 2260 1128 efficacia
2275 1106 2343 1136 pro-

1280 1140 1386 1160 curare.

1325 1168 1452 1198 Firmiter
1468 1171 1572 1200 etenim
1592 1170 1728 1201 credimus
1744 1171 1778 1202 δε
1795 1172 1929 1210 speramus
1946 1172 2043 1211 quod,
2061 1182 2109 1210 per
2122 1172 2201 1210 ipsius
2219 1174 2345 1204 circum-

1284 1206 1455 1244 spectionem
1473 1208 1506 1238 &
1525 1208 1684 1239 industriam
1699 1232 1710 1247 ,
1736 1220 1770 1240 ac
1787 1212 1946 1242 amicorum
1963 1211 2074 1246 suorum
2093 1212 2242 1248 potentiam
2256 1235 2266 1249 ,
2292 1220 2345 1249 pax

1286 1244 1377 1313 migra
1395 1246 1424 1275 in
1449 1247 1567 1283 partibus
1582 1247 1724 1285 praedictis
1745 1248 1852 1280 firmius
1868 1250 1901 1280 &
1925 1249 2111 1282 inviolabilisss
2136 1249 2343 1281 conservabitur

1285 1294 1315 1314 in
1364 1292 1433 1314 turo.

1326 1321 1386 1351 Vos
1405 1321 1513 1360 insuper
1537 1324 1701 1361 requirimus
1718 1335 1785 1356 cum
1802 1325 1906 1357 affedm
1921 1349 1931 1364 ,
1962 1326 2087 1364 quatinus
2105 1324 2197 1356 didios
2213 1325 2347 1356 Nuncios

1288 1359 1395 1391 nostros
1411 1362 1441 1390 in
1459 1361 1606 1398 praemissis
1623 1363 1656 1393 &
1673 1363 1806 1402 aliis,nos
1821 1365 1854 1395 δε
1872 1363 2006 1404 Regnum
2024 1364 2150 1394 nostrum
2163 1364 2349 1401 tangentibus,

1289 1398 1390 1428 habere
1406 1400 1505 1429 curetis
1518 1422 1527 1437 ,
1548 1399 1634 1430 nostri
1653 1402 1752 1432 intuitu
1766 1425 1776 1440 ,
1793 1402 1880 1433 taliter
1898 1402 2124 1440 commendatos,
2142 1402 2218 1440 quod
2233 1402 2346 1441 negotia

1288 1437 1318 1466 iii
1331 1436 1467 1475 personis,
1485 1438 1517 1468 &
1536 1440 1656 1476 personae
1672 1440 1701 1469 in
1720 1442 1840 1477 negotiis
1856 1451 1891 1472 eo
1909 1440 2016 1472 felicius
2031 1440 2226 1479 prosperentur.

1329 1511 1395 1543 Dat.
1413 1513 1485 1552 apud
1501 1514 1645 1554 Langele,
1666 1525 1710 1546 10.
1728 1516 1774 1546 die
1788 1516 1917 1556 Januarii.

1413 1589 1523 1621 Eodem
1539 1591 1628 1622 modo
1641 1591 1765 1623 scribitur
1781 1592 1973 1625 Cardinalibus
1986 1593 2155 1632 subscriptis,
2173 1595 2230 1625 viz.

1332 1669 1450 1696 Domino
1465 1669 1498 1696 R.
1537 1668 1645 1698 Sanstae
1664 1671 1766 1698 Mariae
1784 1672 1892 1709 Novae,
2022 1670 2041 1700 Ἰ

1331 1708 1446 1734 Domino
1461 1707 1491 1734 P.
1500 1706 1532 1735 de
1545 1705 1692 1746 columpna
1706 1709 1813 1737 Sanc‘lie
1825 1712 1952 1739 Romanae
1967 1711 2023 1739 Ec-
2037 1703 2044 1756 l
2060 1720 2106 1751 D·.
2136 1731 2154 1751 0
2177 1723 2182 1728 ·

1370 1743 1468 1784 fi
2035 1732 2196 1802 >aas

1333 1781 1570 1849 Dmmkalacobo
1589 1783 1620 1812 de
1637 1783 1780 1823 Columpna
1798 1787 1906 1816 Sanciae
1925 1789 2024 1817 Roma·
2042 1807 2047 1857 Ι
2064 1798 2144 1830 libus·

1373 1831 1415 1849 71ae
1463 1832 1487 1849 cc
1500 1833 1513 1849 e
1525 1832 1557 1849 1ae

1333 1861 1448 1888 Domino
1454 1863 1507 1888 Gui
1519 1844 1603 1888 lielssno
1611 1861 1706 1890 Sancti
1721 1860 1849 1892 Nicholai
1863 1865 1892 1892 in
1908 1859 2049 1894 Carcere.)

1337 1938 1453 1966 Domino
1472 1936 1504 1974 J.
1533 1935 1621 1965 Tituli
1640 1938 1797 1967 Sanc‘Iorum
1819 1937 1976 1970 Marcellini
1997 1938 2034 1976 ό·
2192 1967 2196 1972 ,
2241 1968 2246 1973 ,

1327 1976 1330 1982 ”
1345 1985 1363 1996 ir
1378 1976 1472 2012 1³01¹ri⁷
2036 1931 2065 2030 }
2105 1964 2261 2011 pse-Sblseslss

1341 2014 1457 2042 Domino
1476 2014 1506 2042 T.
1523 2011 1609 2042 Tituli
1625 2015 1734 2044 Sam‘lae
1749 2015 1865 2046 Sabine.
2068 2003 2269 2037 Cardinalibus.

1342 2092 1458 2120 Domino
1469 2090 1624 2120 Bertrando
1633 2089 1760 2133 Albienfi
1770 2092 1903 2133 Epifiopo,
1918 2093 2062 2202 Domini}

1404 2130 1486 2166 Papae
1503 2132 1668 2160 Camerario.

1345 2169 1462 2197 Domino
1479 2169 1513 2195 P.
1530 2166 1654 2206 Eptjlc'opo
1672 2166 1799 2199 Sabinen.

1467 2314 1517 2346 De
1538 2310 1710 2345 inhibitione
1729 2315 1939 2348 Torneamenti
1956 2315 2040 2363 apud
2053 2317 2230 2363 Staun'ford,

1315 2399 1449 2459 REX,
1462 2399 1575 2444 ,dilectis
1591 2401 1625 2432 &
1641 2400 1765 2445 fidelibus
1783 2401 1991 2448 suis,Gilbert0
2007 2405 2145 2451 deClare
2163 2405 2272 2438 Comiti
2286 2406 2381 2440 Glou-
2395 2409 2472 2442 Ann.
2483 2406 2525 2439 D.

1388 2439 1493 2482 cestriae
1509 2440 1542 2482 ὃς
1561 2438 1750 2483 Hertfordiae,
1768 2440 1925 2485 Hunisrido
1943 2441 2054 2475 Coi-niti
2077 2444 2217 2476 Hereford
2232 2446 2266 2477 &
2280 2445 2378 2486 Effex,
2424 2456 2509 2489 1309.

1318 2477 1350 2507 &
1371 2478 1481 2515 singulis
1498 2477 1555 2508 alus
1573 2476 1749 2516 Comitibus,
1767 2478 1918 2511 Batonibus
1943 2479 2099 2522 Militibus,
2112 2483 2146 2513 &
2164 2484 2295 2516 omnibus
2309 2485 2385 2524 aliis,
2400 2489 2526 2515 An.2.E.

1317 2515 1356 2546 ad*
1367 2516 1466 2585 instgp
1484 2515 1711 2555 Carniprivium,
1729 2517 1763 2547 ad
1779 2504 1984 2550 Torneancium
2003 2521 2076 2560 apud
2093 2521 2242 2553 Staunford
2259 2533 2386 2555 conven-
2400 2535 2427 2553 ι.

1321 2561 1402 2593 turis,
1457 2563 1541 2585 utem.
2400 2568 2458 2592 Par.
2479 2572 2504 2592 2.

1360 2592 1437 2625 Cum
1456 2603 1504 2631 per
1530 2599 1620 2623 totum
1635 2591 1778 2636 *Regnum
1797 2593 1924 2626 nostrum
1939 2596 2055 2640 publice
2073 2597 2238 2636 proclamari
2254 2621 2265 2639 ‚
2290 2599 2323 2631 ὅ(
2340 2599 2386 2631 fir-
2405 2606 2433 2630 Ε.
2444 2612 2469 2629 2.
2484 2607 2511 2638 p.

1322 2633 1402 2662 miter
1420 2631 1566 2662 fecerimus
1583 2630 1702 2661 inhiberi
1717 2654 1727 2670 ,
1753 2642 1788 2662 ne
1806 2634 1881 2672 quis,
1899 2634 2085 2674 cujuscunque
2102 2636 2186 2667 status
2202 2637 2246 2669 seu
2265 2638 2389 2671 conditi-
2408 2649 2476 2671 μη».
2489 2646 2530 2674 15.

1322 2671 1384 2700 onis
1398 2670 1508 2709 existat,
1522 2668 1572 2700 sub
1590 2668 1762 2700 forisfaaura
1776 2670 1926 2703 Terrarum
1946 2674 1979 2704 ὃς
1997 2674 2239 2707 Tenementorum
2249 2699 2259 2716 ,
2276 2677 2309 2708 &
2322 2686 2388 2708 om-

1324 2709 1403 2739 nium
1421 2709 1556 2747 aliorum,
1574 2717 1636 2745 quae
1654 2708 1734 2738 nobis
1751 2708 1909 2740 forisfacere
1940 2711 2040 2751 potiit,
2065 2721 2209 2752 torneare,
2236 2714 2386 2754 burdease,

1323 2747 1405 2785 justas
1422 2747 1677 2786 facere,aventuras
1695 2757 1832 2786 quaerere,
1852 2748 1895 2779 seu
1913 2750 2024 2788 aliquod
2042 2760 2129 2788 genus
2146 2751 2212 2783 faffi
2230 2753 2389 2784 Armorum

1326 2785 1438 2855 pepacle
1453 2809 1463 2825 ‚
1487 2794 1616 2816 exercere
1634 2785 1779 2823 praesumat
1802 2796 1917 2826 quoquo
1942 2791 2030 2819 modo
2045 2811 2055 2827 ,
2079 2789 2135 2821 sine
2158 2790 2253 2822 nostra
2274 2791 2389 2823 licenti&⁴

1356 2835 1415 2855 ecia
1426 2834 1451 2854 i:

1337 2835 1472 2901 pVobis,
1490 2862 1568 2900 super
1585 2860 1759 2892 forisfaehira
1776 2862 1912 2900 praedieta
1926 2887 1936 2903 ,
1962 2863 2076 2896 firmiter
2093 2866 2267 2904 injungendo
2281 2885 2291 2906 ,
2309 2876 2390 2898 man-

1327 2901 1441 2941 damus,
1458 2903 1494 2931 rie
1510 2902 1539 2930 in
1552 2900 1632 2930 dieto
1645 2901 1769 2930 termino
1782 2899 1964 2941 Carniprivii‚
1983 2903 2028 2934 seu
2042 2903 2105 2935 alias
2120 2905 2191 2942 apud
2206 2905 2313 2936 dietam
2328 2905 2392 2936 Vil-

1329 2941 1384 2971 lam
1398 2938 1646 2976 Staunfordiae,vel
1662 2938 1743 2981 alibi,
1755 2939 1823 2969 infra
1838 2940 1996 2980 Regnum,
2014 2950 2059 2972 aut
2073 2942 2236 2980 potestatem
2252 2943 2374 2975 nostram

1330 2988 1456 3010 torneare
1471 3002 1481 3017 ,
1507 2976 1657 3014 burdeare,
1670 2976 1753 3014 justas
1767 2977 1857 3008 facere
1872 3001 1882 3016 ‚
1905 2988 2044 3010 aventuras
2058 2991 2201 3025 quaerere,
2218 2981 2263 3013 seu
2282 2966 2394 3021 aliquod

1333 3027 1419 3056 genus
1436 3016 1504 3047 faeti
1523 3015 1675 3045 Armorum
1693 3014 1728 3045 de
1745 3025 1830 3059 pace,
1848 3025 1976 3048 exercere
1995 3019 2177 3059 praesumatis,
2195 3020 2336 3061 quousque
2349 3030 2397 3060 pet

1332 3066 1402 3096 nos,
1419 3057 1451 3087 &
1464 3054 1611 3086 consilium
1625 3052 1751 3084 nostrum
1764 3054 1830 3085 inde
1844 3054 1926 3087 fuerit
1940 3056 2112 3088 ordinatum.

1368 3131 1456 3165 Teste
1469 3131 1555 3170 Rege
1564 3128 1637 3168 apud
1652 3128 1830 3170 oudeford,
1847 3130 1969 3164 secundo
1983 3132 2028 3165 die
2041 3115 2188 3167 F‘ebmaffi.

1922 3211 1976 3240 Per
1992 3209 2075 3242 breve
2089 3212 2122 3243 de
2131 3215 2246 3251 privato
2263 3209 2362 3249 Sigillo.

1544 3347 1593 3379 De
1608 3344 1771 3378 dextrariis
1790 3349 1822 3378 in
1839 3344 2031 3379 Lumbardia
2049 3345 2186 3380 emendis.

1335 3429 1453 3489 REX
1473 3431 1605 3461 omnibus
1622 3430 1718 3461 amicis
1734 3431 1767 3462 &
1785 3430 1910 3462 fidelibus
1926 3429 1994 3468 suis,
2012 3429 2046 3460 ad
2084 3440 2149 3467 uos,
2166 3430 2227 3460 &c.
2243 3427 2384 3474 salutem..
2415 3431 2491 3465 Ann.
2506 3426 2547 3463 D„

1427 3469 1505 3500 Cum
1527 3469 1668 3499 mittamus
1687 3469 1803 3500 dilectos
1823 3470 1906 3499 nobis
1919 3491 1929 3506 ,
1947 3468 2044 3508 Bynde
2059 3440 2264 3512 gonaventure,
2281 3467 2315 3498 δε
2331 3467 2400 3512 Plfii-
2437 3480 2521 3512 ¹309·

1335 3508 1443 3547 lippum
1458 3507 1567 3537 fratrem
1583 3507 1678 3545 suum,
1699 3507 1733 3538 ad
1750 3517 1835 3545 partes
1853 3506 2032 3537 Lumbardiae
2066 3517 2118 3544 pro
2131 3515 2232 3543 viginti
2246 3507 2401 3545 dextrams,
2415 3515 2468 3539 Aa.
2494 3520 2521 3539 2.

1337 3548 1371 3577 &
1386 3547 1537 3577 duodecim
1552 3545 1702 3584 jumentis,
1721 3546 1827 3576 ibidem
1845 3544 1969 3574 emendis
1983 3567 1993 3583 ‚
2016 3555 2031 3575 a
2066 3555 2134 3583 opus
2151 3543 2298 3589 nostrum,
2316 3545 2349 3575 &
2368 3546 2401 3575 ad
2418 3554 2445 3577 Ε.
2467 3558 2494 3576 2.

1338 3595 1391 3615 nos
1415 3587 1444 3614 in
1469 3584 1605 3621 Angliam
1622 3584 1756 3615 ducendis
1771 3607 1780 3622 ,
1805 3592 1887 3622 prout
1910 3582 1972 3621 ipsis
1997 3593 2046 3621 per
2059 3592 2111 3613 nos
2128 3582 2235 3621 plenius
2251 3582 2291 3613 est
2307 3584 2401 3621 inJuii-
2413 3592 2471 3616 Par.
2484 3596 2509 3614 2.
2548 3626 2551 3627 ⁷

1338 3624 1426 3654 Cium.
2415 3630 2480 3654 Ea..
2507 3632 2550 3653 .1.

1379 3663 1398 3682 ³*
1420 3661 1477 3691 Vos
1501 3661 1609 3690 amicos
1634 3669 1762 3699 rogamus
1776 3682 1785 3698 ,
1816 3660 1898 3690 vobis
1922 3657 2047 3689 fidelibus
2065 3658 2247 3699 mandantes,
2276 3660 2402 3698 quatinus
2417 3675 2452 3692 m.
2474 3632 2515 3698 ιζ.

1342 3699 1476 3738 praefatis‚
1494 3697 1516 3727 Β
1536 3698 1606 3736 nde,
1623 3699 1668 3728 vel
1683 3697 1830 3736 Philippo,
1847 3697 1891 3727 seu
1904 3707 2001 3727 eorum
2018 3697 2199 3741 hominibus,
2216 3699 2245 3728 in
2260 3698 2356 3742 eundo
2365 3698 2400 3728 ad
2426 3703 2445 3722 ²*
2461 3703 2515 3730 111.

1341 3747 1427 3777 partes
1445 3707 1608 3775 praedl'etas,
1624 3737 1728 3767 ibidem
1745 3736 1902 3773 morando,
1918 3735 2067 3767 dextrarios
2079 3736 2112 3767 δε
2124 3736 2249 3774 jumenta
2270 3736 2406 3774 praediera
2424 3752 2433 3770 ι
2443 3749 2487 3777 ις,

1343 3775 1464 3807 emendo
1477 3797 1486 3812 ‚
1511 3775 1544 3805 &
1562 3785 1593 3804 ea
1610 3775 1644 3804 ad
1663 3785 1713 3805 nos
1731 3775 1760 3805 in
1780 3774 1914 3811 Angliam
1931 3773 2063 3804 ducendo
2077 3796 2087 3813 ,
2110 3784 2168 3804 non
2185 3775 2304 3804 inferatis
2318 3797 2329 3813 ,
2345 3774 2408 3814 seu,

1345 3823 1478 3853 quantum
1498 3814 1527 3842 in
1547 3813 1628 3842 vobis
1651 3812 1709 3851 est,
1726 3813 1761 3843 ab
1779 3812 1836 3842 aliis
1850 3811 1944 3842 inferri
1962 3813 2145 3851 permittatis,
2162 3813 2190 3842 in
2205 3812 2344 3852 personis,
2361 3822 2407 3845 aut

1344 3854 1423 3883 rebus
1440 3851 1489 3881 suis
1501 3874 1510 3890 ,
1537 3851 1683 3890 injuriam,
1702 3850 1859 3881 molestiam
1880 3873 1890 3889 ,
1903 3850 2059 3889 dampnum
2074 3873 2085 3888 ,
2107 3850 2343 3889 impedimentum
2357 3852 2407 3883 ali-

1345 3891 1421 3929 quod
1437 3889 1481 3919 vel
1499 3899 1666 3928 gravamen,
1679 3889 1716 3920 set
1739 3890 1777 3919 eis
1796 3887 1888 3926 potius
1905 3887 2009 3918 salvum
2031 3888 2064 3919 ὅτ
2087 3888 2212 3920 securum
2229 3889 2407 3921 conductum

1346 3930 1463 3965 habere,
1482 3926 1565 3957 nostri
1585 3929 1700 3966 intuitu,
1717 3926 1822 3958 faciatis
1862 3927 1988 3966 quotiens
2011 3936 2061 3964 per
2080 3927 2167 3966 ipsos,
2183 3927 2228 3960 vel
2246 3938 2343 3960 eorum
2358 3929 2406 3960 ali·

1347 3977 1447 4037 quiem,
1461 3966 1537 4010 super
1549 3966 1631 4036 gcoc'
1647 3975 1681 3998 ex
1700 3974 1774 4006 parte
1790 3949 1882 3997 nostra
1894 3964 1997 3996 fueritis
2009 3966 2138 4004 requisiti.

1401 4016 1419 4037 n
1438 4015 1532 4043 culuS,
1583 4013 1610 4036 c.

2368 4077 2422 4110 Per
