2570 4261
259 128 307 171 32

106 230 183 263 Ann.
198 231 239 262 D.

106 271 221 338 Εἷιίῗζῖ
262 295 417 343 Obligatio
446 296 533 339 Regis
562 292 720 337 Aragoniae
750 287 824 335 Regi
844 289 960 336 Angliae
977 287 1067 332 facila
1092 284 1174 333 quod
1192 283 1323 327 restituet

306 346 439 388 Principi
465 341 608 374 Salernit.
639 340 787 383 tringinta
813 338 902 370 milia
935 340 1125 370 Marcarum
1146 334 1238 380 pofita
1267 344 1322 378 per

305 396 415 437 Regem
432 390 547 436 Angliae
563 391 680 422 nominc
697 385 771 418 disti
786 388 932 432 Principis
949 389 980 418 in
992 384 1066 431 poffi·
1088 386 1175 429 Regis
1198 386 1321 427 Arago-

302 443 353 471 niae
365 438 547 484 supradic‘li.

102 539 155 563 An.
174 534 214 561 ¹6·
293 533 328 565 N
342 533 477 564 Nomine
492 531 617 564 Domini
631 532 736 563 Amen.
1300 563 1305 568 ¹

102 578 134 601 E·
157 583 179 600 1-
325 572 359 603 In
374 573 516 610 praesentia
531 573 604 610 mei,
623 571 741 602 Notarii
754 570 788 601 &
808 568 942 600 Testium
959 565 1195 602 subscriptorum,
1212 571 1321 602 magni-

102 615 133 638 L.
150 616 178 637 13-
188 609 213 647 f·
258 611 327 642 ficus
347 610 484 648 Princeps
504 610 650 641 Dominus
671 609 818 647 Alfonsus,
838 607 895 638 Dei
909 607 994 646 gratia
1009 604 1117 648 illustris
1131 603 1196 632 Rex
1211 601 1321 646 Arago-

101 651 138 683 96
165 652 237 675 Penes
257 651 328 688 niae‚
355 650 560 688 Majoricarum
580 650 614 680 ὃς
633 647 789 684 Valentiae,
805 656 839 677 ac
858 645 969 676 Comes
989 642 1158 673 Barchuion.
1184 641 1320 679 obligavit

99 690 234 715 Camerar.
259 689 304 728 se,
319 690 353 720 ὃς
367 688 506 726 haeredes,
524 688 570 718 seu
584 686 765 717 Successores
777 685 855 722 suos,
872 694 905 714 ac
921 691 1005 719 regna
1020 681 1063 711 sua
1073 703 1082 718 ‚
1100 690 1132 710 ac
1148 689 1249 710 omnes
1264 687 1321 708 ter-

255 738 298 758 ras
318 728 394 765 suaS,
418 728 451 757 δε
471 727 568 757 omnia
589 725 666 755 bona
685 724 748 762 sua,
770 722 923 762 magnifico
945 719 1084 757 Principi‚
1104 718 1239 761 Domino
1260 716 1321 747 Ed-

255 765 353 797 wardo
407 765 465 795 Dei
485 765 570 804 gratia
591 763 668 803 Regi
690 762 801 802 Angliae
819 760 915 792 illustri
929 784 937 797 ,
962 758 1097 789 Domino
1116 756 1265 786 Hiberniae
1285 757 1318 787 δε

253 803 335 835 Duci
355 788 532 841 Aquitaniae,
550 812 583 833 ac
600 802 678 832 bona
697 801 768 840 fide,
792 801 826 832 &
844 810 893 838 per
914 798 1090 835 solempnem
1110 795 1319 833 stipulationem

251 842 380 882 promisit
394 841 503 879 eidem,

293 880 386 919 Qiod
399 880 456 918 ipse
471 879 537 910 Rex
552 878 705 917 Aragoniae
717 878 805 909 libere
817 877 884 907 &in
893 885 978 913 pace,
987 884 1019 904 ac
1028 873 1085 904 sine
1092 872 1318 903 contradidiione

251 920 375 958 qualibet
390 919 515 949 restituet
535 919 652 958 egregio
668 919 743 955 viro,
762 916 896 946 Domino
911 914 1036 951 Karolo,
1055 912 1179 949 Principi
1198 911 1319 941 Salerni-

250 966 335 996 tano,
353 957 399 989 vel
422 957 581 988 haeredibus
602 957 654 988 suis
676 957 787 995 triginta
807 954 894 984 millia
911 952 1075 983 Marcarum
1089 951 1211 990 argenti,
1229 950 1317 987 posita

250 1007 302 1035 per
315 997 405 1035 ipsum
421 995 535 1036 Regem
552 996 679 1036 Angliae,
697 995 816 1025 nomine
831 993 900 1023 dicti
914 991 1070 1029 Principis,
1087 990 1116 1019 in
1133 989 1213 1027 poffe
1227 989 1317 1027 Regis

247 1036 402 1075 Aragoniae
415 1035 563 1074 supradiffi
569 1058 579 1073 ,

288 1074 447 1112 Postquam
468 1074 558 1104 dietus
579 1073 713 1110 Princeps
732 1072 760 1101 in
777 1069 857 1109 posse
876 1069 943 1100 diiii
965 1069 1053 1107 Regis
1070 1066 1219 1106 Aragoniae
1233 1065 1316 1096 tradi-

249 1112 322 1144 derit
339 1113 506 1144 Dominum
521 1112 680 1149 Karolum,
700 1110 920 1151 primogenitem
933 1108 1031 1144 suum,
1044 1107 1076 1136 &
1088 1114 1215 1148 treugam
1230 1106 1316 1135 trium

252 1152 405 1183 Annorum
420 1152 435 1181 {1
449 1151 629 1182 sacrosancta
644 1150 779 1179 Romana
792 1147 934 1184 Ecclesia,
953 1147 986 1177 δε
1001 1146 1016 1175 a
1032 1144 1190 1183 Nlagniiico
1204 1143 1316 1174 Princi-

247 1201 305 1230 pe,
323 1191 460 1221 Domino
481 1190 632 1228 Philippo,
649 1188 708 1218 Dei
728 1188 829 1227 gratia,
848 1185 931 1224 Rege
953 1185 1129 1226 Francorum
1150 1182 1265 1221 illustri,
1283 1192 1316 1213 ac

249 1231 364 1269 egregio
376 1231 455 1267 viro,
475 1228 610 1259 Domino
627 1226 755 1265 Katolo,
771 1225 854 1256 fratre
868 1224 916 1254 suo
926 1248 934 1262 ,
953 1224 986 1254 &
999 1222 1163 1253 valitoribus
1179 1221 1315 1260 ipsorum,

249 1268 323 1299 infra
337 1268 438 1299 decern
455 1267 582 1304 Menses,
601 1267 617 1296 a
628 1266 674 1297 die
689 1265 743 1295 suae
757 1264 926 1294 liberationis
946 1259 1170 1299 computandos,
1188 1261 1221 1291 δε
1239 1260 1316 1290 secu-

252 1308 362 1337 ritatem
384 1308 419 1337 ab
443 1306 496 1344 ipsa
516 1306 650 1336 Romana
670 1303 811 1341 Ecclesia,
829 1301 899 1332 infra
914 1301 1052 1338 Annum,
1069 1299 1086 1329 a
1097 1298 1143 1329 die
1155 1298 1240 1329 dict-z
1263 1299 1317 1329 suae

249 1345 420 1375 liberationis
435 1344 660 1381 numerandum,
677 1342 884 1380 impetraverit,

291 1384 346 1413 Vel
361 1383 417 1421 ipse
430 1383 566 1421 Princeps
580 1383 614 1412 ad
629 1382 784 1412 Carcerem
797 1379 866 1409 dic‘ti
884 1378 969 1417 Regis
983 1376 1040 1407 Ara
1059 1377 1152 1415 oniae,
1170 1376 1215 1407 vel
1230 1376 1319 1406 haere-

253 1421 324 1452 dum
339 1422 469 1460 suorum,
489 1422 614 1459 redierit,
634 1428 718 1458 prout
732 1421 761 1449 iii
775 1418 931 1455 Tradiatii,
949 1415 1022 1453 apud
1069 1416 1197 1445 leronem
1211 1415 1320 1453 habito,

251 1470 285 1490 ac
302 1462 330 1490 iii
345 1461 601 1498 conventionibus,
620 1459 699 1497 super
714 1459 765 1488 hiis
778 1457 885 1494 scriptis
902 1464 988 1485 manu
1003 1455 1060 1484 mei
1073 1454 1237 1491 infrascripti
1250 1453 1320 1483 No-

253 1501 329 1537 rarii,
348 1499 455 1536 plenius
469 1500 649 1536 continetur,
668 1500 701 1529 ὃς
716 1497 860 1533 securitas,
872 1495 918 1525 seu
933 1493 1070 1532 obligatio
1083 1492 1252 1532 septuaginta
1266 1492 1321 1522 mi-

250 1538 320 1568 lium
346 1538 512 1568 Marcarum
533 1538 656 1576 argenti,
674 1536 746 1566 facta
767 1533 861 1564 eidem
883 1533 958 1571 Regi
972 1531 1122 1570 Aragoniae
1138 1542 1186 1575 per
1203 1530 1321 1569 praedic-

251 1584 312 1607 tum
326 1576 440 1616 Regem
450 1574 577 1614 Angli-ae,
588 1586 642 1613 pro
657 1574 874 1613 complemento
887 1571 932 1602 seu
947 1571 1090 1601 securitate
1102 1580 1236 1601 omnium
1249 1579 1322 1607 pra:-

249 1615 395 1646 dict01·u1n
410 1615 441 1646 sit
456 1614 565 1653 penitus
578 1614 710 1644 absoluta.

290 1653 382 1693 Item,
400 1653 556 1684 Praedierus
568 1653 634 1683 Rex
652 1652 801 1690 Aragoniae
814 1649 952 1687 obligavit
966 1648 993 1679 se
1009 1647 1090 1678 simili
1106 1647 1213 1686 modo,
1231 1655 1262 1678 ut
1276 1647 1319 1678 su-

250 1703 300 1731 pra
311 1694 477 1732 exprimitur
491 1694 524 1724 &
536 1692 613 1722 bona
629 1690 701 1729 fide,
719 1700 752 1721 ac
767 1699 815 1728 per
827 1689 1003 1725 solempnem
1020 1686 1227 1724 stipulationem
1250 1695 1317 1726 pro—

251 1731 326 1762 misit
341 1731 434 1762 eidem
450 1731 525 1770 Regi
542 1730 671 1769 Anglize,
688 1728 765 1768 quod
801 1727 880 1758 dicio
903 1726 1035 1763 Principe
1057 1724 1208 1764 redeunte,
1249 1735 1317 1756 uan-

251 1780 372 1809 tumque
392 1771 463 1800 infra
484 1769 636 1807 praeditios
657 1768 760 1799 decem
774 1752 907 1804 Menses,
924 1764 959 1795 ad
973 1763 1128 1796 Carcerem
1143 1763 1212 1794 dieti
1260 1765 1317 1803 egis

251 1809 421 1848 Aragoniae,
436 1809 574 1846 praedicto
589 1808 780 1851 primogenito
795 1805 845 1835 suo
859 1804 978 1842 tradito,
991 1804 1037 1834 vel
1050 1813 1110 1833 non
1125 1802 1316 1841 tradit0,0m-

253 1850 299 1877 iiia
311 1847 504 1886 restituantur,
522 1856 579 1877 tam
594 1856 727 1885 pecunia,
747 1845 831 1883 quam
847 1843 968 1874 obsides:
990 1843 1023 1873 ὅ(
1038 1852 1140 1873 omnes
1160 1841 1317 1872 securitates

250 1888 285 1918 &
305 1887 504 1926 obligationes,
523 1885 602 1924 super
625 1885 728 1916 eisdem
752 1882 912 1920 confeeiae,
931 1880 1016 1911 nullae
1036 1881 1088 1911 sint
1106 1881 1140 1912 &
1160 1881 1244 1911 irritae
1257 1880 1316 1918 ipso

253 1925 346 1964 fasio3
365 1927 398 1956 ὃς
419 1925 515 1964 quod,
530 1925 611 1955 dicio
630 1925 757 1962 principe
778 1921 903 1953 tradente
924 1919 1035 1950 dierum
1049 1919 1129 1950 suum
1144 1919 1239 1957 primo
1259 1920 1317 1949 eiii-

248 1974 327 2002 tuni‚
348 1964 416 1994 infra
431 1964 581 2002 praedicffos
593 1963 696 1994 decem
710 1960 839 1999 Menses,
857 1959 1013 1990 restituatur
1022 1958 1072 1996 ipsi
1092 1957 1218 1997 Principi
1269 1967 1316 1997 ey-

250 2003 373 2033 niundus
388 2003 544 2042 Bereiigarii
558 2002 628 2032 filius
642 2002 712 2032 suus.

290 2042 362 2072 ltem
373 2066 381 2079 ‚
400 2041 528 2079 praefatus
543 2041 609 2072 Rex
625 2040 777 2078 Aragoniae
790 2039 816 2069 se
831 2037 911 2068 simili
926 2035 1033 2074 modo,
1049 2046 1109 2075 quo
1128 2035 1224 2075 supra,
1242 2035 1317 2066 obli-

251 2082 326 2120 gavit
348 2080 441 2111 eidem
462 2080 535 2119 Regi
558 2080 685 2125 Angliae,
703 2080 737 2110 δε
755 2078 806 2108 suis
821 2075 994 2114 haeredibus,
1013 2074 1181 2118 quodaeipse‚
1199 2075 1318 2112 receptis

250 2119 395 2150 obsidibus
416 2119 452 2149 de
473 2119 643 2156 Provincia,
664 2119 721 2148 sive
742 2126 792 2154 per
815 2124 919 2146 terram
934 2115 1066 2153 veniant,
1083 2116 1140 2144 live
1152 2123 1201 2151 per
1216 2112 1317 2152 Mare,

250 2158 376 2188 restituet
392 2157 485 2188 statim
502 2157 609 2194 libere,
627 2158 660 2187 &
674 2155 778 2193 absque
790 2154 872 2185 omni
886 2155 904 2172 '¹‘
922 2152 1072 2191 dilatione,
1091 2151 1317 2183 contradidtione

250 2197 285 2228 &
300 2197 485 2234 exceptione,
502 2205 604 2226 omnes
618 2195 651 2226 ὃ(
668 2193 789 2233 singulos
802 2190 929 2230 Obsides,
946 2190 1052 2230 positos
1065 2200 1114 2229 per
1129 2190 1242 2229 Regem
1256 2190 1317 2221 Ari-

247 2235 315 2273 gliae
336 2235 541 2272 supradictum,
559 2234 629 2264 sicut
648 2233 684 2263 de
705 2232 846 2270 praedistis
864 2231 1016 2268 omnibus,
1034 2230 1062 2259 in
1084 2228 1221 2267 Capitulis
1233 2227 1316 2260 Con-

246 2275 416 2306 ventionum
431 2297 441 2312 ,
478 2273 611 2303 fadiaram
633 2272 712 2310 super
734 2271 901 2300 liberatione
921 2269 1001 2306 ipsius
1023 2267 1182 2306 Principis,
1208 2267 1316 2306 plenius

249 2314 428 2349 continetur,
441 2321 501 2341 non
515 2312 645 2342 obstante
660 2309 741 2348 quod
756 2308 847 2338 dietus
861 2307 995 2344 Princeps
1007 2316 1067 2336 non
1078 2306 1245 2344 adimpleret
1259 2306 1317 2337 Ca-

249 2352 389 2390 pitulum,
407 2350 487 2387 super
503 2349 579 2380 facto
600 2348 761 2386 Obsidum,
782 2347 816 2378 &
836 2344 1004 2386 Syndicatsis
1027 2344 1176 2383 Mass'iliae,
1195 2346 1223 2375 in
1243 2355 1315 2383 prae-

247 2391 330 2421 distis
355 2389 604 2420 Conventionibus
628 2385 875 2425 conprehensum,
901 2384 971 2415 sicut
993 2383 1052 2414 hoc
1075 2385 1159 2414 etiam
1179 2384 1315 2422 excipitur

246 2430 276 2460 in
299 2428 423 2468 quodam
444 2427 498 2457 alio
517 2427 634 2468 publico
656 2426 862 2462 instrumento,
882 2423 1006 2461 ipsorum
1029 2421 1146 2460 Regum
1160 2421 1315 2459 sigillorum

248 2469 409 2499 munimine
424 2467 578 2504 roborato,
597 2475 650 2503 pro
664 2465 804 2503 praedietis
818 2471 914 2493 autem
929 2460 1064 2492 omnibus
1077 2462 1111 2492 ὃς
1124 2461 1234 2500 singulis
1247 2460 1316 2491 fide-

247 2507 308 2538 liter
322 2508 354 2538 &
371 2505 566 2537 inviolabiliter
579 2503 778 2542 adimplendis,
796 2501 887 2532 dictus
903 2500 969 2530 Rex
984 2499 1133 2539 Aragoniae
1147 2500 1175 2529 iri
1190 2500 1315 2530 animam

246 2547 322 2577 suarii
331 2568 340 2583 ,
359 2555 408 2583 per
422 2543 549 2574 nobilem
563 2543 730 2574 Gilbertum
744 2541 781 2572 de
795 2539 941 2577 CrudiliiS,
957 2537 1080 2578 praestari
1091 2538 1176 2576 fecit,
1194 2538 1229 2569 ad
1245 2538 1314 2570 San-

245 2585 292 2616 &a
306 2584 365 2615 Dei
378 2582 542 2622 Evangelia,
557 2583 769 2620 juramentum,

285 2623 339 2661 Et,
357 2622 391 2652 ad
412 2624 550 2660 majorem
571 2620 727 2657 cautelam,
744 2618 815 2648 infra
829 2617 922 2655 scripti
936 2615 1062 2646 Nobiles
1074 2615 1107 2646 &
1123 2614 1232 2646 Milites
1244 2615 1314 2646 dieii

248 2661 338 2700 Regis
357 2661 507 2699 Aragonioe
527 2658 690 2697 praesentes,
709 2658 826 2695 quilibet
847 2657 875 2685 in
888 2656 999 2693 propria
1043 2654 1155 2691 ersona,
1172 2655 1206 2685 &
1229 2654 1314 2685 infra-

246 2701 340 2738 scripti
354 2699 470 2738 Syndic'i
482 2698 707 2728 Communitatis
718 2695 835 2734 jaccae,
853 2695 881 2723 in
896 2695 999 2722 animas
1032 2702 1095 2729 uaS,
1110 2692 1143 2735 ὃς
1165 2693 1194 2721 in
1207 2694 1313 2723 animas

246 2740 400 2770 hominum
417 2736 643 2768 Communitatis
656 2734 753 2773 ipsius,
765 2733 800 2763 ad
815 2733 874 2762 hoc
890 2730 1053 2762 faciendum
1068 2729 1184 2768 speciale
1197 2731 1313 2762 manda-

244 2786 306 2809 tum
328 2778 477 2814 habentes,
495 2775 574 2806 taCtis
595 2772 773 2805 sacrosanctis
796 2770 971 2809 Evaiigeliis,
991 2769 1115 2800 similiter
1131 2769 1312 2808 juraverunt,

245 2817 342 2854 quod,
357 2815 504 2852 videlicet,
523 2824 566 2852 er>
600 2813 690 2851 ipsum
707 2811 822 2851 Regem
837 2809 987 2848 Aragoniae
1001 2807 1118 2838 fideliter
1129 2807 1211 2838 faciet
1232 2808 1313 2846 posse

245 2856 345 2894 suum,
369 2853 447 2893 quod
465 2853 521 2890 ipse
574 2861 608 2882 ex
629 2851 781 2890 Aragoniae
803 2848 900 2879 omnia
920 2848 954 2879 δε
976 2846 1080 2886 singula
1095 2845 1212 2877 fideliter
1227 2857 1312 2878 com-

245 2894 332 2932 pleat,
352 2903 415 2931 quae
428 2892 549 2929 superius
563 2891 765 2928 exprimuntur.

284 2932 415 2962 Promisit
430 2932 513 2960 etiam
528 2929 619 2960 didius
631 2929 697 2958 Rex
711 2926 876 2965 Aragoniae,
897 2924 946 2954 sub
961 2923 1090 2962 praedieti
1109 2923 1227 2954 vinculo
1237 2924 1312 2962 jura-

248 2971 357 3009 menti,
374 2971 407 3001 &
428 2968 454 2998 se
475 2967 568 2998 eidem
589 2967 665 3006 Regi
687 2965 798 3004 Angliae
811 2964 952 3001 similiter,
971 2962 1092 3001 utsupra
1105 2962 1224 3001 legitur,
1238 2963 1312 2993 obli-

246 3010 340 3048 gavit,
359 3007 436 3046 quod
455 3006 538 3036 faciet
561 3007 595 3037 &
615 3005 778 3043 procurabit
798 3002 894 3040 quod,
912 3002 981 3032 infra
1002 3010 1057 3031 tres
1071 3000 1195 3039 menses,
1213 3001 1229 3030 {i
1249 3001 1311 3032 data

246 3047 388 3085 praesentis
400 3046 492 3082 scripti
506 3043 709 3082 numerandos,
727 3042 891 3081 infrascripti
905 3040 1025 3071 Baiones
1039 3040 1073 3071 &
1088 3038 1195 3070 Milites
1208 3039 1247 3071 sui
1261 3041 1311 3072 ab-

244 3086 348 3125 sentes,
365 3083 494 3116 videlicer
500 3106 510 3121 ,

98 2149 232 2188 ‘11333-

243 3174 356 3202 Domini
375 3174 488 3202 Pontius
506 3174 595 3200 comes
610 3171 758 3208 Empuria-
797 3167 931 3197 Geraldus
944 3168 976 3197 de
990 3164 1161 3205 Cambone,

283 3222 359 3248 rum,
797 3209 941 3236 Eximinus
956 3206 987 3235 de
1001 3209 1092 3243 Urea,

242 3249 452 3287 Ermengandus
466 3252 554 3277 Comes
570 3244 703 3282 Urgellen.
795 3245 938 3274 Artaldus
954 3246 985 3274 de
1002 3247 1104 3281 Luna,

243 3289 411 3318 Rermuudus
448 3286 569 3317 Fulconis
609 3288 637 3315 V
638 3289 755 3314 icecomes
795 3286 887 3322 Lupus
902 3282 1033 3313 Fertench
1046 3283 1078 3312 de
1093 3284 1176 3311 Luna
1184 3305 1195 3320 ,

279 3325 421 3364 'Cas-done,
795 3322 878 3351 Atho
893 3323 924 3351 de
938 3321 1065 3359 Facibus,
1083 3318 1122 3354 &-

242 3365 392 3395 Guilelmus
406 3365 438 3394 de
452 3361 630 3401 Angularia,
795 3363 922 3391 Sanfflus
936 3370 968 3390 ae
982 3359 1146 3397 Ancilione,

243 3405 382 3434 Germ-dus
395 3404 427 3433 de
441 3405 576 3441 Capraria
584 3424 595 3439 ,

282 3480 413 3518 Qilibet
432 3489 551 3517 eorum,
568 3479 598 3508 in
619 3479 722 3508 animas
742 3477 815 3517 suas,
832 3477 942 3515 propria
960 3475 1090 3514 persona,
1108 3475 1142 3506 &
1158 3473 1306 3505 Commu-

242 3517 339 3547 nitates
359 3519 464 3549 Oscen.
488 3517 606 3549 Ilerden.
634 3516 803 3546 Barchinon.
829 3517 862 3546 &
882 3515 1048 3545 Gerunden.
1076 3512 1253 3551 Civitatum,
1271 3523 1304 3543 ac

245 3554 402 3594 Cervariae,
422 3558 536 3587 Montis
550 3556 623 3594 albi,
642 3557 675 3586 &
696 3555 777 3585 Villae
801 3555 932 3592 Francae,
951 3564 1000 3590 per
1024 3552 1180 3591 Syndicos,
1198 3553 1227 3581 in
1247 3552 1306 3581 ani-

244 3602 304 3622 mas
321 3595 473 3626 hominum
492 3595 631 3625 <licitarum
653 3592 921 3630 Communitatum,
940 3593 974 3623 δε
997 3593 1081 3622 etiam
1095 3590 1219 3630 ipsorum
1231 3589 1303 3630 Syn-

243 3630 375 3662 dicorum
390 3658 398 3670 ,
420 3634 589 3673 praestabunt
635 3631 669 3662 ad
691 3632 793 3662 SanCta
815 3631 872 3661 Dei
894 3629 1042 3669 Evangelia
1056 3653 1066 3668 ,
1088 3630 1304 3667 juramentum,

243 3668 323 3706 quod
344 3671 462 3701 similiter
476 3695 485 3710 ,
507 3681 570 3711 erga
589 3656 702 3701 d'ietum
720 3670 834 3709 Regem
857 3669 897 3699 Ar
931 3671 1006 3698 oniae
1019 3692 1028 3706 ,
1062 3667 1180 3697 fideliter
1200 3667 1304 3696 facient

245 3706 326 3750 posse
341 3708 418 3738 suum
433 3710 465 3740 &
478 3720 594 3746 operam
607 3710 731 3746 dabunt,
744 3708 822 3747 quod
837 3708 892 3747 ipse
937 3717 971 3738 ex
984 3707 1134 3746 Aragoniae
1145 3706 1245 3735 omnia
1257 3705 1302 3735 su-

245 3745 370 3785 pradi&a
383 3746 496 3777 fideliter
507 3749 686 3788 adimplebit,

268 3783 323 3826 'Et
342 3784 420 3819 quod
438 3785 512 3822 hoc,
530 3787 600 3815 infra
620 3786 697 3816 idem
717 3793 829 3822 tempus
847 3785 933 3814 trium
956 3783 1112 3820 mensium,
1137 3781 1196 3811 dari
1218 3780 1302 3810 faciet

244 3820 325 3851 dicto
339 3820 414 3859 Regi
430 3822 538 3858 Angliae
554 3825 700 3861 publicum
713 3823 933 3853 instrumentum
947 3824 1021 3852 circa
1034 3821 1228 3852 liberationem
1247 3818 1302 3848 ob-

245 3859 353 3897 sidum,
373 3869 421 3896 per
437 3860 601 3896 praedictum
615 3862 729 3901 Regem
744 3861 858 3898 Angliae
870 3861 1052 3898 traditorum,
1070 3860 1104 3890 &
1118 3868 1167 3896 per
1189 3857 1302 3886 dicium

245 3897 644 3940 Priiicipemltradendorum‚
662 3903 690 3930 in
711 3900 817 3930 casibus
838 3900 866 3928 iri
891 3900 990 3935 quibus
1009 3898 1119 3928 liberari
1139 3895 1303 3931 debebunt,

245 3945 330 3973 prout
343 3944 503 3965 continetur
517 3945 545 3963 in
558 3939 794 3968 conventionibus
807 3936 977 3973 supradietis.

283 3973 412 4003 Promisit
426 3974 459 4004 &
472 3980 579 4003 tenetur
595 3974 668 4003 idem
684 3976 747 4006 Rex
765 3976 821 4006 Ara
840 3976 915 4005 oniae
929 3974 1008 4012 quod
1023 3972 1173 4010 custodes,
1191 3971 1240 4009 qui
1255 3979 1303 4001 ex-

243 4021 321 4060 nunc
344 4011 518 4047 statuuntur,
533 4011 566 4041 δε
587 4021 658 4049 quos
677 4015 794 4052 mutari,
821 4024 856 4044 eu
878 4013 1036 4052 subrogari,
1061 4009 1304 4051 quotienscunque

716 99 1523 149 CONVENTIONES,
1577 99 1961 152 LITERAE,

1364 187 1532 231 contigerit,
1550 187 1585 217 ad
1597 187 1757 219 custodiam
1769 187 1901 219 obsidum
1923 184 2145 224 praedictorum,
2160 183 2195 216 &
2218 182 2367 217 castellani
2381 186 2425 217 lo-
2442 184 2518 216 Ann.
2532 180 2567 219 D.

1363 234 1484 268 corum,
1502 233 1532 255 in
1545 227 1646 264 quibus
1659 227 1811 257 Castellani
1823 226 1954 264 fuerunt,
1974 224 2091 262 quilibet
2111 232 2233 261 eorum,
2251 232 2339 254 manu
2357 235 2424 263 pro·
2463 225 2549 256 12880⁴

1366 273 1441 307 pria,
1460 265 1493 294 &
1508 265 1536 293 in
1549 266 1654 295 animas
1668 266 1740 308 suas²
1758 266 1792 296 ὃς
1806 264 2037 295 Communitates
2049 261 2207 292 Civitatum
2227 261 2274 291 seu
2292 261 2427 295 locorum
2442 266 2508 292 Edv.
2531 273 2556 293 ι.

1363 301 1502 346 aliorum,
1521 302 1570 332 ubi
1589 303 1658 333 dieti
1680 303 1790 334 obsides
1807 302 2018 339 custodientur,
2033 310 2083 339 per
2105 299 2260 339 Syndicos‚
2280 300 2310 329 in
2323 302 2428 333 animas

1363 339 1517 383 hominum
1532 339 1786 373 Communitatum
1800 341 1846 372 seu
1858 342 1992 372 locorum
2004 339 2177 379 hujufinodi,
2189 339 2322 376 jurabunt
2335 339 2370 369 ad
2384 350 2428 370 re-

1362 381 1544 415 quisitionem
1564 379 1768 417 praedictorum
1784 399 1796 418 ,-
1820 379 1898 418 quod
1922 378 2046 409 similiter
2060 402 2070 416 ,
2091 387 2157 417 erga
2175 377 2287 408 dietum
2309 376 2427 417 Regem

1362 416 1532 455 Aragoniae,
1550 418 1596 447 vel
1607 418 1731 449 liaeredes
1747 418 1809 449 suos
1844 418 1950 449 facient
1964 416 2044 455 posse
2058 416 2139 447 suum
2173 417 2207 447 &
2222 416 2261 446 eis
2275 415 2426 453 publicum

1361 454 1398 498 de
1411 455 1468 499 hoc
1482 454 1588 498 dabunt
1603 457 1637 487 &
1660 457 1763 487 facient
1781 442 2018 493 instrumentum,
2037 454 2115 493 quod
2134 439 2205 484 <sicii
2224 454 2352 493 oblides,
2369 455 2427 487 sine

1358 493 1492 537 dilatione
1507 494 1597 537 aliqua
1611 495 1657 524 vel
1669 495 1912 533 contradictione,
1928 494 2121 524 liberabuntur
2134 494 2163 522 in
2184 492 2289 523 casibus
2311 494 2339 523 iri
2360 495 2425 531 qui-

1361 530 1413 561 bus
1430 532 1542 575 liberari
1558 532 1722 576 debebunt,
1741 542 1827 572 prout
1847 535 1877 563 in
1899 532 2142 564 conventionibus
2155 531 2235 569 super
2249 531 2307 563 hoc
2321 532 2426 564 habitis

1358 569 1468 607 plenius
1483 580 1655 601 continetur.

1381 608 1544 653 *Caeterum
1558 610 1715 647 praelibatus
1735 609 1801 640 Rex
1823 610 1974 650 Aragoniae
1992 608 2136 648 promisit,
2152 608 2230 638 bona
2251 606 2322 646 fide,
2340 609 2374 640 &
2394 609 2422 641 st:

1358 645 1438 690 disto
1460 647 1535 687 Regi
1555 648 1682 687 Angliae,
1700 649 1750 678 sub
1773 648 1882 687 modo,
1900 659 1960 686 quo
1980 649 2101 686 superius
2116 647 2295 685 exprimitur,
2312 647 2423 686 obliga-

1358 694 1416 728 yit,
1434 696 1494 716 non
1512 696 1627 723 tangere
1651 698 1700 726 per
1717 687 1760 725 se,
1777 687 1825 718 vel
1842 697 1891 725 per
1909 687 2013 726 alium,
2027 687 2074 717 seu
2087 686 2172 723 alios,
2190 694 2245 715 nec
2259 685 2427 725 expendere*

1359 733 1387 752 iri
1404 733 1510 762 partem
1519 748 1529 764 ,
1547 725 1594 754 vel
1607 726 1635 755 in
1650 735 1744 757 torum
1753 750 1762 764 ,
1779 735 1834 756 nec
1847 726 2011 763 permittere
2025 724 2145 763 expendi
2159 724 2203 754 illa
2214 725 2326 755 trivinta
2345 724 2422 755 milia

1358 763 1525 807 Marcarum
1538 765 1660 808 argenti,
1678 775 1743 802 quae
1759 764 1846 802 posita
1859 764 1922 794 sunt
1936 764 1970 794 &
1984 772 2126 801 ponentur
2146 763 2175 793 in
2195 748 2275 801 posse
2294 762 2344 793 suo
2367 773 2422 803 pro

1355 802 1544 845 securitatibus
1557 804 1686 844 -luperlus
1706 803 1861 840 annotatis,
1879 802 1974 833 donec
1994 801 2083 835 essent
2101 801 2153 831 sibi
2173 801 2246 832 forte
2259 801 2365 832 incursa
2387 803 2422 833 &

1359 841 1528 879 commista,
1548 842 1618 870 licut
1641 841 1669 870 in
1691 839 1829 878 Capitulis
1848 840 2088 871 Conventionum
2101 839 2298 877 praedictarum
2312 840 2422 878 plenius

1356 881 1535 917 continetur,
1554 879 1604 916 &,
1623 879 1656 909 ad
1671 879 1729 910 hoc
1750 879 1958 910 observandum
1995 878 2072 908 idem
2094 877 2160 908 Rex
2180 878 2333 915 Aragoniae
2352 879 2421 910 fecit

1357 918 1575 962 nichilominus,
1595 919 1624 947 in
1638 919 1762 948 animam
1777 918 1871 955 suam,
1889 927 1938 956 per
1955 902 2066 948 (sisium
2087 917 2216 948 nobilem
2235 917 2420 956 Gilbertum‚

1356 956 1497 995 praestari,
1515 956 1549 986 ad
1563 956 1666 986 Sandia
1678 956 1738 987 Dei
1750 956 1919 996 Evangelia,
1933 956 2135 994 juramentum.

1394 995 1525 1027 Praefatas
1545 1003 1639 1025 autem
1660 994 1879 1026 Conventiones
1898 1004 1999 1025 omnes
2020 994 2054 1024 &
2073 993 2190 1032 singulas
2210 994 2339 1031 praefatus
2353 995 2420 1026 Rex

1357 1033 1508 1079 Aragoniae
1522 1033 1655 1102 promisit
1674 1033 1879 1072 praesentialiter
1897 1033 1992 1064 facere
2004 1056 2014 1070 ,
2039 1033 2181 1063 attendere
2204 1033 2238 1062 &
2256 1033 2420 1072 observare,

1356 1082 1415 1103 tarn
1429 1073 1509 1104 disto
1554 1081 1598 1111 egi
1613 1072 1742 1112 Angliae,
1760 1073 1848 1111 quam
1859 1071 1983 1112 Principi
1996 1079 2176 1108 memorato,
2208 1071 2313 1102 raesenti
2326 1073 2359 1103 δε
2374 1083 2418 1103 re-

1355 1113 1469 1150 cipienti
1489 1110 1707 1149 promissionem
1726 1111 1892 1150 mamistam
1914 1120 1968 1149 pro
1986 1108 2029 1148 se,
2052 1109 2085 1141 &
2104 1109 2163 1139 haer
2203 1110 2263 1140 ‘bus
2284 1110 2352 1149 suis,
2374 1111 2419 1142 so—

1354 1150 1462 1189 lempni
1477 1150 1656 1188 stipulatione
1669 1149 1817 1189 praemissa.

1392 1227 1412 1247 ⁷*
1432 1227 1566 1259 Nomina
1584 1238 1654 1259 vero
1675 1227 1852 1267 praesentium
1870 1226 2046 1263 Nobilium,
2072 1224 2202 1257 Militum
2223 1227 2257 1258 &
2279 1225 2420 1266 Syndico-
2436 1232 2457 1254 ἢ
2468 1236 2494 1264 11
2509 1235 2567 1273 384«

1359 1276 1441 1306 rum,
1460 1268 1508 1305 qui
1519 1268 1698 1306 juraverunt,
1716 1276 1802 1305 prout
1815 1266 1936 1304 superius
1949 1264 2108 1307 declaratur
2109 1287 2120 1304 ,
2133 1264 2195 1296 sunt
2208 1265 2289 1304 haec,
2562 1256 2570 1268 ⁸

1907 1344 2006 1372 Petrus
2017 1344 2137 1372 Carterii
2149 1341 2182 1371 de
2193 1343 2287 1382 Nuce,

1906 1381 2049 1410 Rodericus
2062 1381 2094 1410 de
2108 1379 2261 1420 Ficaroliis,

1908 1421 2007 1449 Petrus
2023 1423 2117 1449 Maza
2125 1442 2135 1457 ,

1909 1460 2007 1487 Petrus
2021 1461 2090 1487 Vera
2106 1459 2203 1496 Major
2218 1458 2307 1489 domos
2315 1483 2325 1498 ,

1910 1498 2007 1526 Petrus
2023 1498 2148 1526 Eximini
2163 1497 2195 1526 de
2209 1501 2352 1537 Mane-ua,

1909 1535 2075 1574 Reymundus
2090 1535 2122 1564 de
2138 1538 2268 1573 Matina,

1909 1573 2051 1603 Rodericus
2065 1575 2171 1604 Sanffli
2182 1574 2214 1603 de
2227 1577 2335 1604 Pomar.
2353 1574 2393 1610 &⁶
2407 1579 2410 1583 '

1908 1614 2008 1642 Petrus
2021 1613 2053 1642 de
2066 1613 2147 1643 Podio
2162 1614 2256 1643 viridi.

1358 1345 1537 1381 Berengarius
1552 1344 1584 1373 de
1598 1345 1679 1373 Podio
1690 1344 1792 1382 viridi,

1360 1381 1497 1412 Gilbertus
1511 1383 1543 1412 de
1557 1382 1704 1421 Crudeliis‚

1360 1422 1458 1450 Petrus
1472 1424 1595 1451 Martini
1610 1421 1641 1450 de
1653 1420 1738 1451 Lund
1746 1443 1756 1459 ‚

1361 1459 1498 1499 Philippus
1514 1460 1545 1489 de
1563 1459 1672 1499 Castro,

1360 1501 1385 1527 R
1381 1500 1513 1537 ymundus
1527 1499 1559 1528 de
1574 1501 1670 1537 Urgio,

1361 1538 1519 1567 Bernardus
1533 1538 1565 1567 de
1579 1535 1759 1575 Angularia,

1358 1578 1540 1614 Berengarius
1553 1576 1584 1606 de
1596 1576 1738 1613 cardona,

1358 1617 1539 1652 Berengarius
1553 1614 1585 1644 de
1600 1618 1741 1654 Caprara,

1357 1656 1452 1693 Lupus
1467 1654 1498 1683 de
1511 1656 1602 1684 Gurea
1611 1678 1621 1693 ‚

1395 1730 1530 1762 Nomina
1545 1738 1640 1762 autem
1654 1729 1847 1770 Syndicorum
1863 1726 2087 1760 Communitatis
2098 1727 2194 1767 Jaccae
2206 1728 2268 1760 sunt
2281 1728 2361 1768 haec,

1392 1807 1538 1846 Johannes
1553 1807 1676 1847 Archol,
1694 1805 1733 1842 &

1395 1849 1489 1877 Petrus
1503 1846 1649 1885 Aldegarii
1662 1848 1695 1877 de
1707 1846 1809 1886 Jacca.

1390 1922 1437 1954 Ad
1452 1925 1588 1964 majorem
1601 1934 1672 1955 vero
1686 1923 1825 1955 cautelam
1839 1924 1971 1955 omnium
1985 1919 2339 1961 praedietorum,praefatus
2354 1919 2421 1951 Rex

1354 1961 1504 2002 Aragoniae
1524 1963 1652 2001 promisit
1672 1964 1777 2001 michi,
1796 1961 1925 1993 Notario
1946 1961 2137 1999 infrascripto,
2161 1959 2301 1997 praemissa
2319 1961 2418 1990 omnia

1353 2002 1387 2032 &
1400 2002 1517 2041 singula,
1535 2002 1737 2040 comprehensa
1748 2001 1888 2039 superius,
1906 2000 2049 2033 attendere
2061 2000 2094 2030 &
2108 1997 2268 2036 complere:
2285 1997 2420 2028 mandans

1354 2041 1557 2083 nichilominus
1570 2040 1606 2070 de
1618 2040 1680 2078 ipsis
1692 2050 1740 2078 pei·
1755 2050 1804 2070 me
1816 2039 1933 2077 praesens
1948 2039 2097 2078 publicum
2110 2036 2171 2068 fieri
2184 2035 2419 2075 instrumentum,

1355 2080 1403 2110 cui
1417 2079 1536 2119 sigillum
1550 2079 1630 2110 suurn
1644 2079 1713 2110 fecit
1727 2080 1841 2116 apponi.

1392 2156 1431 2187 Et
1443 2156 1589 2187 sciendum
1605 2155 1684 2194 quod
1698 2165 1768 2194 pro,
1784 2157 1865 2185 Petro
1881 2157 1952 2185 Vera
1965 2155 2077 2195 Majore
2089 2152 2210 2191 Domus,
2222 2150 2262 2188 ό·

1390 2198 1473 2225 Petro
1485 2198 1611 2225 Eximini
1623 2196 1655 2224 de
1669 2198 1794 2224 Maneua
1808 2194 1991 2234 suprascriptis
1999 2217 2009 2232 ,

1391 2233 1540 2274 Subrogati
1554 2233 1615 2264 sunt
1631 2236 1729 2263 Petrus
1741 2232 1765 2262 le
1777 2235 1888 2271 Grant,
1905 2229 1944 2267 &

1392 2274 1537 2302 Eximinus
1551 2275 1624 2311 Lupi
1638 2272 1670 2302 de
1685 2275 1794 2310 Gurea,

1390 2310 1428 2341 Et
1437 2334 1446 2349 ‚
1460 2321 1512 2349 pro
1531 2314 1694 2348 Berengario
1710 2311 1742 2340 de
1755 2310 1880 2340 Cardona
1894 2308 2092 2349 suprascripto,

1390 2349 1564 2388 Subrogatus
1576 2349 1616 2380 est
1632 2352 1743 2387 Ogerius
1759 2349 1790 2378 de
1804 2350 1890 2378 Nuce.

1392 2426 1502 2458 Asi-um
1517 2437 1531 2457 a
1552 2427 1590 2458 ud
1604 2426 1751 2465 Campum
1768 2426 1910 2457 Francum
1924 2425 1954 2454 in
1969 2423 2127 2464 Aragonia,
2139 2432 2216 2453 anno
2229 2421 2245 2452 a
2259 2419 2420 2452 Nativitate

1355 2465 1480 2496 Domini
1496 2469 1538 2497 mi
1549 2466 1636 2497 esimo
1649 2465 1845 2496 ducentesimo
1857 2464 1929 2495 octo
1949 2463 2038 2493 esimo
2053 2463 2177 2500 οέὶανο,
2195 2460 2356 2491 Ιηάίᾶὶοηε
2377 2459 2419 2489 se-

1353 2504 1465 2544 cunda,
1484 2504 1670 2536 Pontificatsis
1683 2504 1809 2535 Domini
1823 2502 1926 2533 Nicho
1937 2503 1963 2532 ai
1983 2501 2068 2539 Papae
2092 2500 2198 2539 Qarti
2213 2509 2288 2530 anno
2307 2499 2419 2542 primo,

1353 2552 1454 2581 quarto
1469 2544 1515 2574 die
1529 2552 1648 2575 exeunte
1662 2543 1758 2574 mense
1776 2542 1920 2579 Octobri,
1940 2542 1970 2571 in
1993 2539 2118 2578 Palatio,
2136 2541 2165 2570 in
2184 2549 2243 2578 quo
2263 2536 2420 2576 hospitaba-

1351 2590 1398 2612 tur
1411 2582 1518 2613 illustris
1533 2583 1600 2614 Rex
1615 2582 1769 2620 Aragoniae
1785 2580 1952 2619 praelibatus.

1388 2659 1573 2691 Praesentibus
1586 2659 1738 2691 venerabili
1751 2659 1850 2697 Patre,

1388 2739 1521 2775 Domino,
1535 2739 1570 2766 R.
1590 2735 1711 2765 Bathon.
1732 2733 1770 2770 ᾤ’
1786 2733 1898 2764 Wellm.
1918 2730 2059 2771 Episcopo,

1387 2773 1427 2805 Et
1441 2775 1563 2806 discretis
1576 2775 1658 2812 viris,
1677 2776 1790 2812 Hugone
1802 2773 1833 2802 de
1845 2770 2007 2810 Mataplan.
2025 2767 2172 2810 Maffllien.

1387 2815 1484 2842 Pontio
1497 2812 1637 2852 Celfimem.
1655 2823 1688 2841 ac

1387 2851 1516 2891 Gauftid.
1536 2855 1643 2890 Apten.
1659 2849 1837 2890 Ecclqfiarum
1851 2847 2017 2917 Praep‘sstis:

1387 2889 1530 2930 Inagistris
1545 2888 1694 2920 Willielmo
1707 2890 1738 2918 de
1752 2889 1836 2918 Luda
1851 2891 1932 2918 Dune
1944 2898 2020 2925 men,
2037 2884 2077 2920 ὠ

1385 2929 1536 2969 Reymundo
1549 2931 1685 2967 Ripatrice
1699 2931 1728 2957 in
1742 2926 1858 2966 Ecclefia
1872 2926 1986 2956 Ilerden.
2007 2923 2233 2961 Archidiaconis,

1385 2967 1517 3007 Johanne
1531 2967 1563 2996 de
1576 2967 1664 3007 Lasty
1677 2964 1845 2996 Cancellario
1858 2964 1980 3006 Ecclcfiae
1993 2961 2103 3004 Cycestr.
2121 2973 2154 2993 ac

1383 3005 1529 3037 Nobilibus
1542 3009 1618 3036 Viris
1632 3004 1765 3045 Johanne
1778 3004 1864 3034 Sabat
1879 3003 2047 3044 Confiliario,
2066 2999 2105 3037 ὠ·

1383 3047 1466 3075 Petro
1479 3046 1511 3075 de
1524 3047 1646 3082 Logran.
1664 3042 1760 3074 Milite
1773 3043 1838 3073 dicii
1854 3046 1931 3081 Regis
1943 3044 2113 3079 Aragom‘ae,

1383 3086 1498 3114 Domino
1515 3083 1640 3113 Matheo
1655 3083 1687 3113 de
1702 3082 1815 3120 Adria,

1385 3121 1519 3162 Magistro
1531 3123 1630 3152 Adam
1642 3122 1675 3152 de
1687 3119 1828 3161 Duffiato,
1844 3120 1942 3151 clerico
1958 3121 2070 3150 Domini
2083 3117 2214 3154 Principis
2225 3112 2330 3145 Salem.

1385 3199 1424 3231 Et
1438 3199 1583 3231 nonnullis
1596 3200 1655 3231 aliis
1664 3197 1800 3230 ‘restibus
1814 3197 1849 3229 ad
1864 3198 1922 3230 hoc
1937 3197 2047 3229 vocatis
2060 3193 2210 3233 specialiter
2223 3193 2257 3224 &
2271 3191 2382 3231 rogatis.

1383 3275 1422 3306 Et
1437 3275 1501 3315 Ego
1513 3276 1656 3314 Johannes
1670 3275 1762 3306 Erturi
1776 3275 1812 3306 de
1832 3274 1983 3310 Cadam0,
2001 3270 2178 3314 Apostolicae
2199 3268 2268 3300 sedis
2284 3267 2407 3311 auetori-

1344 3323 1402 3347 tate
1414 3314 1552 3345 Notarius
1566 3315 1712 3353 publicus,
1730 3315 1771 3344 his
1783 3315 1918 3345 omnibns
1930 3310 2060 3349 interfui,
2078 3318 2191 3348 propria
2204 3317 2291 3351 manu
2303 3306 2407 3350 scripsi,

1345 3356 1399 3393 &,
1416 3353 1450 3383 ad
1470 3354 1609 3391 majorem
1631 3353 1800 3385 evidentiam
1823 3351 2032 3391 praemiss'orum
2051 3357 2180 3388 rogatus,
2197 3355 2257 3377 mei
2274 3348 2342 3385 iigm
2354 3352 2404 3373 an-

1346 3393 1491 3424 notatione
1507 3393 1537 3422 in
1548 3392 1621 3422 hanc
1634 3392 1776 3430 publicam
1789 3391 1914 3422 formam
1929 3388 1978 3420 red
2015 3389 2031 3417 '.
2117 3425 2122 3430 ¹
2214 3423 2220 3429 .
2290 3422 2295 3428 .
2338 3420 2343 3426 ·
2366 3419 2372 3425 ‚

1382 3431 1448 3471 Ego
1469 3440 1540 3461 vero
1562 3431 1710 3468 praediecus
1724 3430 1864 3461 Notarius
1876 3430 1906 3458 in
1922 3397 2092 3470 duoffige¹cima
2104 3424 2195 3462 linea,
2211 3432 2242 3467 ‚¹¹¹
2255 3428 2404 3466 principit),

1345 3472 1375 3501 in
1395 3479 1472 3508 parte
1491 3468 1568 3500 istius
1587 3469 1721 3500 vocabuli
1741 3468 1894 3506 obligavit,
1912 3467 1945 3498 &
1963 3468 1992 3495 in
2014 3463 2152 3495 tricesima
2170 3468 2266 3499 quinta
2284 3460 2355 3489 lmoe.
2373 3466 2404 3486 in

1346 3509 1500 3547 principio,
1520 3508 1548 3536 in
1559 3508 1613 3549 biis
1625 3507 1771 3539 vocabulis
1790 3505 1901 3536 Arthol
1909 3502 1948 3540 ό
1964 3506 2062 3534 Petrus
2074 3502 2106 3531 de
2118 3499 2266 3542 Aldegarii
2277 3494 2402 3565 ffat-

1346 3537 2268 3620 Z’mmriiu‘ssisnssli333i0332bffiaffiissia{²53psssspi‘2sssilssnffflssfifffi
2326 3542 2403 3571 ‘³³⁵'

1343 3709 1370 3736 ἕξ
1390 3712 1636 3744 procuratorium
1654 3709 1776 3754 Alfonsi
1789 3710 1876 3753 Regis
1893 3706 2052 3751 Aragoniae
2066 3699 2110 3733 ad
2123 3695 2320 3744 recipiendum
2329 3695 2398 3743 Ju-
2415 3706 2435 3726 a
2444 3677 2549 3744 {1335

1389 3768 1528 3791 ramenta
1557 3755 1720 3801 Obstdum,
1743 3759 1797 3804 qui
1817 3766 1873 3802 per
1895 3756 2004 3801 Regem
2020 3749 2136 3797 Angliae
2151 3751 2183 3779 in
2194 3744 2266 3792 1²⁰]st
2278 3745 2334 3792 fico
2345 3757 2398 3793 po·
2417 3762 2542 3794 Arm-D·

1388 3817 1512 3840 nuntur.
2406 3834 2417 3839 x
2437 3801 2523 3832 1288.

1341 3889 1549 3952 NOverint
1562 3891 1596 3921 U
1599 3891 1698 3935 niversi
1711 3890 1790 3929 quod
1802 3899 1872 3926 nOS,
1890 3884 2038 3931 Alsonsus‚
2056 3880 2114 3911 Dei
2124 3881 2225 3920 gratia,
2241 3879 2307 3925 Rex
2327 3878 2399 3910 Ara-
2414 3841 2529 3906 Azali&

1436 3938 1547 3968 goniae,
1564 3929 1768 3967 Majoricarum
1784 3929 1818 3960 ὃς
1832 3926 1986 3961 Valentiae,
2002 3931 2036 3951 ac
2049 3918 2159 3949 Comes
2174 3919 2342 3949 Barchinon.
2415 3921 2447 3944 L.
2462 3920 2492 3944 Β.
2499 3913 2527 3953 f.

1378 3966 1587 4037 Conffiiltuimus
1607 3969 1640 3999 &
1661 3967 1822 3998 ordinamus
1843 3973 1911 4000 νος,
1927 3960 2064 3992 dilectum
2073 3957 2207 3996 Judicem
2221 3957 2318 3988 Curiae
2331 3965 2397 3986 nos-
2420 3963 2480 3983 100.

1451 4017 1459 4037 i

1340 4014 1391 4039 trae
1404 4005 1450 4047 Eg
1490 4016 1540 4038 um
1555 4006 1667 4044 Aluan,
1684 4005 1904 4037 Procuratorem
1916 3998 2046 4030 nostrum
2059 4004 2171 4028 certum
2185 3997 2218 4029 &
2233 3995 2398 4064 specialetgs
2410 3994 2546 4058 5:220*
