2570 4261
0 248 75 289 Anti.
88 254 127 286 D.
149 253 286 294 ejusmodi
304 251 383 286 causa

26 305 40 325 1
48 304 59 324 1
66 302 110 331 72.

0 334 16 352 ²¹
24 336 103 371 L32.

716 156 827 206 ET
913 164 1180 206 ACTA

440 260 490 284 eos
509 251 544 282 ad
556 250 766 290 praedicandum
780 252 891 281 mittere
905 252 1090 289 prohibemus
1103 263 1113 290 3
1130 252 1149 270 ’³¹‘
1158 250 1208 280 nifi

151 294 227 325 forte
243 293 381 331 Magister
401 277 521 329 ²rempli
533 315 542 328 ,
569 291 618 328 qui
639 300 692 328 pro
702 298 833 327 tempore
847 289 931 320 fuerit
944 314 953 328 ,
978 291 1060 320 certis
1074 299 1108 320 ex
1123 289 1208 320 causis

149 332 178 363 id
193 332 353 363 Faciendum
367 330 423 361 esse
434 328 595 367 providerit.

189 372 378 410 Quicumque
395 368 457 398 sane
476 376 510 410 ex
523 367 564 396 his
579 368 607 396 in
622 365 718 396 vestro
733 364 868 404 Collegio
880 365 1058 410 suscipientur
1106 365 1209 410 stabili-

147 404 237 440 raterii
256 410 312 439 loci
331 433 340 445 ,
378 408 596 437 conversionem
617 413 734 434 morum
751 428 760 442 ,
786 404 869 441 seque
890 404 1054 435 militaturos
1071 391 1208 435 Domino

148 448 246 479 diebus
266 448 331 477 vitae
349 445 403 475 sii-e
415 468 424 482 ,
447 443 496 474 sub
511 442 671 473 obedientia
688 441 819 481 Magistri
833 443 974 480 Templi,
1000 442 1091 480 posito
1104 443 1208 480 scripto

149 488 228 524 super
239 485 321 515 altare
333 508 342 521 ,
368 484 397 512 in
411 492 470 520 quo
483 483 680 512 contineantur
694 480 744 509 ista
757 504 767 517 ‚
792 481 978 519 promittant,
1003 481 1077 511 salvo
1092 490 1207 519 quoque

148 524 292 562 Episcopis
308 523 371 560 jure
386 519 535 558 episcopali
546 527 604 549 tam
618 520 647 548 in
661 518 779 548 decimis
792 543 802 556 ,
829 528 915 556 quam
928 520 957 549 in
970 519 1159 551 oblationibus
1174 521 1207 551 &

148 563 176 593 se
196 562 297 592 ulturis.

176 573 403 630 pNichssominus
417 597 499 628 vobis
510 594 695 626 concedimus
709 594 885 633 facultatem,
904 595 933 624 in
947 595 1016 625 locis
1030 595 1107 626 sacro
1113 595 1207 626 Tem-

145 639 196 677 plo
216 638 322 668 collatis
339 661 348 674 ,
374 637 423 667 ubi
444 635 549 665 familia
568 633 659 664 vestra
679 634 783 664 habitat
797 658 806 671 ‚
829 634 950 663 oratoria
966 634 1130 664 construere
1143 659 1152 672 ,
1178 636 1208 664 in

146 676 250 715 quibus
269 676 366 713 utique
384 674 437 712 ipsa
457 673 558 703 familia
576 671 670 703 divina
682 671 779 702 officia
790 671 901 709 audiatg
926 671 1021 710 ibique
1035 697 1044 711 ,
1067 673 1085 702 fi
1100 674 1160 711 quis
1174 681 1208 702 ex

148 716 232 746 vobis
245 739 254 752 ,
280 714 325 748 vel
338 721 371 742 ex
385 711 483 742 eadem
496 710 599 741 familia
612 718 741 740 mortuus
753 709 838 740 fuerit
851 734 861 748 ,
886 711 1055 749 tumuletur,
1076 711 1208 741 indecens

149 755 228 783 'enim
241 751 282 782 est
295 777 304 791 ,
330 752 364 782 ὃς
378 752 535 781 animarum
549 749 676 787 periculo
691 749 854 786 proximum
869 747 1010 788 religiosos
1025 749 1136 788 fratres,
1155 760 1208 779 oc-

149 792 261 823 casione
279 789 413 820 adeundae
433 788 567 819 Ecciefiae
579 812 588 825 ,
612 787 639 817 se
655 787 785 818 virorum
804 787 892 817 turbis
905 810 915 824 ,
939 787 973 818 &
988 787 1140 818 mulierum
1153 788 1209 818 fre-

149 831 272 869 quentiae
284 827 449 859 immiscere.

188 868 335 898 Caeterum
346 866 469 896 decimas
482 889 492 903 ,
516 874 582 902 quas
628 863 747 894 confilio
759 887 769 902 ,
787 863 821 894 &
835 862 969 894 consensu
983 862 1208 901 Episcoporum,

150 906 188 937 de
200 916 285 936 manu
299 905 481 935 Clericorum
494 927 503 941 ,
528 903 573 933 vel
587 888 742 932 [uicorum
755 926 764 939 ,
784 900 876 932 studio
891 901 986 932 vestro
1001 901 1143 932 extrahere
1156 911 1209 938 po-

150 946 259 982 teritis,
284 943 340 974 illas
360 943 444 973 etiam
456 967 466 980 ,
491 951 558 980 quas
571 967 580 981 ,
605 941 841 971 consentientibus
862 939 1006 978 Episcopis
1020 964 1029 978 ,
1054 941 1088 970 ὅτ
1107 948 1209 969 eorum

150 983 287 1020 Clericis,
304 982 467 1020 acquiretis,
485 980 569 1010 vobis
580 980 746 1009 aiidtoiitate
761 977 926 1016 Apostolica
937 977 1147 1009 confirmamus.

189 1021 379 1052 Decemimus
392 1019 500 1057 insuper
513 1042 523 1057 ,
546 1017 712 1048 auctoritate
725 1017 907 1054 Apostolica,
926 1025 972 1054 ur,
990 1015 1024 1046 ad
1039 1024 1209 1053 quemcum-

149 1068 210 1099 que
226 1059 325 1089 locum
344 1068 397 1088 vos
415 1058 512 1088 venire
530 1056 681 1097 contigerit
694 1080 703 1094 ⁷
727 1056 763 1086 ab
780 1055 902 1086 honestis
917 1062 1000 1097 atque
1014 1053 1158 1084 catholicis
1172 1053 1211 1082 sa-

150 1097 313 1129 cerdotibus
334 1097 530 1135 poenitentiam
544 1119 553 1133 ,
580 1096 727 1125 unctiones
740 1119 748 1132 ,
772 1094 817 1124 seu
836 1093 886 1122 alia
920 1092 1031 1121 uaelibet
1044 1092 1212 1122 sacramenta

151 1135 335 1167 ecclesiastica
345 1135 429 1165 vobis
442 1134 575 1171 suscipere
588 1133 669 1163 liceat
683 1145 692 1171 3
715 1143 752 1162 ne
764 1133 838 1162 forte
852 1155 861 1169 ,
881 1140 896 1160 a
929 1131 1143 1168 perceptionem
1157 1130 1211 1168 spi-

151 1175 291 1205 ritualium
303 1174 449 1204 bonorum
481 1172 564 1203 vobis
578 1173 721 1210 quippiam
734 1169 826 1200 deesse
837 1168 933 1199 valeat.

191 1214 269 1252 Qia
290 1222 360 1242 vero
381 1213 410 1241 in
428 1197 546 1241 Christo
564 1220 665 1240 omnes
686 1219 755 1239 unus
770 1208 864 1250 sumus
875 1231 884 1245 ,
906 1207 941 1238 ὃς
953 1217 1013 1237 non
1027 1205 1067 1236 est
1083 1207 1212 1244 persona-

151 1261 216 1282 rum
237 1250 394 1283 differentia
406 1249 479 1287 apud
493 1248 593 1279 Deum
606 1272 615 1286 ,
640 1256 697 1276 tam
712 1245 878 1276 remissionis
894 1254 1077 1282 peccatorum
1091 1270 1100 1283 ,
1126 1255 1212 1283 quam

151 1290 260 1320 alterius
276 1288 469 1319 beneficentiae
481 1311 490 1324 ,
514 1295 598 1323 atque
611 1285 636 1314 A
658 1284 785 1314 ostolioae
798 1282 1005 1313 Remedia-tionis
1019 1308 1028 1321 ,
1051 1293 1115 1321 quae
1128 1283 1212 1313 vobis

152 1328 258 1359 indulta
270 1327 311 1358 est
325 1352 335 1365 ,
350 1328 434 1357 etiam
445 1325 578 1365 famili-am
590 1295 712 1354 vesgram
721 1346 730 1361 ,
750 1323 784 1353 &c
799 1321 946 1353 servientes
958 1321 1066 1352 vestros
1080 1321 1213 1353 volumus

152 1366 211 1397 esse
225 1367 378 1404 participes.
562 1375 564 1379 ·
681 1400 686 1405 ¹
952 1402 953 1405 Ἴ
1152 1401 1156 1405 ¹
1208 1399 1214 1405 .

192 1404 272 1435 Cum
287 1413 381 1434 autem
396 1402 491 1432 fratres
505 1400 593 1432 vestri
604 1424 613 1438 ‚
640 1409 687 1437 qui
701 1398 735 1429 ad
749 1398 928 1436 suscipiendas
940 1398 1073 1429 colleffias
1087 1398 1215 1429 destinati

154 1443 257 1474 fuerint
269 1467 278 1479 ‚
303 1443 332 1471 in
346 1441 515 1477 Civitatem,
535 1437 692 1469 Castellum
727 1438 772 1468 vel
787 1438 894 1468 Vicum
908 1437 1086 1475 advenerint,
1107 1438 1126 1467 fi
1141 1438 1215 1467 forte

152 1482 235 1512 locus
249 1481 294 1511 ille
305 1478 467 1509 interdictus
482 1478 513 1507 fit
527 1502 536 1516 ,
561 1478 590 1506 in
600 1462 729 1514 jocundo
744 1485 845 1506 eorum
860 1475 982 1507 adventu
995 1501 1012 1515 ,¹
1029 1486 1083 1514 pro
1096 1476 1215 1514 Templi

153 1519 267 1551 honore
278 1542 287 1554 ,
312 1517 346 1547 &
366 1515 535 1547 eorumdem
556 1514 687 1545 Militum
702 1515 856 1545 reverentia
870 1539 879 1552 ‚
904 1514 988 1545 semel
1004 1516 1032 1544 in
1048 1515 1136 1545 Anno
1151 1525 1216 1553 ape-

154 1559 260 1588 riantur
272 1554 407 1586 Ecclesiae
419 1579 429 1593 ,
453 1555 487 1586 &
499 1579 510 1592 ,
532 1553 646 1585 exclusis
661 1553 914 1584 excommunicatis
928 1578 938 1592 ‚
953 1552 1048 1585 divina
1059 1553 1156 1585 officia
1169 1563 1217 1585 ce-

154 1596 307 1627 lebrentur.

193 1633 279 1664 Nulli
300 1642 370 1672 ergo
388 1632 511 1663 omnino
527 1630 681 1661 hominum
701 1631 783 1661 liceat
802 1629 970 1670 proediCtum
991 1631 1090 1662 locum
1111 1639 1220 1662 temere

151 1672 319 1712 perturbare
331 1696 341 1709 ,
365 1679 411 1701 aut
424 1671 480 1708 ejus
495 1668 677 1707 possessiones
691 1669 799 1700 auferre
809 1694 819 1709 ‚
838 1668 884 1700 vel
897 1669 997 1700 ablatas
1010 1671 1144 1709 retinere,
1165 1671 1220 1700 mi-

156 1721 244 1742 nuere
256 1735 266 1748 ,
289 1718 336 1740 aut
347 1709 484 1747 aliquibus
497 1708 690 1738 vexationibus
706 1708 818 1747 farigare
832 1720 842 1746 ·,
867 1709 906 1738 set
917 1709 1013 1739 omnia
1027 1709 1132 1748 integra
1148 1718 1220 1739 con-

155 1750 300 1781 serventur
319 1745 416 1778 vestris
429 1772 439 1786 ,
464 1748 497 1778 ὅτ.
510 1747 631 1777 aliorum
644 1746 703 1777 Dei
715 1746 841 1778 fidelium
856 1747 948 1778 usibus
963 1746 1137 1778 omnimodis
1153 1757 1221 1786 pro—

154 1789 257 1819 futura.

195 1826 226 1857 Si
248 1826 308 1865 quis
327 1826 410 1865 igitur
427 1824 508 1864 hujus
527 1823 632 1856 nostrae
642 1821 851 1856 constitutionis
870 1826 999 1865 paginam
1013 1826 1101 1857 sciens
1121 1834 1222 1857 contra

157 1875 223 1896 eam
243 1873 351 1895 temere
368 1865 466 1895 venire
483 1865 663 1902 temptaverit
726 1863 850 1894 secundo
870 1866 990 1896 tertiove
1008 1865 1222 1903 commonitus,

160 1904 213 1934 nifi
224 1911 332 1933 reatum
346 1902 427 1933 suum
442 1912 567 1943 congrua
579 1889 762 1933 satisfaciione
777 1904 931 1933 correxerit
942 1927 951 1941 ,
975 1903 1116 1941 potestatis
1128 1901 1222 1934 hono-

161 1943 256 1980 risque
275 1941 313 1971 sui
334 1940 466 1984 dignitate
484 1948 574 1972 careat
587 1965 596 1979 ,
619 1950 701 1971 reum
723 1950 758 1970 ue
777 1941 803 1971 se
823 1940 922 1971 divino
933 1942 1041 1979 judicio
1056 1941 1173 1972 existere
1187 1941 1224 1971 de

162 1988 317 2019 perpetrata
335 1980 478 2017 iniquitate
498 1978 651 2018 cognoscat
663 2003 672 2017 ,
752 1989 767 2008 a
785 1979 964 2010 sacratislimo
986 1990 1108 2018 corpore
1121 1991 1153 2011 ac
1167 1980 1225 2010 san-

162 2020 249 2058 guine
270 2018 328 2048 Dei
349 2019 382 2048 &
403 2015 527 2047 Domini
540 2017 726 2054 redemptoris
738 2017 912 2056 nostriJehu
925 2018 1034 2049 Christi
1046 2019 1149 2050 alienus
1163 2018 1225 2057 fiat,

162 2065 247 2094 atque
260 2058 288 2085 in
301 2063 430 2085 extremo
443 2057 571 2085 examine
584 2054 717 2085 districtae
730 2055 829 2086 ultioni
844 2056 988 2095 subjaceat.

202 2094 407 2124 Conservantes
428 2102 522 2124 autem
536 2094 597 2124 haec
611 2094 819 2132 omnipotentis
832 2094 889 2124 Dei
902 2119 911 2133 ,
937 2096 970 2126 &
984 2096 1135 2127 beatorum
1150 2096 1227 2128 Petri

162 2133 199 2164 &
219 2132 296 2162 Pauli
309 2156 319 2170 ,
344 2131 551 2169 Apostolorum
573 2133 629 2171 ejus
644 2156 653 2170 ,
679 2131 913 2164 benedictionem
933 2134 967 2166 ὃς
987 2136 1104 2175 gratiam
1127 2135 1227 2166 conse-

163 2179 294 2209 quantur.
334 2169 451 2209 Amen,
469 2171 583 2210 Amen,
600 2170 707 2202 Amen.

751 2248 816 2279 Filis
824 2248 918 2290 ftricis
925 2250 1007 2290 flavi
1018 2250 1116 2282 coloris.

1264 153 1745 208 PUBLIcA:

2260 183 2305 209 11

1254 249 1306 279 suis
1344 260 1405 294 *per
1424 258 1515 281 totam
1535 258 1637 281 terram
1654 252 1751 291 suam,
1776 251 1845 284 fiilva
1864 250 1994 283 fidelitate
2006 250 2049 282 sua
2062 252 2196 290 quamdiu
2210 261 2311 283 terram
2331 251 2406 282 Ami.
2418 253 2461 288 'DQ

2358 299 2442 328 1173.

1255 295 1320 319 tene
1342 297 1370 318 it.

1296 334 1340 356 11.
1361 325 1499 357 Praeterea
1519 327 1653 357 concedit
1674 328 1711 357 eis
1731 329 1764 359 δε
1786 328 1952 368 Haeredibus
1973 339 2074 359 eorum
2096 330 2194 367 inper
2217 339 2315 362 etuum

1254 364 1392 403 quicquid
1411 365 1478 403 juris
1498 364 1580 395 habet
1593 390 1603 402 ,
1629 366 1656 394 in
1670 374 1733 395 toto
1745 366 1892 399 Com-{tatu
1906 367 2141 406 Graciopolitano
2153 392 2162 406 ‚
2236 370 2316 406 quic-

1256 402 1324 442 quid
1337 405 1365 433 in
1379 413 1415 433 eo
1429 402 1547 440 adquirit
1564 403 1609 433 vel
1623 403 1767 440 adquirere
1779 408 1889 441 poterit.

1273 480 1277 485 Ι
1298 451 1342 471 12.
1362 441 1392 471 Si
1411 450 1505 471 autem
1525 439 1593 470 Filia
1610 441 1655 471 sua
1675 442 1861 484 primogenita
1881 444 2035 481 superdiista
2055 445 2084 474 in
2100 445 2153 475 fata
2167 445 2316 475 concesse-

1256 487 1292 510 rit
1310 505 1319 519 ,
1356 479 1549 518 quodcunque
1566 489 1635 509 cum
1655 482 1842 522 primogenita
1869 482 2005 512 concessit
2026 482 2197 513 illustrissimi
2227 482 2317 515 Resis

1255 518 1368 557 Angliae
1380 518 1453 548 Filio
1466 542 1475 555 ,
1490 527 1568 561 ¹cum
1583 515 1701 547 secunda
1715 515 1783 546 Fiiia
1796 518 1841 547 sua
1853 543 1862 556 ,
1887 519 1984 550 eadem
1993 545 2002 557 ,
2023 521 2093 552 ficut
2106 521 2241 560 scriptum
2256 508 2314 561 effi,

1256 558 1360 587 cunt‘ta
1373 555 1516 587 concedit.
2294 582 2297 585 ‚

1297 605 1341 635 ¹3·
1361 594 1446 625 Hanc
1474 594 1661 633 praescriptam
1686 592 1922 624 Conventionem
1943 594 2092 626 tenendam
2113 599 2185 628 inter
2206 599 2315 630 Domi-

1255 643 1325 663 num
1346 634 1460 673 Regem
1480 633 1591 672 Angliae
1609 633 1642 664 &
1663 631 1815 662 Comitem
1838 632 1995 662 Maurianae
2010 635 2170 671 juraverunt
2183 638 2239 675 ipse
2252 637 2316 668 004

1256 681 1315 711 mes
1331 672 1501 711 Maurianie,
1518 673 1552 703 δε
1565 670 1674 702 Comes
1686 670 1851 709 Gebennae,
1869 670 2013 701 Rodolfus
2029 672 2213 714 Alamannus,
2230 676 2316 707 Nan-

1255 709 1357 740 telmus
1376 709 1412 740 de
1434 710 1577 740 Muolano
1591 734 1601 747 ,
1625 708 1756 739 Sefredus
1768 708 1805 739 de
1818 708 1959 740 Alavarno
1972 734 1981 747 ‚
2008 708 2151 741 Rodulfus
2164 713 2199 742 de
2210 714 2316 754 Aiiiio,

1256 748 1290 778 &
1308 748 1465 779 Eimericus
1481 748 1516 778 de
1530 748 1681 778 Brienzion
1694 771 1704 785 ,
1728 746 1891 778 Willelmus
1908 748 2002 778 Frater
2015 747 2140 778 Comitis
2153 773 2162 787 ,
2186 749 2316 783 Gocelli-

1256 796 1307 817 nus
1321 786 1357 816 de
1370 786 1542 817 Morestello
1551 811 1560 825 ‚
1579 785 1722 816 Amedeus
1735 785 1770 815 de
1783 786 1927 825 Nangeu,
1943 785 2013 816 Odo
2026 786 2062 815 de
2075 786 2203 826 Voiron,
2222 789 2315 821 Berlio

1254 825 1289 854 &
1312 824 1430 855 Pontius
1443 825 1479 854 de
1494 825 1616 854 Fabricis
1629 849 1639 862 ,
1664 824 1811 854 Lodoicus
1825 824 1861 854 de
1873 824 1968 854 Balma
1979 849 1989 863 ,
2014 824 2199 856 Theobildus
2213 827 2249 857 de
2265 828 2315 858 Vi-

1255 862 1309 892 leta
1324 887 1332 899 ,
1357 862 1475 893 Pontius
1490 863 1523 893 ὃς
1535 862 1682 892 Wifredus
1695 861 1732 892 de
1745 862 1880 900 Cunsses,
1900 862 2002 893 Guido
2017 863 2054 893 de
2065 862 2150 902 Teis,
2172 865 2318 897 Amedeus

1255 900 1291 929 de
1304 900 1429 931 Toruun
1441 925 1451 938 ,
1473 900 1594 931 Ysrnido
1608 900 1644 930 de
1657 900 1762 930 Sancto
1778 900 1922 930 Michaele
1936 925 1945 939 ,
1964 900 2108 932 Odinarus
2122 902 2213 933 Labra
2250 905 2317 935 Sos-

1256 938 1363 968 celiniis
1378 940 1412 969 &
1426 938 1566 969 Ricardus
1579 938 1615 968 de
1629 938 1761 982 Cordum
1808 938 1955 969 Giroudiis
1968 939 2004 969 de
2019 939 2184 979 M·irgenzai
2197 967 2206 980 ,
2221 929 2318 973 l3erlio

1255 976 1292 1005 de
1306 975 1414 1007 Monte
1428 977 1552 1007 Falcone
1565 1002 1574 1016 ‚
1599 977 1750 1016 Engvvicio
1764 963 1800 1006 d'e
1815 977 1926 1007 Aviano
1935 1002 1944 1015 ,
1962 977 2055 1008 Berlio
2069 979 2102 1009 &
2116 979 2268 1010 Torenciis
2282 980 2319 1012 de

1255 1013 1401 1044 Chambel
1414 1038 1424 1052 ,
1448 1015 1581 1045 Sofredus
1597 1015 1741 1052 Gamerii,
1760 1014 1851 1045 Hiioo
1864 1015 1900 1045 de
1915 1015 2038 1054 Alviler,
2057 1016 2194 1048 Uboldus
2206 1018 2242 1048 de
2254 1019 2319 1050 Ru-

1256 1052 1336 1095 mille
1350 1076 1359 1090 ,
1382 1051 1529 1082 Lodoicus
1546 1052 1582 1081 de
1603 1052 1689 1081 Asma
1699 1076 1709 1089 ,
1735 1039 1882 1082 Ansesi'nus
1895 1053 1931 1082 de
1944 1053 2061 1085 Belento
2073 1080 2082 1093 ,
2107 1055 2270 1087 Willelmus
2284 1058 2321 1089 de

1258 1090 1371 1120 Sidnius
1385 1114 1394 1128 ,
1420 1089 1555 1119 Sosredus
1565 1091 1598 1120 δε
1612 1090 1712 1119 Petrus
1725 1089 1761 1119 de
1774 1089 1880 1119 Sancto
1893 1090 2019 1122 Genefio
2030 1117 2040 1130 ,
2056 1093 2206 1125 Unorinus
2219 1095 2255 1126 de
2269 1096 2321 1126 Fa-

1256 1129 1342 1158 bricis
1355 1153 1364 1168 ,
1391 1127 1556 1158 Willelmus
1577 1127 1613 1157 de
1634 1127 1785 1165 Bocoze1,
1811 1127 1857 1157 An
1878 1128 1967 1158 elmus
1983 1129 2018 1159 de
2032 1119 2192 1164 Castellano
2240 1134 2322 1165 Um-

1257 1167 1353 1197 bertus
1365 1166 1494 1196 Reinerii
1507 1191 1516 1205 ,
1533 1165 1616 1196 Will.
1631 1165 1668 1195 de
1680 1166 1782 1204 Porta,
1798 1137 1961 1196 Wiffelmus
1975 1167 2065 1197 Eruus
2100 1171 2181 1202 Gido
2195 1158 2231 1202 de
2245 1172 2323 1204 Can.

1258 1205 1342 1235 diaco
1356 1229 1366 1242 ,
1389 1204 1488 1235 Petrus
1502 1204 1543 1247 ⁴de
1565 1203 1685 1235 Arvefio
1696 1229 1706 1243 ‚
1732 1203 2002 1248 ArbertusCornuz
2016 1230 2026 1243 ,
2051 1193 2141 1246 l-iugo
2157 1209 2192 1240 de
2205 1211 2307 1241 Chinis

1258 1243 1341 1273 Will.
1359 1242 1396 1273 de
1414 1243 1532 1273 Albuiin
1544 1267 1553 1281 ,
1579 1242 1724 1273 Henricus
1743 1242 1780 1272 de
1799 1242 1966 1274 Fulcimaco
1979 1267 1989 1281 ,
2012 1243 2092 1275 Will.
2112 1246 2149 1276 de
2159 1236 2323 1290 Nangeou:

1259 1281 1410 1312 Emericus
1422 1281 1596 1312 Vicecomes
1610 1281 1647 1312 de
1659 1281 1822 1312 Brierceon.

1300 1322 1319 1340 ²*
1333 1329 1377 1359 14.
1397 1320 1510 1350 Omnes
1523 1319 1567 1350 isti
1582 1321 1779 1358 praenominati
1788 1320 1967 1358 juraverunt,
1987 1318 2065 1359 quod
2084 1321 2195 1354 Comes
2215 1324 2325 1357 Mauri-

1260 1360 1347 1390 cenfis
1369 1359 1442 1389 hanc
1461 1358 1699 1391 Conventionem
1719 1358 1837 1389 firmiter
1857 1359 1998 1397 servabit3
2022 1360 2056 1390 ὃς
2069 1384 2078 1398 ,
2105 1362 2125 1391 si
2139 1363 2173 1392 ab
2189 1373 2219 1393 ea
2231 1364 2326 1403 aliquo

1263 1398 1355 1429 modo
1375 1398 1488 1428 resiliret
1506 1422 1515 1436 ,
1548 1398 1712 1436 juraverunt
1732 1397 1811 1435 quod
1829 1396 1864 1427 ad
1887 1399 2071 1428 vocationem
2093 1399 2218 1432 Domini
2239 1402 2327 1442 Regis

1263 1436 1374 1476 Angiiae
1393 1436 1439 1467 vel
1458 1435 1573 1467 Nuncii
1585 1435 1667 1474 ipsius
1680 1460 1690 1474 ,
1715 1436 1748 1466 &
1763 1437 1847 1466 etiam
1863 1435 1921 1466 fine
1932 1438 2015 1467 omni
2029 1439 2182 1470 vocatione
2196 1465 2205 1478 ,
2229 1441 2248 1470 fi
2263 1441 2327 1472 Co-

1264 1484 1323 1505 mes
1338 1474 1452 1505 resiliret
1466 1499 1475 1514 ,
1493 1484 1527 1505 ex
1542 1485 1600 1514 quo
1616 1475 1674 1505 hoc
1686 1474 1789 1513 scient,
1806 1473 1923 1505 reddent
1937 1475 1964 1504 se
1977 1475 2088 1507 obfides
2101 1476 2235 1510 Domino
2253 1479 2330 1520 Regi

1264 1515 1294 1544 in
1316 1522 1388 1544 terra
1410 1514 1457 1544 sua
1469 1514 1634 1551 ubicunque
1646 1512 1769 1543 voluerit
1783 1525 1789 1530 ·
1815 1513 1851 1544 &
1865 1512 1972 1543 tamdiu
1988 1514 2016 1543 in
2030 1514 2075 1545 sua
2088 1517 2220 1554 captione
2234 1529 2329 1550 mora-

1263 1552 1370 1583 buntur
1392 1577 1401 1591 ,
1432 1551 1527 1583 donec
1548 1551 1700 1583 Comitem
1720 1550 1755 1580 ad
1776 1537 1864 1591 Regis
1883 1551 2092 1590 beneplacitum
2113 1559 2311 1589 revocaverint

1264 1591 1311 1623 vel
1322 1601 1391 1622 cum
1406 1591 1466 1629 ipso
1480 1591 1578 1631 Rege,
1595 1601 1648 1629 pro
1658 1589 1804 1620 voluntate
1816 1590 1913 1628 ipfiuS,
1929 1600 1999 1634 corn
2021 1591 2149 1624 osueriiit.
2317 1582 2332 1597 '

1267 1629 1469 1699 Gessit
1491 1601 2124 1701 quaesissetis..saisiasi
2154 1633 2331 1703 &essse

1267 1708 1364 1738 Sancti
1383 1692 1534 1737 Micha’eiis
1548 1731 1558 1745 ,
1582 1716 1682 1737 coram
1701 1705 1795 1744 positis
1807 1705 1966 1751 Evangeliis
2030 1717 2046 1737 e
2057 1680 2191 1741 mgndato
2204 1683 2332 1743 Comitia}

1268 1745 1386 1777 firmiter
1399 1746 1587 1784 promiserunt
1602 1744 1680 1783 quod
1694 1744 1728 1774 ad
1741 1744 1815 1774 bene
1827 1744 1968 1782 placitum¹
1977 1730 2006 1775 R
2044 1747 2082 1785 is,
2101 1747 2135 1778 δε
2149 1750 2262 1787 quando
2276 1761 2331 1782 vo..

1268 1785 1350 1815 luerit
1364 1809 1373 1823 ,
1398 1784 1546 1823 personam
1559 1783 1684 1813 Comitis
1697 1784 2004 1822 excommunicabunt,
2071 1793 2175 1816 terram
2191 1787 2267 1819 suam
2280 1789 2333 1820 sub

1268 1822 1420 1867 interdidto
1434 1830 1541 1862 ponent
1553 1846 1562 1861 ,
1579 1821 1599 1853 si
1614 1820 1723 1852 Comen
1739 1821 1811 1852 hanc
1827 1822 1991 1861 paetionem
2004 1824 2077 1853 inter
2091 1834 2139 1854 eos
2152 1824 2259 1857 saetam
2271 1837 2341 1859 non.

1269 1865 1426 1893 servaverit.

1309 1902 1353 1931 16.
1373 1900 1454 1931 Idem
1466 1900 1571 1931 facient
1583 1899 1620 1930 de
1631 1899 1754 1938 personis
1766 1899 1921 1930 hominum
1934 1898 2060 1931 Comitis
2074 1900 2109 1932 ὃς
2122 1903 2201 1933 terris
2216 1905 2317 1935 eorum
2330 1908 2337 1916 ’

1271 1942 1332 2008 si.
1342 1949 1416 2008 aaz
1429 1938 1617 2009 saissa
1630 1937 2219 2015 etuiasuazsigiiszffitasz
2229 1930 2335 2012 §ssi

1272 2018 1328 2047 rint
1346 2041 1356 2056 ,
1382 2017 1416 2048 ὃς
1428 2002 1520 2047 ’tei-ras
1538 2026 1641 2047 eoi-um
1660 2016 1710 2046 sub
1728 2001 1881 2046 inter’dieio
1902 2016 2060 2054 tenebunt,
2086 2016 2180 2049 donec
2201 2018 2338 2051 Domino

1273 2054 1350 2095 Regi
1363 2055 1448 2086 fuerit
1461 2055 1639 2085 satisfactum.

1313 2103 1357 2132 17.
1378 2093 1525 2124 Dominus
1547 2093 1613 2124 Rex
1631 2092 1706 2125 hanc
1725 2093 1793 2124 fecit
1814 2090 2052 2124 Conventionern
2065 2095 2099 2126 ὃς
2111 2094 2337 2132 Conceffionem

1274 2133 1463 2172 praescriptam
1483 2141 1552 2163 cum
1572 2132 1692 2163 Co'mite
1716 2131 1871 2162 Maurienfi
1883 2156 1893 2170 ,
1917 2133 1950 2163 ὃς
1968 2141 2031 2162 eam
2052 2128 2088 2164 de
2108 2135 2265 2167 mandatoi
2288 2137 2340 2168 sius

1274 2170 1427 2202 tenendam
1442 2172 1607 2210 juraverunt
1627 2170 1738 2201 Comes
1757 2170 1921 2201 Willelmus
1941 2170 1977 2201 de
1996 2170 2170 2204 Mandevilla
2225 2147 2341 2206 Willel-

1276 2221 1341 2241 mus
1357 2209 1468 2240 Comes
1489 2209 1626 2240 Arunniae
1643 2235 1660 2250 ³.
1691 2208 1795 2240 Radul.
1817 2209 1853 2239 de
1871 2207 1925 2239 Faa
1941 2234 1951 2247 ,
1989 2209 2154 2242 Willelmus
2173 2199 2210 2243 de
2230 2212 2341 2253 Curci,

1277 2249 1360 2280 Will.
1374 2248 1410 2278 de
1422 2248 1544 2279 Humez
1557 2273 1566 2288 ,
1591 2248 1683 2279 Fulco
1695 2247 1783 2279 Panel
1797 2273 1806 2287 ‚
1831 2247 1911 2278 Rob.
1924 2247 1960 2278 de
1975 2246 2138 2290 Brivecurt‚
2157 2249 2239 2281 Will.
2254 2252 2342 2283 Man-

1277 2296 1346 2357 gah,
1370 2287 1556 2332 Theobaldus
1570 2287 1688 2318 Chabot
1701 2311 1716 2332 ,Π
1732 2286 1815 2317 Will.
1828 2286 1865 2317 de
1878 2284 2047 2318 Munlusum
2061 2313 2070 2327 ,
2088 2287 2187 2320 Petrus
2201 2289 2237 2321 de
2250 2290 2344 2322 Mun-

1278 2337 1312 2358 ca
1337 2336 1393 2367 on,
1411 2325 1565 2357 Gaufridus
1578 2325 1759 2356 Forestarius.

21 2366 124 2402 ''I-33·
170 2371 191 2392 '⁶
202 2373 270 2405 Hoc
285 2369 322 2415 est
338 2370 556 2418 Cirographum
573 2375 650 2405 inter
667 2375 777 2418 Regem
791 2375 827 2411 ὤ*
847 2374 990 2406 Comitem
1009 2374 1181 2408 Maurianae
1198 2375 1234 2408 de
1292 2406 1297 2411 .
1321 2366 1364 2396 ¹8·
1385 2364 1435 2395 De
1452 2373 1559 2433 Faegffo
1580 2364 1725 2409 sciendum
1736 2363 1801 2409 est)
1825 2363 2028 2433 qdecomes
2042 2365 2118 2411 suam
2132 2367 2284 2413 secham
2296 2368 2344 2400 Fi*

215 2423 421 2454 Matrimonio
446 2424 523 2454 inter
547 2419 626 2467 Joh.
653 2421 769 2455 Filium
794 2424 882 2468 Regis
906 2425 942 2460 &⁴
970 2425 1015 2457 A.
1040 2426 1164 2457 Comitis
1180 2424 1234 2458 Fi·
1279 2404 2120 2481 ἓέῑὲεἳῖἳὲῖωἑὲἣξῖἓῐξοξὲιιξηέξῗὲῑῑζοέίῗίὲῐἒμῗξὲἰηὶίκέῃίἓ
2131 2407 2346 2477 εἶᾞξέξῑιῗάξ-

218 2469 304 2503 liam·
1281 2481 1395 2550 ponssata
1407 2467 1453 2511 vel
1467 2491 1516 2519 per
1531 2481 1688 2521 legitimam
1701 2475 1815 2511 aeiatem
1828 2504 1839 2518 ,
1863 2481 1909 2512 vel
1923 2490 1972 2519 per
1985 2480 2130 2513 Romanae
2172 2484 2279 2515 cclesiae
2289 2483 2346 2515 dis-

26 2554 102 2586 Ann.
113 2553 154 2584 D.
178 2562 203 2584 1.
289 2554 414 2586 UUM
437 2555 467 2585 in
487 2554 607 2599 dubium
625 2555 705 2585 venit
717 2579 727 2594 ‚
746 2555 831 2623 ¹quod
850 2565 865 2600 a
885 2558 1023 2587 memoria
1039 2558 1146 2589 recedit
1158 2584 1168 2598 ,
1193 2569 1238 2590 re·
1281 2530 1385 2598 Per1¹9a.tl
1386 2530 1554 2590 ‹lgrffffitibus
1564 2566 1659 2590 autem
1669 2558 1721 2589 suis
1734 2558 1781 2591 vel
1795 2558 1868 2595 aliis,
1886 2558 1920 2589 &
1933 2568 1986 2596 pro
1999 2559 2081 2590 salute
2092 2560 2196 2590 anirn'ae
2206 2562 2277 2600 suae,
2293 2566 2349 2600 po-¹

53 2602 137 2632 1173.
278 2632 282 2637 .
315 2601 427 2630 pertum
439 2593 481 2623 est
494 2618 504 2632 2
523 2604 551 2623 in
566 2603 606 2623 rei
620 2593 745 2632 gestaerte
772 2604 930 2632 imonium,
949 2593 1098 2633 perhennis
1113 2598 1238 2636 rescripti
1284 2599 1348 2629 terit
1359 2597 1395 2628 de
1407 2597 1480 2627 terra
1492 2597 1538 2627 sua
1550 2597 1632 2635 dare,
1648 2597 1705 2627 fine
1718 2596 1807 2627 multa
1820 2596 1972 2638 comitatus
1983 2597 2180 2630 diminutione.

27 2637 54 2661 A
75 2643 116 2667 ¹9-
127 2637 159 2659 H.
177 2630 344 2661 remedium.
374 2670 379 2676 ’
413 2670 418 2676 .
441 2670 447 2676 ¹
625 2670 631 2675 ·
1066 2673 1071 2678 ¹
1322 2645 1369 2666 20.
1389 2635 1581 2666 Incontinenti
1597 2645 1668 2666 vero
1681 2635 1774 2679 mittet
1787 2634 1853 2679 Rex
1866 2634 1979 2665 Comiti
1991 2636 2068 2679 mille
2083 2636 2195 2668 Marcis
2208 2638 2349 2679 Argenti;

30 2681 56 2698 2.
97 2675 134 2698 Ex
217 2678 244 2699 2.
264 2666 393 2700 Noverit
411 2678 495 2709 igitur
512 2678 571 2700 tam
587 2679 667 2713 prior
683 2679 747 2700 aetas
761 2679 847 2708 quam
857 2670 954 2715 sutura
968 2671 1113 2709 posteritas
1125 2697 1134 2712 ,
1160 2674 1239 2712 quod
1286 2675 1320 2706 &
1332 2684 1418 2712 quam
1430 2675 1490 2704 cito
1503 2673 1602 2705 Filiam
1615 2672 1740 2704 Comitis
1752 2681 1869 2711 recipiet
1881 2698 1891 2712 ‚
1913 2673 1947 2703 ad
1962 2683 2055 2704 minus
2070 2674 2184 2706 habebit
2195 2676 2257 2707 alias
2271 2678 2349 2708 mille

28 2708 149 2752 Rem-ab.
181 2707 360 2738 Humberrus
379 2707 489 2738 Comes
509 2708 727 2752 Maurienfis&
747 2708 883 2738 Marchio
902 2708 988 2740 ltaliae
999 2711 1133 2742 concedit
1145 2721 1240 2743 totum
1287 2712 1401 2743 Marcas
1419 2712 1539 2751 Argenti
1557 2725 1567 2751 3
1608 2713 1642 2744 &
1661 2711 1797 2751 quicquid
1817 2712 1901 2742 fuerit
1919 2712 1956 2742 de
1976 2722 1995 2742 2
2015 2712 2138 2744 millibus
2157 2713 2266 2746 Marcis
2285 2716 2350 2747 resi·-

29 2751 57 2776 In
67 2747 165 2775 Bibliot·
182 2745 363 2790 Comitatum
381 2746 467 2790 suum·
483 2747 635 2789 &lomnes
653 2746 716 2791 alias
734 2745 837 2791 Terras
856 2747 913 2777 suas
926 2772 936 2793 ,
954 2749 1141 2794 ¹quascunque
1157 2751 1241 2782 habet
1286 2750 1377 2781 duum
1392 2775 1402 2789 ,
1426 2752 1542 2788 recipiet
1562 2750 1672 2781 Comes
1686 2750 1801 2789 quando
1816 2752 2031 2783 matrimonium
2043 2753 2115 2782 inter
2127 2751 2230 2783 Filium
2245 2753 2335 2795 Regis

29 2790 131 2813 Cotton.
182 2785 228 2816 vel
240 2784 372 2822 deinceps
384 2784 543 2823 adquisierit
556 2809 565 2823 ,
587 2784 711 2823 Johanni
725 2809 735 2823 ,
754 2785 827 2816 Filio
839 2785 977 2825 Hennci,
996 2786 1168 2818 illustrissimi
1180 2789 1243 2820 Re-
1672 2790 1677 2795 ’

182 2825 222 2864 gis
237 2823 346 2863 Angliae
392 2833 460 2854 cum
474 2823 542 2853 Filia
554 2823 599 2853 sua
612 2824 800 2863 primogenita
812 2848 822 2862 ,
847 2823 921 2854 Aalis
936 2827 1056 2857 nomine
1068 2851 1077 2866 ‚
1103 2827 1123 2857 fi
1137 2827 1242 2859 Filium

181 2871 217 2893 ex
230 2861 336 2892 Uxore
349 2847 392 2891 iiia
404 2867 463 2892 non
476 2862 614 2892 habuerit.

222 2909 248 2941 3.
268 2900 298 2931 Si
316 2910 388 2931 vero
406 2900 510 2930 Filium
531 2901 689 2941 legitimum
708 2900 855 2939 susceperit
867 2926 876 2940 ‚
903 2902 1037 2934 concedit
1049 2903 1088 2934 eis
1101 2905 1130 2934 in
1144 2914 1245 2943 perpe-

181 2947 266 2970 tuum
279 2963 289 2977 ,
315 2939 348 2969 &
367 2938 536 2969 Haeredibus
551 2948 652 2969 eorum
666 2963 676 2978 ‚
699 2938 854 2971 Ruffillutn
867 2949 937 2971 cum
950 2950 1015 2973 toto
1030 2942 1164 2974 mandato
1175 2944 1226 2975 suo
1235 2968 1245 2983 ,

185 2978 244 3009 five
255 2978 428 3015 pertinentiis
441 2977 492 3007 suis
505 2978 648 3008 omnibus.

222 3025 252 3055 4.
272 3014 418 3046 Concedit
436 3015 560 3046 similiter
577 3017 615 3047 eis
632 3017 666 3047 &
683 3015 853 3048 Haeredibus
871 3027 973 3049 eorum
994 3018 1154 3050 Perecastel
1176 3030 1244 3052 cum

184 3054 322 3085 omnibus
334 3055 506 3092 pertinentiis
518 3054 569 3085 suis
585 3064 591 3084 :
618 3055 652 3085 &
665 3064 798 3093 praeterea
811 3064 908 3088 totum
920 3056 1103 3090 Comitatum
1119 3059 1247 3090 Belicen-

186 3093 262 3131 sem,
281 3091 350 3122 ficut
363 3102 431 3122 euin
442 3092 542 3131 habet,
560 3093 612 3122 illis
624 3093 767 3125 concedit.

227 3137 254 3169 5.
273 3130 373 3161 Donat
397 3132 481 3161 etiarn
508 3131 534 3161 ei
555 3139 646 3162 totam
666 3131 778 3162 Vallem
796 3132 961 3165 Novaiefiae
979 3158 988 3173 ,
1026 3132 1247 3168 Camberiacum

188 3178 307 3237 {pioque
320 3178 389 3199 cum
401 3169 536 3199 omnibus
551 3171 722 3207 pertinentiis
736 3171 787 3201 suis
800 3196 810 3210 ,
835 3171 892 3202 Aiz
903 3196 912 3211 ,
936 3172 1076 3211 Asperum
1093 3175 1249 3214 Momem,

224 3207 357 3238 ochetam
403 3207 541 3238 Montem
561 3207 706 3246 Majorem
719 3233 729 3248 ,
754 3208 909 3241 Cameram
928 3221 996 3241 cum
1016 3211 1111 3254 Burgo
1132 3215 1166 3245 &
1185 3223 1249 3244 toto

192 3243 334 3289 mandato.
366 3231 424 3275 ista
436 3248 535 3276 omnia
544 3269 554 3283 ,
578 3256 648 3290 cum
661 3248 795 3278 omnibus
808 3251 981 3287 pertinentiis
995 3250 1046 3281 suis
1060 3275 1070 3289 ,
1096 3253 1133 3282 eis
1148 3254 1250 3283 incon-

192 3290 294 3314 tinenti
307 3290 376 3313 citra
387 3283 505 3314 Montes
518 3284 652 3315 concedit
665 3287 694 3316 in
727 3290 884 3324 erpetuum.

232 3322 259 3351 6.
278 3320 366 3367 Ultra
384 3320 503 3352 Montes
524 3332 640 3391 quoq-‘ff
652 3348 661 3362 ,
682 3324 736 3368 ilis
755 3325 789 3356 δε
810 3335 911 3356 eorum
929 3325 1099 3358 Haeredibus
1118 3328 1205 3359 donat
1218 3331 1251 3361 &

193 3359 328 3403 concedit
345 3369 375 3388 in
388 3368 554 3397 perpetuum
631 3371 760 3392 aurinum
772 3371 868 3394 totum
881 3374 949 3395 cum
963 3367 1097 3396 omnibus
1111 3369 1253 3405 pertinen-

193 3399 240 3430 tiis
252 3398 303 3442 suis
317 3407 323 3427 τ
350 3396 500 3428 Cavoroth
511 3423 522 3437 ‚
546 3385 701 3468 dolfium
714 3411 784 3431 cum
797 3402 931 3433 omnibus
946 3405 1117 3441 pertinentiis
1131 3406 1200 3444 suis,
1219 3407 1253 3437 &

194 3445 294 3480 omnia
313 3435 407 3465 Feuda
425 3442 489 3479 quae
500 3444 596 3470 tenent
628 3448 644 3469 e
654 3438 715 3477 ipso
728 3438 860 3471 Comites
873 3440 909 3471 de
919 3440 1057 3473 Canaveis
1071 3467 1080 3481 ,
1106 3444 1139 3475 &
1151 3454 1254 3475 eorum

195 3474 306 3505 servitia
318 3475 351 3506 δί
364 3473 514 3504 fidelitates.

198 3512 317 3583 &7seri11i1
315 3511 426 3581 tiaCorn.
448 3521 564 3551 quoque
581 3513 617 3545 de
635 3513 838 3548 Castroamunt
848 3516 973 3550 similiter
986 3518 1068 3550 feuda
1080 3544 1090 3559 ,
1114 3518 1258 3556 fidelitates

240 3590 265 3620 8.
285 3588 320 3620 In
345 3574 427 3619 Valle
452 3587 776 3634 Augustenfissoncedit
798 3595 837 3624 eis
860 3593 1076 3626 Castellionium
1103 3597 1133 3627 in
1157 3606 1257 3634 perpe-

199 3636 305 3696 tuuffiirss,
330 3635 431 3658 contra
443 3637 544 3658 omnes
554 3627 701 3668 hommes,
719 3630 797 3669 quod
810 3631 847 3663 de
857 3633 907 3664 illo
919 3641 997 3665 tenet
1007 3634 1181 3666 Vicecomes
1194 3635 1257 3667 Au-

199 3675 365 3774 iriz-{st
381 3704 909 3775 mpmffflsseffl
925 3707 1158 3779 pediti-..Fe
1170 3712 1259 3761 a...

202 3753 307 3825 greg&
325 3754 419 3826 quigt’e
435 3754 466 3811 i'n
484 3782 649 3826 hominibus
668 3783 701 3814 ὅτ,
715 3755 1042 3824 (ῖῑνῆιξιῖἓξῗιιῗζᾷἕῖἷ
1049 3761 1083 3819 ἐς
1094 3760 1260 3820 iiis’niflffii

203 3820 329 3864 tionibus
344 3831 354 3858 ς
378 3830 407 3864 in
420 3828 504 3858 pratis
516 3845 526 3858 ,
552 3821 654 3859 pascuis
667 3822 701 3852 &
713 3820 883 3866 molendinis
891 3847 901 3862 ‚
917 3825 948 3854 in
960 3825 1050 3856 bosco
1063 3827 1098 3857 &
1111 3827 1213 3866 plano,
1230 3829 1260 3857 in

205 3858 328 3926 {iiiii-⁶
340 3858 457 3926 ἕέὲὲῗω
469 3859 541 3928 ’ficii
553 3860 873 3930 ffliffp‘issesssgff’
889 3862 1062 3932 {iitfflagffi
1075 3865 1152 3933 &1³¹¹
1165 3867 1261 3910 ⁰m¹¹²b

208 3934 305 3963 omnia
335 3944 379 3964 uae
390 3921 540 3979 subscripta
551 3907 628 3974 sunq’
645 3944 692 3968 aut
704 3908 823 3966 liberiqu.
854 3922 865 3938 ³
947 3901 1004 3940 lpse
1015 3911 1047 3933 ea
1060 3911 1108 3933 me
1118 3912 1159 3934 ms
1172 3912 1262 3936 tenum

251 3979 296 4000 10.
343 3972 384 4002 ult
405 3981 489 4015 etiam
505 3983 565 4012 jam
585 3974 677 4005 dietus
695 3973 805 4005 Comes
823 3998 833 4012 ,
869 3976 950 4014 quod
968 3977 1156 4011 incontinenti
1215 3986 1263 4010 aut

210 4008 438 4074 fiuandocunque
457 4012 592 4050 placuerit
610 4011 745 4043 Domino
764 4012 840 4052 Regi
861 4012 908 4043 An
940 4016 992 4055 'ae,
1035 4017 1094 4048 uod
1114 4004 1187 4048 Filic’>
1207 4018 1264 4056 ejus

234 4047 514 4117 wlprssstintm
532 4050 661 4084 hominia
678 4052 712 4084 δε
729 4050 874 4084 fidelitates
891 4062 908 4086 a
945 4056 1028 4090 omni
1050 4065 1081 4091 us
1099 4054 1265 4090 hominibus

1289 2790 1323 2820 ὃς
1342 2789 1442 2819 Filiam
1462 2788 1586 2820 Comitis
1607 2789 1691 2820 fuerit
1711 2789 1893 2820 contrastum
1909 2799 1960 2828 per
1972 2790 2128 2830 legitimam
2142 2799 2253 2823 aetatem
2266 2817 2277 2830 ,
2305 2804 2341 2825 ve

1288 2828 1432 2859 Romana:
1443 2826 1578 2859 Ecclesiae
1590 2827 1828 2866 dispensationem.
2261 2860 2263 2863 .

1329 2877 1376 2897 21.
1396 2867 1427 2898 Si
1444 2875 1539 2897 autem
1560 2867 1706 2898 Dominus
1726 2866 1813 2906 Rex,
1836 2866 1915 2905 quod
1935 2867 2017 2899 Deus
2028 2868 2155 2906 avertat,
2178 2877 2242 2900 ante
2256 2870 2284 2900 in
2297 2870 2352 2902 fata

1291 2905 1461 2937 concesserit
1476 2930 1485 2944 ‚
1507 2905 1552 2936 vel
1565 2914 1640 2936 exrra
1653 2913 1737 2936 terras
1751 2905 1808 2936 suas
1821 2906 1965 2943 profestus
1980 2907 2063 2937 fuerit
2077 2919 2087 2945 3
2105 2916 2198 2945 neque
2210 2907 2283 2947 ipse,
2301 2919 2351 2939 ne·

1292 2955 1349 2983 que
1366 2944 1416 2982 ipsi
1427 2969 1436 2983 ,
1462 2945 1511 2982 qui
1530 2942 1567 2974 de
1580 2943 1713 2975 mandato
1726 2944 1775 2974 suo
1787 2946 1952 2984 juraverunt
1965 2970 1974 2983 ,
1997 2945 2042 2975 vel
2055 2945 2176 2983 aliquam
2188 2945 2302 2978 Comiti
2312 2947 2353 2978 se-

1291 2984 1441 3014 curitatem
1457 2983 1586 3013 fecerunt
1601 3008 1610 3021 ,
1633 2982 1804 3013 tenebuntur
1823 2982 1859 3013 de
1877 2983 2034 3022 praescripta
2051 2982 2258 3016 Conventione
2269 3010 2280 3024 ‚
2304 2985 2356 3019 nisi

1293 3020 1441 3052 Dominus
1454 3020 1521 3051 Rex
1533 3021 1617 3051 Filius
1630 3020 1734 3061 Regis,
1750 3022 1783 3052 δε
1794 3021 1842 3052 sui.

1333 3070 1380 3090 22.
1400 3059 1434 3090 In
1454 3068 1557 3089 terram
1577 3059 1665 3096 Retris
1686 3059 1798 3090 Anoliae
1816 3067 1954 3090 venerunt
1973 3068 2008 3090 ex
2027 3068 2104 3099 parte
2124 3060 2250 3093 Comitis
2268 3062 2357 3093 Mau-·

1295 3099 1389 3129 rienfis
1402 3123 1412 3138 ,
1441 3097 1575 3141 Marchio
1596 3083 1709 3128 Montis
1728 3084 1855 3136 serrati,
1880 3098 1914 3128 &
1933 3097 2087 3130 Gaufridus
2107 3099 2143 3130 de
2164 3100 2271 3131 Plozac
2286 3125 2295 3137 ,
2319 3101 2354 3131 δε

1297 3136 1404 3168 Nerilo
1422 3135 1506 3167 Filius
1525 3146 1582 3170 eius
1626 3137 1659 3167 &
1676 3135 1835 3166 Richardus
1847 3135 1972 3167 Comitis
1985 3136 2176 3169 Cancellarius
2189 3164 2198 3178 ,
2222 3141 2256 3170 &
2271 3138 2355 3168 Berlo

1297 3176 1333 3206 de
1351 3174 1485 3206 Camboe
1498 3199 1507 3213 ,
1530 3176 1563 3205 &
1582 3161 1681 3204 l3errus
1698 3173 1733 3203 de
1747 3173 1833 3205 Boret
1845 3173 1996 3206 Castellani
2010 3198 2020 3214 ‚
2043 3177 2077 3208 &
2091 3176 2189 3207 Petrus
2201 3176 2237 3207 de
2248 3177 2356 3207 Sancto

1297 3214 1425 3245 Genefio
1439 3238 1449 3252 ,
1475 3215 1508 3245 ὃς
1531 3212 1630 3243 Petrus
1650 3212 1686 3242 de
1704 3212 1834 3243 Taurino
1855 3212 1963 3243 Milites
1977 3238 1987 3252 ,
2010 3215 2043 3245 &
2058 3214 2211 3246 Gaufridus
2224 3215 2260 3245 de
2273 3214 2299 3244 A
2322 3224 2357 3245 ua

1298 3251 1371 3283 Bella
1384 3277 1394 3291 ,
1416 3253 1449 3283 ὃ(
1464 3251 1606 3282 Rodulfus
1620 3250 1657 3281 de
1671 3250 1772 3282 Warci
1786 3277 1795 3290 ,
1819 3245 1990 3291 Burgenses,
2019 3254 2068 3290 qui
2077 3253 2239 3290 juraverunt
2276 3260 2303 3282 ta
2336 3254 2341 3258 '

1297 3291 1473 3322 sacrosanffis
1493 3288 1652 3329 Evangeliis
1664 3315 1674 3329 ,
1699 3289 1777 3328 quod
1792 3289 2028 3320 Conventionem
2042 3290 2143 3320 fabiam
2157 3292 2229 3321 inter
2240 3277 2358 3329 Regem

1299 3331 1332 3361 ὃ(
1345 3329 1495 3360 Comitem
1508 3353 1518 3367 ,
1540 3327 1576 3358 de
1590 3326 1663 3358 Filio
1677 3326 1765 3367 Regis
1777 3329 1810 3360 &
1826 3327 1894 3359 Filia
1909 3327 2033 3359 Comitis
2045 3353 2055 3367 ,
2078 3329 2146 3358 ficut
2159 3328 2284 3367 legitime
2298 3329 2358 3361 fac.-

1300 3377 1327 3398 ta
1340 3392 1348 3405 ,
1370 3368 1469 3405 scripta
1482 3367 1516 3398 &
1528 3366 1667 3397 intelle&a
1680 3365 1742 3397 sunt
1757 3391 1767 3404 ,
1785 3367 1889 3396 facient
1903 3366 2053 3396 Comitem
2065 3365 2182 3402 firmiter
2194 3367 2359 3405 observare,

1301 3407 1334 3438 δε
1354 3406 1403 3436 nisi
1423 3415 1486 3436 eam
1503 3405 1693 3436 observaverit
1707 3429 1716 3444 ,
1734 3405 1897 3443 juraverunt
1908 3429 1918 3443 ,
1941 3403 2021 3442 quod
2040 3403 2074 3433 ad
2092 3405 2277 3436 vocationem
2291 3405 2359 3437 Do-

1300 3446 1371 3475 mini
1391 3444 1480 3484 Regis
1499 3443 1547 3474 vel
1564 3443 1672 3474 Nuntii
1688 3443 1770 3482 ipsius
1784 3468 1793 3483 ‚
1817 3444 1850 3474 ὃ(
1872 3445 1955 3472 etiam
1974 3442 2030 3472 sine
2041 3443 2124 3472 omni
2138 3445 2290 3474 vocatione
2302 3469 2312 3483 ,
2336 3444 2358 3475 fi

1302 3482 1412 3513 Comes
1430 3480 1543 3512 resiliret
1554 3492 1569 3512 a
1583 3481 1788 3513 Conventione
1832 3490 1866 3511 ex
1879 3491 1937 3518 quo
1951 3478 2008 3509 hoc
2022 3489 2075 3517 pro
2090 3489 2170 3511 certo
2183 3480 2284 3513 scirent
2297 3508 2306 3521 ,
2333 3482 2361 3513 se

1302 3521 1420 3552 reddent
1439 3520 1549 3552 obsides
1569 3520 1645 3552 Retri
1659 3522 1688 3551 in
1704 3520 1776 3551 terra
1791 3505 1836 3549 sua
1849 3543 1858 3557 ,
1881 3520 1915 3549 &
1930 3517 2036 3547 tamdiu
2050 3519 2077 3547 in
2092 3520 2224 3557 captione
2235 3520 2281 3551 sua
2295 3531 2362 3556 mof

1303 3560 1438 3590 rabuntur
1451 3583 1460 3598 ‚
1487 3559 1581 3591 donec
1599 3545 1709 3590 (fornes
1729 3557 1763 3588 ad
1782 3556 1990 3601 beneplacitum
2008 3554 2096 3596 Regis
2116 3567 2267 3590 revocetur
2280 3584 2290 3598 ,
2315 3558 2363 3591 vel

1304 3608 1374 3630 cum
1385 3597 1520 3629 Domino
1530 3598 1613 3638 Rege
1624 3607 1677 3636 pro
1690 3595 1834 3638 voluntate
1847 3595 1892 3625 sua
1906 3603 2090 3633 componant.

1343 3646 1390 3676 23.
1406 3636 1577 3675 Juraverunt
1601 3638 1684 3666 etiam
1711 3632 1963 3676 praediitihNuntii
1981 3657 1991 3671 ,
2028 3633 2109 3676 quod
2130 3634 2241 3667 Comes
2261 3633 2362 3667 Filiam

1305 3674 1382 3705 suam
1401 3675 1551 3706 secundam
1569 3684 1629 3704 non
1648 3672 1737 3703 tradet
1755 3679 1875 3710 nuptui,
1896 3671 1989 3702 donec
2010 3681 2066 3710 ejus
2087 3672 2157 3704 Filia
2174 3676 2362 3714 primogenita

1307 3712 1380 3745 Filio
1400 3713 1447 3744 Re
1468 3715 1487 3743 is
1508 3712 1697 3743 Matrimonio
1717 3710 1748 3739 sit
1766 3709 1895 3752 copulata
1908 3735 1917 3748 ,
1941 3709 1986 3740 vel
2003 3720 2052 3748 per
2065 3710 2091 3741 le
2111 3712 2219 3743 itimam
2232 3722 2362 3751 aetatem,

1306 3752 1352 3782 vel
1370 3761 1419 3790 per
1469 3760 1582 3781 omanae
1596 3748 1729 3779 Ecclesiae
1741 3745 1972 3786 dispensationem
1985 3760 1995 3785 ς
2017 3748 2067 3778 nisi
2101 3759 2116 3780 e
2129 3751 2249 3782 consilio
2261 3753 2293 3782 &
2307 3760 2362 3782 vo-

1306 3789 1410 3820 luntate
1428 3789 1553 3819 Domini
1570 3788 1658 3826 Regis
1678 3796 1741 3817 eam
1758 3788 1871 3817 interim
1891 3785 1934 3816 alii
1952 3785 2100 3818 donaverit
2115 3798 2121 3818 z
2143 3789 2306 3827 juraverunt
2327 3789 2362 3819 &

1307 3828 1347 3858 illi
1358 3852 1368 3866 ,
1389 3826 1468 3866 quod
1503 3827 1632 3857 ecuniam
1645 3849 1654 3863 ,
1675 3835 1761 3864 quam
1773 3827 1877 3863 recepit
1891 3824 1937 3855 vel
1948 3825 2064 3864 recipiet
2075 3825 2186 3857 Comes
2197 3838 2215 3860 a
2228 3827 2363 3858 Domino

1308 3865 1392 3905 Rege
1404 3890 1413 3903 ,
1438 3865 1457 3895 fi
1471 3837 1539 3895 ffffia
1552 3863 1692 3903 Comitis,
1705 3863 1751 3895 vel
1766 3863 1850 3907 Filius
1865 3862 1970 3908 Regis,
1987 3864 2064 3902 quod
2078 3864 2163 3904 absit,
2181 3865 2256 3896 forte
2269 3867 2297 3895 in
2310 3865 2367 3895 fata

1309 3902 1478 3935 concesserit
1490 3927 1500 3941 ,
1520 3910 1669 3940 antequam
1689 3903 1902 3932 matrimonium
1921 3910 1992 3932 inter
2011 3912 2060 3933 eos
2073 3903 2156 3934 suerit
2168 3904 2365 3940 conrradfflm,

1308 3950 1401 3973 totam
1419 3940 1516 3975 reddet
1535 3939 1633 3980 Regi,
1656 3941 1701 3972 vel
1721 3940 1928 3978 beneplacitum
1945 3940 2034 3980 Regis
2047 3941 2112 3971 inde
2126 3941 2233 3980 faciet,
2258 3941 2304 3972 vel
2317 3942 2367 3971 cui

1309 3979 1377 4010 Rex
1388 3978 1564 4018 assignaverit
1577 3991 1588 4018 3
1602 3980 1636 4010 &
1647 3978 1774 4018 praediffi
1785 3980 1937 4018 juratores,
1953 3978 2048 4010 donec
2061 3979 2144 4010 fuerit
2154 3979 2257 4017 soluta,
2277 3980 2296 4010 fi
2311 3988 2366 4010 vo⁴

1309 4018 1392 4049 luerit
1404 4017 1470 4047 Rex
1481 4017 1514 4050 &
1527 4016 1641 4059 quando
1654 4013 1791 4055 voluerit,
1809 4016 1836 4047 se
1845 4016 1963 4052 reddent
1975 4019 2002 4051 ei
2011 4017 2122 4052 obfides
2134 4018 2165 4050 in
2177 4016 2251 4050 terra
2264 4018 2298 4050 ὃ(
2313 4026 2367 4055 po-

1307 4054 1405 4089 testate
1417 4053 1472 4088 sust.
1784 4086 1806 4126 Β.

2321 4086 2376 4127 Iti-c

2343 1323 2359 1342 *
2369 1324 2393 1353 Ι.
2402 1332 2448 1360 34:
