2570 4261
269 201 346 238 160

122 284 197 314 Ann.
207 282 247 313 D.
266 280 376 312 baudiae
396 277 614 317 Consanguineo
635 275 735 307 nostro
756 274 902 305 kariffimo
916 299 925 312 ,
942 273 1048 304 Ottoni
1070 273 1106 304 de
1127 271 1324 303 Grandiffono

142 322 225 359 1296.
269 320 373 355 Militi,
391 319 423 348 &
444 317 573 346 &Valtero
596 314 632 344 de
653 315 801 352 Langeton
815 313 1001 343 Thesaurario
1017 311 1133 350 nostro,
1150 311 1322 354 vesduobus

120 363 186 389 Edu.
210 371 232 389 i.
267 366 384 392 eorum,
403 354 571 392 potestatem
583 352 776 389 trastandi,&
791 350 1023 389 firmandi,s1mul
1037 360 1106 381 cum
1122 349 1221 380 vestris
1234 348 1324 378 Nun-

267 397 335 430 ciiS,
355 393 388 422 ad
411 394 468 422 hoc
491 392 507 420 a
527 390 618 420 vestra
633 390 806 421 ‚sublimitate
827 390 982 427 mittendis,
1002 397 1110 427 treugas
1130 389 1201 418 inter
1221 396 1274 416 vos
1287 387 1320 416 δε

267 432 374 463 vestros
396 432 430 460 ἅ-
454 429 564 459 nostros
586 427 723 458 Valitores
741 436 775 457 ex
786 436 863 469 parte
879 427 951 464 una,
969 428 1002 458 &
1017 427 1127 457 dietum
1141 426 1319 468 Franco-rum

267 471 381 501 Reoem
395 478 462 498 curn
475 467 525 497 suis
540 466 711 497 Valitoribus
725 475 760 496 ex
773 465 886 495 advers&
895 488 904 503 ,
922 465 971 495 sub
981 465 1075 495 forma
1095 465 1128 495 &
1148 463 1322 494 conditioni-

265 495 332 538 buse'
356 506 433 535 „ribus
448 505 618 535 Excellentia
631 504 723 535 vestra
734 504 855 534 voluerit
869 503 1005 534 assentire.
1302 538 1307 543 ι

303 517 351 575 Acci
366 543 528 581 praedi&am
541 542 677 581 fiquidem
692 543 880 574 sufferentiam
894 539 1130 577 concedendam,
1142 548 1177 569 ex
1196 549 1232 569 eo
1255 537 1323 581 saci-

266 584 319 614 lius
339 581 467 619 praediffl
490 582 652 612 Albanenns
674 581 806 619 Episcopi
825 581 898 611 votis
912 581 944 611 &
960 579 1089 617 precibus
1104 578 1214 608 devotis
1229 575 1323 620 ernsti-

264 622 403 652 mavimus
415 619 618 658 annuendum,
636 620 715 658 quod
728 630 777 650 vos
792 621 820 648 in
833 618 999 656 quibusdam
1015 617 1136 655 partibus
1153 616 1248 660 Regni
1269 624 1320 657 ve-

263 661 311 690 stri
327 662 402 691 circa
414 669 513 700 magna
528 660 560 690 &
575 659 658 689 ardua
672 658 857 688 intelleximus
869 665 1040 693 occupatos»,
1057 655 1164 693 nosque
1185 664 1214 684 m
1235 661 1320 694 parti-

264 699 316 728 bus
335 699 456 736 Scotiae,
475 708 589 736 propter
606 697 761 727 Scororum
783 695 983 732 rebellionem,
1000 693 1093 724 sumus
1114 702 1261 723 armorum
1275 699 1323 721 ex-

264 738 364 768 ercitio
378 737 561 767 intendentes.

300 776 382 806 Hinc
407 775 446 805 est
469 774 545 812 quod
565 773 598 803 ad
618 772 739 810 ejusdem
754 771 888 810 Episcopi
905 769 1066 800 Albanenfis
1078 768 1244 800 affectuosas
1257 777 1321 811 pre-

263 824 329 852 ces,
347 815 384 844 ab
401 814 459 850 ipso
473 814 551 850 super
567 813 623 841 hoc
637 811 720 840 nobis
735 810 819 848 fusas,
837 809 1041 840 Cellitudinem
1058 808 1178 838 vestram
1200 816 1319 851 requiri—

264 863 327 883 mus
341 854 373 883 &
389 861 535 889 roamus,
555 851 682 888 quatinus
697 848 731 879 ad
746 848 822 879 diem
842 849 876 879 &
896 849 1010 885 locum,
1029 857 1100 885 quos
1123 845 1227 884 prefati
1249 845 1321 875 Car-

263 891 367 922 dinales
415 861 616 925 significem-„e
636 887 738 918 vestrae
759 887 888 918 duxerint
900 886 1089 923 intimandos,
1107 884 1215 915 vestros
1230 883 1320 926 Nun-

263 931 323 960 cios
342 928 500 965 destinetis,
519 937 588 958 cum
612 927 712 964 quibus
733 926 846 956 Nuncii
864 924 952 955 nostri
967 925 1157 962 conveniant,
1174 924 1207 954 ὅ(
1222 931 1321 953 unam-

263 969 348 998 miter
360 966 478 997 trafient
493 966 526 996 δε
541 964 694 1004 procedant
710 966 739 994 in
753 965 871 1003 negotio
884 963 1048 1000 supradicio.

299 1006 388 1043 Super
408 1005 459 1035 hiis
480 1014 575 1034 autem
596 1003 743 1034 Cellitudo
766 1002 858 1033 vestra
877 1003 1051 1032 voluntatem
1071 1002 1147 1031 suam
1165 1023 1174 1036 ,
1205 1001 1239 1030 δε
1253 998 1319 1043 ι11τῇ-

262 1053 324 1075 tum
335 1067 344 1082 ,
360 1043 482 1075 utinam!
503 1043 610 1081 semper
623 1042 657 1073 ad
673 1051 740 1074 vota
750 1041 928 1080 prosperum,
947 1041 1030 1071 nobis
1043 1049 1104 1070 non
1118 1038 1232 1070 differat
1251 1046 1317 1068 mtr-

262 1093 346 1114 mate.

297 1158 366 1189 Dat.
381 1158 455 1197 apud
467 1158 659 1198 Rokesburgh
674 1158 703 1187 in
717 1157 812 1188 Scotia
832 1157 875 1187 16.
889 1157 934 1187 dic
951 1155 1034 1186 Maii.

261 1283 309 1314 De
329 1279 483 1314 Credentia
497 1292 552 1326 pro
573 1283 703 1314 Nunciis
725 1282 810 1327 Regis
821 1276 1100 1322 Romanorum,ad
1116 1275 1313 1311 trastandum

576 1331 668 1376 fhper
688 1328 809 1376 Treuga
826 1326 984 1372 destinatis.

108 1421 184 1452 Ann.
198 1420 238 1451 D.

131 1461 215 1498 1296.

109 1503 162 1527 An.
178 1510 223 1534 24.

110 1542 137 1566 E.
162 1548 185 1565 r.

107 1581 163 1604 Rot.
177 1575 237 1602 Ale-

260 1414 373 1473 REX
389 1415 592 1445 venerabilibus
609 1414 753 1452 Patribus,
772 1414 908 1453 Praelatis,
927 1415 960 1446 &
977 1413 1136 1444 Nobilibus
1146 1413 1239 1450 Viris,
1251 1410 1315 1443 Co-

333 1455 465 1492 mitibus,
483 1453 656 1490 Baronibus,
673 1455 707 1484 ὃ(
722 1454 794 1491 aliis,
813 1464 863 1492 per
874 1453 1007 1484 illustrem
1023 1452 1138 1490 Regem
1161 1451 1316 1481 Romano-

259 1502 322 1522 rum
337 1492 522 1529 destinandis,
537 1492 570 1522 ad
586 1492 761 1522 traffitandum
778 1492 813 1522 de
827 1493 965 1531 Treugis,
982 1491 1061 1529 super
1082 1491 1190 1528 *guerris
1207 1490 1241 1520 &
1261 1489 1317 1519 dis-

258 1531 444 1571 sentionibus,
460 1532 532 1561 inter
548 1530 637 1568 ipsum
651 1531 763 1571 Regem
780 1531 984 1562 Romanorum
1000 1530 1034 1560 &
1048 1539 1100 1559 nos
1116 1539 1149 1559 ac
1174 1528 1314 1559 Valitores

258 1571 368 1600 nostros
392 1578 426 1599 ex
447 1569 504 1600 una
525 1579 620 1608 parre,
638 1570 671 1600 ὅς
690 1570 803 1608 Regem
819 1570 945 1601 Franciae
958 1578 991 1598 ac
1004 1567 1143 1599 Valitores
1153 1567 1215 1599 suos
1228 1576 1262 1597 ex
1275 1566 1315 1597 al-

259 1609 317 1639 tera
329 1610 446 1646 exortis,
462 1608 586 1638 salutem.

108 1624 236 1681 §3⁵:724
292 1647 389 1691 Sciatis
402 1645 514 1691 quod,
528 1647 569 1677 ob
593 1647 779 1691 reverentiam
798 1645 909 1689 Sandhe
931 1628 1075 1690 Romame
1097 1644 1258 1689 Ecclesiae,
1281 1653 1314 1676 ac

111 1693 151 1719 16.
170 1692 196 1719 d.
255 1685 421 1716 venerabilis
442 1684 529 1715 Patns
551 1685 676 1715 Domini
698 1685 729 1715 B.
754 1684 915 1714 Albanenlis
942 1684 1075 1722 Episcopi
1097 1683 1266 1721 Cardmalis,
1285 1693 1314 1713 a-

256 1726 325 1754 mici
347 1723 437 1754 nostri
457 1723 606 1761 cariffimi,
625 1734 678 1754 nos
698 1723 830 1754 instanter
850 1722 931 1761 super
947 1722 1005 1754 hoc
1019 1723 1201 1761 requirentis,
1219 1722 1315 1753 hono—

257 1773 337 1800 rem,
1279 1800 1284 1805 .

256 1798 1311 1882 &fflffiffifflfflfflffifffflffifflfflffiffiffi

254 1879 289 1909 &
303 1879 464 1909 XValterum
476 1878 512 1908 de
528 1878 675 1917 Langeton
688 1877 902 1907 Thesaurarium
917 1876 1107 1915 nostrum,ad
1121 1876 1311 1915 naastandum,

253 1916 407 1947 ineundem
422 1918 454 1948 δε
470 1916 640 1947 firmandum
654 1925 762 1955 treugas
776 1915 928 1946 antedictas
937 1938 946 1954 ‚

292 1955 422 1985 Vestram
435 1955 657 1985 Benivolentiam
669 1956 840 1992 requirentes
852 1962 985 1992 quatenus
997 1952 1098 1984 eisdem
1118 1953 1244 1984 Nunciis
1258 1963 1312 1983 no-

255 1992 317 2024 stris
332 2017 341 2033 ,
358 1994 403 2024 vel
426 1993 537 2024 duobus
558 1994 697 2032 ipsorum,
715 1993 801 2023 fidem
826 1993 1006 2023 indubitatam
1026 1992 1158 2022 adhibere
1175 1992 1266 2022 velitis
1285 1993 1313 2021 in

255 2032 407 2101 l111i¹iesfid21uae
421 2032 498 2071 super
513 2031 675 2070 praemiffis,
693 2041 727 2062 ex
741 2040 820 2070 parte
841 2031 953 2070 nostra,
968 2031 1050 2063 vobis
1071 2031 1202 2062 duxerint
1221 2031 1314 2069 expri-

291 2146 359 2177 Dat.
374 2146 448 2185 apud
460 2146 652 2186 Rokesburgh
669 2148 696 2177 in
709 2147 805 2178 Scotia
824 2146 869 2176 16.
882 2146 928 2177 die
945 2146 1025 2177 Maii.

254 2269 303 2302 De
327 2267 427 2312 Castro
444 2273 480 2308 ὠ·
500 2273 536 2303 V
534 2271 588 2303 illa
603 2269 639 2302 de
660 2270 898 2321 Berenykfhper
917 2269 1064 2303 Twedam
1079 2267 1231 2312 commiffis
1251 2269 1311 2302 Os-

593 2317 674 2352 berto
695 2319 731 2352 de
755 2320 962 2366 Spaldington.

104 2398 180 2432 Arm.
196 2399 237 2430 D.
255 2401 369 2460 REX
388 2402 520 2434 universis
540 2403 574 2434 &
598 2402 707 2443 singulis
729 2403 765 2434 de
782 2403 994 2435 vicecomitatu
1014 2403 1051 2434 de
1072 2403 1210 2443 Berewyk
1231 2402 1311 2441 super

127 2440 210 2477 1296.
327 2441 471 2472 Twedam
506 2441 540 2472 ad
554 2451 642 2480 qUOS,
661 2443 723 2473 δίε.
738 2442 863 2473 salutern.

104 2482 156 2507 An.
174 2488 218 2513 24-
289 2479 386 2510 Sciatis
406 2465 489 2518 quod²
507 2480 702 2510 commisimus
720 2481 826 2512 dilee‘to
845 2482 878 2512 &
902 2479 976 2511 fideli
999 2479 1114 2519 nostro,
1134 2479 1260 2510 Osberto
1276 2479 1311 2510 de

106 2522 134 2544 Ε.
159 2527 181 2544 ¹·
254 2517 453 2558 Spaldington,
471 2518 605 2549 Castrum
619 2520 652 2550 ὅ(
667 2519 768 2550 Villam
784 2519 908 2550 nostram
921 2519 957 2550 de
970 2519 1105 2558 Berewyk
1118 2519 1198 2557 super
1219 2519 1311 2550 Twe-

103 2559 158 2583 Rot.
178 2560 234 2582 sco-
253 2556 335 2595 dam,
353 2558 386 2588 &
407 2557 648 2588 Vicecomitatum
666 2557 797 2589 nostrum
817 2557 985 2596 praedidum
1000 2581 1010 2596 ,
1029 2567 1096 2588 cum
1119 2558 1255 2588 omnibus
1277 2557 1312 2587 ad

104 2595 141 2620 tia
163 2603 204 2627 ¹9·
224 2634 227 2637 ,
253 2605 284 2625 ea
299 2596 501 2633 specstantibus,
520 2595 701 2626 custodienda
714 2596 846 2635 quamdiu
861 2597 942 2627 nobis
976 2596 1104 2634 lacuerit3
1124 2597 1160 2627 ita
1176 2595 1254 2634 quod
1274 2595 1311 2626 de

103 2631 178 2669 usque
190 2635 233 2665 2⁴³
253 2635 386 2672 exitibus,
405 2633 470 2664 inde
489 2635 734 2673 provenientibus,
747 2636 830 2665 nobis
843 2635 940 2673 respon
963 2643 1014 2665 eat.

104 2673 134 2695 E.
146 2679 235 2697 1·m-¹·
292 2672 330 2702 Et
351 2672 416 2702 ideo
436 2673 518 2703 vobis
541 2672 720 2710 mandamus,
736 2673 784 2703 sub
804 2673 978 2703 forisfmstura
998 2674 1149 2710 omnium,
1169 2682 1231 2710 quae
1245 2681 1310 2711 erga

105 2709 121 2724 ‘¹
131 2709 234 2743 11-717·
255 2720 307 2740 nos
325 2710 483 2740 forisfacere
504 2712 642 2749 poteritis,
661 2710 777 2741 firmiter
799 2712 990 2751 injungentes,
1006 2711 1085 2749 quod
1105 2711 1124 2730 ³¹¹²
1143 2712 1236 2740 eidem
1251 2710 1309 2740 Os-

254 2750 351 2786 berto,
370 2758 501 2788 tanquam
521 2748 642 2780 Custodi
664 2749 763 2780 nostro
785 2749 885 2787 Villae,
903 2749 995 2779 Castri
1015 2751 1049 2781 δι’
1063 2748 1307 2787 vicecomitatus,

252 2788 281 2817 in
298 2788 449 2825 omnibus,
468 2797 533 2825 quae
551 2787 585 2817 ad
600 2787 758 2818 custodiam
771 2787 941 2818 eorumdem
964 2788 1121 2825 pertinent,
1140 2787 1195 2818 sitis
1216 2788 1308 2817 inten-

251 2825 363 2864 dentes,
383 2825 596 2864 respondentes,
617 2826 791 2867 consulentes
804 2850 813 2863 ,
831 2828 863 2858 δε
883 2824 1043 2856 auxiliantes
1059 2837 1068 2863 3
1087 2834 1172 2864 prout
1196 2825 1231 2856 ad
1255 2826 1309 2856 ho-

251 2874 352 2894 norem
367 2864 400 2894 &
417 2864 608 2895 commodum
621 2864 751 2896 nostrum
766 2864 864 2895 melius
878 2864 962 2896 fuerit
973 2864 1143 2895 faciendum.

287 2902 321 2933 In
337 2904 430 2941 cujus,
448 2903 508 2934 &c.

287 2977 376 3008 Teste
388 2978 473 3017 Rege
486 2981 559 3019 apud
575 2980 777 3019 Rokesburgh.
796 2980 839 3011 16.
853 2980 900 3011 die
914 2979 997 3011 Maii.

339 3103 389 3134 De
405 3101 503 3144 Castro
523 3102 690 3149 Jedworth
706 3102 829 3136 Thomae
844 3103 879 3136 de
897 3101 1053 3136 Burnham
1069 3103 1222 3149 commtffb.

107 3184 182 3214 Ann.
198 3180 238 3212 D.
256 3184 368 3244 REX
387 3188 518 3218 universis
531 3188 563 3218 &
576 3187 685 3227 singulis
700 3188 857 3219 tenentibus
869 3188 905 3219 de
920 3187 1025 3219 Castro
1038 3186 1073 3217 de
1081 3186 1307 3227 Jedeworth‚ad

129 3220 212 3259 1296-
329 3234 417 3263 quos,
433 3226 492 3256 &c.
512 3226 633 3256 salutem.

106 3268 221 3327 {11:24-
257 3299 279 3330 B
295 3262 392 3330 &hatis
413 3264 706 3332 ςυοάἀςῗπιηιίἓῐῃίῗε
724 3263 839 3332 diled‘tt}t
851 3266 884 3296 &
907 3265 981 3296 fideli
996 3264 1113 3317 nostro,
1127 3264 1309 3318 Thomaerde

133 3322 136 3326 -
284 3312 331 3331 arn
353 3311 414 3339 am,
433 3312 490 3339 pne
512 3312 536 3332 ic
553 3312 603 3332 um
652 3312 666 3332 a
693 3313 754 3333 rum
776 3313 814 3333 no
841 3314 921 3341 rum,
939 3305 972 3334 &
996 3302 1142 3333 Foiestam
1156 3303 1191 3333 de
1206 3303 1310 3333 bellor-

107 3343 162 3365 Rot.
176 3342 241 3364 scot.
256 3340 307 3378 ke,
326 3349 395 3369 cum
411 3339 561 3370 dominicis
574 3341 666 3378 terris,
683 3342 714 3370 ὃ(
726 3342 859 3372 omnibus
873 3342 948 3380 aliis,
966 3341 1001 3372 ad
1023 3341 1154 3378 praedicta
1173 3340 1316 3371 Castrum·

112 3378 236 3414 19-nsque
256 3378 288 3408 δε
310 3377 452 3408 Forestam
474 3379 714 3417 qualitercumque
735 3379 919 3416 spectantibus
933 3404 942 3418 ,
968 3379 1151 3410 custodienda
1175 3380 1308 3418 quamdiu

112 3425 146 3450 ²4
171 3420 197 3442 Ε.
214 3424 235 3441 1.
255 3415 336 3446 nobis
353 3416 503 3455 placuerit,
521 3418 558 3447 ita
576 3416 653 3455 quod
673 3417 709 3447 de
728 3418 861 3456 exitibus,
875 3418 940 3448 inde
961 3419 1208 3456 provenientibus,
1226 3419 1309 3449 nobis

109 3462 144 3481 m.
162 3463 185 3481 1.
254 3453 425 3490 respondeat.

293 3491 328 3522 Et
347 3492 412 3523 ideo
434 3493 517 3524 vobis
538 3492 717 3531 mandamuS,
737 3492 786 3523 sub
805 3492 979 3525 forisfa&ura
999 3495 1131 3526 omnium
1167 3504 1232 3533 quae
1244 3503 1307 3534 erga

255 3537 307 3558 nos
325 3530 484 3562 forisfacere
523 3532 645 3568 oteritis,
664 3530 781 3561 firmiter
800 3533 988 3580 injungentes,
1006 3532 1084 3571 quod
1104 3519 1197 3563 eidem
1220 3533 1307 3563 Tho-

258 3575 476 3610 mae,.tanquam
515 3570 611 3600 ustodi
627 3568 726 3599 nostro
739 3569 941 3607 praedictorum
955 3571 1048 3601 castri
1061 3572 1095 3602 &
1118 3571 1259 3608 Forestae,
1277 3573 1306 3601 in

259 3606 408 3645 omnibus,
425 3618 487 3645 quae
500 3608 534 3638 ad
546 3607 705 3638 custodiam
719 3608 887 3638 eorumdem
907 3611 1062 3648 pertinent,
1082 3609 1138 3640 fitis
1160 3610 1307 3641 intenden-

258 3648 312 3678 tes,
330 3644 541 3684 respondentes,
559 3646 731 3677 consulentes
753 3648 785 3676 &
809 3647 985 3686 auxiliantes,
1004 3657 1087 3686 prout
1106 3647 1140 3679 ad
1163 3648 1305 3678 honorem

259 3679 490 3752 &Icommodugcn
505 3684 635 3715 nostrum
648 3684 748 3714 melius
760 3684 842 3715 fuerit
857 3685 1026 3716 faciendum.

311 3726 329 3746 n
343 3728 435 3759 cujus,
488 3733 513 3754 c.

295 3791 383 3825 Teste
395 3795 476 3835 Rege
488 3797 561 3836 apud
572 3798 773 3838 Rokesburgh.
788 3798 832 3829 16.
843 3797 887 3829 die
902 3798 981 3831 Maii.

718 181 1522 234 coNVENTroNEs‚

1578 182 1965 231 LITERAE,

2439 295 2517 328 Ann.
2528 297 2570 329 Πε

2460 338 2544 376 1296.

1365 348 1424 382 Ad
1439 353 1549 397 Regem
1569 355 1774 384 Romanorum
1795 351 1831 384 de
1847 351 2063 399 ingratitudine
2082 354 2204 384 Comitis
2230 353 2420 388 Hollandiae:
2441 378 2509 404 Ην.
2527 387 2552 406 ¹·

1585 403 1627 433 Et
1639 411 1694 446 pro
1705 400 1772 445 filio
1792 403 1914 434 Comitis
1931 399 2196 434 commendatoria.

1364 479 1653 540 EXcellentiffimo
1673 484 1799 523 Principi
1813 509 1822 523 ,
1842 485 1977 516 Domino
1996 485 2033 515 A.
2053 485 2111 516 Dei
2135 485 2241 525 gratia,
2259 485 2335 526 Regi
2357 486 2423 519 Ro·
2436 485 2488 511 Λ),-
2506 494 2551 522 24,

1378 544 1421 564 q„
1443 530 1595 551 manorum
1612 523 1709 553 illustri
1724 546 1734 561 ,
1751 523 1859 562 semper
1881 523 2030 562 Augusto,
2048 523 2218 563 Edwardus,
2234 524 2335 555 eadem
2357 536 2421 564 gra·
2435 523 2465 547 E.
2490 532 2512 551 ¹·

1363 562 1416 593 tia,
1433 559 1494 588 &c.
1507 559 1622 591 salutem
1631 584 1641 599 ,
1659 563 1692 592 &
1707 561 1816 592 foelices
1828 562 1862 592 ad
1874 571 1942 593 vota
1953 561 2100 593 successus.
2433 562 2490 589 Ro»,
2504 562 2569 590 Ale-

1400 594 1533 640 Vestram
1546 596 1748 630 Excellentiam
1763 599 1905 630 credimus
1919 610 1978 631 non
1990 600 2213 639 latere,qualiter
2225 600 2337 634 Comes
2349 602 2417 635 Ho-
2434 608 2504 627 man.
2519 600 2567 637 ²45

1360 632 1477 673 landiae,
1495 635 1588 667 homo
1601 638 1709 676 vester,
1727 638 1753 668 se
1769 638 1851 676 geffit
1865 640 1974 676 ingrate
1987 649 2050 683 erga
2065 649 2135 678 nos,
2153 638 2239 670 fidem
2262 641 2340 671 suam
2360 644 2416 673 mi-
2433 641 2462 664 E.
2476 647 2543 667 ¹·m·
2559 644 2567 659 ⁴

1362 681 1414 702 nus
1428 673 1518 718 bene,
1536 685 1568 706 ut
1583 675 1694 707 videtur
1705 677 1803 715 ,nobis
1815 677 1955 715 tenendo,
1973 677 2018 708 seu
2035 678 2118 708 etiam
2126 678 2312 709 observando.
2438 678 2478 705 ¹⁶·
2487 678 2550 714 d07s·

1399 711 1547 750 Qiocuca
1572 713 1818 752 Magnificentiam
1837 715 1958 747 vestram
1979 715 2132 747 affestuose
2143 717 2309 755 requirimus
2322 718 2356 749 δε
2371 728 2420 750 ro-

1359 757 1477 792 gamm,
1497 753 1639 792 quatinus,
1659 753 1678 783 fi
1698 755 1845 790 contingat
1865 754 2012 792 praefatum
2034 754 2184 785 Comitem
2199 778 2209 794 ,
2227 765 2277 793 per
2300 755 2421 788 Marita-

1359 795 1455 832 grum,
1473 789 1520 819 vel
1534 790 1589 821 alio
1603 791 1711 830 modo,
1729 791 1908 823 Comitatum
1922 791 2002 822 suurn
2014 793 2044 822 in
2053 793 2087 823 ali
2111 804 2148 824 uo
2164 794 2237 825 velle
2259 793 2419 834 dimittere,

1361 829 1406 855 ieu
1427 837 1455 856 in
1475 827 1521 857 tali
1542 828 1612 859 statu
1633 839 1757 868 ponere,
1776 829 1853 868 quod
1874 830 1944 860 filius
1960 830 2082 868 ejusdem
2125 833 2239 871 omitis,
2258 833 2306 870 qui
2321 834 2419 863 nobis-

1361 873 1430 908 cum
1444 865 1534 895 existit
1569 867 1602 897 &
1618 878 1704 905 quern
1718 870 1733 898 a
1748 868 1886 906 prirnaevfi
1901 877 1982 899 aetate
1996 868 2043 899 sui
2055 871 2241 909 nutrivimus,
2259 872 2417 910 dampnum

1360 912 1390 933 m
1405 902 1464 934 hoc
1477 908 1527 947 pol
1542 914 1562 935 it
1576 906 1734 946 incurrere,
1754 906 1799 937 vel
1809 907 1964 946 jat‘turam,

1380 940 1448 985 ο161,
1468 945 1487 987 ¹¹.
1498 943 1604 987 placet,
1622 943 1724 974 vestrae
1738 946 1888 975 memoriae
1902 945 2123 983 commendare,
2139 947 2173 976 ὃς
2193 947 2302 978 tantum
2323 947 2416 980 facere

1357 978 1518 1017 dignemini
1535 992 1563 1011 1n
1581 983 1634 1013 hac
1651 992 1742 1021 parte,
1760 983 1839 1021 quod
1853 983 2011 1014 hu'usmodi
2024 984 2176 1015 diminutio
2190 988 2249 1014 non
2271 989 2415 1022 permitta-

1357 1025 1403 1048 tur
1418 1018 1477 1049 fieri
1490 1030 1613 1063 ⁴quoquo
1628 1021 1738 1059 modo,
1757 1031 1807 1059 per
1818 1031 1856 1060 qu
1911 1021 1981 1052 filius
1995 1021 2119 1052 Comitis
2139 1023 2311 1062 medietas,
2328 1036 2416 1057 occa-

1357 1056 1436 1101 sione
1448 1057 1607 1097 hujusmodi
1621 1061 1764 1098 paternalis
1777 1060 1945 1098 voluntatis,
1962 1060 2220 1092 exhaeredationem
2234 1061 2353 1100 aliquam
2365 1075 2415 1103 pa-

1358 1102 1449 1126 tiatur.
1970 1104 1973 1109 “

1394 1134 1544 1179 Speramus
1565 1137 1643 1166 enim
1665 1135 1745 1176 quod
1769 1137 1860 1175 magis
1882 1138 1911 1168 in
1932 1136 2052 1176 persona}⁴
2072 1136 2138 1176 filii,
2156 1137 2243 1176 quam
2258 1138 2288 1168 in
2299 1139 2417 1176 personi

1357 1172 1445 1204 Patris
1460 1184 1503 1205 res
1517 1174 1617 1206 eadem
1626 1176 1700 1207 foret
1712 1175 1793 1208 salva.

1391 1251 1458 1283 Dat.
1471 1252 1545 1291 apud
1562 1253 1658 1293 Cluny
1676 1253 1812 1286 vicefimo
1827 1253 1904 1285 sexto
1917 1253 1964 1284 die
1974 1253 2062 1292 Junii.

1353 1374 1528 1420 IVonficatio
1553 1376 1590 1410 de
1618 1375 1696 1410 Cede
1726 1378 1869 1411 Florentii
1891 1380 2012 1410 Comitis
2040 1376 2228 1420 Hollandiae,
2253 1381 2290 1416 ξφ
2298 1377 2415 1424 fitppli-

1401 1427 1478 1456 catio
1500 1436 1555 1470 pro
1584 1424 1730 1471 Johanne
1757 1428 1820 1471 ejus
1844 1426 1922 1459 Pilio
1940 1452 1950 1468 ,
1996 1429 2027 1458 in
2052 1426 2254 1459 Holltmdiam
2283 1427 2417 1461 celeriter

1396 1473 1639 1518 transmittendo.

1352 1557 1466 1619 Viro
1486 1558 1740 1601 christianismo,
1758 1559 1903 1592 Edwardo
1926 1559 1985 1591 Dei
2005 1560 2092 1598 gratia
2108 1583 2118 1599 ‚
2136 1560 2296 1602 Anglorum
2316 1560 2413 1601 Regi,
2429 1552 2503 1582 Ann.
2518 1552 2563 1586 D-

1435 1597 1571 1629 Domino
1595 1599 1750 1631 reverendo
1765 1623 1775 1638 ,
1802 1599 1880 1630 Loef
1894 1598 1930 1629 de
1950 1598 2042 1630 Cleve
2055 1623 2065 1638 ,
2083 1599 2230 1630 Dominus
2249 1600 2286 1631 de
2308 1600 2411 1640 Arcle,
2457 1594 2542 1631 ¹296-

1352 1633 1498 1666 Dominus
1517 1637 1553 1667 de
1573 1637 1677 1668 Leelza
1690 1663 1699 1676 ,
1727 1638 1832 1669 Milites
1847 1662 1857 1676 ,
1888 1638 2042 1676 cunctique
2063 1638 2197 1669 homines
2215 1639 2305 1669 incliti
2323 1640 2410 1670 totius
2428 1636 2479 1661 An.
2497 1642 2542 1669 ²4-

1352 1672 1517 1706 Comitatus·
1531 1675 1696 1708 Hollandiae
1706 1702 1715 1716 ,
1734 1677 1938 1716 ssibjeftionem
1954 1676 2079 1707 debitam
2093 1678 2122 1707 in
2133 1678 2268 1708 omnibus
2283 1677 2317 1709 &
2331 1687 2410 1716 para-
2427 1675 2457 1736 Ξ·
2481 1681 2510 1738 ’ὸ
2528 1713 2534 1718 ‚

1353 1720 1421 1743 tarn.
2448 1720 2468 1737 x
2511 1722 2559 1748 rig.

1384 1751 1530 1795 ‘Majestati
1542 1753 1643 1785 vestrae
1655 1754 1757 1792 Regiae
1771 1753 1949 1791 praesentibus
1961 1754 2168 1792 conquerimur
2180 1753 2329 1786 lacrimose
2344 1752 2411 1784 Do-
2423 1748 2451 1776 1'71
2459 1752 2544 1777 Turri.

1350 1799 1463 1822 minum
1485 1792 1615 1824 nostrum
1629 1818 1639 1832 ,
1662 1791 1836 1824 faeliciffirnae
1861 1793 2008 1823 memoriae
2023 1815 2034 1830 ,
2059 1791 2238 1823 Florentium
2256 1791 2409 1823 Comitem

1350 1827 1515 1860 Hollandiae
1528 1854 1538 1869 ‚
1561 1831 1662 1862 nudius
1683 1832 1778 1862 tertius
1792 1855 1802 1869 ,
1821 1831 1919 1869 quarti.
1940 1831 2073 1861 feriarum
2087 1853 2098 1870 ,
2114 1830 2245 1862 videlicet
2256 1854 2266 1869 ,
2280 1830 2411 1871 proximi

1352 1867 1416 1909 post
1438 1868 1626 1900 Nativitatem
1648 1871 1722 1900 beati
1740 1869 1877 1908 johannis
1898 1868 2043 1907 Baptistae,
2060 1878 2140 1900 nunc
2165 1869 2322 1907 praeterita,
2338 1867 2410 1907 suis,

1351 1906 1400 1935 libi
1413 1906 1542 1947 subditiS,
1552 1917 1646 1939 morte
1662 1907 1850 1939 crudelissima
1865 1908 1898 1938 δε
1913 1906 2165 1945 πιὶἷετεηάὲᾹυΡΜ
2176 1907 2411 1945 modum,prout

1350 1943 1439 1975 littera
1451 1945 1555 1985 dietat,
1574 1957 1660 1985 quam
1675 1947 1820 1977 Dominus
1843 1946 1939 1977 Abbas
1956 1945 2163 1985 Egmondenfis
2177 1945 2275 1977 secum
2291 1945 2411 1976 transtu-

1351 1983 1400 2021 lit,
1417 1984 1542 2021 pluribus
1556 1985 1642 2025 plagis
1654 1985 1808 2024 impositis,
1827 1985 1918 2025 proch
1928 1984 2026 2015 dolor!
2046 1983 2200 2015 deceffisse.

1388 2023 1407 2041 ὃ*
1429 2022 1529 2062 Qare
1542 2023 1664 2055 vestram
1679 2023 1860 2063 Maiestatem
1872 2023 1999 2061 Regiam
2014 2023 2152 2054 flebilibus
2165 2023 2255 2054 oculis
2269 2024 2303 2055 &
2325 2033 2410 2054 com-

1371 2059 1434 2091 lofis
1448 2063 1577 2093 manibus
1589 2063 1790 2101 imploramus,
1809 2063 1935 2101 quatinus
1951 2062 2033 2092 nobis
2047 2071 2148 2092 vemm
2170 2061 2337 2092 Dominum
2354 2072 2410 2093 no—

1378 2109 1441 2130 rum
1457 2099 1621 2138 Johannem
1635 2126 1645 2140 ,
1664 2101 1755 2132 filium
1776 2103 1809 2133 &
1831 2100 1973 2131 haeredem
1992 2098 2063 2131 dieti
2081 2099 2207 2131 Comitis
2227 2099 2407 2139 Hollandiae,

1349 2137 1535 2170 transmittere
1553 2139 1728 2178 dignemini,
1747 2139 1830 2171 morsa
1846 2138 1940 2178 aliqui
1959 2149 2000 2170 no
2061 2137 2187 2170 bstante:
2204 2139 2238 2170 &
2259 2139 2317 2169 hoc
2339 2149 2409 2169 cum

1352 2176 1490 2214 potestate
1512 2178 1605 2218 tanta,
1623 2189 1661 2209 ne
1680 2179 1771 2217 forte,
1792 2177 1870 2216 quod
1889 2177 1957 2208 absit
2066 2177 2104 2207 ici
2124 2187 2173 2215 per
2194 2178 2270 2209 viam
2283 2177 2407 2208 mediam

1352 2214 1493 2258 eundem,
1513 2217 1532 2247 fi
1547 2216 1651 2255 poffint
1664 2218 1697 2248 ὃς
1711 2216 1921 2255 praevaluerint,
1939 2200 1974 2246 ari
1987 2215 2151 2253 exemplum
2170 2215 2256 2247 Patris
2276 2215 2331 2254 sui,
2346 2217 2408 2255 jam

1352 2252 1442 2292 dieti,
1461 2254 1577 2294 tollant,
1596 2257 1744 2293 rapiant&
1760 2254 1925 2294 disperdant.

1388 2291 1584 2324 Promittimus
1607 2295 1682 2324 enirn
1705 2293 1781 2324 bona
1801 2293 1857 2324 fide
1878 2293 1971 2323 eidem
1990 2291 2117 2329 Johanni
2136 2291 2272 2323 Domino
2284 2291 2406 2333 nostro,

1350 2340 1436 2368 prout
1449 2340 1594 2370 tenemur,
1613 2333 1709 2362 vestro
1730 2333 1827 2369 Regio
1842 2330 1972 2362 Consilio
1985 2332 2018 2362 δε
2031 2331 2134 2361 auxilio
2149 2331 2289 2362 mediante
2296 2341 2410 2362 eorum-

1350 2379 1422 2407 que,
1443 2380 1514 2408 quos
1528 2381 1596 2402 cum
1609 2370 1688 2402 dieto
1698 2370 1829 2409 Johanne
1841 2369 2053 2408 transmiseritis,
2070 2371 2101 2399 in
2114 2370 2249 2400 omnibus
2260 2370 2405 2401 succurre-

1349 2417 1379 2436 re
1399 2408 1432 2438 &
1453 2408 1558 2447 astare,
1573 2411 1640 2440 totis
1661 2410 1768 2440 viribus
1790 2409 1890 2440 nostris
1910 2409 1943 2439 ὃς
1964 2407 2129 2438 nostrorum
2141 2408 2287 2446 appositis,
2302 2408 2322 2438 fi
2337 2419 2409 2440 eun-

1349 2445 1417 2476 dem
1437 2448 1650 2485 transmiseritis,
1669 2449 1738 2479 sicut
1760 2448 1944 2480 transmittere
1963 2446 2056 2477 modis
2078 2447 2212 2478 omnibus
2225 2471 2236 2485 ,
2254 2447 2273 2478 si
2295 2447 2409 2479 bonum

1351 2483 1454 2515 statum
1469 2494 1551 2517 terrae
1564 2486 1694 2527 diligitis,
1713 2487 1870 2525 oportebit3

1387 2523 1465 2562 Qia
1484 2524 1540 2556 hoc
1562 2535 1615 2563 pro
1637 2535 1717 2556 certo
1740 2525 1847 2563 scietis,
1867 2523 1946 2562 quod
1958 2523 2061 2562 aliqui,
2078 2524 2112 2554 &
2128 2523 2305 2562 quamplures
2319 2525 2348 2554 in
2362 2524 2406 2555 di-

1349 2561 1430 2592 Ctum
1444 2562 1624 2595 Comitarum
1639 2563 1803 2595 Hollandiae
1815 2564 1896 2594 citius
1908 2563 2040 2600 venient,
2057 2563 2091 2594 &
2111 2563 2243 2593 timemus
2263 2572 2332 2593 cum
2352 2573 2407 2601 po-

1349 2600 1464 2639 testate,
1483 2612 1569 2640 quam
1589 2603 1731 2640 potuerint
1752 2602 1883 2638 optinere
1898 2626 1907 2639 ,
1927 2601 2002 2632 unde
2018 2609 2079 2632 tota
2099 2608 2170 2632 terra
2190 2601 2408 2640 periclitabitur,

1348 2638 1537 2671 devastabitur
1550 2642 1583 2672 &
1596 2642 1624 2671 in
1640 2640 1711 2672 statu
1726 2640 1846 2679 peffimo
1862 2640 2018 2670 reducetur.

1387 2675 1500 2710 Caetera
1513 2678 1602 2717 lator,
1622 2680 1722 2718 quibus
1736 2679 1823 2710 fidem
1834 2679 1995 2716 dignemini
2006 2677 2147 2708 adhibere.

1386 2714 1419 2744 In
1441 2718 1518 2755 cujus
1540 2718 1578 2747 rei
1599 2718 1841 2755 notificationem,
1858 2716 2065 2747 lamentabilem
2085 2717 2119 2747 &
2141 2715 2301 2746 deflendam
2315 2740 2326 2754 ,
2350 2725 2406 2755 ego

1349 2752 1429 2784 Loef
1439 2755 1476 2785 de
1489 2754 1596 2794 Cleve,
1614 2756 1694 2786 miles
1707 2756 1875 2793 praedictus,
1893 2754 2023 2792 Sigillum
2039 2763 2153 2792 meum,
2170 2754 2327 2794 proSigillis
2339 2764 2406 2785 om-

1347 2793 1428 2822 nium
1443 2793 1666 2832 praedidiorum,
1683 2794 1751 2824 duxi
1764 2793 1944 2832 praesentibus
1958 2791 2192 2830 imprimendum.

2425 2020 2560 2057 οΙῙ.718.

1346 2921 1454 2952 Litera
1479 2915 1635 2964 Johannis
1648 2921 1736 2965 Regis
1752 2920 1868 2959 Scotiae,
1890 2927 1944 2963 per
1957 2929 2050 2964 quam
2070 2915 2170 2950 reddit
2188 2920 2316 2951 Domino
2328 2921 2402 2966 Regi

1677 2966 1793 3014 Angliae
1812 2969 1946 3012 Regnum
1962 2969 2073 3000 Scotiae.

1378 3052 1463 3084 Ohan
1472 3077 1482 3092 ,
1499 3063 1547 3092 par
1560 3052 1584 3083 la
1595 3062 1679 3094 grace
1689 3051 1725 3083 de
1737 3051 1834 3090 Dieu,
1852 3051 1921 3091 Roy
1936 3051 1972 3083 de
1984 3051 2112 3091 Escoce,
2130 3061 2146 3083 a
2160 3060 2231 3084 touz
2246 3055 2403 3094 ceaus,qui
2421 3047 2549 3084 Ann.D.
2568 3082 2570 3086 Α

1395 3091 1471 3122 ceste
1486 3091 1577 3122 lettres
1590 3100 1706 3123 verront
1720 3101 1760 3121 ou
1776 3099 1890 3129 orrout,
1908 3091 1991 3122 saluz.
2444 3089 2530 3127 1296.

1386 3130 1482 3161 Cume
1495 3140 1582 3168 nous,
1598 3140 1646 3168 par
1657 3139 1794 3168 mauvoys
1807 3129 1908 3160 consail
1923 3140 1939 3160 e
1952 3129 2029 3168 faus,
2045 3139 2062 3160 e
2075 3139 2125 3169 par
2138 3128 2235 3160 nostre
2259 3129 2400 3169 fimplese,
2414 3131 2467 3155 An.
2487 3138 2538 3164 24i

1345 3170 1424 3200 eions
1444 3168 1661 3208 grevousement
1679 3167 1815 3206 offendu,
1833 3178 1849 3198 e
1869 3177 1992 3198 courece
2012 3167 2108 3198 nostre
2123 3167 2243 3205 Seignor
2257 3167 2394 3207 Edward,
2412 3170 2441 3192 E.
2463 3176 2485 3194 ¹·
2538 3191 2541 3196 .

1384 3218 1396 3238 r
1410 3207 1435 3238 la
1448 3217 1532 3245 grace
1545 3206 1582 3237 de
1594 3206 1688 3244 Dieu,
1706 3206 1775 3246 Roy
1791 3207 1827 3237 de
1840 3206 2024 3244 Engleterre,
2041 3206 2161 3245 Seignor
2172 3205 2209 3236 de
2221 3205 2368 3246 Irlaunde,
2384 3217 2400 3238 e
2418 3207 2454 3232 Ex
2474 3206 2549 3242 Orig.

1347 3218 1418 3276 ξας
1434 3245 1469 3276 de
1481 3245 1649 3283 Aquitaine,
1665 3255 1700 3274 en
1713 3245 1805 3275 moult
1815 3245 1864 3276 des
1879 3244 1993 3283 choses;
2010 3254 2065 3275 ceo
2079 3244 2122 3274 est
2134 3244 2242 3283 asaver,
2568 3255 2570 3266 =

1385 3284 1488 3322 Nous,
1506 3283 1615 3314 estaunt
1626 3293 1643 3312 e
1656 3283 1824 3314 demoraunt
1837 3294 1853 3313 a
1866 3283 1892 3314 sa
1905 3283 1972 3322 foy,
1990 3293 2006 3313 e
2018 3293 2053 3314 en
2065 3282 2116 3313 son
2129 3282 2271 3321 homage,
2289 3282 2326 3313 de
2339 3283 2397 3314 fere

1347 3322 1473 3392 alsiffince
1483 3332 1517 3367 au
1531 3321 1597 3361 Rey
1610 3321 1646 3352 de
1660 3321 1768 3353 France
1783 3330 1885 3353 contre
1905 3322 1943 3360 li,
1961 3322 2009 3360 qui
2029 3320 2125 3352 adonk
2144 3320 2244 3360 estoit,
2261 3331 2278 3352 e
2297 3331 2401 3353 encore

1349 3371 1366 3392 e
1413 3371 1453 3391 on
1467 3370 1562 3391 einem
1589 3370 1595 3389 :

1386 3399 1412 3429 E
1424 3410 1440 3430 a
1452 3399 1511 3429 fere
1524 3370 1664 3436 mayriage,
1680 3409 1737 3430 ove
1749 3398 1774 3429 la
1789 3398 1860 3430 fielle
1873 3399 1923 3430 son
1936 3397 2025 3436 frere,
2040 3397 2092 3428 fite
2107 3397 2239 3428 Charles:
2568 3411 2570 3434 1

1387 3437 1413 3468 E
1432 3447 1485 3475 por
1503 3436 1598 3467 nostre
1617 3437 1736 3477 Seignor
1757 3447 1858 3477 grever
1868 3462 1878 3476 ,
1895 3448 1911 3467 e
1931 3437 1958 3466 le
1972 3436 2037 3475 Rey
2050 3436 2086 3467 de
2100 3436 2226 3467 Fraunce
2238 3434 2315 3466 eider
2328 3444 2345 3466 a
2355 3442 2400 3467 tot
2568 3443 2570 3480 ς

1349 3476 1445 3506 nostre
1456 3485 1543 3514 poet,
1561 3485 1608 3514 par
1624 3485 1707 3515 gere,
1726 3487 1742 3507 e
1756 3486 1792 3506 en
1806 3485 1893 3506 autres
1909 3485 2032 3505 maners:

1385 3514 1411 3544 E
1425 3515 1503 3552 puis,
1521 3524 1569 3551 par
1586 3513 1682 3545 nostre
1696 3524 1828 3554 mauveys
1839 3514 1942 3545 consail
1961 3511 2100 3551 avantdit,
2118 3512 2204 3543 defier
2223 3511 2320 3543 nostre
2339 3511 2402 3542 Sei-

1348 3561 1422 3592 gnor
1440 3553 1466 3582 le
1485 3552 1532 3582 Re
1569 3551 1778 3590 d’Engleterre,
1797 3554 1830 3583 &
1848 3563 1920 3583 nous
1931 3561 2022 3584 mette
2035 3551 2102 3582 hors
2115 3550 2151 3582 de
2162 3551 2212 3581 son
2225 3551 2367 3587 homage,
2381 3559 2400 3580 e

1346 3593 1373 3622 sa
1388 3591 1455 3631 foy,
1474 3599 1521 3627 par
1546 3600 1562 3620 e
1573 3590 1696 3630 homage
1708 3592 1824 3622 rendre:

1382 3628 1408 3659 E
1422 3628 1477 3660 ausi
1492 3637 1552 3658 noz
1567 3638 1635 3665 gens
1648 3640 1750 3660 enveer
1765 3640 1799 3659 en
1813 3629 1839 3659 sa
1852 3636 1911 3659 tere
1927 3627 2133 3667 d’Engleterre,
2153 3637 2207 3665 por
2219 3626 2277 3657 fere
2288 3625 2397 3664 arsons‚

1345 3668 1417 3704 pries
1431 3666 1564 3704 prendre,
1582 3667 1738 3698 homicides
1752 3668 1828 3705 fere,
1849 3677 1866 3697 e
1877 3677 1965 3697 autres
1981 3666 2113 3704 damages
2144 3665 2243 3695 lusors:

1381 3705 1406 3734 E
1428 3706 1453 3735 la
1475 3713 1533 3734 tere
1555 3704 1590 3735 de
1604 3705 1730 3745 Escoce,
1748 3707 1772 3736 la
1787 3705 1868 3744 quele
1882 3705 1923 3735 est
1935 3704 1971 3735 de
1981 3704 2031 3734 son
2045 3703 2096 3742 fie,
2113 3675 2150 3734 [fe
2161 3710 2236 3742 genz
2255 3710 2360 3739 armes,
2372 3711 2396 3746 ¹e

1348 3753 1383 3772 en
1399 3742 1475 3773 Viles
1483 3765 1493 3780 ,
1510 3742 1661 3782 Chasteus,
1679 3755 1695 3775 e
1710 3745 1801 3775 aillors
1816 3752 1917 3774 mettre
1929 3753 1945 3773 e
1959 3742 2087 3781 establir,
2104 3751 2159 3780 por
2171 3741 2199 3771 la
2208 3747 2281 3770 terre
2295 3739 2395 3770 defen-

1345 3780 1395 3810 dre
1409 3789 1509 3811 contre
1520 3781 1554 3819 li,
1573 3792 1589 3812 e
1604 3792 1657 3820 por
1672 3783 1722 3813 son
1737 3783 1772 3813 fie
1782 3783 1800 3813 li
1814 3782 1960 3812 deforcer:
2199 3816 2204 3822 ·

1380 3818 1439 3849 Por
1461 3819 1498 3849 les
1517 3829 1591 3857 queu
1612 3821 1710 3851 choses
1729 3831 1746 3851 e
1764 3821 1824 3852 tres
1852 3830 1865 3849 s
1883 3819 2027 3856 desusdiz,
2044 3816 2141 3848 nostre
2159 3815 2279 3854 Sengnor
2290 3815 2316 3846 le
2330 3816 2396 3856 Rey

1340 3856 1413 3887 d’En
1434 3857 1530 3888 leterre
1549 3859 1672 3889 avantdit
1693 3859 1736 3889 est
1755 3869 1792 3889 en
1860 3865 1933 3887 terre
1954 3856 2092 3886 d’Escoce
2112 3862 2192 3884 entre
2205 3878 2215 3892 ,
2242 3864 2258 3884 e
2280 3865 2297 3885 a
2316 3854 2397 3886 force

1339 3896 1367 3926 la
1391 3866 1495 3963 affprlise
1511 3919 1521 3933 ,
1548 3906 1564 3926 e
1585 3897 1700 3936 conqise
1713 3922 1723 3935 ,
1741 3906 1802 3928 non
1820 3895 1914 3926 ostant
1935 3894 1961 3924 le
1978 3902 2046 3931 poet
2065 3901 2121 3930 que
2139 3901 2211 3922 nous
2228 3893 2324 3924 avions
2343 3895 2397 3924 mis

1341 3942 1441 3964 contre
1465 3944 1489 3963 ι·

1379 3971 1422 4002 La
1443 3957 1524 4009 qu³ele
1544 3972 1628 4003 chose
1647 3973 1667 4002 il
1687 3980 1755 4011 peut
1774 3971 1832 4002 fere
1850 3970 1887 4000 de
1900 3969 1976 3999 droit
2009 3977 2079 3998 com
2095 3967 2218 4005 Seignor
2231 3969 2268 3999 de
2279 3969 2329 4000 son
2343 3968 2396 4008 fle,

1339 4011 1400 4078 {Eris
1413 4019 1469 4048 que
1484 4020 1555 4041 nous
1569 4011 1616 4051 luy
1631 4012 1730 4042 avions
1741 4010 1767 4040 le
1778 4010 1904 4054 homage
1918 3990 2023 4044 rend'u,
2039 4015 2056 4036 e
2068 4005 2108 4037 fet
2121 4006 2159 4037 les
2181 4008 2279 4038 choses
2299 4016 2396 4039 avant-

1371 4057 1420 4078 tes.
1882 4056 1885 4061 ¹

1385 4086 1476 4117 Porla
1498 4086 1579 4125 quele
1600 4086 1686 4119 chose
1707 4094 1796 4123 nous,
1812 4083 1901 4115 estant
1922 4092 1959 4114 en
1973 4081 2070 4113 nostre
2084 4082 2149 4121 plen
2164 4094 2251 4123 poet,
2269 4094 2286 4114 e
2300 4082 2399 4152 23¹1}ss
