2570 4261
0 284 57 305 mn.
72 271 114 304 D.

6 320 90 350 1275.

0 352 44 380 ἄν.
66 360 89 378 1.

683 195 792 237 ET
876 196 1145 238 ACTA

130 280 212 349 Eunt,
231 280 346 350 &guae
358 279 392 313 ad
404 289 451 313 me
465 279 608 322 praefatam
617 281 778 321 johannam
788 282 852 320 jure
864 281 1051 314 Haereditario
1064 282 1193 323 postmo⁴

154 329 202 349 um
218 329 279 351 acc¹
301 330 382 351 erunt

168 357 306 389 Habenda
324 359 358 389 δε
376 345 493 389 t⁷enenda
516 359 632 399 praefato
648 358 782 389 Domino
797 358 843 388 Re
863 360 869 388 i
892 360 924 390 δε
941 359 1109 390 Haeredibus
1127 358 1194 396 suis,

131 406 200 427 cum
215 398 348 427 omnibus
362 397 547 434 libertatibus,
566 398 684 435 juribus,
703 397 838 427 consuetu
859 398 966 436 inibus,
983 409 1015 429 ac
1030 399 1087 429 aliis
1101 398 1195 428 omni-

130 435 199 473 buS,
217 435 251 465 ad
267 435 431 474 praedi&am
444 435 599 472 serjantiam
612 436 645 466 &
660 434 789 465 officium
806 437 1044 476 qualitercumque
1057 437 1197 478 pertinen-

129 474 218 512 tibus,
235 475 329 512 quieta
342 473 377 502 de
392 473 474 502 nobis
489 474 521 503 &
537 473 706 503 Haeredibus
720 473 819 503 nostris
832 475 1045 514 imperpetuum.

169 511 209 541 Ita
223 511 301 550 quod
317 521 368 540 nos
381 534 391 549 ,
410 511 454 541 seu
469 511 621 548 Haeredes,
639 519 686 541 aut
698 511 820 551 affignati
841 513 928 542 nostri
944 515 1132 551 quicumque,
1152 513 1196 542 ni-

129 549 187 580 chil
197 549 265 592 juris
280 548 325 578 seu
338 548 432 579 clamii
447 551 475 579 in
488 549 621 588 praediCta
632 550 757 587 serjantia
770 550 816 580 vel
832 550 931 581 officio
945 552 1093 582 vendicare
1109 550 1197 589 poffi-

96 611 98 613 -
129 596 192 618 mus
207 597 236 616 in
250 587 361 625 futuro,

0 3469 62 3499 lnn.
74 3466 117 3498 D.

13 3515 96 3545 1275.

31 3567 37 3573 .
52 3556 78 3582 3.

0 3607 43 3671 sbt.
52 3605 80 3659 '3.

0 3709 18 3728 1.
35 3707 80 3727 ²0.

162 624 251 655 Salvis
269 627 350 655 nobis
366 626 399 656 &
412 625 580 656 Haeredibus
599 626 713 664 nostris,
732 628 808 657 terris
827 628 860 658 &
879 630 1043 659 tenementis
1063 627 1165 657 nostris
1179 650 1188 666 ,

129 672 196 702 quae
218 664 358 703 pertinent
378 664 412 694 ad
434 664 600 704 praedietam
622 665 774 703 serjantiam
787 688 796 704 ,
817 667 850 696 δε
871 668 953 697 etiarn
969 668 1044 697 terris
1065 667 1098 696 ὃς
1114 673 1193 696 tene-

130 703 232 732 mentis
247 701 365 740 nostris,
383 703 402 732 si
414 712 479 770 quae
491 712 526 732 ex
539 704 599 740 ipiis
623 704 776 743 pertineant
791 704 824 733 ad
838 703 969 734 officium
982 704 1156 745 praedictum.

166 739 203 770 Et
215 750 265 770 nos
279 741 311 770 &
326 739 413 769 Haere
433 751 460 770 es
475 740 564 770 nostri
579 741 741 780 praedictam
755 742 907 779 serjantiam
921 744 953 773 ὅ(
967 743 1096 773 officium
1106 766 1115 781 ,
1127 752 1194 772 cum

130 779 265 809 omnibus
285 779 454 808 libertatibus
466 801 475 816 ,
493 780 595 816 juribus
610 802 620 818 ,
639 781 883 811 consuetudinibus
903 782 936 812 &
958 782 1014 811 aliis
1028 782 1196 818 pertinentiis

130 816 183 847 suis
198 816 418 855 quibuscumque
436 817 531 854 (salvis
543 819 624 848 nobis
638 819 671 849 &
684 818 852 848 Haetedibus
865 819 964 849 nostris
984 820 1126 857 praedidtis
1142 828 1196 848 ter-

131 856 168 885 ris
182 855 215 885 &
236 856 400 898 tenementis
420 854 522 884 nostris
537 879 546 894 ,
561 857 627 886 sicut
644 857 813 896 praedictum
830 857 889 895 est)
908 858 1046 896 praedicto
1062 857 1194 886 Domino

131 891 231 923 nostro
250 893 295 922 Re
316 903 323 922 i
344 893 377 923 &
397 892 566 925 Haeredibus
584 895 634 925 suis
646 918 655 933 ,
681 904 780 926 contra
804 905 903 926 omnes
917 905 1012 936 gentes
1031 896 1196 926 warantabi-

129 940 194 960 mus
209 932 242 961 &
257 931 292 961 de
305 932 448 962 endemus.

165 968 200 999 In
221 971 299 1008 cujus
320 971 359 1000 rei
382 970 576 1002 testimonium
597 973 724 1010 praesenti
743 972 846 1010 scripto
860 973 944 1012 sigilla
959 972 1053 1003 nostra
1066 970 1194 1010 apposui-

130 1017 210 1046 mus,

361 1089 425 1121 Hiis
437 1089 571 1121 Testibus
584 1090 797 1122 Venerabilibus
824 1091 968 1129 Patribus,

132 1169 277 1201 Wllielmo
294 1170 387 1210 Roffbn
399 1182 424 1209 l,

132 1211 165 1239 R.
188 1208 352 1239 Bathonenz
383 1227 388 1232 ·
414 1209 553 1250 Wllenfi,
571 1208 609 1244 &¹

131 1247 236 1277 Thema
250 1250 323 1277 Here
337 1248 438 1288 ordenfi
458 1248 607 1287 Epifiopis,

134 1285 280 1353 PVZ‘llielmo
294 1288 325 1316 de
340 1286 468 1316 Valentia
484 1291 555 1316 Com.
570 1289 648 1315 Pem-

188 1325 270 1354 rokiae

133 1347 326 1401 Humfrido'de
343 1361 449 1391 Bohum
468 1366 540 1392 Com.
555 1363 644 1390 Here-

167 1400 262 1438 fordiae
272 1425 281 1439 ,
300 1400 337 1435 &
354 1399 486 1439 Effixiae,

131 1440 235 1469 Ottono
246 1441 278 1470 de
291 1437 458 1477 Grandisono
466 1462 476 1477 ,

131 1480 244 1515 Pagano
258 1479 288 1507 de
305 1478 442 1514 Cadurce,

132 1520 258 1546 Antonio
271 1516 329 1545 Bek
337 1539 347 1555 ,
365 1515 568 1545 Archidiacono
583 1518 646 1545 Du-

722 1171 844 1212 nelmenfi

684 1212 797 1246 Hugoue
812 1195 864 1238 Fif
883 1212 1008 1245 Ottonis,

685 1247 818 1286 Magistro
837 1248 928 1277 Thom.
949 1247 1024 1284 Bek,
1040 1245 1195 1276 Archidia-

725 1296 803 1323 cono,

682 1326 789 1352 Parilia
805 1324 837 1352 de
852 1324 998 1361 Cadurcis,

680 1360 809 1399 Johanne
825 1362 855 1390 de
877 1361 997 1401 Kirkeby
1014 1360 1196 1390 Archidiaco-

719 1410 752 1428 no
769 1403 940 1437 coventriae,

683 1437 816 1476 Johanne
829 1439 860 1467 a'e
874 1441 983 1477 Gayton
994 1460 1003 1475 ,

684 1475 820 1506 Richardo
832 1477 863 1506 de
876 1476 956 1516 Bosto
964 1499 974 1514 ,
993 1476 1026 1506 &
1038 1475 1104 1505 aliis.

194 1647 222 1674 ²*
240 1651 290 1684 De
306 1645 588 1695 Transgrcffionibus
604 1649 819 1681 Mercatorum
836 1648 983 1683 Flandriae
1000 1647 1128 1693 remffls.

203 1739 269 1770 EX
287 1740 420 1770 omnibus
433 1737 559 1774 Ballivis,
577 1737 637 1768 ὅτε.
650 1737 775 1768 salutem.

252 1777 332 1807 Cum
348 1801 357 1816 ,
373 1776 489 1807 celebris
509 1778 655 1806 memoriae
666 1799 676 1815 ,
697 1776 842 1807 Dominus
856 1776 997 1808 Henricus
1012 1776 1078 1807 Rex
1094 1800 1103 1815 ,
1121 1784 1199 1817 pater

134 1816 229 1847 noster
239 1839 248 1855 ,
267 1817 300 1847 δε
316 1826 367 1846 nos
378 1815 505 1853 dudum,
520 1816 669 1846 occasione
685 1816 891 1854 contentionis,
909 1816 1030 1846 subortae
1046 1817 1116 1846 inter
1129 1826 1200 1853 prae-

133 1856 243 1886 dietum
257 1862 364 1894 patrem
376 1853 506 1884 nostrum
522 1854 556 1884 &
569 1864 620 1884 nos
634 1863 667 1884 ex
682 1861 735 1883 una
749 1862 826 1894 parte
838 1874 848 1892 ,
866 1855 899 1885 &
916 1854 1097 1885 Comitiffam
1118 1855 1141 1884 F
1142 1854 1200 1884 lan-

133 1894 202 1924 driae
217 1904 251 1925 ex
262 1894 343 1924 altera
358 1916 367 1931 ,
385 1901 434 1932 per
456 1899 549 1922 totum
564 1892 701 1932 Regnum
716 1892 845 1923 nostrum
859 1893 971 1932 Angliae
991 1893 1109 1923 inhiberi
1124 1893 1200 1923 fece-

133 1934 220 1963 rimus
231 1955 241 1972 ,
259 1942 295 1962 ne
318 1931 465 1961 Mercator
479 1930 576 1968 aliquis
596 1931 724 1969 indigena
740 1931 786 1961 vel
801 1932 966 1971 alienigena,
984 1932 1061 1971 super
1075 1931 1201 1961 forisfac-

133 1979 224 2002 turam
246 1969 412 2010 Corporum
432 1969 465 1999 ὅ(
485 1970 618 1999 omnium
638 1970 893 2000 mercimoniorum
909 1970 1021 2000 suorum
1033 1992 1043 2008 ,
1062 1969 1134 2000 lanas
1153 1970 1201 1999 ali-

133 2020 198 2050 quas
212 2009 257 2040 vel
272 2005 451 2039 mercandisas
463 2007 524 2037 alias
537 2015 613 2038 extra
627 2007 703 2038 idem
719 2008 853 2047 Regnum
866 2007 1002 2039 ducerent
1021 2017 1068 2038 aut
1080 2008 1146 2038 duci
1160 2008 1200 2038 fa-

132 2056 229 2078 cerent
248 2047 281 2078 ad
304 2055 391 2085 partes
409 2044 545 2076 Flandriae
560 2070 570 2084 ,
588 2046 633 2076 vel
646 2046 710 2075 alibi
725 2048 795 2076 infra
817 2045 982 2084 potestatem
996 2046 1081 2076 dietae
1097 2045 1201 2076 Comi-

132 2087 225 2124 tiffae3
244 2086 288 2116 seu
310 2095 379 2115 cum
401 2083 609 2114 Flandrensibus
623 2085 666 2114 vel
688 2084 942 2124 Haynonensibus,
961 2093 1007 2115 aut
1019 2085 1077 2114 aliis
1094 2085 1129 2115 de
1145 2095 1200 2122 po-

131 2124 228 2155 testate
249 2124 330 2164 ipsius
353 2122 512 2153 Comitiffae
527 2146 538 2162 ,
556 2132 605 2163 per
630 2131 718 2154 artem
739 2124 784 2155 vel
798 2124 962 2163 ingenium,
978 2132 1025 2154 aut
1040 2123 1096 2153 alio
1109 2123 1199 2154 modo

131 2163 386 2194 communicarent.

167 2202 213 2232 Ac
345 2201 369 2231 F
371 2200 501 2238 rancisci,
521 2200 636 2231 Falconi
650 2199 826 2239 Clarissimi,
845 2199 993 2240 Hugelmo
1007 2199 1143 2239 Compe,
1163 2201 1196 2232 &

132 2240 222 2271 Sociis
235 2249 336 2271 eorum
352 2239 560 2269 Mercatoribus
575 2239 757 2277 Florentinis,
775 2240 811 2269 ab
822 2239 889 2277 hiis,
903 2249 974 2278 quos
988 2249 1075 2277 nuper
1081 2239 1199 2280 assigna-

130 2281 223 2309 vimus
237 2279 270 2309 ad
284 2278 482 2317 inquirendum
498 2279 545 2318 qui
557 2278 701 2316 praedietae
721 2278 882 2308 inhibitioni
895 2277 1001 2308 nostrae
1015 2287 1200 2308 contravene-

131 2319 189 2349 rint
203 2341 212 2355 ,
230 2318 392 2356 impositum
414 2317 516 2352 fuerit⁷
533 2316 610 2356 quod
633 2316 708 2346 mille
729 2316 864 2355 sexaginta
884 2317 918 2347 &
937 2316 1009 2346 οᾶο
1022 2316 1116 2347 saccos
1129 2317 1199 2347 lanae

130 2356 197 2386 duci
212 2356 334 2387 facerent
347 2356 381 2386 ad
396 2364 485 2394 partes
498 2354 635 2385 Flandriae
651 2367 661 2393 3
678 2365 712 2385 ac
727 2355 776 2395 ipsi
791 2355 885 2394 gratiae
899 2354 1003 2384 nosttae
1016 2355 1082 2385 inde
1096 2355 1122 2385 se
1136 2355 1200 2385 sub-

135 2395 276 2432 miserint,
294 2395 327 2426 &
347 2394 497 2424 nobiscum
517 2393 602 2423 finem
618 2394 737 2424 fecerint
755 2403 804 2431 per
825 2394 1004 2432 quingentaS,
1022 2394 1150 2432 triginta,
1166 2395 1200 2425 &

149 2441 246 2464 uatuor
260 2434 340 2463 libras
355 2433 426 2472 (pro
439 2431 584 2471 quolibet,
601 2432 746 2468 videlicet,
764 2432 844 2461 sacco
857 2431 957 2461 decem
971 2431 1099 2467 Solidos)
1117 2434 1200 2463 &eas

142 2472 262 2502 olverint
284 2471 371 2501 Lucae
384 2470 419 2500 de
440 2469 520 2507 Luk,
538 2469 572 2499 ad
591 2479 662 2507 opus
677 2469 822 2506 nostrum,
841 2479 894 2506 pro
907 2469 1053 2499 forisfaeto
1067 2470 1099 2501 ὃς
1114 2470 1200 2501 trans-

131 2509 313 2549 gressionibus
327 2507 500 2547 hujusmodi,
516 2507 552 2537 de
566 2507 652 2547 gratia
667 2507 779 2545 nostra,
797 2507 848 2537 sibi
863 2507 1048 2538 remittendis:

170 2547 312 2578 Volumus
324 2548 357 2578 &
372 2546 555 2576 concedimus
569 2546 646 2583 quod
660 2545 729 2576 dieti
746 2545 938 2584 MercatoreS,
954 2547 1101 2576 occasione
1114 2545 1202 2576 dieta-

132 2596 198 2618 rum
214 2584 476 2625 transgressionum,
494 2585 522 2613 in
537 2584 616 2614 nullo
629 2583 829 2622 molestentur,
847 2586 880 2615 ὃ(
895 2584 971 2624 quod
985 2585 1034 2622 ipii
1049 2586 1077 2614 in
1097 2585 1199 2615 eodem

135 2625 243 2664 Regno
258 2624 355 2654 nostro
370 2624 489 2660 morari,
508 2623 540 2653 &
556 2622 592 2653 de
612 2621 738 2652 fidelibus
756 2622 789 2653 &
804 2622 936 2661 legalibus
951 2622 1133 2653 Mercandiiis
1152 2633 1201 2653 ne-

133 2664 250 2704 gotiari,
271 2663 303 2693 ὃ(
315 2662 403 2700 lanas,
421 2662 454 2692 ὃς
466 2661 518 2690 alia
531 2662 716 2691 mercimonia
731 2659 776 2691 sua
789 2661 823 2692 ad
838 2669 925 2698 partes
944 2661 1131 2692 transmarinas
1148 2661 1200 2691 du-

133 2712 199 2733 cere
212 2701 331 2740 poffint,
350 2700 369 2730 fi
383 2700 535 2737 voluerint,
554 2700 583 2729 in
597 2698 693 2729 forma
709 2709 758 2737 per
771 2709 824 2730 nos
838 2700 871 2730 &
886 2698 1053 2730 Concilium
1070 2700 1198 2730 nostrum

133 2742 201 2773 inde
219 2739 327 2778 provisa
343 2750 353 2776 ι,
371 2739 407 2768 ita
424 2747 536 2776 tamen,
551 2738 628 2778 quod
643 2760 652 2776 ,
675 2738 695 2768 fi
715 2737 764 2777 ipsi
783 2739 813 2767 in
831 2737 974 2775 posterum
993 2739 1201 2769 convincantur

133 2779 211 2819 quod
235 2779 306 2808 lanas
326 2778 389 2808 alias
409 2777 453 2807 vel
468 2777 677 2813 mercimonia,
699 2783 799 2813 praeter
819 2777 909 2807 dietos
924 2776 1001 2807 mille
1014 2777 1149 2816 sexaginta
1167 2778 1200 2807 &

134 2818 207 2849 odio
227 2817 320 2847 saccos
339 2816 409 2845 lanae
423 2839 433 2854 ,
451 2823 550 2844 contra
571 2814 736 2853 praedicCtam
759 2815 957 2845 inhibitionem
976 2815 1116 2855 nostram,
1133 2816 1200 2846 duci

135 2856 255 2888 fecerint
275 2855 308 2885 ad
330 2862 418 2892 partes
438 2853 512 2891 illas,
528 2861 632 2884 extunc
648 2852 713 2882 inde
727 2852 831 2883 nostrae
844 2853 1000 2892 subjaceant
1012 2854 1148 2884 voluntati
1166 2855 1199 2885 ὃς

133 2894 326 2932 ordinationi,
349 2902 409 2922 non
429 2891 604 2922 obstantibus
624 2891 784 2922 remiffione
804 2891 838 2923 ὃς
857 2892 1037 2923 concessione
1049 2916 1058 2932 ,
1079 2903 1145 2932 quas
1165 2894 1202 2923 eis

134 2935 254 2965 fecimus
269 2942 318 2969 pet
334 2930 485 2969 praesentes.

172 2972 211 3001 Et
225 2971 290 3000 ideo
304 2970 386 2999 vobis
399 2969 580 3008 mandamus,
594 2969 742 3001 occasione
755 2968 899 3000 dierorum
921 2970 998 3000 mille
1018 2970 1153 3009 sexaginta
1168 2970 1201 2999 &

135 3010 208 3041 ceto
225 3009 371 3038 saccorum
390 3006 462 3037 lanae
474 3029 484 3045 ,
501 3008 532 3037 in
552 3008 631 3038 nullo
651 3009 773 3052 gravetis
791 3017 838 3039 aut
859 3008 1012 3039 molestetis
1025 3032 1034 3046 ,
1053 3010 1087 3040 &
1109 3019 1156 3039 eos
1174 3010 1203 3038 in

136 3049 244 3087 Regno
266 3045 365 3076 nostro
384 3047 505 3082 morari,
522 3047 675 3085 negotiari,
693 3047 727 3077 &
748 3047 819 3078 lanas
843 3057 876 3077 ac
891 3047 942 3077 alia
958 3048 1142 3078 mercimonia
1159 3046 1203 3077 sua

137 3087 172 3118 ad
186 3093 274 3126 partes
288 3083 477 3114 transmarinas
488 3083 591 3114 ducere
603 3086 766 3124 permittatis
781 3086 811 3116 in
826 3084 922 3115 forma
937 3085 1079 3123 praedista.

172 3124 207 3156 In
220 3124 313 3161 cujus,
332 3123 392 3154 &c.
406 3121 547 3153 duraturas
560 3123 694 3162 quamdiu
708 3123 784 3165 Regi
797 3124 941 3164 placuerit.

172 3205 262 3237 Teste
276 3204 358 3244 Rege
369 3203 443 3244 apud
457 3203 623 3234 Westmon.
638 3212 683 3243 30.
696 3204 740 3236 die
754 3204 837 3236 Maii.

173 3342 221 3374 De
240 3339 397 3386 Francifio
415 3340 568 3384 Accursti‚
593 3344 630 3380 (ῤ’
650 3341 719 3373 aliis
736 3342 1000 3387 Procuratoribus,
1026 3343 1071 3378 ad
1085 3348 1164 3378 Par-

365 3389 509 3421 liamenta
531 3392 616 3435 Regis
633 3391 783 3434 Franciae‚
810 3392 966 3427 ordinatis.

140 3478 359 3543 SErenissimo
380 3477 505 3518 Principi
521 3501 530 3514 ,
550 3476 683 3509 Domino
703 3479 737 3510 &
752 3477 970 3520 Consanguineo
983 3481 1033 3512 suo
1047 3480 1205 3519 karissimo,

202 3517 335 3548 Domino
348 3516 497 3557 Philippo,
516 3515 574 3546 Dei
589 3516 693 3555 gratia,
711 3517 740 3547 R
778 3519 787 3547 i
802 3519 927 3550 Franciae
940 3519 1205 3557 illustriffimostid·

139 3557 267 3595 wardus,
289 3555 387 3586 eadem
406 3554 491 3598 gratia
501 3577 510 3593 ,
536 3554 601 3598 Rex
617 3555 746 3594 Angliae,
797 3558 909 3589 ominus
923 3558 1072 3589 Hiberniae
1084 3559 1117 3588 &
1133 3557 1204 3587 Dux

139 3594 335 3633 Aquitanniae,
355 3603 423 3624 curn
437 3593 571 3624 felicitatis
583 3594 616 3623 δε
630 3593 727 3632 gloriae
742 3595 932 3634 incremento,
949 3598 1069 3628 salutern.

177 3634 350 3664 Dominanti
360 3632 520 3663 clementiae
533 3630 649 3669 vestrae,
663 3631 715 3670 &,
733 3641 855 3671 quorum
868 3635 997 3674 interest,
1015 3635 1059 3666 vel
1073 3633 1202 3664 intereffe

141 3672 252 3711 porest,
266 3671 395 3702 universis
408 3672 442 3703 δε
455 3671 564 3709 lingulis
584 3668 786 3709 significamus,
801 3672 836 3702 &
847 3672 992 3712 significari
1006 3674 1138 3704 volumus
1152 3682 1201 3712 per

140 3712 300 3749 praesentes,
321 3709 396 3748 quod
411 3709 623 3747 constituimus,
640 3708 775 3746 facimus,
792 3710 826 3740 &
841 3711 1000 3743 ordinamus
1012 3720 1103 3743 certos
1117 3712 1151 3741 &
1164 3711 1204 3742 le-

138 3749 251 3788 gitimos
265 3756 456 3787 procuratores
469 3747 596 3786 nostros,

175 3786 317 3818 Discretos
332 3788 408 3818 viros
421 3810 431 3826 ,
456 3786 490 3817 ὅ(
504 3786 648 3816 familiares
657 3783 773 3828 ¹nostros
808 3785 926 3817 dile&os
939 3787 1112 3828 Magistrum
1123 3788 1203 3820 Wil-

137 3824 265 3856 lielmum
279 3825 315 3856 de
330 3825 485 3863 Cormera,
503 3823 643 3862 utriusque
656 3824 719 3860 iuris
735 3846 745 3861 ,
760 3808 940 3855 F³ranciscum
955 3826 1082 3858 Accursii
1096 3828 1132 3858 de
1147 3827 1203 3857 Bo-

139 3863 226 3893 nonia
243 3865 304 3894 'uris
318 3864 407 3895 civilis
422 3862 605 3901 professores,
622 3863 656 3893 &
670 3861 724 3892 Ma
746 3861 825 3892 'stros
834 3861 994 3900 Johannem
1010 3865 1122 3896 Clarelli
1136 3865 1202 3896 Do-

140 3902 212 3944 mini
258 3912 272 3930 a
330 3902 515 3940 Capellanum
528 3924 537 3938 ,
551 3900 713 3939 Johannem
724 3870 880 3944 ssominici
896 3923 907 3939 ,
923 3901 1016 3933 Adam
1030 3903 1066 3934 de
1079 3904 1203 3934 Norfol-

141 3939 203 3977 cia,
221 3939 254 3969 δε
283 3940 425 3971 ohannem
439 3941 475 3971 de
490 3939 624 3978 Pontese,
641 3939 675 3970 δε
689 3939 843 3977 quemlibet
857 3948 957 3970 eorum
971 3941 1000 3971 in
1014 3941 1151 3980 solidum,
1167 3944 1203 3973 ita

140 3976 219 4017 quod
233 3987 292 4006 non
306 3978 337 4008 sit
351 3979 450 4010 melior
463 3978 590 4010 conditio
604 3978 784 4015 occupantis,

178 4014 212 4044 In
225 4016 359 4046 omnibus
372 4018 456 4048 caufis
470 4018 504 4048 ὃ(
518 4017 650 4086 nqutiis,
671 4017 755 4046 motis
767 4016 801 4047 δε
815 4015 964 4046 movendis
976 4025 1076 4049 contra
1089 4028 1157 4057 n03,
1168 4019 1203 4050 ad

142 4052 351 4092 Parleamenta,
367 4055 401 4084 &
413 4055 499 4086 affisas
510 4066 545 4087 ve
584 4066 629 4094 aS,
646 4055 680 4086 &
695 4056 828 4084 terminos
842 4053 1004 4098 affignatos,
1021 4057 1055 4086 ὃς
1069 4056 1205 4096 assignan-

144 4091 197 4160 εἰῧε1
207 4114 217 4129 ,
236 4091 276 4161 8}
284 4093 490 4162 Cssmissuffldoe
502 4116 513 4133 ,
532 4104 629 4127 coram
650 4093 731 4125 vobis
751 4094 780 4124 in
802 4093 890 4125 Curia
902 4092 1009 4133 vestra,
1026 4094 1041 4125 a
1056 4095 1209 4127 venerabili

191 4141 240 4160 om.
275 4153 282 4159 .
328 4155 334 4160 .
389 4153 394 4160 .

1229 192 1695 240 PUBLICA.
2210 211 2288 253 147

1234 287 1309 323 patre
1322 279 1464 325 Episcopo
1472 281 1601 313 Anicien.
1710 282 1833 316 Decano
1845 282 1878 316 ὃς
1893 282 2027 322 Capitulo
2040 281 2164 323 ejusdem
2178 284 2234 316 loci
2242 308 2252 323 ,
2264 286 2297 317 &

1237 322 1288 348 iuis
1301 318 1470 350 officialibus
1484 344 1493 359 ,
1513 322 1659 359 ministris,
1678 323 1723 353 vel
1742 323 1870 361 subditis,
1889 333 2003 353 necnon
2017 323 2228 354 Vicecomitissa
2241 325 2298 354 Le-

2314 286 2389 319 Ann.
2402 288 2444 320 Di

2340 336 2422 366 1275.

1235 358 1388 387 movicensi
1401 381 1411 395 ,
1431 358 1602 390 Reverendo
1624 360 1705 390 Patre
1735 360 1956 400 Archiepiscopo
1975 361 2132 391 Bituricensi
2145 385 2155 400 ,
2174 362 2295 392 Decano
2313 368 2377 394 Edv.
2400 377 2424 395 1.

1234 394 1268 438 δ’(
1281 394 1417 433 Capitulo
1430 396 1614 435 Burdegaliae,
1633 399 1665 428 ὃ(
1682 398 1856 437 Reymundo
1865 422 1874 437 ,
1887 400 1966 430 dicto
1981 399 2159 431 Vicecomite
2165 400 2200 430 de
2210 401 2298 430 Fron-

1235 440 1310 501 packp
1323 456 1333 472 ,
1358 435 1443 473 quam
1458 436 1473 464 a
1489 436 1710 474 quibuscumque
1724 437 1778 467 aliis
1789 437 1909 475 personis
1922 460 1932 476 ,
1949 438 2146 469 Ecclesiasticis
2160 439 2204 469 vel
2221 439 2298 470 secu*

1245 481 1282 501 ari
1306 482 1337 502 us

1274 509 1332 540 Aut
1346 494 1443 541 iiostro
1458 513 1575 541 nomine
1590 520 1687 542 contra
1702 512 1852 550 praedietos
1865 535 1875 552 ,
1894 522 1940 544 aut
1961 515 2145 554 quascumque
2164 515 2224 546 alias
2237 525 2300 556 per-

1233 547 1310 578 sonas
1323 571 1332 586 ,
1350 549 1427 592 super
1442 550 1661 588 quibuscumque
1682 552 1762 581 rebus
1777 552 1810 581 &
1825 554 1958 590 negotiis,
1976 553 2070 592 iimul,
2089 555 2107 573 ²*
2125 556 2158 584 ὃς
2172 554 2298 593 diviiim,

1235 586 1269 617 &
1283 589 1450 617 nominatim
1464 588 1541 625 super
1554 589 1820 627 tranlgressionibus,
1836 590 1929 619 vestro
1943 593 2059 621 nominc
2073 592 2105 622 &
2119 593 2299 631 auetoritate,

1235 634 1512 692 pehquemcumque
1525 649 1535 664 ,
1555 627 1587 657 ὃ(
1608 637 1656 667 per
1679 627 1848 657 Senescallos
1861 651 1872 664 ,
1889 628 1922 658 &
1943 629 2087 659 Ministros
2104 653 2114 668 ,
2131 641 2164 661 ac
2179 631 2301 661 subditos

1235 673 1270 693 ve
1299 673 1344 693 ros

1272 686 1402 732 Necnon
1418 712 1467 739 per
1481 703 1645 741 priediCtam
1658 702 1902 734 Vicecomitissam
1921 703 2172 745 Lemovicensem,
2191 706 2294 737 Minis-

1236 747 1293 769 tros
1306 763 1315 777 ,
1335 740 1479 770 Officialcs
1494 766 1502 779 ,
1518 742 1551 772 &
1567 741 1689 771 subditos
1705 741 1764 772 suos
1786 750 1883 772 contra
1897 752 1950 773 nos
1962 767 1972 780 ,
1991 744 2024 774 &
2038 752 2139 774 terram
2154 744 2279 775 nostram
2289 768 2299 784 ,

1236 778 1269 807 ὃς
1283 779 1345 821 alias
1365 778 1444 816 super
1463 779 1590 817 dampnis
1609 780 1642 810 &
1665 781 1768 817 injuriis
1781 803 1790 818 ,
1811 781 1878 810 datis
1889 781 1922 810 ὃς
1936 782 2030 820 illatis,
2048 784 2233 822 requirendis,
2249 794 2299 823 pe-

1236 816 1325 859 tendis
1340 817 1372 847 &
1390 818 1570 856 recipiendis,
1590 819 1767 857 impetrandis
1783 821 1815 849 &
1829 819 1987 858 optinendis
2002 821 2017 850 a
2032 821 2114 850 vobis
2136 822 2232 852 nostro
2246 832 2301 852 no-

1236 863 1330 892 mine,
1348 856 1426 885 terris
1440 858 1472 886 ὅς
1490 857 1569 886 rebus
1582 856 1712 886 universis
1726 857 1758 887 &
1772 857 1888 895 singulis.

1274 893 1352 935 Qas
1397 894 1425 923 in
1447 895 1533 924 tribus
1554 894 1722 925 Civitatibus
1736 896 1769 925 &
1791 894 1979 934 Diocesibus‚
1998 896 2145 935 videlicet,
2164 896 2301 928 Lemovi-

1238 934 1315 974 cenii
1326 954 1335 968 ,
1351 915 1513 975 daturcensi
1535 933 1568 963 &
1592 932 1808 972 Petragoricensi
1824 957 1833 971 ,
1852 944 1884 964 ac
1899 935 1980 971 alibi,
1996 945 2044 972 per
2060 946 2158 972 pacem
2174 938 2207 967 &
2220 946 2303 965 com-

1235 972 1405 1036 politionem
1421 992 1430 1007 ,
1459 980 1531 1001 inter
1548 993 1557 1007 ,
1583 970 1739 1000 recolendae
1759 974 1906 1002 memoriae
1920 995 1930 1010 ,
1949 973 2113 1003 Dominum
2133 974 2166 1003 L.
2188 974 2301 1012 Regem

1261 1009 1379 1045 ranciae,
1398 1017 1503 1044 patrem
1518 1007 1660 1046 vestrum,
1676 1010 1709 1039 ὃ(
1723 1009 1821 1039 foelicis
1833 1012 2030 1041 recordationis
2039 1011 2203 1041 Dominum
2217 1012 2300 1041 I-len—

1236 1046 1327 1075 ricum
1347 1045 1459 1084 Regem
1478 1046 1589 1084 Angliae
1604 1069 1613 1084 ,
1628 1048 1783 1084 genitorem
1801 1047 1929 1077 nostrum
1944 1071 1953 1085 ,
1968 1059 2001 1078 ac
2021 1059 2071 1079 vos
2085 1074 2095 1087 ,
2113 1050 2147 1080 &
2161 1060 2212 1079 nos
2224 1051 2303 1080 habi-

1236 1091 1293 1113 tam
1307 1083 1432 1123 pridem,
1449 1085 1530 1114 nobis
1544 1084 1615 1114 infra
1627 1092 1737 1114 certum
1749 1086 1901 1115 terminum
1923 1088 2093 1123 praeteritum
2111 1088 2233 1126 tradere,
2252 1089 2300 1119 vel

1235 1122 1406 1152 escambium
1420 1131 1524 1152 eXtunc
1537 1123 1700 1152 rationabile
1717 1123 1807 1152 facere
1819 1145 1828 1160 ,
1852 1123 1886 1152 ad
1899 1125 2058 1162 arbitrium,
2077 1126 2121 1155 vel
2135 1126 2168 1156 ad
2183 1136 2299 1165 exguar-

1236 1160 1306 1190 dum
1328 1161 1485 1198 proborum
1508 1162 1635 1190 virorum
1650 1183 1660 1198 ,
1684 1161 1924 1191 nominandorum
1943 1161 2010 1192 hinc
2031 1162 2096 1192 inde
2109 1185 2119 1200 ,
2144 1164 2298 1195 secundum

1237 1199 1441 1229 continentiam
1454 1200 1529 1237 pacis
1546 1198 1686 1236 e'usdem,
1703 1199 1845 1229 debebatis
1859 1200 1892 1230 δε
1909 1198 2000 1230 adhuc
2014 1199 2136 1239 debetis,

1272 1237 1316 1266 Ac
1339 1246 1411 1267 terra
1428 1209 1569 1273 AgenensiJ
1587 1238 1620 1268 ὅτ,
1640 1238 1719 1277 iplius
1739 1246 1820 1267 terrae
1840 1237 1986 1267 traditione
2008 1239 2088 1267 nobis
2104 1239 2244 1278 facienda,
2261 1249 2295 1271 ac

1235 1275 1291 1305 aliis
1304 1276 1433 1306 universis
1447 1277 1480 1306 ὃς
1495 1276 1619 1316 lingulis,
1629 1277 1658 1306 in
1671 1276 1769 1314 quibus
1782 1277 1864 1306 nobis
1877 1276 2023 1306 reddendis
2034 1276 2066 1306 &
2079 1276 2209 1308 faciendis
2222 1287 2305 1309 tene-

1236 1314 1307 1343 mini
1322 1323 1355 1343 ex
1369 1314 1461 1344 forma
1474 1315 1548 1353 pacis
1562 1315 1723 1352 praeditstae,

1271 1352 1310 1382 Et
1323 1362 1356 1382 ex
1369 1352 1638 1391 transgressionibus,
1657 1353 1778 1392 surprisia
1811 1353 1844 1383 &
1860 1353 1986 1391 dampnis
2000 1354 2072 1392 aliis,
2085 1354 2168 1385 nobis
2182 1354 2215 1385 &
2231 1364 2300 1385 nos*

1234 1392 1282 1420 tris
1296 1414 1305 1429 ,
1324 1399 1403 1421 tertae
1416 1390 1520 1421 nostrae
1535 1413 1545 1430 ,
1560 1392 1593 1422 &
1608 1391 1722 1422 subditis
1734 1396 1783 1421 noi
1800 1393 1833 1421 ris
1847 1415 1857 1430 ,
1875 1401 1974 1422 contra
1991 1393 2066 1429 pacis
2081 1393 2202 1430 ejusdem
2218 1402 2301 1423 teno-

1235 1439 1313 1498 {gemsl
1332 1431 1365 1461 &
1379 1430 1439 1460 alias
1453 1439 1503 1468 per
1518 1429 1682 1460 Senescallos
1692 1455 1702 1468 ,
1722 1429 1870 1460 Ministros
1884 1453 1894 1469 ‚
1909 1432 1942 1462 &
1958 1430 2092 1461 Subditos
2109 1430 2217 1462 vestros
2229 1431 2300 1462 datis

1260 1477 1270 1484 ⁷
1287 1478 1293 1497 i
1317 1478 1382 1507 atis,

1271 1506 1473 1537 Concedentes
1487 1507 1519 1538 &
1534 1506 1628 1537 dantes
1641 1507 1742 1538 eisdem
1758 1506 2007 1546 Procuratoribus,
2026 1508 2060 1539 ὃς
2073 1508 2185 1538 cuilibet
2198 1517 2301 1538 eorum

1236 1545 1265 1574 in
1284 1545 1401 1575 solidum
1416 1569 1425 1582 ,
1445 1545 1611 1584 potestatem
1630 1547 1663 1577 &
1683 1545 1797 1583 speciale
1812 1546 1974 1576 mandatum
1992 1546 2107 1585 agendi,
2128 1548 2299 1585 requirendi,

1237 1583 1441 1622 promovendi,
1458 1585 1610 1622 tractandi,
1628 1584 1739 1621 petendi
1753 1607 1762 1622 ,
1779 1586 1811 1616 &
1826 1584 1989 1622 optinendi,
2007 1584 2139 1622 praedicta
2157 1587 2254 1616 omnia
2268 1587 2302 1616 Sc

1238 1623 1341 1661 singula
1356 1646 1366 1661 ,
1390 1632 1488 1653 coram
1504 1623 1586 1652 vobis
1601 1645 1611 1661 ,
1630 1623 1663 1653 δε
1687 1622 1773 1653 Curia
1788 1622 1875 1653 vestra
1891 1646 1900 1661 ,
1918 1623 1951 1654 &
1966 1633 2063 1653 coram
2080 1623 2301 1663 quibuscumque

1238 1661 1402 1691 auctoritate
1416 1660 1506 1691 vestra
1520 1662 1548 1690 in
1562 1660 1705 1700 praemissis
1718 1662 1750 1692 &
1766 1662 1873 1700 lingulis
1883 1661 2088 1700 praemifforum
2103 1662 2301 1701 cognoscenti-

1239 1700 1307 1737 bus,
1325 1700 1358 1730 &
1375 1701 1490 1730 obtenta
1504 1700 1674 1739 recipiendi,
1692 1702 1849 1739 repetendi,
1868 1701 1912 1730 seu
1927 1700 2083 1738 requirendi
2107 1700 2226 1730 Curiam
2240 1711 2302 1730 ves-

1239 1746 1310 1768 tram
1324 1739 1359 1768 de
1380 1738 1500 1777 personis
1520 1740 1553 1769 &
1569 1739 1650 1768 rebus
1665 1761 1675 1777 ,
1693 1739 1773 1768 nobis
1787 1740 1905 1769 mediate
1918 1739 1962 1769 vel
1976 1739 2136 1769 immediate
2155 1739 2303 1778 subjectis,

1239 1777 1284 1807 vel
1300 1777 1332 1807 ad
1353 1777 1474 1806 nostram
1491 1777 1711 1815 jurisdictionem
1732 1778 1968 1817 qualitercumque
1982 1777 2183 1816 spediantibus,
2200 1780 2233 1808 &
2253 1778 2304 1808 alia

1238 1817 1320 1846 nobis
1335 1815 1426 1845 debita
1440 1815 1484 1845 vel
1497 1815 1636 1846 debenda:

1277 1853 1402 1892 Scripta,
1418 1854 1516 1883 litteras
1532 1854 1565 1884 &
1579 1854 1754 1884 munimenta
1768 1877 1777 1892 ,
1796 1855 1862 1894 parti
1879 1853 1983 1884 nostrae
2002 1853 2148 1884 necessaria
2161 1864 2215 1895 pro
2227 1854 2304 1884 dieta

1239 1901 1309 1961 pace
1323 1892 1467 1960 sgrvanda,
1487 1893 1519 1923 ὃς
1534 1892 1674 1923 securitate
1685 1893 1721 1923 de
1734 1894 1814 1923 rebus
1828 1903 1860 1923 ex
1875 1903 1907 1923 ea
1920 1903 1989 1933 pace
2001 1892 2034 1922 ad
2056 1902 2108 1922 nos
2120 1892 2304 1930 spectantibus

1252 1941 1328 1961 acien
1350 1942 1372 1960 i·

1278 1955 1388 2000 Vestra’s
1402 1971 1434 2001 &
1449 1968 1606 2000 vestrorum
1624 1969 1855 2008 praedeceslorum
1870 1968 1970 2000 litteras
1982 1971 2015 2001 &
2029 1969 2184 2009 privilegia,
2203 1969 2303 2007 quibus

1239 2007 1340 2046 aliqui,
1359 2018 1394 2038 ne
1409 2008 1442 2038 ad
1457 2008 1646 2038 obedientiam
1660 2010 1693 2039 ὅ(
1707 2008 1868 2039 dominium
1882 2008 2009 2039 nostrum
2023 2009 2152 2047 veniant,
2169 2010 2242 2045 juxta
2255 2018 2305 2047 pa-

1239 2056 1315 2114 cerns
1324 2047 1409 2084 ipsam
1424 2069 1433 2084 ,
1452 2047 1479 2076 se
1492 2048 1563 2078 tueri
1582 2047 1716 2077 dicuntur
1729 2070 1739 2085 ,
1761 2047 1967 2086 impugnandi,
1992 2047 2025 2077 ὅ(
2044 2056 2141 2077 eorum
2156 2046 2306 2086 optinendi

1239 2093 1298 2115 tran
1310 2094 1396 2115 cr17ta

1278 2096 1457 2154 Defeiide⁷ndi
1475 2146 1485 2162 ,
1502 2123 1660 2161 excipiendi
1674 2122 1887 2164 ,supplicandss
1904 2122 2068 2163 impetrandi
2082 2132 2131 2162 per
2145 2122 2277 2153 officium
2293 2146 2304 2161 ,

1238 2162 1271 2193 &
1286 2162 1322 2192 de
1336 2163 1437 2200 plano,
1453 2160 1488 2192 de
1503 2163 1659 2202 calumpnia
1675 2164 1708 2193 ὃ(
1721 2164 1756 2193 de
1770 2164 1884 2193 veritate
1895 2161 2027 2200 dicenda,
2043 2173 2075 2192 ac
2090 2163 2197 2192 alterius
2210 2163 2304 2199 cujus-

1237 2201 1305 2231 libet
1323 2202 1429 2240 generis
1449 2200 1493 2231 vel
1513 2201 1592 2231 modi
1608 2202 1799 2239 juramentum
1819 2203 1848 2231 in
1871 2202 1994 2231 animam
2017 2200 2141 2230 nostram
2153 2200 2306 2237 subeundi,

1239 2239 1398 2277 deferendi,
1416 2239 1596 2278 suscipiendi,

1273 2277 1485 2317 Inquisitionem
1498 2278 1574 2318 super
1590 2279 1666 2309 terris
1679 2276 1836 2309 Catutcinii
1850 2275 2049 2318 prosequendi,

1276 2317 1373 2348 Alium
1388 2317 1431 2347 vel
1445 2317 1511 2346 alios
1522 2326 1734 2356 procuratorem
1748 2317 1794 2347 seu
1811 2325 2019 2355 procuratores,
2031 2316 2157 2347 ac'torem
2168 2314 2214 2346 vel
2227 2315 2308 2346 adio-

1239 2365 1297 2393 res,
1314 2355 1363 2386 suo
1376 2364 1421 2386 aut
1436 2355 1531 2385 nostro
1545 2357 1661 2386 nomine
1676 2356 1720 2387 vel
1734 2356 1875 2394 periculo,
1894 2364 1957 2385 ante
1970 2355 2003 2385 &
2015 2355 2077 2393 post
2105 2355 2183 2384 litem
2199 2364 2309 2385 contes—

1238 2403 1321 2424 tatam
1334 2416 1344 2432 ,
1362 2393 1464 2431 dandi,
1481 2393 1661 2424 substituendi
1675 2395 1719 2424 vel
1734 2393 1939 2431 constituendi,
1959 2401 2042 2430 prout
2056 2393 2305 2434 quotienscumque

1237 2432 1520 2501 &dquandocumque
1533 2443 1634 2463 omnes
1647 2433 1680 2463 &
1695 2442 1794 2463 eorum
1815 2432 1931 2472 quilibet
1945 2431 2065 2463 viderint
2078 2434 2123 2461 ieu
2140 2431 2241 2462 viderit
2257 2441 2307 2462 eit<

1258 2481 1273 2500 e
1294 2481 1346 2501 ire:

1237 2481 1256 2511 p
1275 2508 1312 2539 Et
1334 2517 1434 2539 caetera
1455 2511 1552 2540 omnia
1573 2510 1606 2540 &
1627 2509 1731 2549 singula
1754 2508 1896 2547 faciendi,
1913 2507 2049 2539 tractandi
2063 2508 2097 2539 ὃς
2112 2507 2306 2546 procurandi,

1238 2557 1268 2577 re
1288 2548 1395 2577 uirendi
1415 2548 1449 2578 &
1468 2548 1636 2587 recipiendi,
1654 2559 1718 2588 quae
1733 2559 1780 2588 per
1796 2547 1901 2577 dic‘tam
1916 2557 2014 2585 pacem
2029 2570 2038 2584 ,
2056 2555 2103 2576 aut
2117 2547 2223 2576 ratione
2235 2555 2307 2586 prae-

1238 2586 1284 2616 dic
1299 2596 1381 2616 orum
1395 2587 1527 2616 omnium
1544 2588 1577 2617 &
1593 2587 1781 2626 lingulorum,
1800 2587 1832 2616 &
1847 2586 1908 2615 alias
1924 2586 1957 2615 ad
1975 2595 2025 2614 nos
2039 2585 2191 2624 pertinent:

1276 2625 1406 2655 Faciendi
1427 2626 1511 2654 etiam
1527 2647 1535 2662 ,
1554 2625 1573 2654 si
1592 2624 1755 2655 mandatum
1770 2624 1910 2664 exigerent
1925 2624 2039 2663 speciale
2052 2646 2060 2661 ,
2080 2624 2112 2654 ὅ(
2128 2632 2191 2661 quae
2205 2622 2220 2652 a
2234 2623 2313 2654 veris

1238 2663 1271 2692 &
1285 2663 1412 2702 legitimis
1426 2663 1666 2702 procuratoribus,
1682 2663 1748 2694 datis
1761 2663 1794 2693 ad
1809 2664 1920 2702 negotia
1935 2663 1968 2693 &
1983 2662 2016 2692 ad
2028 2663 2104 2700 lites,
2121 2661 2179 2692 fieri
2188 2660 2303 2699 possunt

1238 2702 1272 2732 &
1291 2701 1410 2739 debent,
1430 2702 1464 2732 ὃ(
1478 2711 1530 2731 nos
1544 2702 1696 2732 faceremus
1709 2703 1729 2732 si
1741 2701 1885 2742 praesentes
1900 2700 2027 2730 essemus.

1277 2739 1385 2770 Ratum
1408 2742 1441 2771 &
1464 2748 1572 2778 gratum
1593 2740 1713 2770 habituri
1731 2739 1862 2780 quicquid
1885 2750 1932 2777 per
1948 2739 2016 2778 ipsos
2032 2747 2242 2777 procuratores,
2259 2737 2306 2769 vel

1239 2777 1443 2808 substituendos
1456 2780 1491 2808 ab
1503 2780 1540 2808 eis
1549 2802 1558 2816 ,
1578 2779 1622 2809 vel
1635 2779 1756 2816 ipsorum
1770 2780 1880 2817 aliquo,
1898 2788 1988 2808 unum
2001 2778 2045 2807 vel
2061 2777 2166 2817 plures,
2180 2786 2304 2807 aureum

1239 2817 1300 2857 ipsis
1320 2818 1453 2847 omnibus
1476 2817 1508 2847 ὃ(
1531 2818 1639 2856 singulis
1652 2840 1662 2856 ,
1676 2818 1705 2847 in
1718 2818 1802 2848 causis
1814 2817 1917 2847 eisdem
1933 2818 1965 2847 ὃ(
1980 2817 2097 2855 negotiis
2111 2838 2121 2853 ,
2146 2816 2241 2846 aCtum
2257 2824 2310 2845 co-

1240 2865 1298 2885 ram
1312 2856 1393 2887 vobis
1406 2857 1439 2887 &
1456 2855 1542 2885 Curia
1556 2855 1662 2894 vestra,
1680 2857 1713 2886 &
1748 2856 1949 2893 uibuscumque
1965 2855 2020 2884 aliis
2034 2854 2197 2884 auetoritate
2212 2852 2304 2884 vestra

1238 2895 1268 2923 in
1283 2893 1425 2932 praemiffis
1446 2894 1479 2924 &
1502 2894 1706 2931 praemissorum
1727 2867 1836 2934 singulis
1858 2894 2039 2931 qualitercum
2061 2903 2094 2923 ue
2107 2892 2305 2931 cognoscenti-

1240 2933 1307 2971 bus,
1327 2933 1407 2963 fuerit
1423 2955 1432 2970 ,
1448 2932 1492 2962 seu
1511 2933 1596 2962 etiam
1618 2943 1796 2973 procuratum
1812 2943 1818 2962 :
1838 2932 1913 2970 Ipsos
1925 2934 2008 2961 etiam
2023 2941 2050 2960 re
2062 2940 2174 2974 evamus
2188 2930 2221 2960 &
2234 2930 2306 2973 rele-

1239 2973 1296 3001 vari
1309 2972 1438 3002 volumus
1451 2971 1486 3000 ab
1500 2972 1581 3000 omni
1594 2981 1680 3002 onere
1694 2971 1848 3009 satisdandi,
1867 2972 1899 3001 &
1911 2970 2068 3008 judicatum
2090 2969 2160 3000 solvi
2174 2978 2226 3009 pro
2241 2971 2307 3007 ipiis

1240 3009 1273 3040 δε
1286 3019 1385 3039 eorum
1396 3009 1529 3047 quolibet.

1275 3047 1471 3078 Promittirnus
1484 3049 1567 3077 etiam
1582 3069 1592 3085 ,
1610 3047 1659 3078 sub
1674 3047 1824 3088 Ypotheca
1837 3048 1980 3078 bonorum
1994 3045 2158 3077 nostrorum
2173 3071 2183 3084 ‚
2200 3046 2234 3076 ὃς
2247 3054 2302 3075 vo·

1239 3086 1281 3116 bis
1299 3086 1432 3117 Domino
1448 3086 1522 3126 Regi
1535 3109 1545 3123 ,
1563 3086 1596 3116 &
1616 3086 1713 3116 Curiae
1727 3087 1825 3117 vestrae
1839 3109 1849 3124 ,
1864 3095 1898 3115 ex
1911 3085 2096 3116 habundantia
2109 3108 2119 3123 ,
2138 3085 2171 3115 &
2186 3084 2242 3114 aliis
2254 3085 2303 3115 ad-

1239 3124 1359 3155 versariis
1378 3125 1479 3154 nostris
1495 3148 1504 3161 ,
1521 3125 1554 3154 &
1577 3125 1777 3162 cujuscumque
1795 3125 1897 3155 intersit
1918 3125 1962 3155 vel
1977 3123 2102 3154 interesse
2115 3124 2233 3163 poterit,
2251 3132 2304 3162 pro

1239 3163 1300 3200 ipsis
1312 3164 1410 3201 vobis,
1428 3164 1511 3202 gratia
1526 3164 1558 3193 ὅ(
1572 3164 1677 3193 ratione
1693 3161 1863 3203 principatus
1875 3164 1906 3193 ὅ(
1921 3164 1983 3200 juris
1998 3162 2104 3202 publici
2120 3184 2129 3198 ,
2148 3162 2302 3199 interponi-

1240 3211 1302 3231 mus
1315 3201 1521 3239 stipulationem
1536 3200 1733 3240 sollempnem,
1751 3202 1783 3232 δε
1796 3203 1832 3232 ab
1844 3202 1946 3232 eisdem
1960 3200 2185 3238 procuratoribus
2203 3200 2236 3229 &
2254 3208 2304 3228 eo-

1239 3249 1303 3270 rum
1318 3240 1443 3277 quolibet
1456 3240 1594 3276 interponi
1606 3239 1685 3278 posse
1698 3241 1829 3270 volumus
1840 3241 1873 3270 &
1889 3240 2060 3270 mandamus.

1275 3278 1312 3347 <lin
1326 3279 1402 3348 quius
1417 3279 1457 3309 rei
1469 3277 1662 3308 testiinonium
1677 3278 1724 3309 has
1737 3279 1837 3310 litteras
1847 3278 1951 3308 nostras
1959 3286 2080 3316 patentes
2093 3276 2222 3306 duximus
2229 3284 2302 3305 con-

1241 3327 1275 3348 ce
1295 3327 1329 3347 en
1351 3326 1386 3348 as.

1278 3398 1345 3467 ξας.
1365 3400 1437 3442 apud
1457 3397 1581 3429 Westm.
1600 3398 1625 3429 8.
1647 3398 1692 3429 die
1708 3397 1802 3437 Junii,
1821 3408 1898 3429 anno
1917 3396 2040 3428 Domini
2065 3403 2148 3432 1275.
2163 3393 2195 3424 &
2211 3392 2307 3432 Regni

1241 3447 1281 3467 ΠΟ
1309 3448 1330 3467 rl
1342 3446 1432 3468 terno.

1332 3567 1359 3594 ’ἦ
1383 3568 1486 3604 Aliud
1496 3570 1740 3601 Procuratorium
1751 3593 1760 3608 ,
1786 3565 1829 3599 ad
1844 3566 2050 3599 Parliamema
2067 3566 2097 3595 in
2107 3563 2202 3606 Curia

1683 3614 1836 3661 praediHa.

1237 3707 1300 3767 R
1309 3705 1361 3746 Egi
1376 3707 1501 3738 Franciae
1516 3704 1582 3736 Rex
1600 3704 1710 3746 Angliae
1724 3702 1844 3734 salutem.
1935 3741 1939 3746 .
2261 3741 2266 3746 Ι

1356 3746 1388 3776 In
1409 3747 1492 3776 caulis
1513 3744 1645 3774 omnibus
1658 3745 1691 3774 δε
1710 3744 1828 3782 negotiis
1841 3765 1851 3779 ,
1868 3739 2109 3782 qualitercumque
2123 3749 2175 3770 nos
2188 3749 2302 3770 contin-

1237 3785 1380 3823 gentibus,
1396 3785 1480 3814 motis
1494 3783 1527 3813 &
1540 3782 1689 3812 movendis
1703 3783 1718 3811 a
1730 3781 1941 3821 quibuscunque
1953 3779 2172 3822 univerlitatibus
2186 3779 2230 3809 vel
2239 3789 2300 3818 per-

1237 3824 1325 3861 sonis,
1342 3822 1529 3853 ecclesiasticis
1543 3828 1589 3850 aut
1600 3819 1780 3857 secularibus,
1799 3817 2000 3857 cujuscumque
2011 3818 2187 3855 eminentiae,
2204 3816 2299 3854 status,

1237 3860 1391 3900 dignitatis,
1408 3861 1451 3891 seu
1467 3859 1637 3890 conditionis
1651 3867 1751 3889 contra
1763 3867 1814 3887 nos
1823 3880 1833 3895 ,

1276 3899 1331 3930 Vel
1345 3903 1360 3931 a
1374 3899 1455 3930 nobis
1469 3907 1569 3928 contra
1582 3899 1588 3926 i
1610 3897 1645 3926 sas
1658 3919 1668 3935 ,
1687 3897 1720 3927 &
1733 3904 1827 3925 earum
1840 3894 1972 3935 quassibet
1985 3894 2016 3924 in
2030 3895 2107 3924 curia
2126 3893 2231 3931 vestra,
2250 3892 2295 3923 vel

1237 3948 1335 3969 coram
1348 3937 1568 3979 quibuscumque
1578 3907 1726 3974 Jliidicibus
1739 3933 1849 3964 vestris:

1274 3978 1404 4008 Necnon
1426 3977 1459 4007 &
1479 3974 1514 4005 ad
1532 3974 1691 4005 faciendum
1705 3995 1713 4011 ,
1729 3982 1782 4011 pto
1803 3972 1885 4002 nobis
1905 3971 1939 4002 &
1958 3971 2075 4002 nomine
2090 3970 2205 4007 nostre,
2223 3968 2301 4013 quas-

1237 4026 1360 4056 cumque
1371 4012 1812 4053 supplicationes,requisitiones,
1828 4010 1862 4041 &
1877 4010 2124 4047 interpellationes,
2142 4007 2220 4047 super
2234 4017 2300 4045 qui-

1238 4056 1412 4094 buscumque
1425 4075 1435 4091 ,
1452 4051 1552 4082 vestrae
1575 4049 1732 4082 sublimitati
1746 4072 1756 4086 ,
1773 4049 1903 4080 discretos
1923 4049 1956 4079 &
1975 4048 2120 4078 familiares
2133 4045 2242 4075 nostros
2253 4045 2298 4075 di-

1238 4094 1328 4127 lectos
1343 4115 1353 4132 ,
1379 4092 1402 4123 F
1403 4089 1558 4123 ranciscum
1578 4089 1729 4157 AccursiiT
1725 4088 1761 4117 de
1769 4087 1898 4119 Bononia
1906 4086 1981 4125 Juris
1994 4087 2082 4118 civilis
2095 4082 2300 4151 profefforeu‘ix,

1749 4135 1768 4156 2

2315 556 2330 573 *
2348 556 2446 590 11.51.

2320 3577 2338 3595 ff
2353 3567 2392 3595 11.
2401 3570 2450 3604 5²¹,

2318 3717 2394 3749 Ann.
2408 3718 2449 3749 D.

2339 3766 2423 3794 1275.

2314 3800 2367 3823 An.
2383 3805 2408 3832 3.

2314 3838 2342 3860 E.
2366 3843 2389 3860 1.

2311 3871 2415 3899 Ibidem,
