2570 4261
260 129 338 168 190
723 113 1974 166 CONVENTIONES,LITERAE,

118 197 197 228 Ann.
213 196 255 227 D.
302 201 340 245 In.
363 208 485 240 quorum
504 198 697 242 testimonium
717 198 815 241 damus
834 200 868 231 ὃς
888 199 1075 244 concedimus
1094 199 1174 231 dieto
1192 199 1327 231 Domino
2439 205 2515 237 Arm.
2532 207 2570 240 D.

118 234 230 302 E3581¹
266 240 341 279 Regi
357 238 500 277 praesentes
512 237 632 275 litteras,
650 236 749 267 nostro
762 238 850 277 sigillo
864 238 997 278 sigillatas.
1418 289 1423 294 ι
1573 291 1579 297 .
2247 294 2252 300 .
2368 296 2373 301 .
2459 247 2543 277 1281.

299 314 366 345 Dat.
384 312 477 352 Ludg.
488 322 564 344 anno
578 308 704 343 Domini
721 314 792 345 1281
803 337 813 353 ‚
832 315 927 346 mense
936 314 1069 353 Januarii.
1382 286 1488 320 Luem
1504 289 1577 335 Regy
1595 289 2014 371 Romamngmflzgmzzzm
2031 301 2100 323 cum
2117 288 2271 325 Sabau‘hae
2290 293 2402 326 C‘mme
2440 286 2508 313 Edv.
2529 295 2563 316 ¹⁵&

118 443 174 470 ⁶11.
189 442 220 469 16
224 451 249 478 3.
260 439 287 466 2ss
311 440 418 472 Litera
433 449 454 470 a
468 437 599 485 Philippo
614 441 692 485 Rege
711 441 842 472 Franciae
850 467 862 482 ,
888 440 933 473 ad
950 443 1057 488 Regem
1073 441 1190 487 Angliae
1206 452 1325 488 rogato-

649 491 698 520 ria
716 485 752 520 de
757 486 842 530 statu
861 490 936 533 ejus.

115 562 191 594 Anii.
205 560 245 592 D.

136 611 170 630 12
175 602 207 630 81
258 571 412 634 PHilip,
428 582 476 613 par
489 573 514 604 la
527 583 610 614 grace
624 573 719 613 Dieu,
738 573 799 604 Roi
813 572 849 603 de
866 573 991 612 France,
1007 584 1022 604 a
1036 575 1123 606 noble
1136 575 1253 613 Prince,
1271 574 1321 605 son

325 614 459 644 trescheie
473 613 507 643 ὃ(
523 623 585 642 ame
597 614 711 650 cousin,
727 614 760 643 ἃ·
773 612 825 642 ibn
839 612 900 642 feau
915 635 924 649 ,
943 613 1065 643 Edward
1078 637 1088 651 ⁷
1106 624 1153 652 par
1175 614 1236 645 cele
1251 614 1322 644 mes-

111 643 162 668 A'¹·
184 651 208 672 ²·
257 663 305 684 me
319 661 416 691 grace,
435 652 521 681 noble
537 651 825 695 Royu‘Engieterre,
846 650 978 690 Seigneur
990 651 1128 691 d’Itland,
1147 652 1216 684 Duc
1232 653 1321 683 d‘Ac-

111 682 141 742 ξ·
164 687 187 733 {g
259 691 400 730 quitaigne
415 690 489 721 saluz
502 690 535 719 δε
548 689 655 719 diutine
674 699 762 720 arnor.
1005 728 1010 733 μ

109 725 231 783 8ῑῆΔῖυο
303 730 380 761 Pour
393 740 426 760 ce
437 738 491 768 que
506 737 577 758 nous
592 737 679 757 avons
694 736 756 758 tout
769 736 829 759 tens
842 735 923 767 grant
933 726 1041 758 desirier
1054 729 1089 759 de
1102 729 1191 760 savoir
1205 738 1323 762 coment

261 770 281 800 il
296 778 367 800 vous
380 768 435 805 est,
453 767 487 798 &
500 765 570 796 d'oir
583 766 671 796 bones
687 766 801 797 noveles
813 767 849 797 de
865 776 951 804 vous,
970 775 1040 796 nous
1052 769 1169 798 envions
1183 779 1199 799 a
1212 779 1283 800 vous
1295 768 1321 799 le

254 806 389 839 Porteeur
405 806 439 836 de
452 815 498 835 ces
511 804 647 844 presentes
660 805 768 844 lettres,
783 815 836 842 por
849 804 919 835 estre
931 815 967 835 en
982 807 1086 836 certein
1101 817 1147 845 par
1160 807 1206 837 lui.

292 846 330 877 Et
349 855 419 875 vous
432 844 526 882 prioris
559 853 593 874 ue
607 853 694 882 vous,
710 853 757 883 par
771 843 858 874 cestui
873 843 994 882 message
1007 866 1017 881 ,
1034 855 1105 875 nous
1119 845 1233 875 voilliez
1244 846 1320 876 sene-

255 885 306 917 fier
320 895 367 925 par
383 892 441 914 voz
452 883 542 913 lettres
564 892 579 913 a
591 883 741 913 certaintee
753 881 788 913 de
800 881 892 914 vestre
905 881 989 921 estat,
1005 883 1032 914 le
1048 883 1113 923 quel
1128 884 1233 915 nostres
1246 884 1320 915 Sires

256 924 319 955 face
335 924 394 953 bon
409 924 442 954 &
457 922 529 958 joiex
544 929 594 951 toz
604 921 671 960 jors.

296 962 333 992 Et
354 962 420 992 d'on
439 959 536 990 nostre
551 958 619 990 estat
635 982 644 997 ,
662 959 689 989 le
708 959 771 998 quel
786 969 857 990 nous
878 958 974 991 {avons
1005 971 1040 991 ue
1055 970 1126 991 vous
1144 960 1248 991 desirez
1263 971 1318 998 que

255 1001 308 1032 soit
322 1001 410 1037 bons,
430 1008 502 1029 nous
518 1007 589 1028 vous
604 997 694 1028 fasons
707 998 813 1028 asavoir
820 1008 875 1037 que
885 1009 955 1029 nous
966 1009 982 1029 e
1009 1000 1084 1038 ioris,
1103 999 1215 1030 lamerci
1229 998 1317 1038 Dieu,

250 1040 306 1070 [ain
321 1039 353 1070 &
367 1038 448 1069 haitie
461 1037 496 1067 de
512 1046 590 1076 cors,
604 1045 690 1077 quant
702 1047 749 1068 ces
762 1037 852 1068 lettres
864 1038 955 1069 furent
969 1039 1045 1068 fetes.

291 1119 400 1150 Donne
420 1129 434 1148 a
450 1117 595 1157 Mommgi
615 1117 641 1148 le
653 1117 782 1149 Samedie
796 1128 872 1159 apres
884 1117 922 1149 les
936 1117 1084 1150 Huitieves
1096 1118 1131 1149 de
1144 1118 1169 1149 la
1184 1117 1318 1150 Purifica-

253 1159 320 1189 cion
334 1157 369 1187 de
383 1157 477 1188 nostre
490 1157 592 1187 Dame.

288 1286 337 1319 De
350 1293 423 1330 pace
440 1286 516 1315 inter
535 1285 639 1329 Regem
657 1284 861 1314 Romanorum
875 1309 884 1324 ‚
909 1285 945 1320 ὠ
969 1284 1111 1315 Comitem
1130 1280 1288 1317 sabaudia

681 1329 887 1375 reformanda.

105 1416 182 1448 Ann.
199 1408 237 1448 D.
254 1415 338 1473 RE
348 1414 378 1447 X
393 1416 497 1461 dileeto
511 1417 543 1447 &
558 1416 631 1447 fideli
645 1415 692 1460 suo
708 1415 813 1460 Ottoni
825 1416 862 1461 de
876 1416 1076 1462 Grandisonon,
1094 1417 1215 1448 salutern.

133 1458 216 1487 1281.
364 1455 461 1494 Cum,
478 1464 549 1485 inter
566 1454 753 1494 Magnificum
768 1454 949 1494 Principem,
968 1455 1131 1486 Dominum
1149 1457 1178 1486 R

102 1497 155 1522 An.
174 1505 202 1530 9.
255 1495 455 1526 Romanorum
469 1494 601 1524 illustrem
611 1517 619 1532 ,
636 1494 669 1524 δε
684 1493 819 1535 (111οᾃ0111
836 1494 1073 1533 consanguineum
1089 1494 1216 1525 nostrum
1226 1518 1235 1533 ,
1250 1494 1317 1525 Phi-

103 1537 132 1561 Ξ-
156 1542 179 1560 1-
252 1534 361 1572 lippum
384 1533 534 1564 Comitem
554 1531 700 1563 Sabaudiae
713 1555 723 1569 ,
741 1536 811 1568 sicut
832 1532 936 1571 nostis,
952 1542 1100 1564 contentio
1114 1533 1159 1564 scu
1173 1544 1270 1574 guerra
1288 1534 1319 1565 iit

101 1575 197 1644 gfff-on.
212 1618 239 1644 9.
258 1582 352 1609 mom,

289 1611 373 1648 Nos,
412 1611 439 1640 ui
453 1618 558 1650 partem
574 1617 721 1677 utramque
738 1608 857 1648 specialis
875 1609 1031 1640 dilectionis
1044 1611 1164 1640 brachiis
1177 1610 1317 1649 amplexa-

100 1651 131 1674 Ε.
144 1657 239 1684 1.m.÷.
255 1660 318 1681 mur
332 1673 341 1688 ‚
360 1649 401 1680 <le
416 1650 485 1678 imus
498 1649 580 1678 vobis
594 1671 603 1686 ,
623 1648 656 1678 ὃς
691 1647 776 1678 ilceto
791 1647 907 1678 Clerico
928 1648 1027 1679 nostro
1042 1648 1181 1688 Magistro
1191 1649 1317 1688 Johanni

101 1687 162 1721 dms·
253 1689 288 1719 de
305 1689 402 1726 Derby
417 1686 540 1718 Decano
554 1685 725 1727 Lychefeld,
763 1695 828 1716 uem
843 1695 955 1724 propter
969 1687 1026 1717 hoc
1041 1687 1076 1717 ad
1091 1698 1140 1718 vos
1155 1689 1315 1719 transmitti-

250 1738 329 1767 mus,
344 1727 490 1766 specialem
505 1727 537 1756 δι’
550 1725 661 1763 plenam
675 1734 742 1762 pote
769 1734 860 1762 atem,
880 1735 928 1762 per
942 1724 1048 1755 nostras
1062 1734 1183 1765 patentes
1197 1727 1313 1766 litteras,

246 1777 314 1806 quas
334 1767 359 1796 ei
382 1766 489 1796 liberari
507 1764 623 1795 fecimus
637 1786 645 1801 ,
662 1763 795 1794 tractandi
813 1765 882 1793 inter
900 1772 986 1801 partes
1004 1764 1088 1802 ipsas,
1103 1765 1135 1795 &
1151 1765 1314 1804 ordinandi,

243 1806 321 1844 juxta
334 1803 598 1844 circumspeffiones
613 1802 725 1840 vestras,
742 1802 874 1841 qualiter,
889 1804 921 1833 &
938 1813 985 1840 per
1000 1813 1082 1840 quarn
1097 1804 1172 1833 viam
1186 1805 1258 1841 pacis
1266 1806 1314 1835 vel

247 1843 412 1875 concordiae
425 1866 434 1881 ‚
456 1851 502 1872 aut
515 1841 607 1872 saltem
622 1850 744 1880 treugae,
763 1841 807 1871 vel
823 1841 878 1871 alio
897 1842 987 1872 inodo
1000 1841 1119 1872 honesto
1134 1844 1166 1873 &
1181 1841 1311 1882 decenti,

248 1882 329 1913 sedari
345 1881 427 1921 poffit
442 1879 600 1919 hujusmodi
613 1881 761 1910 contentio
775 1880 829 1910 sive
843 1888 956 1918 guerr23

284 1920 322 1952 Et
343 1921 423 1951 vobis
438 1943 447 1959 ,
475 1921 507 1951 &
529 1919 645 1957 praefato
664 1917 804 1958 Magistro
823 1917 947 1955 Johanni
962 1941 971 1956 ,
994 1919 1072 1956 super
1086 1919 1160 1959 hoc,
1176 1928 1309 1959 quatenus

235 1960 395 1999 negotium
408 1959 475 1989 illud
488 1968 540 1989 nos
554 1959 718 1998 contingere
733 1956 840 1997 potest,
858 1967 905 1998 per
925 1957 1035 1989 easdem
1050 1958 1166 1997 litteras,
1184 1961 1311 1990 commi-

245 1998 327 2029 simus
342 1999 417 2028 vices
429 1997 542 2028 nostras.

279 2036 318 2067 Et
334 2037 399 2068 ideo
413 2036 493 2067 vobis
511 2035 676 2066 mandamus
694 2035 770 2075 quod
782 2058 793 2073 ‚
812 2044 861 2074 per
874 2036 952 2065 viam
965 2036 1040 2073 pacis
1052 2035 1098 2065 vel
1116 2037 1278 2067 concordiae
1295 2062 1305 2077 ,

245 2076 394 2106 tractatum
412 2085 480 2106 curn
505 2075 623 2114 partibus
635 2074 695 2113 ipsis
712 2074 832 2104 habeatis
845 2073 1025 2113 diligentem3
1043 2074 1075 2105 &
1089 2084 1136 2113 per
1150 2086 1234 2106 unam
1251 2077 1308 2107 via-

246 2123 311 2145 tum
323 2115 448 2152 illarum,
467 2113 486 2143 si
502 2123 560 2152 quo
574 2112 662 2143 modo
677 2112 734 2142 fieri
750 2112 849 2152 possit,
866 2121 953 2152 partes
965 2112 1121 2155 pacificetis,

284 2151 342 2192 Et,
367 2152 385 2182 si
408 2152 435 2182 id
451 2162 498 2188 per
518 2162 569 2181 vos
584 2174 593 2189 ,
611 2151 645 2181 ad
661 2151 790 2189 ρι’-3010113,
810 2150 867 2181 fieri
883 2161 942 2182 non
961 2152 1062 2191 potiit,
1081 2161 1149 2183 tunc
1163 2161 1212 2192 per
1228 2154 1305 2184 viam

247 2198 353 2230 treugae
386 2190 522 2221 rocedaiis
537 2191 564 2219 in
580 2190 695 2227 negotio
709 2190 864 2230 praedidio:

283 2229 321 2260 Et
342 2200 512 2268 diligentiam
534 2229 568 2259 &
589 2229 714 2259 laborem
734 2227 858 2258 vestrum
872 2251 882 2268 ‚
897 2236 958 2259 tum
974 2238 1086 2269 propter
1101 2229 1228 2261 laborem
1242 2241 1307 2261 nos-

245 2275 338 2306 trum,
357 2276 418 2298 tum
454 2276 546 2305 ropter
566 2267 644 2297 misas
666 2266 863 2307 impendendas
877 2290 887 2306 ,
909 2275 969 2297 tum
993 2277 1105 2311 propter
1124 2269 1171 2298 alia
1193 2270 1308 2300 incom-

245 2306 331 2338 moda
347 2307 420 2337 vitan
440 2316 455 2335 a
470 2328 480 2344 ,
499 2306 632 2336 omnibus
647 2306 738 2336 modis
752 2328 761 2343 ,
779 2306 878 2346 quibus
892 2307 1032 2346 poteritis,
1047 2307 1212 2347 adhibeatis,
1229 2308 1307 2348 quod

245 2346 394 2382 negotium
410 2344 497 2382 ipsum
514 2343 570 2374 fine
587 2345 687 2375 votivo
701 2344 788 2374 valeat
801 2345 996 2375 consummari.

280 2384 317 2414 Et
334 2383 450 2423 praefato
472 2382 595 2413 Decano
611 2383 675 2417 (cui
696 2383 865 2421 injunximus
879 2383 956 2421 quod
970 2384 1051 2414 vobis
1068 2385 1096 2414 in
1109 2384 1252 2424 praemissis
1264 2386 1307 2414 in-

244 2422 356 2459 tendat,
372 2423 404 2453 &
420 2422 539 2452 consilio
555 2420 649 2452 vestro
664 2429 753 2452 utatur
768 2444 777 2459 ,
794 2422 827 2453 &
841 2421 918 2459 quod
934 2423 960 2452 ei
976 2423 1004 2451 in
1021 2422 1071 2453 hic
1092 2433 1167 2461 parte
1181 2424 1307 2461 injunxe-

244 2462 299 2491 ritis
312 2460 406 2497 faciat)
426 2460 575 2490 adhibeatis
595 2461 624 2491 in
641 2459 692 2490 hiis
705 2483 714 2498 ,
734 2470 798 2498 quse
814 2461 912 2498 vobis,
928 2461 1005 2501 super
1019 2461 1087 2500 hiis,
1105 2472 1138 2492 ex
1152 2472 1227 2502 parte
1241 2472 1305 2493 nos-

244 2499 303 2537 tra,
321 2500 383 2530 viva
398 2508 471 2529 voce
486 2499 602 2538 reseret,
620 2499 731 2538 picium
747 2498 842 2530 fidem.

273 2575 362 2607 Teste
374 2575 456 2616 Rege
469 2575 542 2618 apud
554 2575 723 2607 Shireburne
742 2586 753 2608 1
761 2577 786 2608 8.
801 2576 846 2607 dic
862 2577 1013 2608 Februarii.

296 2700 489 2736 Mindarum
508 2702 613 2735 Ottom‘
628 2699 665 2733 de
679 2699 863 2746 Grizna'isbno
875 2702 967 2748 ficper
977 2701 1100 2747 praefato
1120 2706 1243 2750 negotio.

95 2779 170 2810 Ann-
186 2779 225 2810 D—
239 2787 334 2850 ET
353 2787 513 2818 mandatum
527 2786 567 2817 est
582 2785 673 2817 eidem
687 2786 791 2816 Ottoni
805 2786 881 2826 quod
894 2786 927 2816 ad
941 2796 1058 2826 pacem,
1074 2788 1144 2817 inter
1158 2787 1301 2825 praediistas

114 2818 195 2848 ¹281·
315 2836 402 2866 partes
420 2825 641 2862 reformandam,
660 2825 769 2854 interim
780 2848 788 2862 ‚a
804 2834 938 2864 quantum
955 2827 1056 2865 poterit
1071 2849 1081 2865 ‚
1099 2826 1242 2866 diligenter
1263 2829 1302 2858 la-

92 2860 144 2883 An.
161 2866 189 2891 9·
241 2865 339 2903 borer,
357 2866 390 2896 &
405 2865 481 2904 quod
495 2864 562 2894 scire
575 2864 655 2894 faciet
671 2863 808 2903 praedi&o
822 2864 942 2894 Decano
958 2865 1030 2902 apud
1160 2866 1208 2895 ubi
1224 2867 1301 2898 idem

92 2899 184 2961 {Alie-m
245 2902 377 2934 Decanus
392 2905 417 2933 ei
430 2913 579 2934 occurrere
594 2904 711 2940 poterit,
728 2901 761 2931 ad
779 2903 916 2946 praemissa
931 2913 998 2933 curn
1012 2903 1070 2942 ipso
1087 2903 1221 2935 facienda.

279 2941 315 2971 Et
323 2965 333 2980 ,
348 2951 400 2979 pio
411 2941 521 2972 diversis
530 2965 538 2979 ,
549 2941 715 2980 obstaculis,
729 2950 792 3010 guae
806 2951 834 2971 in
849 2941 942 2971 eundo
957 2950 1088 2979 poterunt
1100 2944 1212 2973 evenire
1219 2944 1303 2982 ‚Rex

240 2980 326 3009 mittit
341 2979 373 3009 ad
389 2980 477 3019 ipsum
492 2980 633 3010 Ottonem
647 2980 718 3010 duos
752 2989 766 3009 e
779 2979 813 3009 N
817 2981 904 3010 unciis
916 2981 984 3017 suis3
1003 2989 1032 3010 ut
1052 2980 1119 3010 alter
1133 2983 1301 3014 eorumdem

238 3018 355 3057 praefato
377 3018 500 3048 Decano
517 3026 646 3048 occurrat
666 3018 739 3058 apud
866 3018 899 3048 ad
926 3019 1014 3056 ipsum
1034 3018 1186 3049 Decanurn
1212 3021 1302 3052 infor-

238 3056 374 3086 mandum
386 3079 396 3093 ,
413 3058 512 3090 quibus
531 3056 629 3087 diebus
651 3057 684 3087 &
698 3057 766 3087 locis
781 3055 899 3093 praefato
918 3056 1021 3087 Ottoni
1035 3067 1184 3089 occurrere
1217 3062 1301 3091 oterit

237 3104 288 3134 pro
306 3094 466 3132 praemissis,
486 3095 504 3113 ὅ
522 3095 554 3125 &
565 3095 681 3125 alterurn
696 3095 848 3125 Nuncium
885 3106 951 3126 cum
967 3096 1052 3126 iidem
1067 3096 1141 3127 Otto
1157 3099 1189 3128 ὅ(
1239 3109 1302 3130 eca-

235 3143 287 3163 nus
300 3134 460 3163 adinvicem
476 3133 655 3171 colloquium
670 3134 831 3172 habuerint,
851 3119 924 3173 Regi
940 3135 996 3165 sine
1010 3135 1143 3165 dilatione
1160 3138 1298 3176 remittat,

235 3171 322 3211 ipsiim
346 3171 456 3210 Regem
469 3171 504 3201 de
524 3181 575 3209 e0,
593 3172 669 3209 quod
685 3173 796 3202 interim
811 3182 859 3212 per
873 3173 962 3212 ipsum
975 3173 1118 3204 ottonem
1133 3174 1190 3205 fieri
1205 3178 1300 3206 conti-

236 3212 324 3249 gerit,
344 3209 518 3240 reddendum
533 3210 639 3247 plenius
656 3211 821 3244 certiorem4

272 3248 308 3279 Et
320 3250 403 3278 ctiam
416 3248 494 3287 quod
511 3248 586 3278 idem
599 3248 675 3278 Otto
688 3249 773 3278 alium
792 3249 945 3281 Nuntium
962 3250 1128 3288 praedistum
1148 3252 1242 3283 secum
1255 3263 1300 3284 re-

234 3288 319 3318 tineat
336 3310 345 3324 ,
369 3286 511 3327 quousque
531 3297 600 3317 cuni
623 3288 743 3324 partibus
766 3289 904 3326 praedictis
926 3289 1075 3320 traetatum
1094 3290 1240 3322 habuerint
1266 3293 1295 3322 in

235 3325 378 3363 praemiisis
393 3349 401 3362 ,
422 3326 455 3356 &
476 3334 543 3355 tunc
562 3325 684 3356 cundem
707 3325 858 3356 Nuncium
872 3327 905 3358 ad
922 3327 1032 3367 Regem
1050 3330 1186 3366 remittat,
1205 3331 1296 3368 ipsum

92 3102 222 3139 *11.164.

1359 420 1421 492 R
1431 419 1485 459 Egi
1500 419 1675 464 Alemanniae
1689 424 1799 462 illustri,
1816 423 1882 454 Rex
1898 423 2008 463 Angliae
2025 423 2155 463 salutem,
2172 434 2241 456 cum
2255 424 2368 457 fincerae
2380 426 2424 457 di-
2436 409 2490 471 ‘Est'
2505 416 2532 442 9·-

1443 458 1568 503 1061101115
1581 463 1720 493 continuis
1734 462 1920 493 incrementis.
2436 467 2469 510 Va
2481 455 2522 510 εἴη

1397 493 1477 540 Cum
1499 506 1570 528 inter
1589 510 1640 530 vos
1654 511 1687 530 ex
1703 510 1778 539 parte
1795 512 1849 532 una
1863 524 1872 539 ,
1888 502 1921 531 ὅτ,
1938 500 2098 539 Philippum
2111 500 2146 531 de
2168 501 2320 541 Sabaudifi,
2336 502 2420 534 Con-
2436 484 2486 548 Es
2527 494 2568 519 '9'

1357 530 1536 578 sanguineum
1551 537 1677 568 nostrum
1694 563 1702 576 ,
1719 549 1752 569 ex
1769 539 1849 570 altera
1863 562 1872 578 ,
1892 541 2040 570 contentio
2053 539 2098 570 seu
2117 549 2214 579 guerra
2227 549 2303 572 mota
2318 542 2367 581 sit,
2385 550 2417 573 ut
2460 543 2465 548 '
2482 530 2513 587 ᾗ
2533 532 2567 551 m'

1357 580 1536 611 accepimus,
1555 577 1632 613 quod
1648 587 1699 607 nos
1711 578 1814 617 taedet3
2435 568 2465 594 4'
2502 581 2508 588 '

1395 610 1462 655 Nos
1475 635 1484 649 ,
1502 613 1542 642 ob
1555 614 1668 646 sincerae
1681 615 1838 646 dileffionis
1854 615 1991 646 affectum
2001 639 2009 654 ‚
2028 626 2114 655 quem
2133 628 2149 647 0
2182 628 2196 648 a
2212 627 2265 648 vos
2278 617 2312 648 &
2325 618 2418 656 ipsum

1356 646 1505 694 Comitem
1520 651 1670 692 habemus,
1688 655 1856 692 injunximus
1868 654 1971 684 dilecto
1985 655 2111 686 familiari
2118 626 2307 687 acssecretario
2321 656 2420 688 nostro

1357 685 1461 718 Ottoni
1479 689 1515 719 de
1537 690 1715 723 Grandisono
1755 693 1788 724 &
1810 693 1915 723 dilecto
1936 692 2052 724 Clerico
2067 693 2166 725 nostro
2188 693 2328 734 Magistro
2338 694 2367 733 J,
2383 695 2420 726 de

1357 724 1464 771 Derby⁴
1482 727 1604 772 Decano
1626 716 1772 762 Lichei⁷eld
1787 755 1796 769 ,
1813 731 1890 769 quod
1911 731 1946 762 ad
1966 740 2055 770 partes
2066 732 2166 765 vestras
2177 756 2188 773 ‚
2206 733 2240 764 ea
2254 734 2425 773 occasione,

1356 763 1508 801 specialiter
1524 776 1574 798 iter
1591 770 1719 806 arripiant
1731 793 1741 808 ‚
1759 770 1793 800 ad
1806 769 1983 800 traffitanduin
1999 770 2146 803 vobiscum
2159 796 2169 811 ,
2186 772 2206 803 si
2221 773 2302 803 vobis
2315 772 2422 813 placet,

1356 802 1390 833 &
1404 813 1471 834 cum
1486 807 1606 850 praefato
1618 807 1767 847 Philipp03
1786 809 1820 840 &
1832 807 1867 838 ad
1881 808 2087 847 ordinandum,
2100 812 2178 849 juxta
2189 811 2422 849 circumspectio-

1356 851 1405 886 nes
1419 842 1491 881 suas,
1509 845 1643 884 qualiter,
1661 856 1709 883 per
1725 848 1802 878 viam
1816 848 1889 885 pacis
1903 847 1937 877 &
1950 847 2131 887 concordiae,
2147 849 2247 880 melitis
2269 850 2303 881 ὅ(
2316 850 2419 881 hones-

1357 888 1409 910 tius
1422 881 1503 911 sedari
1517 883 1601 921 poffit
1616 884 1773 923 hujusmodi
1787 886 1936 915 contentio
1946 886 2002 916 five
2018 895 2128 926 guerra:

1391 918 1635 964 Magnificentiam
1656 922 1777 954 vestram
1795 924 1947 954 affestuose
1961 933 2085 964 rogantes
2091 948 2102 965 ‚
2118 926 2261 966 quatinus,
2279 936 2347 958 cum
2368 937 2420 958 ne-

1354 960 1466 996 gotium
1483 960 1571 1002 ipsum
1587 983 1597 998 ,
1616 962 1723 992 ratione
1742 963 1824 1000 partis
1844 962 1982 1000 utriusque
1995 985 2005 1000 ‚
2023 973 2075 993 nos
2088 965 2251 1004 contingere
2268 965 2420 1003 fateamur,
2464 985 2466 989 ν

1355 1005 1423 1039 cum
1440 1000 1559 1034 praetatis
1579 1000 1695 1030 Ottono
1711 1000 1744 1030 ὅ(
1759 1000 1899 1037 Decano,
1915 1010 1983 1030 cum
1997 1001 2031 1031 ad
2046 1001 2165 1032 vestram
2185 1003 2358 1041 praesentiam
2371 1015 2420 1036 ac-

1354 1035 1501 1074 cesserint,
1519 1037 1596 1076 super
1616 1038 1693 1069 sai-sto
1712 1038 1762 1069 illo
1785 1038 1932 1069 tractatum
1950 1038 2051 1069 habere
2065 1051 2075 1077 3
2091 1040 2123 1070 &
2135 1041 2175 1070 eis
2186 1041 2298 1072 credere
2311 1044 2418 1082 velitis,

1356 1073 1389 1104 &
1405 1074 1573 1142 osrdinationi'
1587 1099 1596 1116 ,
1612 1087 1697 1116 quain
1718 1087 1766 1115 per
1781 1078 1858 1108 viam
1872 1078 1947 1116 pacis
1962 1077 2006 1108 vel
2022 1078 2186 1109 concordi-‚e
2200 1079 2266 1110 inde
2281 1080 2416 1121 feceiint,

1354 1122 1411 1142 con
1422 1122 1518 1145 entire.

1393 1150 1533 1185 Dedimus
1546 1163 1639 1186 autern
1651 1154 1769 1193 eisdem,
1789 1164 1837 1194 per
1849 1153 1956 1185 nostras
1969 1162 2092 1192 patentes
2103 1154 2218 1193 litteras,
2238 1166 2291 1194 pro
2299 1158 2420 1198 eoquod

1353 1191 1499 1233 negotium
1521 1193 1610 1231 ipsum
1629 1195 1711 1224 nobis
1729 1193 1814 1225 exstat
1837 1194 1957 1224 multum
1976 1193 2073 1236 cordi,
2089 1192 2169 1231 super
2181 1194 2238 1224 hoc
2254 1195 2365 1232 plenam
2381 1197 2416 1227 &

1353 1228 1498 1265 specialem
1514 1231 1693 1271 potestatem3
1711 1234 1747 1263 ita
1782 1232 1856 1271 uod,
1873 1231 2007 1271 quicquid
2022 1232 2071 1270 ipsi
2087 1254 2097 1270 ,
2113 1233 2178 1262 vice
2190 1232 2285 1263 nostra
2299 1235 2332 1264 ὃς
2346 1234 2415 1265 loco

1354 1267 1458 1306 nostri,
1478 1269 1595 1300 fecerint
1608 1271 1636 1300 in
1652 1272 1751 1309 praemi
1775 1281 1809 1309 is,
1829 1280 1918 1301 ratum
1931 1270 2097 1300 habebimus
2109 1271 2142 1301 &
2155 1279 2323 1309 acceptum:,

1393 1304 1432 1349 Et
1449 1307 1556 1345 semper
1570 1309 1672 1353 erimus
1692 1311 1815 1348 prompti
1827 1320 1858 1341 ea
1869 1309 1960 1340 facere
1975 1319 2039 1348 qua:
2059 1307 2157 1340 vestris
2172 1310 2350 1348 beneplacitis
2362 1321 2417 1342 no-

1357 1353 1479 1376 verimus
1494 1356 1656 1378 convenite.

1389 1420 1458 1453 Dat.
1478 1423 1550 1461 apud
1565 1422 1734 1456 Shircburne
1754 1424 1797 1454 18.
1811 1423 1857 1454 die
1870 1423 2021 1455 Februarii.

1391 1497 1541 1539 Confimiles
1561 1499 1664 1531 litterae
1686 1501 1840 1538 diriguntur
1861 1499 1981 1538 Philippo
2003 1504 2100 1530 Comiti
2119 1502 2265 1532 sabaudiae
2280 1524 2290 1540 ,
2305 1506 2420 1533 mutatis

1353 1538 1510 1577 mutandis,
1528 1536 1588 1574 &a
1604 1538 1641 1574 ό·
1655 1540 1727 1580 quod
1737 1540 1830 1569 credat
1836 1537 1966 1578 praefati's
1981 1541 2079 1569 Ottom'
2095 1538 2133 1574 ὠ
2146 1543 2258 1571 Decano
2266 1564 2277 1580 ,
2294 1539 2356 1576 &a

1397 1663 1445 1696 De
1461 1672 1569 1695 mutua
1589 1662 1695 1706 vfione
1714 1667 1791 1696 inter
1809 1666 1899 1711 Reges
1918 1664 2034 1745 Aniliae
2050 1668 2087 1703 ὠ·
2109 1661 2234 1707 Castellae
2251 1667 2283 1696 in
2300 1665 2375 1697 Con-

1648 1712 1734 1758 finiis
1750 1713 1893 1758 Vafiom'ae
1913 1713 1970 1745 cele
1990 1712 2099 1746 rander.

1349 1796 1410 1869 Q
1420 1796 1480 1829 Uia
1489 1820 1498 1836 ,
1513 1799 1542 1828 in
1556 1798 1678 1836 partibus
1686 1797 1831 1830 Vasconiae
1844 1799 2016 1838 &Agenesii
2025 1821 2036 1837 ‚
2052 1798 2140 1829 multa
2148 1798 2231 1829 nobis
2242 1797 2415 1828 incumbunt
2430 1783 2508 1816 Am·
2525 1784 2567 1816 D·

1430 1836 1598 1876 expedienda
1613 1839 1737 1881 negotia,
1755 1846 1816 1869 tum
1837 1846 1951 1879 propter
1966 1837 2100 1877 capienda
2115 1837 2244 1875 homagia
2263 1836 2415 1867 hominum
2454 1825 2539 1856 ¹23¹·

1345 1875 1508 1905 nostrorum
1576 1876 1656 1906 enesii
1671 1899 1682 1914 ‚
1708 1887 1771 1915 quae
1789 1886 1934 1917 nunquam
1953 1877 2105 1914 cepimus,·
2126 1884 2188 1906 turn
2211 1883 2326 1914 propter
2349 1874 2418 1913 alia,
2431 1867 2484 1892 An.
2503 1873 2533 1899 9·

1350 1923 1414 1952 quae
1436 1915 1463 1944 in
1484 1915 1554 1952 parti
1577 1925 1606 1945 us
1624 1915 1676 1945 illis
1697 1925 1749 1945 nos
1770 1916 1967 1954 contingunt;
2005 1922 2100 1956 ropter
2117 1913 2213 1954 quod,
2231 1912 2297 1951 post
2313 1912 2416 1944 Parlia-
2428 1906 2458 1931 Ε·
2484 1911 2507 1930 ¹·

1347 1960 1478 1982 mentum
1493 1952 1636 1990 nostrum,
1652 1954 1729 1993 quod
1744 1952 1808 1991 post
1822 1953 1925 1984 instans
1939 1953 1979 1984 Pa
1991 1953 2044 1984 cha
2057 1952 2221 1984 celebraturi
2235 1951 2416 1991 sumus,ver-
2467 1943 2553 1985 ss'an’.

1347 1991 1390 2021 sus
1415 2001 1501 2029 partes
1521 1992 1578 2021 illas
1596 1991 1715 2031 dirigere
1731 1993 1919 2031 proponimus
1934 1994 1987 2023 iter
2009 1991 2157 2029 nostrum,
2176 1991 2209 2022 &
2223 1990 2280 2021 effe
2293 1978 2568 2022 intendi-s⁶'¹P‘·L¹‘-

1347 2039 1409 2060 mus
1423 2031 1453 2060 in
1467 2030 1570 2060 eisdem
1584 2031 1653 2060 citra
1667 2032 1831 2071 proximum
1850 2032 1974 2062 futurum
1990 2030 2105 2061 Festum
2120 2029 2328 2068 Affumptionis
2349 2030 2415 2060 bea·
2428 2024 2475 2045 Μ·
2500 2027 2528 2053 9·

1346 2078 1383 2099 tae
1398 2067 1515 2106 Mariae,
1532 2068 1676 2100 Altiffimo
1692 2069 1887 2108 concedente3
1905 2080 1956 2108 ac,
1973 2078 2007 2099 ex
2019 2079 2078 2110 quo
2091 2077 2180 2107 partes
2192 2068 2293 2099 vestras
2314 2068 2352 2099 ita
2365 2078 2414 2106 ap-
2430 2059 2460 2082 13.
2484 2066 2509 2084 ¹·

1345 2108 1580 2146 propinquamus,
1597 2107 1714 2139 libenter
1728 2108 1863 2139 vellemus
1878 2117 1930 2140 vos
1941 2107 2052 2146 videre,
2067 2107 2088 2138 fi
2102 2107 2184 2138 vobis
2197 2107 2335 2147 placeret,
2428 2103 2466 2122 ω·
2483 2103 2507 2122 ¹·

1381 2146 1562 2176 Serenitatem
1576 2145 1696 2177 vestram
1711 2156 1856 2186 rogamuS‚
1873 2156 1944 2177 cum
1957 2144 2076 2184 affeetu,
2093 2154 2243 2185 quatenus,
2256 2146 2410 2186 appropin-
2426 2169 2478 2198 *H
2509 2169 2525 2197 6

1346 2194 1429 2222 quare
1445 2185 1534 2215 velitis
1549 2183 1672 2215 confinia
1687 2194 1821 2216 terrarum
1837 2185 2008 2223 vestrarum,
2025 2194 2115 2225 prope
2131 2185 2151 2204 ³*
2170 2182 2358 2222 Vasconiam,
2375 2185 2410 2215 &
2482 2178 2503 2198 '¹
2527 2175 2559 2205 5⁶

1344 2223 1446 2261 nobis,
1464 2233 1513 2261 per
1527 2223 1646 2253 latorem
1660 2224 1854 2262 praesentium,
1870 2224 2005 2254 nunciare
2018 2223 2069 2253 ubi
2083 2222 2267 2253 commodius
2277 2245 2287 2260 ‚
2301 2223 2414 2253 incon-

1344 2261 1415 2292 finiis
1431 2262 1484 2292 illis
1505 2270 1639 2292 terrarum
1660 2262 1814 2294 vestrarum
1826 2285 1836 2302 ,
1854 2260 1991 2301 possimus
2010 2261 2094 2294 vobis
2105 2261 2250 2300 obviare,
2266 2269 2296 2291 ut
2314 2269 2412 2292 mutua

1345 2301 1452 2331 visione
1465 2300 1641 2339 gratulemur.

1384 2338 1481 2370 Valete
1496 2339 1615 2378 semper.

1380 2415 1447 2447 Dat.
1463 2416 1538 2456 apud
1552 2416 1703 2449 Windsor.
1718 2426 1766 2448 22.
1780 2416 1825 2448 die
1839 2416 1999 2456 Februarii,
2015 2426 2092 2447 anno
2112 2415 2210 2456 Regni
2222 2413 2313 2446 nostri
2327 2424 2355 2454 9.

1545 2542 1671 2587 Praefato
1691 2545 1764 2591 Regi
1782 2544 1888 2576 Litera
1905 2541 1941 2576 de
1957 2541 2057 2576 eodem
2074 2544 2197 2589 negotio.

1341 2630 1380 2691 S
1392 2628 1504 2667 Aelia,
1519 2628 1597 2668 Sire,
1617 2638 1673 2667 c0‚
1691 2628 1727 2658 ke
1746 2639 1797 2660 vus
1819 2639 1871 2660 nus
1893 2626 2048 2659 mandastoe
2068 2637 2118 2666 per
2131 2625 2242 2658 Mestre
2256 2624 2297 2657 G.
2313 2625 2408 2657 vostre
2422 2629 2498 2661 Ann.
2515 2629 2557 2663 D,

1400 2668 1491 2705 cleik,
1510 2678 1561 2699 nus
1576 2668 1677 2698 l'auens
1692 2667 1757 2696 bien
1770 2667 1911 2705 entendu;
2444 2669 2530 2699 1281.

1379 2705 1420 2743 E,
1438 2716 1488 2743 pur
1505 2716 1557 2744 ce,
1576 2706 1611 2736 ke
1624 2715 1676 2735 nus
1698 2705 1831 2736 desiroms
1849 2706 1920 2735 mult
1933 2705 2005 2734 tenir
2020 2704 2054 2734 δε
2066 2702 2204 2734 accrestre
2216 2701 2351 2740 l'amiste,
2368 2702 2404 2732 ke
2420 2710 2471 2737 An.
2483 2718 2511 2742 9.

1339 2743 1380 2773 est
1389 2767 1398 2782 ,
1417 2746 1450 2775 ὃ(
1463 2744 1521 2774 deit
1534 2744 1604 2774 estre
1618 2752 1696 2774 entre
1709 2752 1760 2773 vus
1775 2744 1809 2774 &
1823 2753 1891 2781 nus,
1909 2752 1960 2773 nus
1975 2751 2025 2772 vus
2039 2750 2190 2772 enverrons
2203 2750 2252 2778 par
2263 2750 2328 2770 ceus
2343 2749 2402 2770 noz
2420 2749 2450 2772 Ε.
2472 2755 2495 2773 ι,

1340 2783 1458 2813 certeins
1474 2781 1630 2821 Meffiges,
1647 2791 1699 2822 pur
1713 2781 1772 2818 plus
1785 2780 1960 2819 pleinement
1975 2779 2146 2818 respoundre
2160 2789 2176 2809 a
2191 2779 2288 2809 choses
2300 2779 2335 2808 ke
2349 2789 2402 2809 vus
2420 2783 2526 2813 Ibi'dem.

1341 2831 1393 2851 nus
1413 2830 1485 2852 avez
1505 2820 1627 2851 mauride
1640 2843 1650 2859 ,
1675 2828 1692 2849 e
1715 2828 1768 2858 pur
1790 2827 1871 2850 treter
1885 2829 1942 2850 ove
1957 2827 2009 2850 vus
2027 2818 2063 2849 de
2075 2827 2183 2848 memes
2201 2817 2240 2848 les
2255 2816 2406 2856 bosoignes

1337 2868 1514 2891 ateivament.

1375 2897 1406 2929 Si
1420 2908 1471 2928 vos
1486 2899 1596 2937 priom,
1612 2897 1689 2935 Sire,
1707 2894 1743 2926 ke
1758 2905 1808 2926 vus
1821 2896 1927 2927 voillez
1940 2904 2011 2928 trere
2026 2905 2088 2925 vers
2103 2894 2141 2924 les
2154 2895 2253 2934 parties
2265 2894 2301 2924 de
2317 2893 2401 2925 Baio·

1339 2946 1375 2967 ne
1389 2947 1423 2967 au
1439 2937 1498 2976 plus
1514 2947 1574 2975 pres
1588 2937 1622 2966 ke
1637 2946 1686 2967 vus
1701 2944 1819 2973 purrez,
1838 2935 1894 2966 enfi
1907 2935 1943 2965 ke
1957 2944 2010 2965 nos
2032 2933 2171 2972 Meffages
2192 2933 2342 2976 avantdiz,
2358 2934 2408 2976 qui

1339 2975 1408 3006 celle
1423 2984 1483 3013 part
1495 2976 1607 3006 serount
1621 2983 1701 3006 entur
1713 2975 1740 3005 la
1753 2972 1776 3004 F
1778 2974 1817 3004 est
1830 2974 1866 3006 de
1879 2973 1957 3006 Seint
1967 2972 2062 3013 Johan
2076 2994 2087 3011 2
2105 2981 2156 3004 vus
2169 2981 2186 3012 y
2202 2971 2324 3010 puiffent
2335 2974 2409 3012 prei-

1341 3023 1448 3046 tement
1461 3023 1563 3045 trover.

1393 3151 1555 3186 Tranium
1573 3156 1650 3185 inter
1669 3154 1776 3199 Regem
1798 3154 1834 3190 (ῥ’
1857 3154 2109 3186 Communitatem
2127 3147 2342 3184 d‘Abbevilla.

1336 3240 1434 3303 EN
1461 3240 1513 3271 l'an
1532 3240 1568 3271 de
1590 3240 1783 3272 l'Incarnation
1804 3239 1902 3286 nostre
1919 3240 2052 3280 Seigneur
2078 3240 2162 3270 1281.
2188 3239 2214 3270 10
2229 3238 2283 3278 jor
2303 3239 2339 3271 de
2358 3240 2399 3270 mi
2416 3251 2494 3282 Am,-
2510 3251 2552 3284 D·

1413 3279 1580 3317 Quarresme
1615 3280 1644 3310 fu
1659 3280 1818 3312 accorde&
1832 3288 1938 3318 traitie,
1955 3289 2004 3318 par
2018 3278 2178 3309 ordenance
2188 3278 2224 3309 de
2237 3278 2305 3316 Pau,
2322 3287 2400 3309 entre
2436 3291 2522 3321 1281.

1334 3319 1412 3350 Mori
1426 3319 1471 3348 Sei
1511 3327 1561 3347 eur
1596 3327 1611 3348 e
1626 3318 1733 3349 Fienles
1747 3318 1797 3349 lest
1814 3318 1962 3349 Seneschal
1973 3318 2009 3348 de
2024 3317 2126 3348 Pontis
2137 3340 2146 3354 ,
2164 3316 2245 3347 Dant
2259 3314 2398 3355 Renand,
2413 3334 2466 3358 An.
2481 3340 2510 3365 9·

236 3364 315 3400 super
337 3363 412 3394 sadto
433 3363 482 3394 suo
502 3365 531 3393 in
548 3363 602 3394 haic
625 3374 700 3401 parte
719 3365 926 3397 certiorandum
941 3372 957 3405 ζ
976 3367 1009 3398 &
1032 3367 1110 3405 quod
1133 3367 1207 3398 idem
1224 3368 1298 3400 Otto
1334 3356 1452 3389 Maistfe
1490 3355 1592 3386 andinfi
1606 3356 1641 3386 de
1654 3357 1796 3396 wiffam,
1812 3357 1952 3402 &JOhan
1963 3356 1998 3386 de
2012 3356 2104 3396 Sssflcy
2119 3355 2220 3386 Balfflfs
2234 3355 2401 3392 d'Ab¹²Vi¹e³
2413 3372 2443 3396 Ε.
2466 3378 2490 3396 1.

237 3402 354 3438 praefato
368 3402 490 3433 Decano
503 3402 597 3433 credat
605 3424 616 3440 2
633 3403 695 3433 &c.

388 3527 548 3574 Ejufhwdi
565 3529 757 3561 [mandatum
778 3528 895 3563 Thomae
907 3530 942 3564 de
957 3529 1124 3565 Sabaudia.

92 3605 168 3634 Ann.
186 3604 225 3634 D.
243 3608 363 3669 ITem.
384 3611 552 3644 Mandatum
565 3613 606 3644 est
617 3613 743 3644 Thomae
759 3614 794 3645 de
808 3615 962 3655 sabaudia,
978 3617 1072 3657 quod,
1089 3617 1123 3648 ad
1141 3628 1240 3656 pacem
1254 3619 1298 3648 in-

113 3644 196 3673 1281.
259 3684 281 3690 .,
293 3655 331 3676 ter
347 3659 431 3690 partes
444 3653 586 3689 praedicias
599 3653 824 3691 reformandam,
846 3656 953 3692 modis,
973 3657 1073 3693 quibus
1094 3657 1192 3687 melius
1202 3680 1213 3696 ,
1233 3666 1297 3688 cau-

92 3685 145 3708 An.
164 3691 190 3715 ‘J-
245 3692 296 3713 tius
309 3686 340 3715 &
357 3690 480 3719 secretius
493 3693 610 3729 poterit,
627 3691 770 3727 diligenter
787 3692 811 3721 se
825 3694 1009 3728 intromittat,

90 3723 185 3785 {gl-[Em
280 3721 319 3750 Ita
332 3725 405 3759 quod
421 3726 483 3756 Rex
498 3729 584 3766 ipsum
598 3729 676 3767 super
691 3729 822 3759 industria
836 3731 870 3760 &
884 3731 1025 3770 diligentia
1038 3732 1082 3762 sua
1096 3755 1106 3770 ,
1124 3734 1160 3763 ita
1175 3735 1298 3764 circum-

131 3769 139 3784 ί
188 3779 195 3785 .

239 3759 335 3796 ’ᾢοἃο
347 3763 377 3789 ὃς
396 3763 496 3794 secrete
517 3768 543 3795 in
559 3767 702 3803 prxeniiffis
719 3768 889 3805 adhibenda7
908 3771 1010 3800 merito
1024 3772 1124 3801 debeat
1145 3781 1298 3803 commen-

242 3798 324 3836 dare,
341 3799 373 3829 &
388 3802 461 3838 quod
474 3804 611 3840 pandicus
626 3805 731 3837 Ottoni
744 3808 776 3838 ὃ(
793 3806 916 3839 Decaiio
931 3809 1041 3848 credat,
1059 3809 1120 3840 &c-

1371 3408 1384 3426 r
1401 3403 1456 3425 tres
1477 3394 1563 3424 noble
1586 3394 1689 3426 Prince
1709 3395 1787 3426 Mon
1808 3396 1944 3436 Seigneur
1966 3396 1991 3426 le
2004 3394 2055 3425 Ro
2085 3394 2299 3433 d'Angleterre,
2314 3403 2331 3423 e
2346 3402 2392 3423 ma
2412 3410 2466 3433 Rot.
2490 3405 2549 3443 Vas,

1353 3408 1370 3426 u

1331 3407 1430 3467 lDame
1445 3433 1469 3463 la
1484 3432 1590 3472 Royne
1604 3434 1628 3464 sa
1643 3436 1755 3472 compai
1776 3436 1822 3465 nie
1834 3435 1919 3466 d'une
1930 3443 2008 3474 part,
2026 3443 2042 3464 e
2066 3443 2082 3463 e
2097 3432 2189 3463 Maier
2201 3456 2212 3472 ‚
2226 3442 2243 3462 e
2256 3432 2293 3462 les
2305 3430 2391 3461 Eske-
2410 3454 2464 3472 m·
2489 3453 2532 3475 ,0⁶

1334 3476 1396 3506 vins
1409 3472 1556 3502 d’Abevile
1571 3472 1691 3511 d'autre3
1700 3483 1735 3503 en
1780 3474 1823 3505 oit
1838 3474 1886 3505 des
1899 3473 2001 3504 desbaz
2012 3495 2023 3510 ‚
2037 3481 2073 3512 qe
2085 3470 2206 3502 estoient
2219 3479 2302 3501 rnuez
2315 3476 2393 3499 entre
2411 3486 2441 3510 E.
2467 3492 2489 3511 ι.

1332 3514 1370 3544 les
1393 3512 1488 3550 parties
1508 3510 1678 3541 devantdites
1692 3534 1702 3550 ,
1722 3522 1773 3549 pur
1792 3513 1818 3543 la
1836 3513 1924 3542 raison
1944 3510 1981 3541 du
1996 3511 2052 3540 ban
2066 3511 2105 3541 fet
2118 3509 2153 3540 de
2168 3508 2248 3540 Mon
2258 3507 2392 3547 Seigneui
2413 3531 2450 3549 m.
2465 3530 2491 3549 ι,
2507 3519 2532 3549 Α,

1335 3551 1428 3582 Huon
1441 3549 1475 3579 de
1490 3549 1672 3579 Fainnechon
1689 3550 1781 3582 adone
1795 3550 1889 3581 Baillif
1901 3549 2070 3580 d’Abeville.

1371 3589 1479 3619 Primes
1499 3587 1534 3617 ke
1557 3587 1652 3618 nostre
1671 3588 1747 3628 Sire,
1762 3590 1779 3620 li
1802 3589 1876 3620 Rois
1890 3587 2096 3627 d'Engleterre,
2113 3596 2162 3626 par
2173 3586 2200 3616 le
2214 3583 2396 3615 affentement

1334 3628 1373 3657 du
1391 3626 1516 3664 Maieur,
1533 3635 1550 3655 e
1563 3626 1610 3656 des
1623 3625 1776 3666 Eskevins,
1794 3638 1810 3658 e
1832 3627 1870 3658 du
1884 3625 2004 3657 Comun
2018 3625 2159 3657 d'Abevill
2174 3648 2184 3662 ‚
2203 3630 2270 3661 puet
2282 3622 2395 3666 rendi-e,

1334 3676 1351 3696 e
1367 3673 1514 3703 remettre,
1532 3674 1548 3694 e
1559 3666 1686 3695 renuoier
1697 3677 1732 3696 en
1748 3666 1866 3697 Abevile
1880 3664 1958 3695 Mon
1973 3663 2017 3694 Sei
2039 3674 2106 3694 neur
2120 3662 2212 3693 Huon
2226 3660 2263 3691 de
2277 3659 2396 3692 Fanine-

1334 3704 1411 3734 chon
1424 3726 1433 3739 ,
1445 3703 1482 3732 s’il
1498 3702 1567 3740 plest
1583 3704 1607 3733 al
1623 3703 1767 3736 devantdit
1782 3703 1876 3734 nostre
1886 3703 1930 3734 Sei
1973 3674 2058 3733 0111ἧο
2073 3702 2158 3740 Roy;
2195 3737 2201 3743 ι

1371 3741 1396 3771 Ε
1411 3741 1532 3771 doiuont
1547 3742 1565 3771 li
1579 3742 1716 3773 devandiz
1727 3742 1830 3774 Maires
1864 3752 1880 3772 e
1893 3742 1910 3771 li
1962 3741 2044 3771 keuin
2060 3740 2117 3770 fere
2130 3737 2246 3780 savoira
2259 3736 2317 3767 leur
2334 3735 2398 3767 Co-

1334 3789 1405 3810 mun
1414 3803 1423 3817 2
1441 3780 1474 3809 δε
1487 3781 1640 3811 comander
1653 3782 1717 3813 bien
1733 3792 1748 3812 e
1763 3766 1951 3812 suffisanrnent
1966 3779 2002 3809 ke·
2013 3777 2118 3821 111ζο13
2130 3785 2145 3804 a
2158 3784 2241 3818 remis
2254 3798 2264 3812 ,
2281 3785 2321 3805 ou
2334 3785 2399 3805 reri-

1334 3818 1372 3886 (11)11
1388 3828 1402 3847 a
1414 3816 1503 3886 dMOn
1526 3818 1659 3858 Seigneur
1680 3819 1774 3850 Huon
1794 3820 1819 3850 la
1837 3818 1903 3849 Vile
1922 3816 2087 3853 d’Abevxle,
2106 3824 2122 3844 e
2135 3823 2170 3852 qe
2182 3813 2202 3843 ll
2216 3821 2308 3854 tlegsse
2322 3814 2400 3844 bone

1363 3857 1400 3886 ai<
1433 3859 1507 3885 elore
1518 3867 1644 3887 enavant.

1377 3893 1412 3923 Et
1435 3894 1453 3923 11
1469 3905 1553 3924 acuns
1575 3895 1630 3926 fust
1645 3919 1654 3934 ,
1670 3905 1707 3934 qe
1729 3894 1848 3925 meffefit
1861 3905 1876 3924 a
1893 3892 1971 3923 Mon
1986 3891 2119 3929 Seigneur
2132 3888 2222 3920 Huon
2231 3912 2242 3928 ‚
2257 3899 2298 3919 on
2317 3888 2401 3919 feroit

1333 3931 1435 3971 justice
1449 3932 1483 3962 de
1500 3933 1658 3971 Maufetur,
1675 3943 1715 3963 ou
1727 3933 1763 3963 de
1777 3932 1950 3963 Maufeteurs
1962 3937 2037 3959 autre
2048 3928 2067 3958 fi
2080 3936 2196 3967 graunt,
2212 3937 2300 3959 come
2314 3927 2341 3958 se
2348 3936 2401 3956 orn

1340 3970 1477 4001 meffesoit
1490 3981 1503 4000 a
1517 3982 1555 4001 un
1567 3974 1637 4010 jure.

1373 4008 1396 4038 E
1411 4010 1530 4042 doivent
1544 4011 1564 4041 li
1578 4008 1729 4042 devantdiz
1744 4007 1851 4040 Maires
1863 4016 1879 4037 e
1890 4005 1910 4035 li
1921 4003 2047 4036 Eskevin
2062 4003 2258 4044 reconoistre‚
2275 4014 2323 4071 pali·
2333 4003 2399 4072 {pgr

2317 4051 2331 4072 e
2356 4051 2368 4070 r
2392 4062 2403 4077 ,
