2570 4261
193 198 244 240 52

45 270 124 304 Ann.
140 270 180 301 D.

68 318 150 348 1259.

46 352 183 423 {³3L639'3.
228 363 387 398 *Littera
407 363 489 392 Duci
505 362 680 402 Briranniae,
707 358 743 392 de
763 361 915 391 comitatu
935 354 1135 391 Richmundiae
1142 350 1203 396 fibi
1210 378 1221 393 ,

300 410 439 452 occasione
456 411 658 441 Matrimonii
673 420 742 441 cum
759 408 835 441 Filio
844 406 900 453 fito
911 433 921 449 ‚
955 402 1139 448 restituenda.

45 517 114 549 *Ann
139 516 170 547 D
264 498 327 530 EX
347 497 450 527 Nobili
466 498 527 528 viro
538 497 679 536 Johanni,
694 497 774 528 Duci
788 496 953 535 Britanniae,
971 495 1086 526 salutem
1107 493 1140 523 &
1160 490 1249 521 since-

118 540 123 545 ‘
173 540 179 546 '
196 502 254 574 R
264 547 302 567 rae
315 536 628 567 dilectionisaffeetum.
1184 567 1188 571 ¹

142 578 149 584 '
230 575 363 614 Receptis
395 576 428 605 &
443 574 588 613 diligenter
602 575 747 606 intelleffls
767 574 862 604 litteris
882 573 977 604 vestris
997 581 1047 608 per
1061 565 1249 611 venerabilem

215 622 301 643 atrem
321 613 349 643 S.
371 597 543 651 Episcopum
564 613 690 644 Briocen.
707 613 740 643 &
763 611 924 642 Galfridum
943 611 977 641 de
991 608 1087 648 Bistyn
1108 605 1251 649 Militem,

221 652 330 682 luncios
341 651 447 682 vestros
466 661 556 689 nuper
575 652 609 682 ad
629 661 680 682 nos
696 651 861 681 transmissos
880 651 931 683 (δε
951 657 1073 690 quotum
1089 641 1249 688 sollicitudi-

196 700 260 720 nem
273 691 305 720 δε
318 689 478 720 industriam
490 690 640 727 specialiter
659 689 902 724 commendamus)
925 685 1120 728 perpendimus
1135 681 1249 727 eViden-

196 736 238 758 ter
249 729 323 766 quod
335 737 475 767 perpetuae
488 728 581 758 foedus
601 727 733 758 amicitiae
754 727 900 757 nobiscum
914 726 981 755 inire
1001 724 1154 754 deiideratis
1167 744 1177 759 ,
1195 719 1250 764 Jo-

195 767 315 797 hannem
329 768 547 806 primogenitum
561 766 650 796 filium
670 765 795 796 vestrum
810 765 925 795 Beatrici
937 763 1001 793 filiae
1022 761 1127 792 nostrae
1145 757 1250 790 kariffi-

193 815 248 835 mae
264 806 500 836 matrimonialiter
513 804 685 843 copulando:
706 804 796 844 Super
810 813 868 843 quo
880 802 1023 833 dileffloni
1041 800 1141 831 vestrae
1161 805 1249 841 grates

193 844 332 874 referimus
346 854 411 882 quas
425 844 546 874 valemus
560 854 571 881 5
597 842 779 883 significantes
793 843 873 872 vobis
893 840 1035 883 quod4nos
1048 862 1058 878 ,
1084 840 1117 870 &
1137 837 1247 880 Regina

193 882 315 913 Consors
328 882 437 920 nostra,
454 893 487 912 ac
503 881 650 921 Magnates
664 881 757 920 Regni
772 880 858 910 nostri
872 883 1047 919 propositum
1059 876 1201 914 vestrum,
1217 884 1248 904 in

192 921 244 952 hac
257 930 347 959 parte,
363 930 473 961 gratum
487 920 621 951 habemus
635 920 786 958 plurimum
800 920 832 950 ὃ(
845 926 1004 958 acceptum.
1100 955 1104 960 ι

229 959 390 997 Caeterum,
406 959 483 997 super
496 969 531 989 eo
545 960 621 997 quod
639 957 771 997 petivistis
785 957 863 998 quod
875 957 1053 988 Comitatum
1066 954 1247 997 Richemun-

191 997 245 1028 diae
257 999 337 1029 vobis
351 998 428 1028 reddi
444 999 614 1035 faceremus,
629 1008 679 1028 vos
693 997 775 1026 latere
791 1006 850 1027 non
871 995 1007 1026 credimus
1026 993 1104 1032 quod
1117 992 1247 1023 Comita-

192 1045 253 1067 tum
268 1037 345 1067 illum
358 1037 463 1067 diledto
482 1036 635 1067 Avunculo
655 1035 754 1066 nostro
768 1058 776 1073 ,
802 1034 887 1065 Petro
904 1034 939 1064 de
957 1031 1090 1064 Sabaudia
1104 1054 1122 1075 ².
1137 1030 1246 1074 dudum

190 1075 376 1113 contulimus,
393 1076 441 1115 qui
455 1074 607 1106 adventum
621 1074 655 1104 N
659 1075 806 1105 unciorum
822 1073 978 1103 vestrorum
991 1073 1020 1102 in
1041 1070 1172 1114 Angliam
1185 1070 1247 1113 diu-

190 1114 242 1144 tius
255 1115 427 1154 expectavit,
446 1114 558 1144 tandem
571 1115 659 1151 vero,
679 1114 838 1152 urgentibus
851 1112 965 1142 coaeius
978 1118 1109 1149 negotiis,
1125 1115 1189 1138 ante
1204 1118 1246 1152 ip-

190 1152 284 1182 sorum
298 1153 448 1183 adventum
457 1175 466 1190 ,
483 1161 571 1194 partes
583 1152 651 1183 adiit
664 1151 852 1182 transmarinas
864 1173 873 1188 ,
898 1150 967 1180 sicut
988 1149 1106 1187 praefatis
1120 1146 1155 1176 N
1157 1156 1247 1177 unciis

190 1192 262 1220 bene
276 1190 394 1221 constat.
1181 1224 1187 1229 ·
1230 1226 1235 1230 ¹

226 1229 351 1268 Verum,
372 1230 434 1267 quia
447 1229 482 1260 de
499 1229 636 1268 praedieio
657 1228 820 1266 Comitatu,
836 1228 892 1258 sine
906 1226 1022 1265 praefato
1039 1224 1142 1262 Petro,
1159 1224 1247 1254 nichil

190 1266 225 1297 ad
238 1269 354 1307 priesens
367 1269 456 1299 facere
470 1270 620 1306 poterimus
634 1291 643 1306 ,
669 1268 755 1298 veluti
767 1277 820 1297 nec
835 1266 946 1296 deceret
959 1288 968 1303 ,
991 1265 1023 1295 &
1040 1274 1107 1301 n08,
1125 1264 1158 1294 δε
1174 1273 1247 1300 prae-

190 1306 244 1337 fiita
258 1307 370 1337 consors
383 1306 475 1337 nostra
490 1330 499 1345 ,
524 1309 577 1338 una
597 1316 666 1337 curn
677 1305 818 1375 lpraedffih
834 1305 957 1336 Beatrice
969 1303 1023 1333 filia
1041 1301 1135 1333 nostra
1149 1324 1158 1340 ,
1178 1301 1248 1345 Deo

193 1347 368 1382 permittente
380 1368 389 1383 ,
414 1345 583 1384 disponimus
601 1345 656 1375 esse
702 1344 792 1374 atilius
807 1345 835 1373 in
855 1342 974 1374 crastino
995 1342 1083 1385 beatae
1104 1340 1246 1370 Katerinae

192 1382 332 1427 Virginis,
351 1393 418 1413 cum
432 1383 529 1414 illustri
542 1384 623 1424 Rege
638 1383 765 1414 Franciae
776 1405 786 1421 ,
815 1382 863 1412 ubi
881 1383 964 1413 etiam
984 1379 1131 1418 praedietus
1150 1378 1247 1409 Petrus

190 1429 327 1451 intererit·

228 1445 419 1491 sinceritatem
433 1461 553 1493 vestram
569 1460 720 1492 affeetuose
734 1469 863 1499 rogamus
903 1458 1008 1488 uatinus
1021 1481 1031 1495 ,
1056 1456 1136 1487 dietis
1154 1456 1200 1487 die
1212 1456 1245 1487 &

189 1497 270 1537 loco,
288 1500 368 1529 nobis
381 1510 531 1530 occurrere
544 1500 649 1539 velitis,
668 1500 723 1529 unii
745 1508 812 1529 curn
828 1507 884 1536 prae
906 1498 967 1527 ictis
979 1495 1120 1539 Consorte
1137 1494 1246 1533 vestra,

188 1537 362 1605 &gohanne
373 1537 430 1568 filio
445 1539 556 1576 vestro,
572 1549 622 1576 pro
638 1537 812 1575 expeditione
825 1537 929 1574 negotii
943 1534 1096 1577 supradicit.

253 1584 264 1606 t
279 1584 364 1615 tunc,
383 1577 478 1608 habito
488 1587 555 1608 cum
570 1577 706 1615 praediCto
721 1575 806 1606 Petro
814 1574 985 1613 Colloquio,
1004 1572 1171 1616 praedidtum
1183 1570 1245 1602 Co-

189 1615 316 1644 mitatum
326 1638 335 1654 ,
354 1616 371 1645 ii
387 1615 465 1646 illum
481 1617 516 1646 ab
529 1617 629 1646 eodem
638 1615 723 1646 Petro
737 1624 785 1653 per
800 1614 972 1644 voluntatem
986 1611 1064 1656 suam
1079 1611 1178 1641 elicere
1193 1620 1245 1654 po-

187 1654 300 1683 terimus
309 1677 318 1691 ,
337 1654 418 1684 vobis
433 1654 532 1685 habere
545 1655 678 1685 faciemus
691 1652 843 1683 secundum
856 1651 978 1682 formam
991 1659 1061 1680 inter
1075 1660 1142 1687 vos,
1158 1650 1191 1680 &
1205 1649 1246 1679 di-

187 1691 272 1722 leetos
285 1692 318 1723 &
332 1691 425 1723 fideles
439 1693 564 1731 nostros,
581 1692 737 1723 Ricardum
754 1690 902 1721 Comitem
923 1687 1129 1732 Gloucestriae,
1145 1688 1178 1718 &
1194 1686 1246 1732 Jo-

189 1731 311 1761 hannem
328 1730 460 1770 Mansell,
479 1731 614 1763 Nuncios
626 1731 752 1768 nostrOS,
769 1739 867 1761 coram
881 1727 977 1759 illustri
993 1727 1121 1757 Domina
1135 1726 1245 1765 Regina

189 1768 213 1799 F
214 1771 314 1799 ranciae
326 1770 509 1810 prolocutam.
1111 1805 1116 1810 ι

229 1808 364 1847 Alioquin
375 1808 411 1840 de
427 1810 519 1848 terris,
536 1819 600 1848 quas
613 1810 628 1839 Ξι
638 1808 754 1849 praefato
765 1807 847 1845 Rege
866 1806 957 1836 sumus
976 1812 1118 1844 accepturi
1127 1827 1135 1841 ,
1151 1803 1197 1833 seu
1210 1802 1246 1833 de

190 1845 246 1876 aliis
258 1847 332 1876 terris
345 1848 373 1877 in
389 1848 505 1887 Anglia,
522 1848 679 1888 equivalens
693 1847 774 1877 vobis
786 1845 956 1876 escambium
972 1868 981 1881 ,
1005 1843 1041 1873 de
1055 1853 1130 1886 quo,
1147 1842 1245 1872 aueto-

189 1893 219 1913 re
233 1884 381 1922 Domino,
399 1887 525 1916 contenti
540 1888 626 1922 eritis,
645 1887 791 1916 faciemus:
811 1884 891 1913 Dum
906 1892 1000 1914 tamen
1013 1889 1158 1924 negotium
1173 1890 1245 1919 prce-

188 1922 257 1953 dieii
272 1923 382 1954 foederis
396 1925 511 1955 feliciter
524 1925 669 1963 procedat,
689 1932 770 1962 prout
784 1925 853 1953 inter
866 1932 917 1952 nos
926 1945 935 1960 ,
953 1922 985 1952 ὅ(
999 1920 1149 1961 praedictos
1157 1918 1246 1950 Nun-

189 1962 249 1992 cios
262 1961 364 1992 vestros
377 1963 482 2001 plenius
497 1963 538 1994 est
551 1972 737 1995 conventum.

223 2040 308 2072 Teste
323 2042 404 2084 Rege
417 2043 489 2082 apud
503 2043 597 2076 West.
614 2043 648 2074 18
662 2043 708 2074 die
721 2042 866 2074 Ostobtis.

46 636 82 659 H.
102 641 125 668 3.

45 673 101 697 Καί.
113 673 177 696 σωκ·

44 709 141 735 ventio-

45 755 107 772 num
116 753 160 781 pa-

44 793 96 813 cis,
120 792 167 815 &vc

46 830 93 857 43.
107 825 139 848 H.
152 831 174 857 3.

45 868 82 887 m.
94 860 146 888 nil.

226 2125 433 2154 Memorandum
446 2126 519 2166 quod
529 2124 629 2154 litterae
644 2126 840 2154 Procuratoriae
862 2122 928 2152 dieii
941 2123 1038 2159 Ducis,
1063 2123 1178 2150 Domino
1191 2122 1245 2150 Re-

184 2164 213 2197 gi
227 2162 334 2191 direc‘lae
343 2185 352 2200 ,
367 2162 405 2197 ὠ·
419 2163 525 2193 Ιίῐίενιε
557 2164 724 2193 raedillorum
746 2165 912 2192 Nunciorum
925 2183 935 2198 ,
960 2170 1027 2200 quar
1040 2162 1156 2191 Domino
1178 2161 1243 2196 Regi

178 2198 307 2237 fecerunt
323 2223 332 2237 ,
350 2201 444 2242 figillis
458 2201 515 2241 fiiis
527 2170 644 2240 ssgriatae
665 2199 849 2241 remanserunt
869 2202 985 2229 Domino
1006 2198 1134 2236 Johanm‘
1157 2200 1244 2227 Man·-

178 2236 248 2276 ftll,
266 2249 353 2267 coram
366 2242 480 2270 Domino
495 2242 564 2277 Rege
580 2239 618 2274 ό·
639 2239 749 2281 Consilio
757 2239 806 2279 fito
821 2242 849 2268 in
871 2242 911 2268 Ca
927 2236 980 2266 ella
996 2239 1120 2266 Dominae
1133 2239 1242 2273 Reginae

184 2276 259 2313 apud
272 2279 320 2306 W
343 2278 545 2318 monasterium,
559 2278 601 2307 die
619 2282 710 2310 Lunae
725 2281 851 2317 proxima
863 2284 898 2316 po
936 2274 1038 2316 festum
1052 2276 1146 2306 Sandii
1159 2278 1242 2305 Lucae

186 2316 303 2352 Evange
314 2315 369 2356 ista:
378 2339 387 2355 ,
402 2328 489 2356 anno,
503 2314 563 2350 &a
579 2326 627 2357 43.

236 2454 403 2490 Publicatio
420 2458 593 2490 Intentionis
610 2459 702 2503 Regia»
712 2455 803 2502 fiiper
818 2452 1009 2499 Restitutione
1025 2452 1185 2488 antedma.

36 2558 113 2618 Αῐζῃ,
128 2558 170 2589 Β,
186 2544 321 2616 REX
340 2545 487 2584 omnibus,
506 2546 566 2576 &c.
1116 2583 1140 2612 ’s

296 2584 376 2614 Cum
390 2585 462 2614 inter
475 2595 526 2614 nos
540 2586 573 2615 &
587 2583 774 2614 venerabilem
788 2591 894 2623 patrem
908 2582 1055 2613 Simonem
1068 2582 1240 2650 EpXillcopum

35 2638 87 2663 Aa.
105 2620 152 2673 43‘·
186 2622 358 2653 Briacensem
370 2645 380 2661 ,
405 2623 438 2653 &
454 2623 619 2660 prudentem
638 2623 729 2652 virum
750 2621 910 2652 Galfridum
929 2621 965 2651 de
982 2621 1076 2660 Bistyn

35 2678 70 2701 1-1.
110 2694 116 2700 ,
188 2661 321 2692 Nuncios
343 2660 375 2690 &
394 2660 588 2691 Procuratores
607 2661 724 2690 Nobilis
744 2661 798 2690 viri
812 2660 949 2698 Johannis
965 2659 1055 2690 Ducis
1074 2660 1242 2699 Britannice,

35 2714 80 2738 R„
102 2716 166 2740 Cim-
186 2700 296 2737 plenam
311 2699 441 2730 habentes
455 2700 618 2737 potestatem
633 2698 767 2729 tractandi
780 2699 815 2729 ὅ(
829 2697 956 2728 firmandi
971 2699 1183 2728 matrimonium
1197 2699 1240 2728 in-

34 2733 132 2777 veniio-
184 2746 224 2768 ter
233 2738 410 2777 johannem,
426 2739 642 2778 primogenitum
656 2738 689 2767 &
704 2736 844 2767 haeredem
866 2737 971 2774 praefati
987 2734 1078 2766 Ducis
1090 2760 1099 2775 ,
1125 2737 1159 2767 &
1173 2736 1242 2767 Bea-

34 2796 95 2814 „um
105 2794 150 2824 pa·
184 2778 283 2807 tricem
297 2777 381 2806 filiam
395 2776 534 2814 nostram,
550 2777 628 2816 super
649 2775 750 2805 eodem
765 2776 947 2806 matrimonio
967 2774 1076 2816 habitus
1096 2775 1128 2804 sit
1141 2776 1240 2805 tradia-

34 2826 85 2857 cis,
107 2826 163 2859 &a
186 2824 242 2854 tus,
260 2816 292 2846 &
308 2815 376 2845 Dux
397 2817 523 2853 praefatus
538 2814 716 2846 Comitatum
731 2813 952 2845 Richemundiae
970 2813 1021 2843 iibi
1033 2813 1048 2843 a
1062 2814 1143 2843 nobis
1162 2813 1241 2844 resti-

34 2868 164 2898 43,H,.‚
186 2855 224 2884 tui
259 2855 364 2892 enei-it,

32 2910 70 2928 m,
84 2885 151 2930 ΜΛ,
222 2864 288 2922 13OE
299 2893 373 2922 bona
384 2891 439 2922 fide
452 2892 641 2931 promittimus
654 2891 687 2922 &
705 2890 887 2922 concedimus
901 2891 979 2931 quod
992 2915 1002 2928 ,
1027 2891 1046 2921 si
1061 2889 1240 2921 Comitatum

184 2930 199 2960 {i
215 2931 340 2961 manibus
359 2931 456 2960 dilecti
476 2931 606 2961 avunculi
624 2930 711 2960 nostri
727 2929 801 2960 Petri
817 2929 852 2959 de
871 2929 1004 2960 Sabaudia
1019 2951 1028 2966 ,
1052 2931 1097 2960 cui
1110 2928 1241 2960 Comita-

185 2976 246 2998 tum
261 2970 339 2999 illum
353 2969 459 2999 dudum
478 2969 665 3007 contulimus,
682 2979 730 3006 per
744 2969 917 2998 voluntatem
935 2968 1011 2999 suam
1027 2967 1126 2998 elicere
1156 2970 1240 2998 oteri-

183 3015 267 3045 mus,
290 3016 341 3036 nos
361 3006 538 3037 Comitatum
558 3008 637 3038 illum
662 3008 740 3037 dicio
765 3007 840 3037 Duci
857 3030 866 3045 ,
890 3016 1023 3045 tanquam
1049 3006 1124 3036 haere
1145 3009 1238 3037 itatem

183 3045 276 3083 suam,
298 3044 469 3075 restituemus
481 3047 511 3076 in
525 3047 615 3075 forma
628 3069 638 3084 ,
663 3055 760 3077 coram
774 3045 868 3075 illustri
885 3044 1014 3076 Domini
1029 3044 1141 3084 Regina
1154 3045 1240 3076 Fran-

182 3085 253 3123 ciae,
271 3085 341 3114 inter
357 3084 522 3121 pioedic‘rum
534 3083 664 3123 Ducem,
682 3085 715 3114 ὃς
728 3084 844 3114 dilectos
858 3085 890 3114 &
906 3084 997 3114 fideles
1010 3083 1121 3113 nostros
1136 3083 1240 3115 Ricar-

179 3122 248 3152 dum
263 3121 413 3152 Comitem
427 3121 615 3152 Gloucestriae
624 3146 634 3161 ,
652 3122 851 3161 &johannem
862 3122 1006 3162 Maunsel,
1025 3122 1059 3152 N
1062 3123 1160 3154 uncios
1172 3133 1238 3154 nos-

179 3169 234 3191 tros
248 3161 402 3200 prolocuta.

218 3200 354 3237 Alioquin
366 3200 404 3235 de
417 3199 508 3235 terris,
527 3208 592 3236 quas
606 3198 641 3227 ab
653 3198 746 3228 illustri
762 3201 776 3215 ³⁵
793 3199 874 3238 Rege
890 3200 1012 3230 Franci-„e
1033 3200 1126 3230 sumus
1137 3209 1239 3239 accep-

180 3240 233 3268 turi
242 3262 250 3276 ‚
269 3238 315 3267 seu
328 3237 363 3267 de
377 3237 433 3267 aliis
447 3238 524 3267 terris
536 3236 635 3266 nostris
647 3237 675 3265 in
692 3237 805 3275 Anglii,
824 3239 916 3268 eidem
931 3239 1011 3270 Duci
1024 3238 1182 3277 equivalens
1195 3250 1237 3271 es-

180 3278 340 3314 cambium,
358 3276 394 3306 de
409 3285 466 3313 quo
479 3283 627 3305 contentus
639 3275 694 3304 esse
709 3275 851 3315 debuerit,
870 3277 1011 3307 faciemus.

216 3316 267 3353 Et,
284 3325 331 3352 per
345 3324 430 3345 unam
445 3313 559 3343 istarum
575 3315 698 3349 viarum,
716 3315 923 3353 impraedictum
938 3317 1151 3347 matrimonium
1164 3327 1237 3347 con-

180 3353 324 3391 sentimus,
340 3354 373 3383 &
390 3352 504 3391 praefato
522 3352 663 3390 Johcinni,
682 3351 738 3381 filio
754 3353 843 3383 Ducis
859 3377 869 3392 ,
895 3354 1060 3392 praediclam
1081 3355 1236 3387 Beatricem

180 3390 263 3421 filiam
279 3391 402 3421 nostram
418 3391 600 3421 concedimus
613 3391 642 3420 in
654 3400 778 3420 uxorem.

219 3428 254 3459 Et
273 3430 329 3459 hoc
348 3439 397 3468 per
410 3430 543 3460 diledium
560 3430 593 3460 ὃς
614 3428 723 3458 fidelem
741 3429 869 3460 nostrum
890 3430 1038 3470 Rogerum
1056 3430 1091 3460 de
1113 3429 1236 3463 Mortuo

184 3465 261 3496 Mari
274 3468 387 3498 fecimus
402 3469 430 3498 in
449 3469 572 3498 animam
587 3467 711 3497 nostram
732 3467 833 3505 jurari,
860 3469 896 3498 ita
909 3477 1001 3499 tamen
1021 3469 1099 3509 quod
1121 3470 1237 3507 praesens

183 3506 325 3542 negotium
340 3516 436 3536 coram
449 3506 560 3546 ptaefiitii
570 3505 679 3544 Regini
694 3505 817 3536 Franciae
830 3506 970 3546 firmetur,
988 3508 1021 3539 &
1036 3506 1150 3538 finaliter
1165 3518 1237 3539 con-

182 3541 347 3581 summetur,
363 3553 446 3583 prout
460 3545 578 3583 superius
593 3547 633 3574 est
644 3544 809 3584 expressum.

221 3579 253 3608 Iri
270 3583 360 3618 cujus,
379 3584 437 3613 &0

1139 2621 1225 2666 ilitem
1232 2645 1242 2661 ‚

32 3199 50 3217 '¹'
64 3202 160 3238 I.694.

182 3658 309 3737 ui'ljgie
329 3660 409 3701 Rege
427 3664 499 3701 apud
516 3664 641 3695 Westm.
660 3665 693 3694 ¹8
717 3663 761 3694 die
775 3661 915 3695 Gerobris
928 3687 939 3703 ,
962 3674 1039 3695 anno
1057 3663 1151 3704 Regni
1170 3674 1237 3695 nos-

38 3768 113 3798 Ann.
128 3766 168 3798 D.

76 3816 90 3827 „

37 3815 151 3880 (11]ζῖἅῇ
188 3831 306 3861 Littera
324 3833 396 3875 Regi
414 3834 557 3875 meciae,
582 3834 618 3866 de
632 3847 705 3880 pace
723 3839 799 3867 inter
818 3848 862 3867 eos
877 3836 1010 3867 totaliter
1026 3832 1230 3879 adimplenda.

36 3887 72 3909 H.
111 3904 115 3908 .

36 3904 167 3947 Rot.³Con-
252 3916 360 3961 Gregio
374 3915 468 3960 Princi
489 3920 497 3946 i
509 3919 541 3948 δε
549 3919 765 3961 Consanguineo
779 3923 827 3952 suo
842 3923 982 3953 karissimo
998 3922 1156 3953 Ludovico
1165 3921 1234 3959 ‚Dei

36 3959 134 3984 ventio·
253 3964 351 3999 gratia,
372 3955 461 3999 Regi·
482 3965 595 3993 ranciae,
611 3958 768 3998 Henricus,
783 3960 880 3990 8⁴2³.de
903 3961 986 4000 gratia
998 3984 1008 3998 ,
1027 3961 1092 3990 Rex
1106 3960 1235 3998 Angliae,

36 4005 98 4022 num
107 4002 152 4031 pa·
185 3994 326 4024 Dominus
342 3993 503 4030 l-liberniae,
518 3993 585 4022 Dux
602 3995 772 4033 Aquitaniae,
790 3999 849 4028 &c.
865 3998 987 4028 salutem.

37 4034 71 4059 cis
82 4055 88 4064 ‚
111 4032 167 4065 &a
221 4031 395 4060 Venerabiles
409 4032 498 4068 viros,
514 4030 554 4060 G.
573 4032 719 4063 Decanum
736 4035 931 4065 Turonensem
951 4038 984 4066 ὃς
999 4035 1165 4075 Magistrum
1179 4035 1231 4065 W.

38 4080 83 4106 43.
100 4076 133 4138 iil.
145 4081 169 4107 3.
182 4069 391 4107 Beliiacensem,
409 4069 508 4099 vestine
522 4068 675 4100 serenitatis
690 4071 823 4103 Nuncios
843 4072 876 4103 ad
889 4083 941 4104 nos
961 4083 1049 4112 nuper
1067 4073 1232 4105 transmissos

34 4119 71 4136 ιιι.
84 4118 106 4136 1.
133 4131 138 4138 .

659 170 1447 219 CONVENTIONES,

1289 263 1426 295 gratanter
1441 258 1612 296 recepimus,
1629 259 1664 290 &
1676 269 1729 302 ea,
1742 266 1805 298 quae
1815 257 1896 288 nobis
1908 255 1988 294 super
1999 264 2084 294 pace,
2102 256 2175 287 inter
2188 267 2239 287 vos
2252 258 2286 290 &c
2299 269 2352 290 nos
2370 257 2446 289 Arm.
2461 257 2502 289 D.
2548 295 2552 297 ‚

1503 170 1882 220 LITERAE,

1291 297 1427 339 formata,
1443 303 1476 325 ex
1491 304 1566 335 parte
1580 296 1669 327 vestra
1681 298 1860 334 intimarunt,
1878 297 2082 334 acceptavimus
2095 294 2241 326 liberaliter
2253 299 2287 328 ὃς
2301 299 2351 329 be-
2388 305 2471 335 1259.

1291 344 1319 364 ni
1340 343 1391 363 ne:
2369 341 2405 364 ile
2426 359 2432 365 .
2455 346 2480 363 τ.
2527 340 2529 343 ·

1321 342 1409 401 gCum
1421 371 1522 410 quibus
1536 371 1613 402 diem
1626 372 1790 412 collegimus
1822 371 1880 402 uod
1895 372 1996 402 erimus
2011 372 2046 403 ad
2064 382 2116 402 vos
2135 371 2269 412 Parifius,
2287 372 2354 404 Do-
2406 347 2421 365 n
2455 356 2466 373 ³

1291 411 1373 440 mino
1392 408 1570 440 concedente
1584 433 1594 448 ,
1618 411 1648 441 in
1663 411 1796 442 Crastino
1836 419 1904 441 eatae
1922 409 2063 441 Caterinae
2081 409 2206 450 Virginis
2225 413 2356 449 proximo

1291 447 1403 485 futuro,
1420 448 1505 487 parati
1519 450 1616 478 omnia
1625 472 1635 487 ,
1650 459 1714 489 quae
1728 449 1814 480 dietae
1828 449 1903 489 pacis
1917 450 2147 481 reformationem
2166 453 2353 491 contingunt,

1290 495 1374 525 prout
1387 485 1486 516 eadem
1499 488 1611 526 requirit
1620 510 1629 525 ,
1646 487 1765 519 totaliter
1777 487 1932 527 adimplere.

1328 565 1417 596 Teste
1431 566 1514 606 Rege
1525 566 1599 606 apud
1612 566 1736 598 Westm.
1753 577 1788 598 12
1801 567 1846 599 die
1859 568 2011 606 octobris,
2028 577 2120 606 atino,
2138 568 2199 599 ὅσα.
2212 577 2261 607 44.

1327 646 1430 714 Essdem
1442 647 1533 692 .''¹⁰d⁰’
1549 647 1640 678 verbis
1655 656 1827 689 competenter
1843 652 1972 687 mutatis,
1981 647 2112 688 scribitur
2133 650 2258 680 Dominae
2273 652 2351 689 Regi·-

1291 696 1334 715 nae
1371 695 1481 715 ranciae.

1327 761 1416 793 Teste
1430 770 1461 794 ut
1474 762 1561 800 supra.

1336 899 1386 930 De
1405 896 1542 942 Tallagio
1556 923 1565 939 ‚
1584 906 1640 943 pro
1659 900 1734 945 Rege
1757 901 1961 931 Romanorum
1983 902 2111 934 Romam
2123 898 2303 946 profic‘lmo.

1358 984 1422 1015 EX
1441 985 1591 1023 omnibus,
1609 985 1671 1016 &c.
1686 986 1808 1018 salutern.
2364 991 2440 1022 Ann.
2458 992 2498 1025 D.

1399 1023 1477 1062 Qia
1489 1023 1639 1054 carissimus
1652 1024 1744 1055 Frater
1761 1025 1855 1056 noster
1874 1025 2011 1057 Ricardus
2058 1026 2261 1057 Romanorum
2279 1025 2344 1056 Rex
2383 1040 2466 1070 ¹259·

1288 1059 1397 1091 illustris
1406 1085 1416 1100 ,
1430 1063 1561 1106 proximo
1580 1062 1753 1106 profecturus
1773 1063 1814 1094 est
1829 1062 1864 1093 ad
1877 1062 1995 1094 Curiam
2009 1050 2174 1095 Romanam
2186 1075 2240 1103 pro
2255 1064 2344 1095 arduis
2361 1074 2418 1098 An.
2432 1082 2485 1107 Η..

1287 1100 1321 1130 &
1337 1100 1530 1139 urgentlslimls
1543 1103 1661 1140 negotiis
1672 1125 1682 1140 ,
1708 1112 1772 1141 quae
1791 1103 1826 1133 ad
1844 1101 1971 1133 nostrum
1987 1125 1997 1140 ,
2021 1103 2054 1134 &
2069 1102 2149 1133 suum
2163 1125 2174 1142 ,
2199 1104 2232 1134 ὃ(
2250 1102 2345 1142 Regni
2360 1110 2400 1137 H.
2422 1119 2448 1145 3.

1287 1137 1374 1168 nostri
1386 1138 1527 1169 honorem
1542 1140 1574 1170 &
1588 1140 1746 1177 proficuum
1757 1140 1898 1181 assumpsit
1903 1141 1954 1179 ,δὲ
1968 1149 2032 1179 quae
2044 1140 2101 1171 sine
2113 1142 2240 1172 maximis
2252 1141 2345 1181 sump-
2360 1151 2418 1175 Pat.
2432 1150 2487 1183 444

1291 1177 1364 1207 tibus
1380 1186 1522 1217 nequeunt
1536 1178 1674 1218 expediri,
2362 1190 2389 1212 H
2394 1207 2399 1215 .
2417 1195 2442 1222 3.

1326 1215 1523 1247 Conceffimus
1539 1217 1564 1247 ei
1580 1217 1657 1255 quod
1672 1217 1776 1258 Burgos
1790 1218 1823 1249 ὃς
1838 1216 1966 1248 Maneria
1987 1216 2031 1248 sua
2045 1240 2054 1256 ‚
2079 1228 2142 1257 quae
2156 1217 2267 1248 fuerunt
2282 1216 2348 1247 Do-
2363 1233 2390 1252 ῃ,
2405 1225 2451 1252 28,

1289 1255 1394 1284 minica
1410 1254 1519 1293 nostra,
1537 1256 1734 1286 rationabiliter
1746 1256 1849 1287 talliare
1863 1256 1947 1295 possit
1965 1255 2018 1286 hac
2032 1257 2113 1295 vice,
2130 1258 2195 1288 licet
2208 1256 2346 1288 Domini-

1288 1293 1429 1361 calnostra
1441 1293 1636 1363 per&Angliam
1649 1295 1683 1326 ad
1698 1295 1817 1333 praesens
1829 1305 1890 1326 non
1903 1295 2050 1326 fecerimus
2063 1296 2164 1326 [alliari-

1338 1342 1359 1362 n
1373 1341 1465 1370 cuius,
1516 1342 1542 1363 c.

1323 1409 1412 1443 Teste
1422 1411 1503 1452 Rege
1515 1412 1589 1452 apud
1601 1413 1726 1444 Westm.
1740 1423 1778 1452 29
1792 1413 1838 1444 die
1852 1413 2001 1445 oetobris.

1611 1548 1661 1580 De
1679 1546 1816 1593 Tallagio
1828 1545 2012 1594 supradiiio.

1289 1633 1423 1706 REX
1443 1636 1591 1675 omnibus,
1610 1636 1696 1667 libere
1710 1636 1866 1668 tenentibus
1879 1636 1915 1667 de
1930 1634 2027 1668 illustri
2043 1635 2125 1677 Rege
2144 1635 2346 1671 Romanorum
2364 1632 2440 1664 Ann.
2457 1634 2498 1665 D.

1360 1674 1389 1702 in
1405 1673 1521 1713 AngHa,
1539 1674 1661 1706 salutem.
2382 1681 2465 1711 1259.

1325 1710 1403 1749 Quia
1437 1714 1563 1744 raedietus
1577 1713 1722 1744 Dominus
1737 1713 1816 1753 Rex,
1833 1714 1917 1745 frater
1935 1712 2030 1744 noster
2045 1712 2196 1745 cariffirnus
2209 1715 2239 1744 in
2252 1717 2347 1754 proxi-
2360 1715 2412 1739 An.
2427 1722 2474 1748 44-

1287 1757 1339 1778 mo
1352 1759 1404 1790 pro
1416 1751 1526 1783 eeturus
1541 1752 1581 1782 est
1596 1753 1630 1783 ad
1639 1752 1756 1783 Curiam
1769 1752 1932 1783 Romanam
1941 1775 1952 1789 ,
1970 1761 2022 1790 pro
2036 1751 2125 1783 arduis
2137 1752 2171 1783 &
2185 1755 2346 1793 urgentibus
2362 1754 2400 1793 H:
2414 1760 2439 1786 3-

1287 1790 1421 1828 negotiis,
1439 1800 1503 1830 quae
1517 1790 1550 1821 ad
1566 1790 1712 1828 nostrum,
1730 1791 1763 1822 δε
1776 1791 1872 1830 suum,
1886 1792 1920 1822 &
1933 1790 2029 1830 Regni
2048 1789 2136 1821 nostri
2155 1790 2295 1823 honorem
2312 1793 2348 1824 δε
2362 1788 2468 1817 lbtdm’·

1286 1826 1444 1864 proficuum
1467 1829 1631 1869 assumpsit,
1656 1830 1730 1861 circa
1753 1839 1875 1868 quorum
1896 1829 2106 1870 expeditionem
2125 1838 2237 1869 oportet
2257 1830 2348 1872 ipsum

1287 1874 1345 1894 non
1359 1867 1488 1897 modicos
1503 1867 1625 1907 sumptus
1637 1877 1792 1907 apponere·³

1326 1903 1543 1936 Univeriitatem
1560 1907 1679 1938 vestram
1694 1916 1823 1947 rogamus
1834 1913 1938 1937 attente
1952 1914 2103 1945 quatenus,
2120 1915 2187 1936 cum
2200 1905 2350 1943 praedidlus

1287 1940 1433 1974 Dominus
1444 1944 1532 1975 vester
1548 1945 1639 1976 vestra
1652 1946 1686 1977 ad
1702 1945 1818 1986 praesens
1834 1944 1956 1984 indigeat
1970 1945 2172 1983 subventione,
2189 1943 2300 1984 eidem,
2317 1947 2348 1977 in

1286 1979 1339 2011 hac
1354 1982 1511 2014 necessitate
1525 1983 1585 2022 sua,
1603 1993 1661 2015 tarn
1677 1993 1842 2024 competens
1854 1983 2003 2015 subsidium
2023 1982 2182 2021 impendere
2203 1982 2349 2024 studeatis,

1286 2019 1364 2058 quod
1378 2021 1434 2051 tam
1449 2021 1572 2060 anobis,
1587 2025 1673 2063 quam
1687 2024 1722 2053 ab
1736 2023 1795 2062 ipso
1814 2024 1843 2053 in
1857 2021 1969 2061 agendis
1990 2021 2087 2053 vestris
2101 2021 2226 2052 favorem
2240 2023 2272 2053 δε
2287 2032 2349 2062 gra..

1286 2059 1354 2102 tiam
1363 2081 1373 2097 ,
1388 2059 1485 2090 futuris
1498 2062 1689 2101 temporibus,
1706 2063 1808 2093 merito
1822 2062 1976 2102 promereri
1990 2060 2130 2098 debeatis,
2148 2069 2216 2092 cum
2233 2061 2349 2102 speciale

1284 2105 1432 2136 gratiarum
1446 2099 1566 2131 afflone.

1323 2178 1412 2210 Teste
1426 2178 1507 2220 Rege
1520 2180 1593 2218 apud
1607 2180 1651 2212 W
1652 2179 1733 2211 estm.
1746 2189 1785 2220 29
1800 2180 1846 2211 die
1860 2177 2006 2210 octobris.
2028 2168 2038 2189 ³

1388 2313 1509 2344 Littera
1524 2314 1607 2358 Papae
1624 2311 1814 2357 excusatoria
1830 2308 1866 2343 de
1882 2312 2014 2343 Nunciis
2031 2313 2059 2343 ei
2073 2309 2237 2345 mittendis.
2362 2317 2379 2336 ¹*
2397 2320 2418 2347 1.
2428 2321 2497 2356 695.

1354 2398 1379 2430 E
1389 2398 1419 2430 X
1436 2399 1521 2437 Papae
1535 2400 1648 2431 salutem
1657 2424 1667 2440 ,
1685 2410 1752 2431 cum
1766 2399 1917 2431 reverentia
1930 2399 1964 2429 &
1977 2399 2095 2429 honore.
2360 2404 2436 2435 Αῃῃ,
2452 2406 2496 2437 D,

1391 2437 1470 2468 Cum
1483 2438 1518 2468 N
1520 2441 1617 2470 uncios
1631 2439 1742 2470 nostros
1756 2439 1789 2469 ad
1797 2438 1898 2469 Sedem
1914 2437 2109 2479 Apostolicam
2121 2435 2230 2468 dudum
2243 2435 2345 2468 mifisse
2377 2453 2428 2483 125
2434 2455 2461 2483 9⁵

1282 2476 1512 2514 proposuissemus
1525 2500 1535 2515 ,
1561 2479 1595 2509 ὃ(
1617 2478 1673 2508 hoc
1694 2477 1835 2517 hucusque
1855 2475 2041 2506 distulerimus
2052 2476 2200 2507 occasione
2214 2474 2344 2506 trac‘tatfis
2357 2487 2401 2510 Aa
2425 2493 2474 2520 44⁸

1282 2516 1374 2553 pacis,
1400 2516 1470 2545 inter
1491 2525 1543 2547 nos
1561 2517 1595 2547 ὃ(
1609 2515 1742 2547 illustrem
1759 2516 1872 2556 Regem
1893 2514 2018 2545 Franciae
2040 2514 2144 2553 jamdiu
2169 2514 2342 2553 prolocutae,
2357 2526 2390 2548 H.
2413 2531 2439 2558 3.

1281 2562 1345 2591 quae
1357 2563 1445 2591 nuper
1459 2553 1539 2585 Paris.
1554 2556 1628 2586 circa
1644 2555 1745 2586 festum
1759 2555 1835 2586 beati
1847 2551 1986 2584 Nicholai
2005 2576 2014 2593 ,
2041 2553 2184 2591 completa
2199 2553 2251 2584 fuit
2263 2554 2343 2594 peni-
2359 2560 2446 2597 ciuus.

1283 2598 1325 2621 tus
1340 2592 1373 2622 δε
1388 2593 1492 2623 firmata
1511 2593 1538 2630 (a
1550 2596 1628 2632 cujus
1647 2593 1892 2625 consummatione
1905 2593 1980 2630 pacis
2000 2592 2142 2632 expeditio
2157 2591 2344 2623 Nunciorum
2360 2600 2428 2626 Fac'i.
2439 2600 2467 2627 in

1283 2629 1443 2661 nostrorum
1458 2632 1547 2662 versus
1565 2633 1669 2663 curiam
1690 2633 1810 2663 vestram
1825 2631 1980 2668 plurimum
2001 2630 2185 2669 dependebat)
2209 2630 2344 2661 SanCtita-
2360 2640 2449 2664 Franc.

1283 2677 1341 2698 tem
1354 2669 1474 2699 vestram
1488 2669 1640 2701 affeetuose
1655 2671 1785 2701 duximus
1799 2667 1966 2700 exorandam
1985 2669 2111 2706 quatinus
2128 2678 2239 2698 moram
2253 2669 2346 2700 dieto-
2360 2679 2449 2710 44.H.
2466 2684 2493 2712 ς.

1282 2716 1346 2736 rum
1367 2707 1552 2739 Nunciorum
1565 2732 1574 2748 ,
1595 2710 1743 2740 occasione
1760 2705 1893 2748 praediciti
1907 2728 1918 2744 ,
1938 2705 2040 2736 habere
2061 2706 2217 2746 dignemini
2237 2707 2347 2738 excusa·
2358 2714 2467 2749 m,5.d.

1283 2754 1349 2776 tam.

1319 2783 1387 2814 Nos
1400 2792 1493 2814 autem
1506 2784 1655 2824 praediCtos
1666 2784 1802 2815 Nuncios
1813 2782 1923 2813 nostros
1936 2781 1970 2812 ad
1985 2779 2086 2825 yestrae
2099 2780 2255 2813 Sanffitatis
2272 2793 2346 2824 prae-

1281 2822 1395 2853 sentiam
1407 2832 1476 2853 cum
1490 2823 1643 2861 celeritate,
1664 2823 1718 2862 quii
1740 2822 1875 2861 possimus
1889 2845 1898 2859 ,
1921 2819 2142 2859 destinabimus,
2165 2821 2212 2859 qui
2230 2824 2344 2861 negotia

1281 2861 1374 2891 nostra
1387 2861 1546 2891 Paternitati
1559 2861 1658 2891 vestrae
1674 2861 1782 2902 plenius
1794 2859 1994 2900 explicabunt3
2019 2868 2090 2897 quos
2104 2881 2115 2898 ,
2138 2859 2158 2889 si
2174 2859 2265 2898 placet
2278 2883 2288 2899 ,
2313 2861 2343 2891 'in

1280 2899 1424 2942 praemiffis
1434 2900 1678 2931 recommendatos
1692 2900 1823 2931 habeatis.

1317 2979 1404 3011 Teste
1417 2979 1499 3022 Rege
1512 2980 1594 3012 Paris.
1612 2991 1646 3021 19
1660 2981 1707 3012 die
1721 2979 1907 3020 Decembris,
1923 2988 1999 3012 anno
2012 2986 2063 3018 44.

1315 3060 1418 3090 Eodem
1431 3063 1521 3100 modo,
1550 3062 1644 3093 verbis
1658 3068 1749 3091 tamen
1764 3066 1937 3099 competenter
1957 3061 2070 3090 mutatis
2079 3082 2088 3098 ,
2099 3056 2231 3099 firibitur
2246 3060 2343 3090 Cardi-

1279 3099 1402 3138 nalibus,
1418 3098 1456 3134 (ἐν
1472 3101 1605 3142 Magistro
1619 3101 1764 3139 Jordano‚
1783 3099 1820 3134 ὠ
1833 3099 1936 3130 Arloto
1946 3110 1956 3128 .·
1974 3098 2012 3134 ό·
2029 3100 2142 3129 traditae
2148 3097 2267 3138 fuerunt
2280 3098 2342 3128 lite-

1278 3149 1317 3168 ναι
1332 3138 1464 3168 Nicholao
1479 3140 1576 3170 Vaketi
1589 3139 1726 3181 Januenfi
1734 3162 1743 3178 ,
1759 3141 1832 3168 eunti
1844 3139 1885 3168 ad
1896 3142 2006 3168 curiam
2015 3159 2024 3175 ,
2043 3136 2168 3168 videlicet
2181 3136 2258 3167 Albo
2270 3141 2341 3167 Car-

1278 3176 1379 3215 dinalt‘,
1399 3180 1495 3207 Fratri
1509 3180 1548 3208 H.
1563 3180 1595 3209 de
1610 3179 1709 3207 Sanelo
1728 3181 1797 3207 Caro
1806 3200 1816 3215 ,
1831 3179 1947 3207 Domino
1960 3176 1998 3216 J.
2018 3178 2132 3216 Gutan,
2150 3179 2273 3206 Dominis
2286 3179 2339 3206 Ot-

1277 3215 1368 3245 toboni
1375 3239 1385 3254 ,
1400 3218 1550 3247 Ottomano
1559 3240 1569 3256 ,
1587 3214 1625 3251 ὀ·
1640 3217 1755 3246 Ricardo
1767 3214 1901 3246 Hanibal.

1277 3347 1398 3379 Littera
1415 3348 1496 3391 Papae
1511 3345 1546 3378 de
1568 3349 1644 3379 Pace
1668 3357 1736 3377 cum
1754 3347 1829 3391 Rege
1850 3347 1982 3378 Franciae
1998 3344 2150 3389 firmata,
2175 3356 2283 3377 necnon
2301 3342 2337 3376 de

1325 3394 1483 3428 Credentia
1496 3405 1552 3440 pro
1573 3396 1700 3426 Nunciis
1712 3394 1798 3439 βω,-
1823 3397 1900 3426 inter
1918 3405 1990 3440 quos
2011 3391 2199 3426 Theobala'us
2220 3390 2337 3426 Archi·

1323 3443 1465 3477 diaconus
1477 3441 1638 3486 Leodienfis
1650 3470 1659 3485 ,
1685 3446 1738 3489 qui
1753 3440 1847 3488 poster:
1865 3445 1949 3490 Papa
1965 3444 2125 3489 Gregorius
2141 3440 2284 3474 decimus.

1326 3532 1497 3564 Anfflffimo
1513 3532 1543 3562 in
1563 3530 1678 3562 Christo
1701 3530 1775 3562 Patri
1794 3530 1830 3561 A.
1850 3530 1907 3562 Dei
1919 3530 2003 3571 gratia
2049 3529 2163 3561 summo
2177 3527 2311 3572 Pontifici
2322 3550 2332 3566 ,
2348 3531 2423 3563 Ann,
2441 3534 2486 3567 D„

1325 3572 1466 3602 Henricus
1478 3594 1487 3609 ,
1510 3570 1608 3601 eadem
1627 3569 1709 3609 grati&
1725 3594 1734 3609 ,
1760 3569 1825 3601 Rex
1844 3569 1955 3610 Angliae
1968 3592 1979 3608 ,
2036 3569 2148 3601 ominus
2171 3600 2174 3603 ,
2204 3569 2208 3574 ’
2289 3575 2333 3604 ae,
2368 3580 2452 3611 1259.

1276 3612 1338 3642 &C-
2344 3614 2395 3638 ΛΔ.
2410 3624 2427 3638 ,ι
2452 3632 2460 3641 ,

1315 3649 1403 3687 Super
1415 3648 1506 3688 gratiis
1519 3648 1692 3679 multimodis
1706 3649 1739 3680 &
1754 3648 1896 3679 beneficiis
1913 3646 2055 3678 immensis
2067 3669 2078 3686 ,
2103 3646 2199 3684 nobis,
2215 3643 2250 3674 &
2264 3652 2330 3687 ¹¹⁰.⁵.‘
2344 3653 2379 3675 H.
2404 3622 2449 3685 324

1279 3689 1345 3726 triS,
1364 3696 1478 3717 necnon
1491 3686 1650 3717 Willielmo
1665 3686 1816 3726 Bonqueor
1836 3685 1924 3717 Mssiti
1943 3684 2058 3725 nostro,
2075 3686 2110 3716 δε
2129 3684 2185 3717 aliis
2204 3680 2330 3725 Nunciis
2346 3687 2432 3724 Clitus.

1278 3726 1393 3763 nostris,
1410 3726 1427 3754 ὲ
1439 3724 1527 3756 vestra
1540 3726 1697 3757 liberalitate
1711 3726 1844 3758 munifica
1856 3724 2043 3757 favorabiliter
2063 3721 2203 3766 impensiS,
2222 3719 2331 3751 Saneti-
2345 3727 2448 3753 Faeni»

1277 3766 1326 3795 tati
1339 3764 1438 3794 vestrae
1445 3787 1456 3802 ‚
1474 3764 1507 3794 ad
1522 3774 1587 3802 quas
1600 3766 1739 3805 valemus,
1753 3765 1915 3804 affurgimus
1928 3764 2074 3803 gratiarum
2085 3761 2224 3795 action&
2345 3768 2433 3791 Franc.

1316 3803 1406 3833 Vobis
1416 3802 1596 3842 significantes
1609 3804 1686 3843 quod
1719 3814 1802 3845 quam
1823 3813 1888 3834 uam
1902 3812 1972 3842 pini,
1986 3803 2056 3842 inter
2068 3798 2200 3843 illustrem
2216 3796 2330 3842 Regem
2346 3811 2394 3837 44.
2408 3805 2442 3830 H.
2454 3804 2483 3838 3;

1278 3840 1421 3879 Franciae,
1439 3842 1473 3872 ὃς
1486 3852 1555 3880 nos,
1573 3843 1626 3879 jam
1642 3828 1750 3873 dud'um
1766 3852 1817 3882 pro
1827 3849 1911 3872 ocuta
1926 3864 1936 3879 ‚
1960 3835 2127 3881 aliquamdiu
2147 3845 2250 3876 ceperit
2264 3836 2332 3867 dila-
2346 3850 2382 3868 m.
2393 3838 2456 3875 5.d.,

1277 3882 1403 3918 tionem,
1418 3879 1489 3910 sicut
1502 3881 1562 3911 alias
1576 3882 1656 3912 vobis
1670 3880 1829 3921 fignificass'e
1848 3879 2028 3910 meminimus
2041 3899 2051 3915 ,
2072 3874 2157 3916 lpfiun
2171 3884 2265 3905 tamen
2284 3885 2332 3913 pa-

1277 3928 1343 3948 cem
1356 3919 1446 3948 cumi'
1467 3918 1497 3948 so
1509 3918 1590 3958 Rege
1602 3920 1782 3951 effectualiter
1801 3920 1954 3955 inivimus,
1979 3916 2013 3946 &
2031 3923 2134 3952 nuper,
2152 3923 2215 3957 ante
2230 3914 2334 3945 festum

1277 3957 1425 3987 nativitatis
1469 3958 1619 3996 ominicae,
1637 3958 1751 3988 Parifius
1763 3957 1950 3992 firmavimus,
1967 3952 2000 3983 ad
2013 3952 2124 3983 laudem
2136 3951 2211 3991 Dei,
2230 3953 2264 3984 &
2276 3951 2333 3983 Ec-

1277 3995 1367 4026 clefiae
1380 3994 1521 4025 Romanae
1535 3996 1725 4026 commodum
1739 3996 1772 4026 δε
1788 3995 1944 4029 honorem,

1316 4033 1405 4063 Prout
1426 4034 1588 4063 venerabilis
1606 4043 1682 4074 pater
1705 4032 1745 4062 H.
1768 4028 1971 4060 Ebredunenfis
1993 4027 2222 4068 Archiepiscopus
2236 4052 2246 4068 ,
2269 4027 2332 4058 Th.

1277 4071 1499 4104 Archidiaconus
1519 4071 1678 4104 Leodiensis
1689 4093 1699 4109 ,
1725 4071 1757 4102 δε
1772 4069 1861 4102 dietus
1881 4067 2052 4099 willielmus
2063 4067 2214 4108 Bonqueor
2227 4091 2238 4107 ,
2262 4075 2336 4142 qug
