2570 4261
17 1033 65 1055 un.
76 1023 118 1054 D.

0 1071 90 1101 *¹254-

0 1103 37 1128 υἷα.
56 1101 99 1137 38.

0 1143 20 1166 f.
40 1149 65 1175 3.

6 1175 96 1214 .A.f.

0 1262 51 1280 mes
60 1257 109 1280 Cn·

1 1300 72 1318 oerar.

0 1338 94 1357 Cacsar.

8 1523 30 1551 1-
39 1532 106 1559 499-

0 2097 32 2117 nn
58 2086 98 2118 D.

701 179 814 220 ET
897 180 1162 221 ACTA

26 266 81 295 (nn.
95 261 135 292 D.
152 269 218 291 nent
238 263 274 294 de
296 265 378 294 nobis
398 266 426 294 in
447 267 537 303 capite
556 275 594 296 20
607 265 671 295 libr.
686 274 781 302 terne,
801 265 834 295 δε
847 265 930 295 etiam
945 266 980 296 de
995 268 1032 296 eis
1047 266 1094 304 qui
1109 270 1205 295 tenent

30 312 114 343 1254.
153 309 188 328 20
209 301 269 331 libr.
291 311 370 332 terrae
392 303 428 332 de
447 303 497 332 illis
518 305 565 340 qui
580 303 639 334 lunt
654 304 721 333 inl-‘ra
736 312 847 333 tetatem
860 304 892 333 &
907 304 934 333 in
951 304 1077 334 custo‘lia
1090 302 1200 339 nostra,

106 362 111 369 .
152 339 228 375 quod
246 340 296 371 sint
318 341 448 371 London.
467 351 482 370 a
501 341 547 371 die
563 341 674 371 patene
689 343 819 381 proximo
833 341 914 370 futur.
931 343 960 371 in
975 352 1027 372 [τες
1041 343 1200 383 septimanas

150 378 234 414 parati
256 378 290 408 &
307 379 379 407 bene
392 380 493 408 muniti
505 380 539 409 ad
552 380 682 409 tendend.
698 379 754 409 sine
765 380 820 409 ulla.
831 379 962 414 dilatione
976 381 1066 411 versus
1080 379 1199 409 Porum.

146 414 180 444 ad
195 416 379 446 transfretand.
395 416 428 446 ad
443 426 493 446 nos
508 418 536 446 in
551 417 720 447 Vasconiam
732 427 800 447 cum
815 417 895 446 diere
912 417 1088 456 Magnatibus
1101 418 1135 448 ad
1150 416 1200 446 de-

145 452 299 483 fensionem
315 455 440 491 eorporis
454 454 543 484 nostri
556 456 589 485 ὃς
602 456 745 495 predicte
758 464 836 484 terrae
851 454 953 485 nostrae
969 456 1132 493 Vasconiaeg

179 491 217 521 Er
234 493 316 521 etiam
339 493 455 522 nomina
475 493 588 523 illorum
601 495 731 523 omniurn
745 495 793 531 qui
807 502 901 523 tenent
914 493 948 523 de
964 495 1045 524 nobis
1060 496 1089 524 in
1106 494 1196 530 capite

144 537 183 558 20
197 529 257 558 libr.
273 538 353 559 terrae
369 532 397 560 in
411 530 511 561 Billiva
525 539 587 568 tua,
606 541 691 561 onam
708 538 808 561 eorum
821 532 869 568 qui
883 541 978 562 tenent
994 542 1032 562 20
1046 534 1106 562 libr.
1117 541 1196 562 terre

142 566 179 596 de
199 567 250 597 illis
263 569 311 604 qui
325 568 384 598 sint
398 569 467 598 infra
480 578 590 599 aetatem
604 570 636 599 ὃς
651 571 678 598 in
696 569 819 599 custodia
830 569 940 607 nvstra,
958 570 1078 608 Regine
1092 569 1196 600 nostr-e

140 604 176 634 &
194 605 310 643 praefirto
333 606 461 637 Consilio
480 606 578 637 nostro
600 608 629 636 in
648 607 762 637 instanti
778 608 868 637 media
881 609 1081 647 quadragesimi
1097 608 1146 638 [Ab
1164 609 1195 637 -i-

141 641 211 679 gillo
233 652 283 673 tuo
304 643 435 674 distinete
457 646 490 675 &
510 654 603 683 aperte
625 645 786 684 significetis.
822 645 860 676 Et
879 646 936 677 hoc
962 647 1031 677 sicut
1053 656 1129 677 tuam
1150 647 1195 676 in-

144 679 346 720 dempnitatem
358 683 462 722 diligis,
481 693 541 714 non
556 684 679 714 omittas.

181 757 268 788 Teste
283 768 314 788 ut
327 759 414 797 supra.

184 883 233 914 De
252 893 325 928 pace
355 886 431 914 inter
455 885 562 929 Regem
593 887 629 921 (ῤ’
656 887 760 964 Reglem
788 883 910 928 castella
929 882 1090 917 tractanda
1111 886 1149 920 θ’

578 932 703 976 firmam
717 945 747 968 ιι,

208 1015 344 1054 Enricus,
361 1016 419 1046 Dei
431 1017 529 1056 gratia,
550 1016 615 1047 Rex
630 1016 757 1058 Anglise,
776 1018 920 1048 Dominus
935 1016 1105 1055 Hiberniae,
1121 1015 1190 1059 Dux

226 1053 417 1085 Normanniae
437 1056 469 1086 ὃς
492 1056 683 1094 Αειυίῑειηηίτε,
709 1058 741 1087 δε
760 1056 868 1086 Comes
890 1055 1077 1094 Andegaviae,
1097 1064 1190 1084 omni-

135 1090 186 1120 bus
198 1092 343 1128 praesentes
357 1094 444 1123 literas
460 1094 567 1131 visuris,
587 1094 631 1123 vel
646 1094 795 1133 audimus,
815 1094 936 1124 salutem.

171 1129 319 1161 Noveritis
332 1142 385 1161 nos
398 1132 509 1170 feciffe,
527 1132 715 1170 constituisse,
728 1134 760 1163 δε
776 1132 914 1162 ordinasse
925 1132 1123 1162 Procuratores
1135 1141 1189 1160 no-

134 1163 206 1197 stros
225 1169 258 1199 &
277 1169 442 1207 sollempnes
458 1170 491 1200 N
495 1172 608 1209 uncios,
624 1170 738 1200 dilectos
762 1171 794 1201 δε
811 1170 901 1200 fideles
915 1170 1026 1200 nostros
1040 1170 1186 1201 venerabi-

132 1202 188 1235 lem
204 1215 308 1243 patrem
322 1207 436 1238 Petrum
451 1208 639 1239 Hereforden.
653 1207 823 1248 Episcopum
833 1231 842 1241 ,
860 1209 893 1238 &
903 1207 1063 1245 Johannem
1081 1208 1186 1238 &laun-

131 1243 176 1273 sell
197 1244 378 1283 Praepofimm
399 1246 552 1284 Beverlaci,
566 1246 599 1276 ad
620 1246 792 1276 metandum
811 1244 846 1275 de
865 1256 934 1285 pace
946 1269 954 1283 ,
971 1247 1004 1276 &
1019 1245 1053 1276 ad
1074 1246 1186 1276 firman-

130 1282 201 1312 dum
222 1285 357 1322 eandem,
373 1286 442 1316 inter
462 1285 594 1314 illustrem
613 1284 772 1323 Principem
788 1284 936 1313 Alroiisum
952 1283 1062 1322 Regem
1078 1284 1186 1314 Castel-

131 1320 164 1350 le
179 1322 212 1351 ὃς
229 1321 377 1361 Legionis,
394 1323 428 1353 &
440 1323 502 1353 suos
514 1322 646 1352 Haeredes
659 1331 692 1352 ex
708 1332 761 1352 una
774 1330 866 1360 parte,
885 1322 918 1352 δε
932 1332 984 1352 nos
998 1327 1031 1353 ὀί
1046 1321 1182 1354 Heredes

130 1359 241 1390 nostros
255 1370 290 1390 ex
309 1361 407 1397 altera3

162 1397 285 1428 Gratum
306 1399 338 1429 &
360 1399 474 1428 firmum
493 1397 612 1429 habituri
629 1398 762 1438 quicquid
777 1408 825 1435 per
838 1398 949 1428 eosdem
964 1398 1117 1437 Nuncios,
1137 1399 1182 1429 vel

124 1444 222 1464 eorum
234 1436 367 1474 alterum,
384 1437 401 1466 si
414 1445 512 1466 eorum
527 1437 662 1474 alterum,
682 1435 759 1475 qnod
774 1436 852 1467 Deus
867 1445 990 1476 avertat,
1006 1437 1097 1468 abesse
1108 1447 1182 1468 con-

123 1474 233 1510 rigent,
251 1473 391 1504 firmatum
407 1474 488 1504 fuerit
500 1475 545 1504 vel
561 1476 644 1505 etiam
660 1475 841 1512 ordinatum,

160 1511 179 1530 *Ε
194 1511 300 1542 Dantes
322 1514 351 1542 in
372 1513 491 1543 solidum
509 1514 628 1551 eisdem,
647 1514 679 1543 &
699 1514 812 1544 cuilibet
832 1523 932 1544 eorum
945 1514 1102 1552 separatim,
1120 1514 1179 1552 ple-

121 1559 187 1578 nam
207 1551 240 1579 ὃς
260 1550 376 1580 liberam
396 1550 560 1590 potestatem
580 1551 715 1582 [metandi
740 1561 839 1588 pacem
860 1552 892 1582 ὃς
911 1552 1037 1583 firmandi
1052 1563 1130 1590 eim,
1149 1562 1179 1584 ut

119 1587 228 1626 dicisum
246 1588 303 1627 est,
320 1590 353 1619 &
373 1590 479 1626 iurandi
499 1591 528 1620 in
547 1591 669 1621 animam
681 1589 823 1628 nostram,
841 1591 873 1620 &
888 1590 1032 1630 obligandi
1044 1601 1092 1629 per
1103 1593 1178 1631 jura-

120 1635 278 1657 ramentum
299 1637 365 1663 nos,
384 1629 417 1659 &
437 1628 557 1659 haeredes
573 1628 698 1664 nostros,
724 1628 744 1658 fi
764 1628 884 1659 viderint
907 1628 1052 1668 expedire,
1069 1631 1103 1660 ad
1124 1630 1176 1660 ser-

120 1664 244 1695 vandum
264 1667 376 1703 omnia,
392 1676 455 1705 quae
475 1666 561 1697 iidem
582 1666 695 1697 Nuncii
717 1666 795 1705 super
815 1667 956 1704 praemiffis
976 1667 1104 1700 duxerint
1123 1679 1176 1707 pro

120 1703 203 1732 nobis
217 1704 249 1734 ὃ(
261 1704 417 1734 haeredibus
430 1703 529 1735 nostris
542 1704 693 1739 ordinanda
702 1728 711 1742 ,
729 1706 762 1735 &
778 1706 861 1735 etiam
877 1706 1070 1744 promittenda.

155 1740 189 1771 In
204 1742 282 1780 cujus
294 1743 334 1772 rei
348 1742 542 1774 testimoninm
556 1743 603 1774 has
617 1744 717 1774 litteras
733 1743 793 1773 fieri
806 1743 926 1774 fecimus
940 1752 1071 1782 patentes.

153 1816 242 1848 Teste
265 1819 370 1859 meipso
384 1820 456 1859 apud
470 1820 618 1860 Vaffirum,
635 1819 739 1851 ostavo
752 1819 798 1851 die
814 1820 968 1860 Februarii,
990 1831 1066 1852 anno
1080 1822 1175 1862 Regni

120 1855 209 1886 nostri
223 1857 364 1888 tricesimo
377 1859 490 1889 octavo.

186 1984 237 2015 De
252 1981 386 2014 adventu
403 1985 489 2029 Regis
505 1981 629 2026 Castellae
646 1993 748 2015 contra
764 1986 875 2029 Regem
893 1986 924 2014 in
943 1985 988 2016 Vlt
1003 1987 1096 2016 conia.

117 2064 297 2125 DOmino
309 2067 386 2107 Regi
403 2067 531 2107 Angliae,
549 2068 610 2100 &c.
626 2067 740 2108 Regina
753 2068 786 2098 ὃς
798 2067 956 2098 Richardus
968 2066 1078 2099 Comes
1093 2067 1171 2099 Cor-

201 2106 311 2143 nubiae,
329 2106 452 2136 salutem.

150 2144 323 2181 Recepimus
335 2145 434 2175 litteras
445 2143 545 2174 vestras
559 2143 592 2174 ad
608 2145 698 2174 natale
713 2143 833 2174 Domini
849 2145 974 2183 proxime
989 2146 1169 2185 praeteritum,

69 2189 76 2196 ·
111 2183 188 2220 quod
215 2183 246 2212 in
274 2183 396 2213 crastino
417 2183 501 2214 sanffl
526 2181 636 2212 Hillarii
662 2192 886 2213 convocaremus
907 2182 1143 2223 Archiepiscopos
1157 2208 1167 2222 ,

110 2222 264 2261 Episcopos
277 2244 287 2259 ,
304 2221 430 2252 Abbates
471 2220 580 2251 Priores
593 2243 604 2259 ‚
622 2220 751 2252 Comites
763 2244 772 2259 ,
791 2222 824 2252 &
844 2221 964 2251 Barones
987 2221 1082 2261 Regni
1106 2223 1168 2254 An-

109 2261 172 2299 gliae
191 2270 197 2290 :
236 2259 270 2290 ad
292 2244 499 2290 ostendensum
521 2260 558 2289 eis
579 2259 682 2290 statum
701 2259 842 2297 vestrum,
860 2260 893 2291 &
912 2258 1067 2291 adventum
1081 2260 1168 2301 Regis

111 2297 241 2329 Castellae
255 2299 284 2327 in
298 2297 467 2329 Vasconiam
482 2306 580 2328 contra
596 2307 655 2329 vos.
1048 2331 1051 2332 ⁷

148 2336 201 2375 Et,
220 2337 282 2376 quia
303 2337 421 2367 brevitas
440 2338 574 2377 temporis
594 2346 654 2366 non
674 2336 828 2374 patiebatur
844 2337 920 2374 quod
936 2335 1003 2366 dieti
1019 2334 1166 2375 Magnates

109 2375 143 2406 ad
158 2376 269 2406 distum
282 2374 356 2405 diem
372 2375 481 2415 possent
495 2375 651 2405 convenire
680 2376 845 2406 vocavimus
859 2375 970 2404 eosdem
983 2375 1054 2412 apud
1069 2376 1167 2406 West-

110 2413 310 2444 monasterium
326 2414 355 2443 in
370 2414 508 2454 quindena
522 2413 590 2443 dieti
608 2412 647 2442 Fe
673 2413 680 2441 i
696 2413 781 2443 sanCti
797 2413 914 2443 Hillarii.

148 2453 262 2490 Qubus
282 2453 466 2491 congregatis,
484 2452 517 2481 &
531 2450 657 2488 expositis
673 2452 712 2480 eis
723 2451 845 2481 adventu
859 2451 929 2481 dicti
945 2451 1032 2490 Regis
1044 2451 1077 2482 δε
1093 2452 1163 2482 statu

109 2490 230 2528 vestro,
262 2489 421 2528 responsum
443 2489 614 2527 recepimus,
631 2489 709 2526 quod
732 2488 865 2519 Comites
882 2490 915 2520 &
937 2488 1057 2519 Batones
1079 2499 1160 2520 erunt

109 2528 270 2558 Londoniae
289 2538 305 2558 a
326 2527 371 2558 die
389 2527 501 2558 Paschae
516 2528 648 2565 proximo
662 2527 760 2557 futurae
772 2528 800 2557 in
816 2536 868 2557 tres
879 2528 1058 2566 septimanas,
1077 2530 1164 2566 parati

107 2567 219 2597 indilate
238 2567 351 2597 tendere
363 2565 454 2596 versus
471 2565 679 2603 Por-tesmuam,
697 2565 828 2596 ascensuri
845 2576 926 2596 naves
939 2565 973 2595 ad
988 2567 1161 2597 veniendum

106 2613 236 2642 potenter
257 2606 286 2634 in
306 2604 462 2635 succursum
483 2603 624 2641 vestrum,
641 2613 739 2634 contra
753 2603 862 2633 dietum
879 2603 994 2640 Regem
1007 2604 1138 2637 Castellae
1156 2616 1162 2635 z

104 2643 135 2674 Si
150 2643 239 2674 dietus
253 2643 315 2673 Rex
331 2642 478 2680 Castellae,
496 2650 596 2672 contra
609 2652 660 2671 vos
674 2643 704 2672 in
719 2641 885 2672 Vasconiam
903 2643 934 2672 sit
948 2651 1087 2674 venturus.

139 2681 178 2713 Et
197 2682 254 2712 hoc
275 2681 461 2721 promiserunt
483 2679 590 2710 Comes
611 2680 779 2711 Gloverniae
793 2703 803 2719 ‚
834 2681 867 2711 &
887 2690 988 2711 ornnes
1009 2681 1054 2711 alii
1078 2681 1164 2722 Mag-

100 2730 187 2751 nates.

139 2759 274 2791 Praererefi
299 2757 530 2798 Archiepiscopus
552 2757 776 2796 CantuarienliS,
803 2756 917 2787 Elestus
938 2757 1162 2797 Wintonienfis,

101 2796 322 2837 Loudon'ienfis,
341 2798 375 2829 &
394 2798 437 2827 W
439 2797 590 2837 igornensis
613 2795 767 2835 Episcopi,
786 2795 973 2834 promiserunt
987 2796 1013 2826 se
1028 2798 1160 2836 persona-

98 2836 163 2866 liter
176 2838 209 2868 ad
227 2848 277 2867 vos
293 2836 450 2867 accessuros
465 2837 494 2866 in
509 2845 594 2866 manu
610 2835 686 2865 forti.

135 2874 175 2904 Et
195 2875 236 2906 alii
250 2875 385 2914 Episcopi
401 2875 434 2905 ὃς
450 2873 571 2903 Abbates
587 2873 698 2912 Angliae
713 2880 781 2903 tunc
795 2872 958 2910 praesentes,
974 2873 1159 2911 promiserunt

99 2913 178 2949 quod
193 2912 372 2944 efforcialiter
386 2913 468 2943 vobis
480 2912 659 2942 subvenirent
673 2911 709 2942 de
721 2912 839 2950 pecunia
854 2912 915 2949 sua,
935 2920 1035 2941 contra
1049 2912 1159 2942 dietum

101 2949 214 2989 Regem
227 2951 377 2989 Castellae;
393 2953 534 2981 summam
550 2955 645 2981 tamen
659 2958 728 2980 tunc
742 2950 897 2986 exprimere
911 2950 1076 2980 noluerunt:
1102 2951 1157 2981 Sed

99 2990 215 3027 quilibet
233 2989 347 3021 habebit
368 2989 523 3027 summam,
540 2999 624 3029 quam
639 2988 749 3019 daturus
762 2987 821 3025 est,
842 2987 1004 3018 Londoniae
1017 2989 1047 3018 in
1060 2991 1158 3019 termi-

98 3037 138 3057 no
181 3035 318 3058 raenotato
332 3051 341 3065 ,
359 3027 418 3057 hoc
439 3027 479 3057 est
492 3049 502 3064 ,
518 3037 534 3056 a
555 3027 600 3057 die
623 3026 735 3057 Paschae
757 3027 785 3056 in
807 3035 862 3056 tres
881 3026 1044 3064 septimanas
1057 3049 1067 3065 ,
1087 3028 1157 3058 ficut

98 3076 154 3096 con
183 3075 258 3096 anter
276 3066 462 3103 asseruerunt,
481 3065 502 3095 fi
521 3066 560 3095 ita
569 3065 602 3096 fit
615 3065 693 3104 quod
705 3065 796 3096 diet-us
817 3065 882 3095 Rex
907 3064 1038 3095 Castenae
1058 3075 1156 3097 contra

97 3114 148 3134 vos
164 3105 191 3134 in
207 3103 348 3135 Vasconia
359 3105 391 3135 sit
401 3112 543 3134 venturus.
603 3140 606 3142 ,

134 3142 190 3172 Sed
205 3143 240 3173 de
255 3141 374 3173 Clericis
386 3143 437 3173 suis
446 3142 553 3172 nullam
565 3142 649 3172 vobis
660 3142 810 3173 voluerunt
827 3141 917 3172 Facere
932 3142 1153 3182 conceffionem,

96 3189 213 3220 propter
229 3180 373 3211 decimam
394 3180 580 3220 colligendam
594 3203 605 3221 ,
635 3180 669 3211 ad
687 3191 758 3222 opus
777 3180 903 3212 vestrum
918 3203 928 3219 ,
953 3181 984 3210 in
1006 3181 1152 3212 subsidium

96 3219 198 3249 Terr-:e
212 3219 329 3258 saniiae,
347 3220 376 3248 in
389 3221 559 3256 proximum.

134 3256 202 3288 Nos
223 3266 308 3295 vero,
327 3266 394 3287 cum
418 3257 528 3296 Regina
548 3256 654 3295 vestra,
671 3257 706 3287 ad
726 3267 778 3288 vos
791 3259 934 3289 veniemus
948 3259 1023 3296 jux'ta
1037 3259 1151 3289 manda-

95 3303 156 3326 tum
174 3294 318 3326 vestrum:
351 3294 389 3325 Et
412 3295 561 3325 Edwardus
579 3295 649 3325 filius
669 3295 774 3334 vester,
793 3297 826 3327 δε
848 3296 956 3327 Beatrix
975 3296 1029 3326 filia
1042 3297 1149 3335 vestra,

93 3334 128 3364 &
147 3343 201 3373 ego
222 3334 301 3364 frater
323 3333 413 3363 vester
431 3332 590 3364 Richardus
608 3333 717 3364 Comes
737 3333 893 3365 Cornubiae
909 3335 990 3365 vobis
1005 3345 1066 3365 non
1079 3335 1148 3366 defi-

94 3374 185 3411 ciam3
201 3372 245 3403 sed
265 3373 298 3403 ad
313 3382 365 3402 vos
378 3372 490 3402 veniam
505 3380 572 3401 cum
587 3371 737 3410 potestate,
753 3372 788 3402 ad
804 3373 926 3403 vestrum
937 3373 1097 3413 profeCmm
1113 3375 1146 3404 ὃς

93 3411 234 3441 honorem
255 3419 374 3441 meum:
410 3408 450 3439 Ita
471 3410 547 3446 quod
567 3420 617 3440 vos
637 3409 669 3440 &
691 3409 826 3441 Haeredes
846 3412 948 3450 vestri,
966 3411 1038 3441 mihi
1058 3412 1146 3443 scietis

90 3458 196 3488 grates,
220 3449 286 3480 Deo
307 3449 405 3485 dante,
421 3449 646 3486 imperpetuum,
664 3447 682 3477 si
701 3447 792 3478 dietus
812 3449 874 3480 Rex
896 3448 1028 3480 Castellae
1046 3454 1144 3482 contra

90 3496 144 3519 vos
163 3489 192 3518 in
214 3487 348 3518 Vasconia
362 3486 394 3516 sit
409 3493 555 3523 venturuS,
572 3485 642 3516 sicut
659 3486 729 3516 mihi
744 3487 887 3518 mandatis.

127 3525 182 3565 Et,
201 3536 250 3564 per
270 3525 428 3556 Consilium
454 3524 588 3553 Dominae
609 3523 745 3563 Reginae‚
762 3525 796 3555 &
810 3526 927 3556 aliorum
939 3527 1145 3558 benevolorum

90 3564 265 3602 vestrorum,
284 3563 425 3595 dimittam
447 3561 583 3601 Regnum
601 3561 725 3592 vestrum
745 3562 855 3602 Angliae
875 3567 905 3595 in
920 3565 1003 3595 bonis
1017 3567 1146 3596 manibus

91 3604 126 3634 &
140 3601 282 3640 fidelibus,
300 3602 368 3633 Deo
381 3601 480 3639 dante,
497 3600 531 3630 ad
547 3599 671 3630 vestrum
686 3602 874 3632 commodum
886 3603 920 3633 &
933 3603 1082 3634 honorem.

127 3637 182 3679 Er,
200 3641 220 3671 fi
240 3641 324 3672 vobis
343 3641 450 3678 placet,
469 3640 502 3669 &
516 3638 627 3668 bonum
639 3638 781 3676 videatur,
798 3640 876 3678 quod
892 3641 1019 3672 Domina
1032 3641 1145 3681 Regina

91 3680 184 3710 veniat
210 3680 240 3710 in
265 3679 414 3710 communi
434 3677 557 3716 passagio
579 3676 750 3713 Magnatum
769 3677 802 3708 δε
824 3677 964 3709 Baronum
986 3680 1143 3711 vestrorum

90 3716 222 3755 Angli-ae,
239 3717 298 3748 hoc
319 3719 343 3747 ei
362 3715 529 3754 tempestive
553 3714 724 3754 fignificetis‚
743 3715 866 3758 siplacet
881 3726 887 3746 :
926 3717 971 3747 Ut
986 3718 1023 3748 fic
1043 3718 1076 3747 ad
1092 3729 1143 3749 vos

89 3764 157 3784 cum
178 3753 320 3786 Edwardo
334 3755 393 3786 filio
407 3754 519 3792 vestr0,
536 3754 569 3785 &
585 3753 709 3784 Beatrice
723 3751 777 3783 fiha
790 3753 895 3792 vestra,
911 3755 1028 3787 securius
1044 3757 1077 3787 &
1092 3757 1143 3788 de-

87 3792 194 3823 cennus
207 3795 304 3824 venire
317 3794 413 3824 valeat.

125 3830 233 3862 Volunt
260 3841 356 3863 autem
383 3830 488 3870 praefati
514 3830 623 3861 Praelati
644 3830 677 3860 &
697 3828 862 3873 Magnates·
896 3839 963 3862 ¹ante
984 3833 1138 3873 passagium

87 3866 184 3906 suum,
199 3870 232 3900 &
253 3870 385 3900 auxilium
404 3870 529 3901 dandum
564 3868 666 3898 habere
686 3867 786 3898 litteras
809 3852 910 3899 vestras
930 3879 1070 3909 patentes,
1090 3873 1140 3902 fibi

86 3905 122 3935 de
134 3905 270 3938 Vasconia
285 3909 446 3946 mittendas,
466 3892 547 3945 quod
557 3915 590 3936 ex
605 3905 730 3944 praesenti
745 3905 927 3937 subventione
941 3910 1022 3939 vobis
1037 3911 1140 3947 persol-

86 3943 194 3981 venda,
211 3945 244 3974 &
265 3947 294 3975 in
315 3948 395 3976 rebus
408 3947 547 3983 facienda,
565 3955 624 3974 non
639 3943 685 3974 fiat
700 3945 728 3974 in
743 3942 887 3980 posterum
900 3946 962 3985 ipsis
977 3947 1142 3978 successori-

86 3983 147 4049 buss't
157 3981 202 4012 seu
218 3980 374 4016 haeredibus
387 3984 440 4017 suis
451 3983 665 4023 praejudicium,
681 3990 813 4021 tempore
828 3983 918 4016 vestro
932 3985 978 4017 vel
991 3985 1138 4018 haeredum

85 4029 122 4051 ve
148 4028 254 4050 rorum.

118 4091 189 4119 Tm.
204 4091 228 4119 I.
245 4091 278 4119 P.
297 4091 322 4121 Ι,

1241 154 1716 224 PUBLICA
2220 194 2296 238 177

2317 251 2385 282 Ann
2406 246 2445 283 D.

2340 300 2423 330 1254..

2321 333 2382 355 ΗΛ.
2404 340 2430 365 3.

2217 356 2299 403 apud
2321 367 2447 402 *1,500·,

1240 346 1267 371 ἓ*
1280 349 1326 380 De
1345 347 1533 397 Obligatione
1553 355 1640 398 Regis
1657 351 1775 386 Abbati
1792 359 1828 393 (ῥ’
1848 358 2011 390 Conventa}
2031 356 2142 389 Sanslae

1697 402 1855 449 Burdegal.

1319 480 1396 513 EN.
1417 482 1474 513 Dei
1497 485 1598 523 gratia,
1616 484 1681 516 Rex
1699 485 1824 525 An‘rliae,
1842 488 1903 518 &c.
1923 488 2058 519 omnibus
2079 488 2113 519 ad
2134 500 2204 529 quos
2218 498 2290 529 prae-
2311 490 2363 515 ΛΦ
2381 489 2425 524 332

1314 519 1410 562 'sentes
1422 521 1522 552 litterae
1536 525 1730 561 pervenerint,
1747 513 1868 555 salutem.
2268 528 2271 530 ’
2309 529 2342 552 H.
2364 536 2387 562 3-

1272 555 1370 601 Scxatls
1390 559 1467 596 quod
1488 569 1617 591 tenemur
1637 561 1744 592 dileeris
1760 563 1840 592 nobis
1859 564 1887 592 in
1903 562 2020 593 Christo
2038 564 2141 596 Abbati
2156 566 2190 595 ὃς
2205 563 2287 595 Con-'
2311 567 2352 590 Ex
2372 570 2442 592 Bana

1234 604 1330 625 ventui
1348 596 1460 627 Sancte
1617 600 1690 637 apud
1713 599 1852 639 Burdegal.
1867 602 1895 630 in
1911 602 2050 632 trescenriz
2064 603 2168 634 Marcis
2181 603 2288 634 stanin·-
2308 602 2355 628 dss’l·
2373 603 2441 639 {nfra

1234 641 1358 670 gorum3
1377 645 1442 672 quas
1463 636 1577 667 dilestus
1599 638 1631 668 &
1645 637 1730 667 tidelis
1745 638 1840 668 noster
1849 639 1991 677 johannes
2003 640 2040 669 M
2049 641 2136 680 nsen,
2152 641 2287 678 Praepofi-
2310 642 2412 666 Turrim

1235 677 1278 713 tus
1296 671 1460 704 Beverlaciae
1479 675 1515 704 ab
1535 676 1572 705 εἷς
1590 685 1691 706 mutuo
1710 680 1814 714 recepit
1827 687 1878 715 pro
1893 679 2012 716 negotiis
2027 678 2126 709 nostris
2140 681 2287 717 expedien-
2307 678 2415 705 tondant

1235 709 1292 744 dis,
1307 711 1420 754 quando
1437 712 1498 754 alias
1510 714 1562 742 fuit
1573 714 1600 742 in
1615 714 1725 744 servitio
1739 715 1835 745 nostro
1848 717 1876 745 in
1893 716 2035 746 vasconia.

1273 746 1320 777 De
1342 750 1440 785 quibus
1451 750 1554 780 eisdem
1574 751 1675 782 Abbati
1691 753 1722 782 &
1740 751 1902 784 Conventui
1917 754 2064 786 reddemus
2078 764 2165 785 unam
2180 756 2286 786 medie-

1234 792 1336 852 tatlern,
1354 787 1389 816 ad
1411 787 1528 818 Festum
1547 789 1643 821 Sancti
1662 789 1823 831 Michaelis,
1841 801 1916 822 anno
1930 792 2024 832 Regni
2041 794 2128 824 nostri
2143 794 2285 824 tricesimo

1234 831 1347 853 ocavo.

1269 898 1357 943 Teste
1378 902 1484 945 meipso
1506 904 1578 941 apud
1598 905 1728 935 vasatum
1741 929 1750 945 ,
1777 907 1930 937 undecimo
1951 907 1997 938 die
2018 908 2183 945 Februarii,
2205 918 2283 938 anno

1232 935 1328 976 Regni
1341 939 1430 970 nostri
1444 942 1585 972 tricesimo
1597 943 1712 974 ostavo.

1230 1062 1325 1094 Carta
1343 1073 1399 1109 pro
1421 1063 1570 1097 Edvardo
1589 1069 1782 1113 primogenito
1805 1072 1910 1116 Regis,
1937 1070 1972 1102 de
1993 1072 2177 1116 completione
2192 1075 2281 1118 quin*

1413 1111 1509 1145 decim
1529 1114 1661 1145 millium
1686 1119 1874 1150 Alarcarum
1894 1130 1948 1163 per
1967 1130 2091 1152 annum.

1224 1193 1432 1255 HEnricus,
1448 1196 1504 1228 Dei
1521 1198 1620 1236 gratia,
1640 1198 1703 1230 Rex
1721 1200 1848 1239 Angli-ae,
1867 1200 2013 1231 Dominus
2026 1201 2190 1242 Hiberniae,
2209 1205 2278 1236 Dux
2300 1195 2375 1226 ΑΠΠ·
2389 1196 2430 1227 D·

1315 1235 1508 1278 Normanniae
1527 1238 1559 1266 &
1574 1237 1749 1276 Aquitaniae,
1765 1241 1799 1270 &
1812 1238 1921 1269 Comes
1937 1240 2127 1278 Andegaviae,
2143 1245 2276 1274 omnibus
2321 1244 2403 1274 1254·

1222 1272 1329 1303 Christi
1343 1273 1483 1312 fidelibus,
1501 1275 1646 1312 praesentes
1658 1277 1757 1307 litteras
1770 1277 1863 1307 visuris
1876 1279 1920 1308 vel
1935 1278 2082 1315 audituris,
2101 1279 2224 1309 salwem.
2294 1276 2345 1300 ⁴4²⁷·
2383 1275 2428 1310 33-

1256 1311 1354 1342 Sfiatis
1374 1313 1451 1352 quod
1471 1312 1656 1343 conceffimus
1675 1315 1835 1353 Edwardo,
1853 1315 1911 1345 filio
1923 1316 2022 1346 nostro
2035 1318 2227 1355 primogenito
2241 1319 2274 1349 &
2295 1315 2330 1340 H.
2347 1321 2372 1347 3-

1220 1347 1353 1388 Haeredi,
1369 1351 1463 1388 quod,
1480 1351 1498 1381 fi
1512 1359 1581 1381 terra
1595 1351 1758 1392 Vaseoniae,
1778 1355 1810 1385 δε
1823 1354 1883 1384 alise
1895 1363 1992 1391 terrae,
2011 1364 2089 1394 quas,
2106 1365 2153 1392 per
2167 1365 2274 1386 cartam
2294 1352 2324 1376 L·
2348 1353 2377 1376 B.
2397 1348 2429 1386 f·

1219 1388 1363 1425 nostram,
1383 1390 1408 1418 ei
1428 1389 1556 1419 dedimus
1578 1391 1607 1419 in
1629 1390 1783 1429 Hibernia,
1799 1394 1833 1423 &
1847 1392 1964 1431 Anglia,
1980 1394 2013 1423 ὃς
2027 1394 2109 1431 alibi,
2125 1403 2184 1423 non
2200 1393 2274 1424 suffi—
2297 1395 2358 1413 ²¹²·

1219 1427 1292 1457 ciant
1311 1427 1346 1457 ad
1361 1427 1586 1464 completionem
1600 1429 1763 1466 quindecim
1778 1431 1898 1460 millium
1913 1430 2077 1461 Marcarum
2090 1441 2138 1471 per
2149 1442 2256 1462 annum
2261 1455 2272 1472 ,
2291 1430 2358 1459 penes
2373 1428 2424 1453 Can*

1218 1465 1251 1494 &
1270 1466 1393 1495 invenire
1416 1466 1550 1505 possimus
1569 1467 1668 1506 aliquas
1688 1477 1769 1499 terras
1787 1469 1816 1498 in
1833 1478 1919 1499 manu
1933 1469 2048 1507 nostra,
2069 1480 2133 1507 quae
2148 1480 2207 1500 non
2221 1472 2272 1503 sint
2292 1472 2382 1490 merar.

1216 1503 1252 1532 de
1271 1503 1436 1534 Dominico
1450 1503 1578 1534 Coronae
1593 1505 1712 1545 nostrae,
1731 1516 1781 1536 nos
1796 1507 1941 1537 defeetum
1955 1509 2023 1537 illius
2039 1509 2160 1538 summae
2177 1509 2271 1540 eidem
2291 1505 2402 1527 smum

1215 1540 1358 1572 Edwardo
1371 1542 1560 1580 supplebimus
1573 1544 1604 1572 in
1618 1544 1721 1574 eisdem
1739 1546 1833 1584 terris,
1848 1547 1868 1576 fi
1879 1545 2023 1576 sufficiant.

1252 1580 1283 1610 Si
1299 1590 1368 1610 vero
1385 1581 1543 1618 hujusmodi
1556 1590 1638 1612 terras
1649 1583 1682 1612 ad
1696 1583 1812 1620 praesens
1826 1593 1885 1613 non
1901 1584 2050 1614 habeamus
2060 1607 2068 1622 ,
2083 1593 2130 1615 aut
2144 1596 2202 1615 non
2216 1585 2271 1616 suf-

1214 1617 1326 1656 ficiant,
1345 1629 1398 1649 nos
1411 1621 1440 1650 in
1458 1621 1592 1650 omnibus
1599 1620 1702 1689 Cprimis
1716 1621 1848 1660 Wardis,
1863 1632 1949 1662 quam
1967 1624 2049 1653 citius
2063 1625 2144 1653 nobi<
2159 1626 2270 1655 accide-

1212 1658 1285 1695 rint,
1301 1658 1326 1686 ei
1347 1657 1523 1695 perficiemus
1541 1669 1598 1698 quo
1639 1659 1769 1699 supererit
1788 1661 1825 1690 de
1845 1660 2003 1698 supradietis
2026 1661 2191 1698 quindecim
2208 1664 2270 1693 inil-

1210 1695 1282 1725 lium
1305 1695 1470 1727 Marcarum
1485 1705 1564 1727 terrae
1576 1720 1585 1735 ,
1603 1698 1696 1728 donec
1710 1700 1793 1728 nobis
1808 1700 1960 1730 acciderint
1974 1708 2110 1739 excaerae,
2128 1701 2157 1731 in
2169 1703 2270 1740 quibus

1213 1733 1369 1772 hujusmodi
1385 1736 1632 1773 complementum
1646 1737 1696 1767 fibi
1709 1737 1803 1767 facere
1815 1737 1969 1775 possimus,

1257 1775 1290 1802 ln
1318 1775 1395 1812 cujus
1422 1775 1460 1804 rei
1477 1774 1672 1805 testimonium
1693 1775 1870 1813 praesentibus
1891 1776 1984 1806 litteris
2009 1786 2128 1813 parvum
2148 1777 2267 1818 figillum

1211 1808 1357 1849 nostrum,
1376 1822 1434 1850 quo
1448 1813 1554 1843 utimur
1567 1814 1596 1842 in
1611 1813 1775 1852 W'asconia,
1793 1813 1925 1845 duximus
1936 1814 2145 1854 apponendum.

1247 1888 1460 1958 {estegmeipsp
1479 1888 1553 1927 apud
1576 1888 1726 1920 Vascatum
1739 1913 1748 1929 ‚
1769 1891 1803 1920 18
1823 1890 1869 1921 die
1890 1890 2058 1929 Februarii,
2075 1901 2152 1922 anno
2174 1892 2269 1931 Regni

1210 1937 1250 1957 no
1278 1936 1331 1967 τις
1356 1952 1361 1957 .

1209 2056 1303 2086 Csrra
1323 2065 1377 2100 pro
1400 2053 1557 2087 Edwardo
1580 2058 1772 2101 primogenito
1801 2058 1886 2103 Regis
1906 2083 1915 2096 ,
1947 2055 1983 2088 de
2008 2054 2171 2099 concejffione
2199 2069 2262 2089 om->

1254 2106 1339 2134 nium
1359 2113 1512 2135 terrarum
1533 2112 1587 2148 per
1613 2105 1703 2149 Reges
1732 2106 1863 2137 Francis
1885 2103 2060 2137 ablatarum
2080 2108 2111 2137 in
2125 2104 2263 2151 partibus

1254 2151 1475 2196 traqcfhzarinis.

1206 2235 1415 2298 HEnricus,
1433 2236 1490 2268 Dei
1503 2239 1608 2276 gratia,
1627 2237 1692 2268 Rex
1706 2238 1834 2278 Angliae,
1849 2238 1993 2270 Dominus
2006 2238 2171 2277 Hiberniae,
2192 2238 2262 2269 Duri
2284 2240 2360 2272 Ann,
2374 2234 2416 2273 D,-

1295 2275 1486 2306 Normanniae
1508 2277 1541 2307 &
1563 2277 1723 2314 Aquitani-ae
1737 2300 1747 2316 ,
1771 2279 1804 2308 &
1825 2277 1932 2307 Comes
1953 2278 2125 2317 Andegiviae
2139 2300 2149 2315 ,
2166 2279 2262 2308 omni-
2309 2289 2392 2319 1254.

1206 2315 1256 2344 bus
1278 2313 1385 2344 Christi
1405 2314 1548 2354 fidelibus,
1562 2316 1706 2356 praelentes
1727 2316 1827 2348 litteras
1850 2315 1944 2347 visuris
1964 2317 2009 2347 vel
2025 2316 2174 2355 audituris,
2192 2316 2259 2347 salu-
2279 2322 2331 2347 An.
2354 2321 2398 2356 38.

1205 2362 1273 2383 tem-
2280 2362 2315 2384 H.
2336 2368 2359 2389 z.

1240 2391 1339 2422 Sciatis
1360 2401 1412 2421 nos
1430 2399 1525 2422 totum
1542 2393 1586 2430 jus
1609 2393 1642 2423 &
1664 2393 1816 2430 clamium,
1835 2391 1911 2432 quod
1924 2392 2089 2432 habuimus,
2108 2393 2151 2423 vel
2166 2393 2258 2432 aliquo
2282 2400 2312 2423 L.
2330 2391 2360 2423 Β.
2370 2395 2398 2433 f.

1203 2430 1294 2460 modo
1313 2429 1415 2460 habere
1435 2432 1578 2468 potuimus
1598 2432 1629 2461 in
1647 2432 1781 2462 omnibus
1800 2431 1896 2462 Terris
1908 2455 1918 2470 ,
1936 2431 2106 2462 Civitatibus
2149 2431 2262 2471 Burgss,
2284 2443 2345 2461 220.

1203 2468 1322 2505 Castris,
1339 2468 1373 2498 &
1393 2469 1526 2499 omnibus
1547 2470 1604 2500 aliis
1624 2469 1692 2500 locis
1711 2471 1870 2509 occupatis,
1886 2475 1929 2500 seu
1950 2470 2077 2509 quolibet
2098 2454 2151 2500 al'io
2171 2471 2261 2501 modo
2283 2475 2413 2500 Penescaes

1201 2506 1298 2536 ablatis
1317 2507 1541 2544 progenitoribus
1557 2507 1680 2545 nostris,
1704 2508 1738 2538 &
1758 2508 1842 2538 nobis
1864 2518 1912 2545 per
1934 2508 2027 2546 Reges
2047 2509 2172 2539 Franciae
2186 2531 2196 2546 ,
2217 2509 2261 2538 seu
2282 2520 2375 2537 mcrar.

1201 2545 1382 2583 quoscunque
1400 2546 1484 2583 alim,
1503 2547 1571 2575 citra
1593 2555 1669 2576 mare
1688 2556 1863 2586 quacumque
1876 2546 1912 2576 de
1925 2548 2019 2586 causa,
2036 2549 2067 2577 in
2081 2547 2215 2577 dilectum
2230 2546 2263 2577 fi-
2281 2552 2396 2577 διακαῆ-

1201 2583 1272 2613 lium
1286 2583 1416 2614 nostrum
1430 2583 1601 2614 Edwardum
1615 2583 1779 2614 transtuhfle
2217 2615 2220 2616 s

1240 2621 1278 2651 Ita
1303 2622 1380 2659 qnod
1398 2622 1503 2652 nullam
1523 2622 1628 2652 amodo
1649 2623 1685 2652 de
1706 2623 1773 2660 hiis,
1791 2623 1847 2652 sive
1872 2622 1908 2652 de
1921 2623 2012 2662 aliqua
2027 2632 2104 2661 parte
2116 2623 2261 2662 praedieta-

1200 2669 1263 2690 rum
1287 2669 1421 2690 terrarum
1434 2684 1444 2699 ,
1463 2659 1619 2690 Civitatum
1634 2683 1644 2699 ,
1661 2661 1817 2700 Burgorum
1832 2684 1841 2699 ,
1866 2660 2032 2692 Castrorum
2046 2685 2055 2700 ,
2074 2664 2106 2693 &
2127 2663 2262 2693 omnium

1199 2698 1316 2728 aliorum
1336 2698 1426 2730 facere
1485 2698 1579 2729 ssimus
1601 2700 1725 2737 quietam
1746 2700 1968 2736 clamationem‚·
1995 2701 2032 2730 set
2051 2701 2099 2740 ipsi
2119 2700 2262 2732 Edwardo

1200 2738 1234 2766 δε
1252 2736 1408 2769 haeredibus
1443 2738 1497 2775 uis,
1523 2747 1590 2768 cum
1613 2747 1645 2767 ea
1664 2737 1835 2777 adquisierit,
1854 2748 2016 2769 remaneant
2031 2739 2059 2769 in
2075 2747 2259 2781 perpetuum,

1199 2785 1254 2805 una
1270 2785 1338 2806 cum
1351 2775 1503 2806 wasconia
1519 2786 1601 2815 quam
1615 2777 1640 2806 ei
1656 2778 1728 2814 prius
1741 2776 1913 2807 dederamus.

1236 2813 1269 2843 In
1290 2814 1367 2851 cujus
1385 2816 1424 2844 rei
1448 2814 1640 2844 testimonium
1660 2814 1840 2852 praesentibus
1852 2825 1968 2852 parvum
1983 2815 2098 2855 sigillum
2112 2816 2260 2855 nostrum,

1198 2862 1256 2892 quo
1272 2854 1376 2883 utimur
1390 2854 1420 2882 in
1433 2851 1601 2891 Wasconia,
1619 2852 1750 2884 duximus
1763 2855 1972 2894 apponendum.

1196 2928 1320 3006 str'irgsgle
1335 2929 1442 2968 meipso
1454 2929 1527 2968 apud
1541 2927 1691 2968 vasatum,
1711 2930 1746 2961 18
1763 2930 1808 2961 die
1822 2930 1983 2970 Februarii,
2000 2941 2077 2961 anno
2093 2930 2191 2971 Regni
2204 2936 2259 2963 no:

1238 3085 1265 3118 ²)ss
1275 3089 1467 3127 Mandatum
1486 3085 1616 3126 Ricardo
1633 3093 1669 3127 de
1685 3096 1760 3142 Grq
1780 3092 1861 3140 quod
1871 3087 2012 3140 ftistnam
2031 3094 2208 3141 Insitlarum
2275 3098 2324 3132 'L
2338 3105 2408 3141 551:

1425 3142 1510 3175 daret
1531 3140 1688 3175 Edwardo
1705 3147 1898 3189 primogenito
1920 3147 2016 3190 Regis.

1188 3227 1398 3286 HEnricus,
1417 3227 1474 3258 Dei
1486 3228 1588 3266 gratia,
1606 3225 1670 3257 Rex
1684 3227 1812 3267 Angliae‚
1831 3227 1976 3258 Dominus
1991 3228 2158 3268 Hiberniae,
2177 3223 2247 3261 Dux
2268 3228 2343 3268 Am
2359 3229 2404 3269 D,-

1280 3266 1469 3297 Normanniae
1491 3267 1524 3296 ὃ(
1546 3266 1742 3304 Aquitanniae,
1760 3267 1793 3297 ὃς
1813 3265 1922 3297 Comes
1935 3267 2122 3307 Andegaviae,
2140 3269 2246 3299 dileeto
2287 3284 2373 3316 1254·

1187 3307 1220 3337 ὃς
1234 3305 1307 3337 fideli
1320 3306 1370 3336 suo
1385 3303 1510 3335 Ricardo
1524 3303 1559 3333 de
1575 3304 1670 3344 Grey,
1690 3303 1814 3335 salutem.
2082 3334 2085 3337 ,
2265 3317 2318 3342 Am,
2337 3316 2384 3352 33..

1224 3345 1321 3375 Sciatis
1335 3344 1411 3382 quod
1424 3342 1550 3372 dedimus
1565 3343 1597 3373 ὅτ
1611 3342 1816 3380 conceffimus,
1835 3353 1882 3382 per
1899 3343 2013 3374 Cartam
2029 3342 2170 3382 nostram,
2187 3343 2245 3374 Ecl-
2265 3357 2299 3379 H.
2321 3356 2347 3389 3,

1185 3383 1302 3420 wardo,
1320 3382 1378 3412 filio
1398 3380 1496 3412 nostro
1518 3381 1709 3420 primogenito
1723 3402 1733 3420 ,
1751 3382 1783 3411 &
1803 3381 1922 3418 haeredi,
1940 3381 2058 3419 Insulas,
2078 3392 2143 3419 quas
2163 3384 2244 3414 vobis
2263 3384 2402 3431 Lib.A.f.·

1185 3421 1378 3452 commisimus
1393 3419 1603 3456 custodiendas,
1620 3429 1687 3450 cum
1701 3421 1833 3450 omnibus
1846 3420 2024 3458 pertinentiis.
2266 3439 2295 3456 2¹
2304 3439 2328 3456 2,
2344 3441 2370 3458 a.

1221 3462 1276 3489 TE
1284 3461 1318 3489 N
1322 3461 1348 3488 E
1356 3460 1390 3488 N
1395 3460 1466 3488 DA
1473 3460 1490 3486 S
1515 3457 1548 3487 ὃς
1573 3457 1712 3488 habendas
1731 3458 1782 3488 fibi
1801 3458 1834 3489 &
1855 3457 2008 3488 haeredibus
2025 3457 2078 3488 suis
2096 3458 2126 3488 in
2145 3466 2244 3500 perpes
2261 3472 2332 3495 Penes
2346 3471 2400 3497 ωας

1185 3506 1339 3567 tmlJEriLideo
1362 3535 1444 3565 vobis
1457 3532 1620 3564 mandamus
1633 3534 1727 3572 quod,
1744 3534 1825 3563 omni
1838 3533 1970 3563 dilatione
1990 3534 2024 3567 ὃς
2037 3525 2188 3565 occasione
2203 3537 2246 3566 re·
2263 3515 2379 3573 aggf„-

1185 3576 1287 3612 motis,
1305 3573 1383 3603 dicto
1406 3572 1568 3609 Edwardo,
1583 3572 1627 3602 vel
1648 3581 1727 3602 certo
1749 3573 1806 3609 ejus
1814 3581 1978 3613 ¹attornatO,
1998 3572 2044 3602 has
2058 3572 2157 3604 litteras
2169 3572 2247 3609 defe-

1184 3614 1272 3649 renti,
1291 3613 1402 3650 plenam
1427 3609 1546 3640 seilinam
1562 3610 1754 3654 praediCtarum
1769 3609 1922 3639 Insularum
1934 3619 2001 3639 cum
2015 3611 2147 3642 omnibus
2161 3614 2248 3651 perti-

1183 3651 1285 3681 nentiis
1299 3650 1350 3680 suis
1365 3649 1466 3679 habere
1479 3648 1591 3678 faciatis.
1662 3678 1665 3680 ,

1222 3689 1254 3719 In
1278 3690 1354 3727 cujus
1377 3688 1417 3717 rei
1441 3686 1636 3717 testimonium
1661 3686 1710 3716 has
1729 3685 1828 3717 litteras
1851 3685 1957 3716 nostras
1977 3685 2036 3718 fieri
2055 3686 2176 3719 fecimus
2197 3695 2246 3728 pa.-

1182 3737 1277 3758 tentes.

1219 3803 1307 3834 Teste
1326 3803 1432 3839 meipso
1453 3799 1527 3838 apud
1542 3798 1704 3839 Vassatum,
1719 3799 1835 3831 decimo
1847 3809 1948 3841 quarto
1958 3800 2004 3833 die
2019 3796 2177 3843 Februarii,
2193 3806 2243 3836 {ms

1182 3853 1223 3874 no
1238 3842 1334 3881 Regni
1350 3840 1439 3872 nostri
1454 3837 1595 3870 tricesimo
1610 3839 1722 3870 ostavo.
