2570 4261
234 146 312 173 110

684 112 1497 166 CONVENTIONES,
1551 112 1940 164 LITERAE,

89 217 165 250 Anii.
177 215 216 246 D.
230 215 366 249 omnibus
385 213 442 245 aliis
463 211 569 245 Ballivis
589 213 622 244 ὃς
641 209 769 241 fidelibus
783 208 888 248 Regis,
906 206 940 238 ad
954 216 1026 245 quos
1036 204 1180 245 pra-finies
1193 202 1294 232 litterae
1332 200 1484 244 ghgemes,
1503 208 1606 230 eorum
1619 200 1774 239 supplendo
1788 199 1952 237 descitum,
1967 196 2271 228 excommunicationis
2284 195 2393 228 senten·
2411 199 2488 231 Ann.
2499 200 2549 236 D}

106 264 192 295 1231.
225 258 419 296 per-venerint,
445 251 522 290 quod
543 250 604 287 ipsis
627 247 855 285 Archidiacono,
879 246 968 284 Adae,
993 247 1026 276 δε
1048 242 1159 281 David,
1176 241 1210 271 ad
1229 250 1291 282 par-
1329 247 1414 277 tiam,
1433 247 1520 276 quam
1533 238 1572 268 illi
1585 239 1697 276 poffent
1711 239 1874 270 au&ontate
1888 238 2001 275 propria
2014 235 2329 275 promulgare-‚sublato
2344 246 2393 274 ap-
2432 248 2518 279 1231.

87 296 150 322 Hm·
171 303 197 338 35
234 334 283 364 tris
297 357 306 370 ,
330 333 363 362 ὃς
382 329 473 359 litteris
491 326 572 363 ipsius
591 325 727 362 Principis
741 347 750 363 ,
771 322 910 361 praeditho
927 321 974 352 die
990 319 1091 352 Martis
1105 318 1229 349 venturis
1247 326 1293 347 us-

234 381 292 409 que
310 369 466 405 Salopiam,
489 365 555 394 illuc
573 363 731 401 veniendo,

235 407 364 439 cedendo
376 429 386 443 ,
412 403 523 434 nullum
541 402 643 433 faciant
660 400 899 441 impedimentum
913 423 923 437 ,
954 398 1111 436 dampnum
1134 403 1179 425 aut
1198 402 1295 433 grava-

235 457 310 477 men.

272 484 306 514 ln
319 482 413 521 cujus,
430 479 492 511 &c
511 477 571 510 fieri
583 479 710 511 fecimus.

269 557 361 589 Teste
375 557 458 598 Rege
471 556 545 597 apud
554 556 753 596 wigorniam,
770 553 907 586 vicesimo
923 550 1040 589 septimo
1053 547 1100 578 die
1111 546 1193 578 Maii.

322 692 380 723 Pro
400 686 576 739 Hybernicis
591 685 672 733 quod
685 685 840 730 lellenfi’s
851 695 904 731 pro
914 681 987 729 poffl’
1000 688 1212 728 expugnarent·

89 783 167 814 Αῃῃ,
180 782 219 813 D,
239 774 357 837 REX
375 775 414 805 R.
432 773 469 804 de
482 773 576 813 Burgo
586 771 746 811 justiciario
759 770 910 801 Hibemiae
920 767 1042 798 salutem.

110 831 193 861 1231,
339 814 434 881 (Qisi'a,
459 812 528 842 sicut
548 812 610 841 alias
631 811 714 840 vobis
732 808 965 848 significavimus,
991 803 1152 836 Lewelinus
1171 802 1301 846 nequiter

87 865 129 890 Aa
161 870 203 896 ¹5·
238 861 302 891 erga
315 862 366 882 nos
389 862 404 881 e
416 850 513 890 gessit,
530 850 564 880 ὅς
577 848 781 886 fraudulenter,
799 849 833 878 &
849 846 971 883 dampna
985 854 1045 874 non
1061 842 1192 880 modica,
1209 842 1242 872 &
1262 850 1300 869 ir-

88 905 123 927 H.
146 909 172 935 3.
237 890 395 928 reparabilia
413 889 495 919 nobis
515 889 549 919 &
573 887 674 917 nostris
693 886 801 917 intulit:
821 886 849 914 in
864 883 1000 915 Ecclesias
1013 880 1128 920 &jura
1144 878 1241 923 nostra
1262 879 1300 922 ir—

88 942 146 969 fat,
162 946 202 971 ¹5·
236 939 333 968 ruere,
351 929 385 960 &
406 937 449 958 eas
469 927 585 965 spoliare
607 935 667 956 non
688 934 836 962 metuens,
851 922 944 954 caedes
961 922 1045 952 etiam
1068 921 1101 952 &
1120 917 1251 950 incendia
1271 926 1300 946 in

88 982 114 1006 fl
135 986 160 1011 3,
168 985 221 1004 Μ,
236 977 305 998 terra
319 967 413 997 nostra
424 963 652 1002 committendo,
1154 996 1160 1002 ι
1257 994 1263 1000 ⁴

275 1006 403 1037 Ulterius
414 1003 581 1034 dissimulare
595 1013 655 1033 non
669 1002 794 1032 valemus
809 1002 876 1039 quin
892 1001 922 1030 in
941 998 1032 1037 ipsum
1053 995 1234 1027 Lewelinum
1255 1003 1299 1023 in-

237 1045 392 1083 surgamus,
409 1052 554 1081 tamquam
566 1043 715 1072 inimicum
728 1039 858 1070 nostrum
874 1037 1036 1076 capitalem,
1048 1036 1083 1066 ad
1095 1032 1298 1076 vindicandum

235 1083 365 1123 Ecclefias
388 1080 426 1117 &¹
441 1082 511 1120 jura
530 1080 626 1111 nostra
645 1080 682 1109 de
701 1079 829 1118 dampnis
855 1078 889 1108 ὃς
904 1077 1007 1115 injuriis
1020 1084 1086 1113 quas
1099 1074 1134 1103 ab
1147 1072 1207 1110 ipso
1220 1069 1300 1101 susti—

236 1123 365 1158 nuinius;
384 1120 459 1150 unde
467 1121 526 1158 jam
540 1118 697 1150 convocari
708 1117 827 1148 fecimus
840 1116 997 1146 exercitum
1010 1113 1140 1143 nostrum
1150 1136 1160 1150 ,
1169 1110 1299 1154 adfines·

237 1170 297 1189 ram
318 1161 343 1190 ei
365 1158 556 1195 movendam,
580 1158 613 1188 &
633 1156 667 1187 ad
686 1155 864 1186 inferendum
887 1155 914 1184 ei
933 1154 966 1184 &
986 1160 1068 1182 terrae
1090 1151 1144 1181 suae
1164 1146 1300 1187 quicquid

236 1199 354 1236 dampni
365 1199 522 1235 poterimus
537 1197 570 1227 ὃς
585 1194 732 1226 molestiae.
1202 1226 1207 1231 .

277 1236 315 1267 Et
329 1236 394 1266 idco
408 1237 490 1266 vobis
504 1234 669 1265 mandamus
682 1235 711 1263 in
732 1232 804 1270 fide,
822 1241 877 1269 qua
895 1231 978 1261 nobis
1000 1228 1153 1265 tenemini,
1170 1225 1240 1256 scire
1259 1224 1300 1268 fa-

236 1277 313 1307 ciatis
324 1274 458 1305 omnibus
473 1274 539 1311 illis,
557 1273 593 1303 de
605 1272 677 1303 terr&
691 1271 786 1302 nostr&⁴
809 1270 974 1306 Hiberniae,
993 1269 1042 1306 qui
1062 1275 1166 1298 terram
1188 1273 1301 1302 perqui-

237 1324 298 1345 rere
307 1313 449 1346 voluerint
462 1314 491 1342 in
506 1312 627 1348 W'allia,
643 1311 675 1341 &
692 1309 805 1348 publice
818 1308 949 1346 clamari,
965 1316 999 1337 ex
1013 1313 1090 1344 parte
1102 1300 1300 1340 nostra,quod

238 1353 352 1390 secure,
368 1353 402 1384 &
418 1353 447 1381 in
463 1360 549 1381 manu
562 1349 628 1380 forti
643 1349 757 1379 veniant
768 1348 798 1377 in
812 1346 916 1377 Wallia
928 1345 1019 1376 versus
1033 1353 1096 1379 nos;
1116 1346 1159 1372 ita
1172 1341 1245 1381 quod
1250 1338 1300 1379 sa-

239 1399 338 1428 tagant
354 1391 380 1419 in
396 1390 497 1428 quibus
509 1389 625 1426 amplius
642 1387 762 1426 possint,
780 1385 949 1424 praedietum
963 1383 1126 1415 Lewlinum
1139 1388 1251 1421 gravare
1265 1378 1301 1408 ad

237 1430 327 1468 ipsum
340 1427 565 1467 expugnandum.

277 1467 314 1498 Et
334 1476 387 1496 nos
407 1467 445 1496 eis
466 1465 658 1496 concedemus
679 1463 774 1503 quod,
801 1461 936 1501 quicquid
956 1467 1089 1500 poterunt
1109 1459 1189 1496 super
1211 1455 1300 1494 ipsum

238 1506 402 1537 Lewlinum
422 1505 456 1535 &
476 1504 545 1534 alios
564 1499 711 1533 Walenses
733 1502 891 1540 complices
912 1501 974 1531 suos
997 1499 1173 1538 perquirere,
1191 1496 1251 1526 tam
1271 1495 1301 1524 in

236 1546 330 1581 terris,
348 1544 437 1581 quam
455 1541 530 1580 aliis,
549 1550 645 1573 totum
666 1543 704 1572 eis

237 1583 420 1613 firmabimus.

277 1621 316 1652 Et
337 1619 371 1650 ad
393 1620 450 1651 hoc
468 1628 587 1657 omnes,
606 1628 677 1657 quos
693 1617 832 1656 poteritis,
849 1615 997 1654 diligenter
1011 1615 1046 1646 δε
1058 1612 1210 1645 efficaciter
1220 1610 1304 1642 indu-

240 1661 309 1692 catis
318 1683 328 1699 ‚
346 1660 382 1689 ita
396 1657 475 1697 quod
487 1657 629 1698 diligentia
641 1657 731 1687 vestra
747 1663 882 1694 appareat.

277 1697 310 1729 In
328 1698 424 1737 cujus,
441 1698 501 1729 &c
521 1697 604 1728 vobis
622 1697 770 1726 mittimus.

277 1775 368 1807 Teste
380 1775 465 1815 Rege
475 1775 548 1814 apud
563 1773 703 1806 Windles.
722 1772 859 1805 vicesimo
872 1770 974 1809 quinto
989 1769 1034 1800 die
1044 1768 1130 1807 Junii.

240 1910 292 1943 De
309 1921 365 1941 non
378 1906 663 1941 excommunicando
673 1933 682 1948 ,
698 1905 763 1949 sine
779 1904 869 1949 causa
884 1900 1042 1948 manifesta
1052 1929 1062 1946 ,
1087 1899 1302 1949 Justiciarios,

519 1960 555 1991 V
552 1958 714 1989 icecomites
731 1957 768 1992 ὠ·
788 1953 910 1986 Balivos
926 1955 1024 2000 Regis.

90 2056 168 2088 Am,
179 2054 220 2086 D,
240 2044 458 2107 GRegorius
474 2043 646 2089 Episcopus,
664 2041 756 2073 servus
770 2039 915 2084 servorum
930 2037 1006 2076 Dei,
1023 2036 1228 2082 venerabilibus
1249 2035 1304 2080 fra-

117 2104 202 2135 1231⁴
326 2085 412 2115 tribus
426 2082 649 2120 Archiepiscopis
658 2082 709 2119 ,δε
724 2078 868 2117 Episcopis
877 2087 942 2116 ,per
955 2076 1089 2117 Angham
1103 2075 1303 2107 &Yberniarn

91 2139 145 2163 An,
164 2143 207 2170 ¹5-
241 2122 417 2160 constitutis,
435 2122 550 2152 salutern
566 2121 599 2151 &
616 2118 812 2158 Apostolicam
827 2115 1068 2148 benedictionem.

93 2178 127 2200 H.
151 2182 177 2209 3,
279 2160 359 2191 Cum
381 2158 683 2205 excommunicationis
704 2157 835 2200 sententia
855 2154 1028 2186 medicinalis
1048 2154 1080 2199 sit
1100 2153 1219 2197 gladius,
1243 2162 1303 2192 quo

92 2215 131 2239 Ex
148 2215 206 2239 Au·
243 2198 387 2239 pungendi
400 2199 480 2238 sunt,
498 2208 570 2236 quos
585 2196 733 2235 aliquando
745 2193 895 2233 poenitudo
909 2203 969 2223 non
984 2201 1100 2232 pungit,
1113 2191 1305 2223 sustinendum

90 2257 157 2286 rw,
243 2244 305 2268 non
328 2237 369 2268 est
390 2239 468 2275 quod
490 2237 631 2275 plerique,
649 2233 809 2265 sacerdotali
832 2231 1028 2263 moderatione
1042 2230 1211 2270 postposita,
1231 2229 1306 2268 quasi

243 2277 338 2307 lucem
351 2277 494 2314 tenebras,
513 2277 547 2307 &
560 2275 672 2304 bonum
686 2272 792 2303 malum
806 2280 942 2309 ponentes
951 2295 960 2309 ,
975 2269 1174 2301 innocentibus
1188 2278 1306 2300 excom-

241 2316 440 2346 municationis
461 2323 578 2353 poenam
597 2312 743 2352 infligunt,
763 2320 867 2348 quam,
891 2319 960 2340 cum
982 2310 1095 2340 interim
1110 2307 1212 2346 judicis
1231 2307 1305 2337 arbi-

243 2356 332 2385 trium
346 2363 406 2384 non
422 2354 566 2391 sequatur,
583 2351 723 2390 contingit
734 2349 829 2380 haberi
845 2348 1041 2386 contemptui,
1059 2347 1092 2378 ὅτ.
1111 2345 1239 2384 dissolvi,
1256 2355 1306 2383 per

240 2392 433 2431 consequens,
452 2401 574 2422 nervum
588 2388 781 2420 ecclefiasticae
794 2386 955 2425 disciplinae.

281 2431 326 2461 Ex
344 2440 422 2469 parte
443 2429 580 2468 siquidem
600 2427 731 2458 carissimi
749 2429 778 2457 in
794 2425 912 2457 Christo
932 2424 981 2455 filii
994 2423 1082 2455 nostri
1095 2423 1203 2454 illustris
1218 2422 1306 2462 Regis

243 2469 356 2509 Angliae
371 2469 423 2500 fuit
436 2479 525 2507 nuper
558 2466 713 2505 repositum
726 2475 822 2496 coram
836 2464 933 2502 nobis,
955 2463 1050 2501 quod,
1070 2472 1139 2494 cum
1154 2463 1305 2492 mittuntur

242 2509 279 2538 ab
300 2518 336 2538 eo
356 2507 519 2547 Justiciarii,
555 2506 747 2541 Geecomstes,
770 2504 804 2534 &
825 2501 912 2532 Balivi
932 2512 981 2539 per
1004 2502 1135 2541 Angliam
1156 2502 1190 2532 &
1210 2500 1305 2530 Yber-

242 2548 337 2593 niam,
362 2546 516 2585 disposituri
534 2544 570 2574 de
591 2543 713 2582 Castris,
738 2542 816 2573 Villis
835 2542 870 2572 &
890 2541 946 2571 aliis
963 2541 1071 2579 juribus
1090 2539 1142 2570 suis
1155 2563 1165 2577 ,
1189 2538 1305 2578 quidam

242 2585 392 2624 vestrum,
410 2586 439 2615 in
461 2582 627 2623 quibusdam
649 2590 682 2612 ex
704 2581 766 2621 ipsis
783 2580 810 2610 se
826 2580 870 2617 jus
891 2587 1082 2617 proponentes
1099 2578 1221 2616 habere,
1238 2577 1306 2608 facti

239 2623 349 2662 judices
367 2625 395 2653 in
417 2623 496 2654 causa
516 2622 644 2660 propria,
663 2619 964 2650 excommunicationis
979 2617 1159 2654 sententiam,
1175 2625 1209 2646 ex
1228 2615 1306 2646 ordi-

243 2672 299 2700 ne,
317 2663 410 2699 causa,
428 2663 461 2693 &
473 2662 588 2698 anim0‚
608 2660 700 2689 minus
710 2657 829 2696 justam,
847 2665 917 2686 mox
933 2655 1082 2687 fulminant
1094 2656 1122 2684 in
1142 2654 1306 2692 praediCt033

243 2701 274 2731 in
288 2711 366 2740 quo,
381 2709 480 2739 praeter
494 2708 610 2740 gravem
625 2698 769 2736 injuriam,
782 2696 837 2735 juri
851 2694 947 2734 Regio
969 2704 1030 2725 non
1050 2693 1201 2724 modicum
1222 2691 1307 2724 dero-

264 2747 332 2771 atur.

242 2748 262 2780 g
283 2778 361 2817 Qiia
374 2781 446 2809 vei-o
460 2777 638 2816 privilegium
653 2783 777 2806 meretur
791 2773 967 2812 ammittere,
984 2772 1034 2811 qui
1050 2769 1180 2810 permissa
1194 2770 1244 2801 sibi
1256 2771 1307 2801 ab·

243 2818 328 2847 utitur
348 2816 502 2856 potestate,
520 2817 553 2846 &
571 2814 708 2854 justitiam
734 2813 816 2851 ipsius
835 2813 941 2849 Regis,
959 2811 1029 2842 sicut
1051 2810 1210 2851 propriam,
1238 2819 1307 2840 cum

247 2855 424 2892 Apostolicae
439 2856 506 2886 sedis
519 2855 590 2885 filius
605 2855 623 2873 ²¹¹²
639 2852 759 2891 specialis
774 2851 884 2889 existat,
902 2850 1067 2881 conservare
1089 2849 1232 2887 satagimus
1254 2848 1308 2878 illi-

250 2894 363 2932 batam,
377 2895 537 2925 fraternitati
558 2892 676 2930 vestrae,
693 2891 858 2921 auCtoritate
899 2888 1074 2926 raesentium,
1098 2887 1247 2917 distrifflus
1268 2887 1311 2916 iri-

248 2931 395 2969 hibemus,
413 2934 450 2962 ne
464 2933 491 2961 in
507 2929 834 2970 pi-aefatosJusticiariOS,
853 2900 1063 2964 vicecomites,
1081 2926 1114 2957 &
1127 2925 1237 2956 Balivos
1252 2925 1309 2955 sine

248 2969 393 3000 manifest-:i
406 2971 439 3001 &
453 2970 606 2999 rationabili
619 2968 687 2999 caus
686 2968 717 3007 a,
733 2969 765 2999 ὃ(
781 2967 941 2998 monitione
954 2964 1091 2997 canonica
1104 2974 1164 2994 non
1183 2965 1310 3002 praemis-

250 3008 292 3047 fii,
310 3008 477 3045 praesumatis
491 3007 792 3038 excommunicationis
805 3006 968 3036 sententiam
991 3003 1187 3043 promulgare3
1206 3012 1309 3042 quam,

248 3055 348 3079 contra
362 3047 500 3084 praemissa
514 3045 668 3084 prolatam,
683 3045 862 3076 decrevimus
874 3042 1043 3074 irritandam.

96 2875 229 2911 *1-319·

289 3122 357 3155 Dat.
377 3122 459 3154 Reat.
483 3131 514 3162 13
533 3121 597 3152 Kal.
618 3121 690 3161 Aug.
708 3120 893 3153 Pontificatsis
908 3119 995 3151 nostri
1007 3129 1084 3150 anno
1097 3120 1206 3158 quinto.

905 3197 958 3228 Sub
970 3196 1018 3237 filo
1029 3195 1152 3227 canabeo.

284 3334 333 3365 De
349 3332 633 3368 excommunicando
653 3335 758 3365 Laicos
772 3358 781 3373 ,
807 3334 859 3377 qui
868 3330 930 3372 sint
946 3332 1039 3376 Regni
1054 3326 1286 3376 perturbatores.

102 3439 227 3474 AnnD.
257 3415 654 3476 GRegoriusnEpiscopus,
666 3417 759 3462 servus
772 3414 1005 3459 servorum-Dei,
1021 3414 1173 3459 venerabili
1184 3414 1259 3444 fratri
1272 3412 1312 3458 E-

342 3456 415 3487 henli
428 3457 588 3495 Episcopo,
607 3458 640 3488 &
653 3456 760 3486 micilo
776 3454 833 3484 filio
850 3453 990 3492 Magistro
999 3453 1124 3491 Johanni
1137 3452 1173 3482 de
1187 3452 1313 3486 Ferenti?

103 3488 211 3552 ‘33¹2'
257 3497 296 3523 no
309 3492 491 3538 Subdiacono
505 3495 621 3539 nostro,
641 3493 853 3525 Archidiacono
869 3492 902 3523 N
906 3491 1072 3530 orwicensi,
1089 3491 1203 3521 salutem
1224 3491 1257 3522 &
1272 3489 1314 3519 A-

104 3540 189 3592 H.'3.
212 3539 217 3544 ’
257 3530 424 3599 ροὶίξεέὶιςαίῐξ
437 3534 676 3578 benedidiionem.
752 3571 757 3577 ·
1177 3568 1181 3573 Ι
1262 3567 1266 3572 ¹

105 3600 146 3624 Ex
166 3595 238 3630 orig.
362 3580 389 3612 in
417 3581 443 3601 at
462 3572 550 3609 illius,
565 3581 613 3615 qui
634 3570 675 3601 est
698 3581 772 3609 pacis
789 3577 895 3600 amator
908 3569 941 3600 &
954 3568 1071 3606 audior,
1088 3568 1122 3599 ὃς
1137 3577 1232 3605 cujus,
1249 3566 1315 3597 licet

259 3607 408 3645 immeriti,
424 3611 544 3647 gerimus
565 3619 642 3640 VlceS
663 3611 692 3639 in
713 3610 809 3646 terris,
826 3618 925 3645 pacem
946 3607 1059 3645 diligere
1079 3616 1112 3636 ac
1124 3605 1222 3636 fovere
1237 3614 1315 3635 tene-

260 3654 325 3674 mur
333 3645 419 3711 3d&‚
444 3648 481 3676 ne
503 3647 591 3678 valeat
612 3657 661 3685 per
680 3647 866 3678 temeritatem
888 3646 1040 3684 cujuspiam
1057 3644 1174 3682 violari,
1198 3643 1314 3674 sollicite

259 3693 343 3720 provi
364 3692 416 3712 ere.

261 3760 266 3764 Ι
297 3719 377 3764 Curii
395 3722 502 3759 itaque,
520 3722 605 3760 ficut,
623 3723 776 3753 insinuante
793 3721 932 3752 cariffimo
953 3723 982 3751 in
1004 3720 1122 3752 Christo
1134 3719 1193 3750 filio
1214 3718 1314 3749 nostro

258 3757 357 3803 illustri
370 3758 454 3801 Rege
469 3759 595 3798 Angliae,
608 3761 791 3790 intelleximus
799 3784 808 3798 ,
817 3760 1028 3798 Archiepiscopi
1042 3761 1076 3791 &
1089 3758 1222 3796 Episcopi
1234 3757 1315 3793 Reg-

258 3807 288 3840 ni
302 3797 358 3834 sui,
376 3806 404 3825 in
418 3797 621 3840 perturbatores
635 3800 708 3835 pacis
721 3798 817 3838 Regni
831 3798 952 3835 ejusdem
968 3798 1186 3842 consueverint,
1200 3805 1235 3825 ex
1247 3794 1314 3826 offi-

259 3844 308 3865 cio
318 3834 393 3877 suo,
412 3833 622 3877 ecclesiasticam
633 3845 769 3877 'exercere
788 3836 949 3874 censuram,
965 3847 1034 3875 nos,
1053 3847 1089 3866 eo
1103 3836 1201 3865 fortius
1214 3834 1315 3865 volen-

258 3882 301 3916 tes
315 3872 396 3909 ipsius
411 3871 512 3916 Regiae
531 3873 708 3916 tranquilitati
727 3874 886 3912 consulere,
904 3884 963 3912 quo
983 3876 1071 3912 magis
1089 3874 1265 3912 contingeret
1283 3873 1314 3902 in

260 3921 318 3949 ejus
329 3911 489 3953 turbatione
501 3919 553 3939 nos
565 3919 645 3949 angi,

298 3948 470 3993 Discretioni
481 3947 580 3990 vestrae
594 3957 641 3991 per
656 3949 819 3986 Apostolica
834 3950 931 3987 scripta
946 3950 1127 3989 mandamus,
1145 3950 1272 3988 quatinus
1283 3949 1314 3979 in

259 3986 364 4030 Lamos
375 3986 471 4031 Regni
506 3985 628 4029 raediffi,
647 3996 746 4030 pacem
761 3989 902 4018 turbantes
918 3987 1014 4026 ipsius,
1031 3989 1070 4027 si,
1084 3988 1118 4018 ad
1140 3997 1242 4018 eorum
1261 3997 1314 4017 co-

255 4024 409 4058 bibendam
421 4025 481 4058 inso
492 4032 594 4056 entiam
602 4047 612 4063 ,
629 4024 736 4062 praefati
748 4026 851 4063 praelati
858 4048 869 4064 ,
886 4026 1008 4064 requisiti
1019 4036 1034 4057 a
1048 4027 1131 4058 vobis
1143 4026 1248 4057 fuerint
1262 4035 1314 4057 ne-

233 305 273 326 tes
288 295 344 325 suas
361 289 578 325 revertentibus,
596 289 629 318 &
649 286 769 324 eifflem,
783 285 829 316 vel
850 284 925 321 aliis,
951 293 1020 314 cum
1038 283 1090 312 hiis
1109 281 1205 311 litteris
1225 288 1291 309 nos-
1329 277 1484 314 pellationis
1498 275 1666 316 obstaculo,
1683 278 1837 318 proferatis.

756 363 790 394 &
807 362 913 391 ibidem
933 359 1091 396 morando,
1115 358 1149 388 ὃς
1167 355 1232 385 inde
1249 364 1293 384 re-
1332 352 1461 385 vestrum
1475 363 1506 383 ea
1518 352 1718 384 nichilominus
1734 362 1893 392 exequatur.

1405 314 1480 353 uod,
1506 315 1526 345 si
1547 324 1608 345 non
1625 316 1714 346 ambo
1734 316 1787 346 hiis
1809 313 1978 353 exequendis
1997 314 2142 352 potueritis
2161 311 2307 350 intereffe,
2327 311 2396 344 alter
2412 282 2476 308 Hm.
2498 289 2524 317 3⁸
2545 285 2549 287 λ

1370 428 1439 459 Dat.
1457 428 1541 460 Reat.
1564 438 1597 469 13
1615 429 1681 462 Kal.
1697 429 1773 471 Aug.
1792 427 1979 461 Pontificati'is
1992 427 2082 459 nostri
2091 436 2168 458 anno
2181 429 2289 467 quinto.

1682 506 1807 538 Plumbeo
1824 504 1914 544 sigillo
1923 505 2055 544 pendente
2069 516 2088 535 a
2093 503 2146 546 filo
2159 504 2283 534 canabeo.
2312 480 2321 491 ⁶

1522 646 1571 676 De
1586 645 1705 692 Trcuga
1724 648 1802 677 inter
1818 647 1925 691 Regem
1944 647 1980 683 ὠ·
1996 643 2196 678 Lemelinum.

2394 746 2400 749 -
2417 722 2546 757 Ann-D.

1341 725 1460 796 RE}
1473 728 1608 772 omnibus
1612 753 1631 797 ἆ
1641 728 1676 759 ad
1692 739 1781 768 quos,
1799 730 1860 761 ὅτε.
1877 729 2000 774 salutem.

1462 774 1539 796 ciatis
1553 777 1611 805 quo
1645 776 1789 808 treugam,
1806 778 1856 806 per
1870 768 1988 798 dilectos
2001 768 2035 799 &
2050 766 2144 798 fideles
2157 767 2270 798 nostros
2290 766 2344 798 W.
2361 767 2398 799 de
2445 771 2530 802 1231·

1342 803 1631 873 kfflffljoliffliliepi
1653 805 1833 874 M⁰}‘³{·¹¹¹¹e'
1859 805 2137 850 GilbertumtB'affet
2152 830 2162 845 ,
2183 806 2399 850 Walterum‘de
2417 804 2470 829 An.
2489 805 2532 831 ¹⁶·

1474 867 1482 881 ,
1575 854 1600 873 ie
1612 853 1694 874 mum
1742 855 1821 874 iium
1840 844 1971 882 Warini,
1987 845 2178 875 VVillielmum
2198 844 2235 875 de
2253 844 2400 883 Stutevssl,
2419 844 2452 866 H.
2474 850 2499 877 3·

1341 880 1459 911 Amaur.
1477 881 1514 911 de
1531 881 1637 926 &inesto
1648 881 1806 925 ‘Amaudm
1825 883 1858 914 &
1877 882 2039 929 {ingonem
2058 882 2095 927 de
2110 883 2213 929 Kilpec
2226 892 2338 921 captam
2358 884 2401 927 in-
2417 881 2476 906 ΡΜ·
2488 880 2540 907 ¹6-'

1341 919 2225 998 {51:335ssssss‘QPfisssszissssffi‘issimffi‘g‘.siedfflsszai‘sszss
2238 921 2402 991 8ῖέῃὶιὲέῖ
2418 921 2463 982 ἶῖἑ.
2471 927 2496 954 ³'

1340 995 1377 1026 de
1395 996 1553 1042 Snaudon,
1564 999 1598 1029 &
1620 997 1747 1035 inprisios
1769 997 1831 1028 suos
1852 1007 1886 1043 eii'
1905 997 1955 1028 alia
1973 1006 2066 1036 parte,
2083 997 2243 1029 duraturam
2263 999 2350 1038 usque
2367 999 2403 1031 ad

1340 1034 1445 1104 fesgim
1460 1035 1555 1080 Sanssh
1570 1035 1693 1105 Andseae
1705 1046 1780 1104 αῐὲῃὲ)
1788 1037 1877 1104 1{cicogni
1878 1035 1974 1104 8⁷10stAE
1985 1035 2101 1104 (ξοὲῐηο
2112 1037 2188 1068 sexto
2196 1060 2207 1075 ,
2318 1079 2323 1084 ι

1342 1115 1382 1141 tri
1401 1083 1727 1151 dggiiigifflsgpltsidjitfftina
1737 1083 1973 1150 foffmgnqfflaxper
1993 1077 2403 1145 dffe&ffi,ffigessgxgstnrog

1342 1159 1422 1195 capta
1434 1151 1505 1190 fuit3
1523 1153 1570 1182 cui
1584 1163 1618 1191 ap
1640 1151 1744 1183 endent
1758 1151 1776 1182 si
1797 1161 1831 1180 na
1844 1150 1925 1189 ipsius
1946 1150 2099 1188 Lewelini,
2116 1150 2196 1182 Oeni
2212 1151 2301 1182 fratris
2321 1152 2403 1183 Grif-

1342 1189 1418 1234 fini,
1428 1189 1497 1235 Resi
1511 1190 1599 1228 Cret,
1644 1190 1768 1234 deuenet
1809 1189 1910 1234 acham
1925 1188 2042 1219 Griffin.
2059 1188 2148 1220 fratris
2163 1189 2310 1221 Retlieric.

1381 1227 1522 1259 Videlicet
1541 1229 1638 1267 quod,
1655 1229 1790 1267 quamdiu
1806 1228 1882 1258 dieta
1900 1236 1995 1267 treuga
2013 1227 2171 1267 duraverit,
2184 1237 2286 1259 omnes
2308 1228 2404 1259 homi-

1343 1276 1408 1306 nes,
1426 1276 1530 1310 tam—ex
1543 1277 1621 1305 parte
1633 1267 1746 1306 nostra,
1763 1276 1850 1310 quam
1864 1275 1898 1296 ex
1911 1275 1987 1304 parte
2003 1266 2084 1303 ipsius
2098 1265 2254 1311 Lewelini,
2271 1266 2404 1311 redibunt

1343 1305 1573 1381 {tilliproiprmpgcffic
1593 1307 1738 1337 habebunt
1756 1315 1853 1336 omnia
1865 1312 2026 1336 tenementa
2039 1304 2100 1343 sua,
2118 1305 2236 1336 mobilia
2248 1306 2282 1337 &
2295 1315 2404 1337 immo-

1381 1367 1452 1427 N}c
1471 1393 1542 1427 nos,
1559 1368 1634 1413 'infra
1655 1383 1821 1427 praedi&am
1839 1390 1986 1421 treugam,
2011 1382 2178 1419 recipiemus
2198 1383 2339 1423 inprifios,
2357 1383 2405 1416 vel

1344 1421 1576 1466 homi-nesiplius
1598 1421 1754 1459 Lewelini,
1774 1421 1820 1451 vel
1842 1420 1974 1458 suorum,
1993 1430 2046 1450 nec
2068 1420 2146 1450 idem
2162 1421 2321 1452 Lewelinus
2332 1424 2405 1453 reci-

1343 1469 1400 1498 piet
1418 1462 1562 1504 inpriiios,
1580 1460 1629 1503 vel
1647 1460 1778 1490 homines
1797 1458 1925 1497 nostrOS,
1942 1458 1989 1489 vel
2001 1457 2180 1489 nostrorum:
2197 1459 2342 1491 Homines
2353 1471 2404 1492 ve-

1343 1509 1378 1529 ro
1400 1498 1540 1536 utriusque
1561 1506 1643 1536 partis
1664 1499 1777 1528 interim
1797 1498 1983 1528 remanebunt
1993 1496 2065 1527 infm
2079 1496 2147 1528 fines
2161 1497 2223 1529 suos
2236 1498 2406 1531 conservan-

1344 1546 1514 1607 tesEecimus
1533 1575 1618 1606 en'am
1638 1573 1756 1605 dilestos
1777 1575 1811 1605 &
1833 1573 1926 1604 lideles
1945 1572 2058 1604 nostros
2113 1572 2285 1613 Magistrum
2307 1575 2343 1606 A.
2368 1575 2407 1606 de

1343 1613 1751 1659 Suereford'Archidiaconum
1765 1613 1898 1652 Salopiae,
1917 1613 1953 1656 &⁸
1966 1596 2159 1642 Wssliel'mum
2172 1611 2209 1642 de
2230 1611 2316 1652 Laci,
2329 1614 2406 1652 jura-

1345 1651 1733 1722 {gsteirntgp‘ietbiiiffisnostram
1742 1676 1752 1691 ,
1770 1652 1849 1690 quod
1868 1650 2032 1690 praedidhim
2043 1659 2171 1690 treugam
2182 1649 2298 1682 fideliter
2311 1652 2345 1683 &
2358 1651 2407 1683 fir-

1381 1730 1416 1762 In
1431 1731 1527 1769 cujus,
1545 1730 1606 1761 &c
1624 1729 1690 1760 huic
1705 1729 1809 1767 scripto
1823 1728 1943 1767 sigillum
1957 1727 2089 1759 nostrum
2099 1728 2202 1768 apponi
2214 1727 2344 1760 fecimus.

1382 1806 1473 1840 Teste
1489 1805 1597 1845 meipso
1609 1805 1682 1844 apud
1696 1804 2005 1844 Westmonasterium,
2024 1813 2062 1844 30
2073 1803 2120 1838 die
2133 1803 2325 1836 Novembris.

1498 1937 1525 1965 *τ
1549 1939 1598 1972 De
1615 1935 1749 1970 adventu
1765 1937 1860 1969 Ducis
1875 1936 2036 1969 Britannice
2050 1938 2082 1969 in
2098 1935 2259 1983 Angliam.
2425 1945 2475 1979 ⁸1,
2491 1953 2558 1990 320}

1346 2022 1470 2088 REX
1484 2024 1572 2056 Petro
1587 2023 1666 2056 Duci
1677 2023 1826 2055 Britanniae
1840 2021 1874 2053 &
1888 2020 2002 2053 Comiti
2013 2020 2233 2060 Richmundiae,
2249 2019 2377 2053 salutern?
2421 2034 2489 2066 Am,
2512 2034 2559 2067 D.

1448 2063 1544 2095 Sciatis
1557 2062 1635 2102 quod
1647 2063 1683 2093 de
1695 2062 1817 2093 adventu
1832 2060 1944 2098 vestro,
1961 2059 1998 2090 de
2011 2071 2072 2098 quo
2085 2068 2214 2091 rumores
2228 2059 2404 2100 audivimus,
2452 2060 2527 2104 12'2
2547 2057 2560 2074 ¹

1346 2102 1444 2133 hilares
1457 2102 1554 2133 effecfiii
1566 2103 1660 2133 sumus
1672 2102 1705 2132 ὃς
1715 2099 1852 2140 jocundi,
1870 2099 1953 2129 vobis
1964 2097 2146 2138 significantes
2161 2097 2240 2137 quod
2261 2098 2335 2129 bene
2354 2108 2404 2130 ve·
2422 2116 2464 2140 A„
2491 2083 2557 2142 {⁶⁶oe

1347 2142 1456 2178 neritis3
1472 2143 1522 2180 δε,
1539 2149 1571 2172 ut
1584 2139 1730 2171 manifeste
1745 2138 1857 2170 constet
1870 2136 1953 2167 vobis
1966 2136 2045 2175 quod
2058 2136 2123 2167 inde
2134 2136 2288 2176 plurimum
2309 2144 2403 2175 gratu-
2419 2155 2448 2179 H
2467 2133 2476 2140 '
2531 2136 2540 2142 “

1346 2180 1454 2217 lamur,
1472 2179 1617 2210 Mittimus
1631 2179 1660 2209 in
1671 2177 1822 2209 occursum
1834 2175 1962 2206 vestrum
1982 2174 2100 2206 dilectos
2120 2176 2154 2206 &
2176 2174 2270 2206 fideles
2290 2175 2403 2206 nostros
2420 2160 2548 2227 Ciazjffi

1346 2218 1509 2256 Philippum
1528 2217 1565 2248 de
1586 2216 1753 2255 Albiniaco‚
1775 2215 1938 2254 johannem
1960 2213 2051 2244 silium
2073 2213 2196 2252 Philippi
2216 2213 2408 2245 Senescallum
2424 2233 2451 2256 H
2504 2210 2559 2256 'm‘

1347 2256 1493 2296 nostrum,
1518 2257 1552 2288 &
1571 2255 1764 2286 Willielmum
1785 2252 1911 2291 Hardel,
1936 2253 1985 2291 qui
2000 2262 2070 2291 vos,
2093 2252 2163 2284 sicut
2182 2252 2280 2292 decet,
2297 2252 2332 2283 ad
2352 2262 2406 2284 nos
2429 2249 2458 2294 1‘
2477 2238 2504 2295 δι’
2549 2250 2558 2265 '·

1347 2295 1506 2326 honorifice
1519 2294 1689 2326 conducant.
2443 2276 2471 2304 5¹
2506 2286 2513 2293 ⁸

1386 2334 1529 2365 Volumus
1549 2333 1665 2372 quidem
1685 2330 1781 2371 quod,
1797 2341 1813 2362 a
1832 2330 1879 2361 die
1890 2329 2081 2368 applicationis
2101 2328 2220 2368 vestrae,
2238 2329 2332 2361 modis
2343 2340 2410 2361 om-

1348 2374 1430 2404 nibus
1449 2373 1502 2403 sitis
1522 2371 1556 2402 ad
1578 2371 1690 2402 custum
1711 2370 1840 2400 nostrum
1861 2370 1890 2398 in
1911 2367 2054 2398 veniendo
2075 2367 2109 2398 ad
2124 2378 2193 2407 nos,
2210 2370 2244 2400 δε
2259 2368 2411 2399 nobiscum

1348 2411 1505 2450 morando,
1530 2409 1664 2449 quamdiu
1685 2409 1789 2440 fueritis
1809 2410 1838 2438 in
1861 2407 1978 2446 Angla,
2003 2407 2037 2438 δε
2062 2415 2116 2436 vos
2130 2416 2261 2446 rogamus
2283 2408 2413 2445 quatinus

1348 2451 1376 2481 id
1397 2451 1520 2490 benigne
1537 2449 1597 2479 fieri
1617 2448 1788 2486 permittatis.
1827 2446 1930 2477 Scituri
1949 2444 2046 2484 quod,
2063 2444 2114 2475 nisi
2134 2444 2164 2475 id
2181 2444 2321 2484 feceritis,
2338 2445 2412 2475 inhi-

1348 2490 1459 2521 buimus
1474 2488 1608 2518 omnibus
1622 2487 1730 2517 ballivis
1744 2485 1858 2522 nostris,
1897 2494 1927 2514 er
1952 2494 2024 2522 quos
2043 2483 2189 2514 transitum
2209 2484 2310 2515 faCluri
2330 2483 2412 2522 estis,

1349 2527 1427 2568 quod
1442 2526 1552 2557 nullum
1567 2535 1653 2566 genus
1669 2525 1834 2556 victualium
1848 2533 1863 2553 a
1894 2532 1966 2561 opus
1977 2521 2104 2554 vestrum
2117 2521 2203 2555 vendi
2216 2523 2389 2563 permittant.

1384 2604 1475 2636 Teste
1490 2603 1574 2644 Rege
1587 2602 1661 2641 apud
1677 2601 1778 2633 Lamh.
1801 2601 1836 2631 16
1850 2599 1896 2631 die
1904 2597 2036 2638 Januarii.

1725 2739 1783 2770 Pro
1796 2733 1933 2782 praedisto
1947 2734 2054 2766 Ducis.

1416 2825 1447 2856 T
1461 2823 1624 2855 mandatum
1644 2817 1686 2853 est
1709 2819 1937 2852 Vicecomitibus
1952 2817 2071 2849 Devon.
2092 2814 2234 2848 Somerset
2274 2818 2309 2849 δε
2324 2816 2410 2848 Dori?
2428 2828 2496 2860 Am,
2519 2827 2564 2860 D-

1425 2864 1504 2894 Suht.
1524 2862 1639 2900 Sussex,
1657 2859 1797 2905 &.K²¹¹!²·
1818 2858 1913 2897 quod,
1931 2858 1950 2887 si
1963 2856 2040 2901 idern
2055 2855 2206 2886 Comesin
2227 2840 2321 2894 aliquo
2343 2865 2411 2894 por-
2458 2852 2562 2906 naz·

1351 2910 1381 2933 tu
1395 2901 1432 2933 de
1446 2902 1552 2932 ballivis
1566 2901 1617 2931 suis
1630 2899 1807 2938 applicuerit,
1826 2898 1860 2929 &
1875 2906 1924 2935 per
1939 2895 2052 2926 ballivas
2064 2894 2121 2925 suas
2135 2893 2281 2925 transitum
2295 2894 2393 2930 fecerit
2429 2909 2472 2934 A„
2501 2907 2544 2934 ,6,

1350 2941 1494 2979 prohiberi
1512 2940 1613 2970 faciant
1633 2940 1663 2969 in
1681 2938 1766 2975 locis,
1784 2946 1833 2974 per
1853 2945 1917 2974 quae
1939 2933 2081 2971 transibit,
2100 2932 2178 2971 quod
2192 2932 2284 2964 nullus
2295 2933 2351 2971 aliq
2429 2948 2465 2972 Η,
2476 2928 2514 2981 ’3.

1350 2989 1438 3020 genus
1452 2978 1617 3010 victualium
1631 2978 1657 3008 ei
1672 2976 1774 3006 vendat
1810 2974 1880 3005 sicut
1893 2973 1919 3004 se
1934 2973 2056 3003 voluerit
2068 2972 2253 3010 indempnem
2267 2971 2407 3009 servareg-
2429 2982 2523 3012 uidem

1388 3017 1426 3048 Et
1443 3016 1619 3048 intendentes
1641 3016 1693 3046 sint
1711 2997 1858 3056 praedietis.
1870 3011 1996 3042 fidelibus
2017 3010 2065 3040 Re
2084 3011 2105 3040 is
2121 3034 2130 3049 ‚
2156 3009 2290 3048 quamdiu
2307 3009 2412 3040 fuerint
2526 3002 2535 3011 '

1351 3059 1382 3088 in
1402 3056 1507 3087 ballivis
1525 3055 1591 3094 suis,
1609 3053 1644 3085 ad
1662 3053 1752 3092 ipsum
1770 3051 1920 3082 Comitem
1935 3051 2065 3081 honorari
2087 3058 2155 3086 um,
2169 3049 2204 3080 &
2217 3048 2251 3079 ad
2264 3049 2412 3079 invenien-

1352 3096 1423 3126 dum
1437 3095 1463 3126 ei
1476 3103 1541 3133 quae
1555 3095 1581 3125 ei
1593 3093 1697 3125 fuerint
1710 3090 1874 3130 neceffaria,
1892 3090 1961 3122 sicut
1975 3088 2025 3128 ipsi
2039 3089 2076 3119 eis
2089 3087 2185 3118 dicent
2199 3096 2234 3117 ex
2254 3094 2331 3126 parte
2349 3085 2413 3117 Re-

1352 3135 1402 3173 gis.

1390 3209 1481 3242 Teste
1495 3219 1526 3242 ut
1538 3210 1624 3250 supra.

1354 3354 1474 3386 Litterae
1498 3349 1646 3383 Lemelino
1669 3351 1802 3395 Principi
1828 3347 1874 3429 dil
1890 3345 2016 3392 Albefr.
2045 3343 2082 3378 de
2104 3345 2227 3391 Treugis
2249 3337 2410 3374 emendan-

1874 3409 1909 3430 ις.

1356 3484 1477 3548 REX
1498 3484 1648 3515 Lewelino
1668 3483 1794 3520 Principi
1813 3482 1849 3513 de
1871 3480 1979 3512 Albefr.
1999 3481 2034 3513 &
2055 3476 2191 3510 Domino
2209 3474 2246 3507 de
2265 3473 2410 3507 Snaudon.
2431 3479 2507 3511 Anu,
2520 3480 2564 3511 D4

1437 3524 1563 3561 spiritum
1577 3523 1688 3553 sanioris
1702 3522 1818 3552 consilii.
2459 3527 2544 3558 1232.

1394 3562 1566 3593 Memoriter
1586 3562 1736 3591 retinemus
1744 3561 1793 3599 ,&
1806 3569 1859 3590 vos
1872 3558 2012 3589 credimus
2025 3554 2191 3586 memoriter
2203 3560 2315 3590 tenere,
2323 3549 2413 3594 quod,
2431 3561 2483 3586 An.
2505 3560 2548 3585 i6.

1356 3601 1421 3639 post
1436 3599 1573 3631 receffum
1588 3598 1716 3629 nostrum
1732 3609 1746 3629 a
1759 3598 1862 3628 Castro
1879 3595 1991 3628 Matild.
2011 3594 2040 3624 in
2060 3591 2194 3629 Elenein,
2212 3590 2290 3628 quod
2309 3588 2420 3632 firmari,
2431 3601 2467 3624 H.
2488 3605 2513 3633 3,

1356 3640 1492 3675 fecimus,
1510 3647 1559 3675 per
1571 3637 1738 3667 transmiffos
1752 3637 1786 3667 ad
1802 3646 1855 3667 nos
1867 3634 2003 3666 Nuncios
2014 3629 2139 3667 vestrOS,
2156 3628 2288 3661 videlicet
2303 3626 2413 3666 Magis-
2430 3634 2568 3672 Claufii6.

1356 3686 1415 3708 tros
1435 3676 1624 3714 Instrucium,
1641 3677 1674 3707 ὃς
1696 3676 1748 3705 Ph.
1768 3684 1858 3713 captae
1876 3673 1989 3704 fuerunt
2007 3670 2078 3700 inter
2093 3678 2165 3706 rios,
2181 3668 2215 3699 &
2228 3676 2281 3697 vos
2291 3673 2412 3709 treugae,
2433 3677 2469 3700 H.
2487 3682 2512 3709 3.
2527 3681 2565 3700 m.

1355 3715 1494 3760 duratuiae
1513 3713 1599 3752 usque
1615 3716 1644 3744 in
1663 3724 1753 3745 unum
1772 3722 1898 3749 annum,
1912 3721 1929 3741 a
1947 3707 2022 3740 festo
2036 3706 2132 3738 Sancti
2146 3704 2269 3735 Andreae
2281 3712 2415 3742 proximo
2438 3720 2483 3747 ¹4·
2503 3711 2528 3740 d,

1376 3762 1505 3784 raeterito.

1357 3764 1375 3792 p
1396 3792 1476 3831 Qias
1490 3790 1603 3830 quidem
1616 3799 1724 3830 treugas
1738 3790 1855 3821 dilectus
1870 3789 1904 3819 &
1919 3785 2006 3817 fidelis
2020 3782 2116 3814 noster
2127 3781 2166 3811 R.
2183 3780 2254 3825 filius
2275 3779 2418 3811 Nicholai

1352 3831 1455 3869 juravit
1471 3832 1499 3860 in
1518 3831 1640 3859 animam
1661 3829 1804 3867 nostram,
1826 3829 1860 3858 δε
1879 3825 1974 3856 diled'ti
1996 3824 2030 3854 δε
2051 3819 2145 3851 fideles
2166 3818 2256 3849 nostri
2278 3819 2418 3850 Ricardus

1357 3868 1468 3899 Comes
1481 3867 1639 3899 Cornubiae
1651 3869 1684 3899 &
1698 3867 1832 3897 Pistaviae
1845 3865 1927 3895 frater
1940 3861 2053 3896 noster,
2071 3859 2110 3902 ὅτ0
2124 3856 2271 3888 Hubertus
2289 3857 2326 3888 de
2345 3857 2417 3888 Bur-

1356 3909 1396 3977 {o
1416 3906 1525 3938 Comes
1546 3906 1678 3943 Kantiae,
1696 3907 1756 3937 &c.
1774 3905 1811 3936 de
1829 3909 1972 3941 piaecepto
1985 3896 2085 3930 nostro
2099 3904 2262 3934 juraverunt
2282 3905 2316 3926 ex
2338 3904 2417 3934 parte

1368 3955 1410 3977 ua.

1394 3983 1433 4014 Et
1455 3993 1522 4021 quas
1544 3982 1667 4013 similiter
1684 3982 1768 4020 jurari
1788 3977 1890 4010 fecistis
1910 3978 1940 4007 in
1956 3975 2080 4006 animam
2094 3971 2233 4010 vestram,
2251 3973 2285 4005 &
2302 3970 2418 4015 imprifii

1356 4021 1443 4057 vestri
1462 4030 1496 4053 ex
1514 4030 1592 4060 parte
1613 4021 1659 4054 sua
1673 4021 1860 4060 juraverunt,
1884 4017 1921 4047 ita
1941 4013 2019 4053 quod
2038 4012 2255 4050 interceptiones
2270 4034 2280 4049 ,
2305 4012 2419 4078 intehrlinirg
