2570 4261
82 176 162 209 Arm.
171 176 212 208 D.

109 216 192 247 1288.

84 256 152 285 Eri-v.
176 265 200 282 i.

89 1027 219 1064 ¹‘11372-

115 3842 253 3880 ¹⁸11.373.

229 94 280 135 28

229 179 285 210 illae
301 177 426 216 personae
440 175 637 215 aequivalentes
658 173 755 212 posltae
770 183 822 211 pro
836 172 886 203 illis
896 195 906 210 ,
922 182 990 210 quas
1004 171 1080 202 idem
1096 170 1163 201 Rex
1178 167 1289 206 Angliae

233 219 263 249 in
278 216 359 255 posse
371 215 482 247 tradidit
496 214 583 253 Regis
597 213 748 251 Aragoniae
762 211 927 249 supradicti,
1222 245 1227 250 .

271 255 317 285 Ac
336 253 535 284 nichilominus
558 252 614 289 ipse
633 250 698 280 Rex
720 250 834 289 Angliae
849 249 970 288 jurabit,
988 248 1022 279 ad
1046 248 1148 278 San&a
1170 245 1229 276 Dei
1252 242 1292 287 E-

235 292 375 332 vangelia,
392 291 437 321 seu
447 290 531 328 jurari
546 289 628 319 faciet
642 290 670 318 in
685 289 809 318 animam
822 288 916 326 suam,
933 297 994 317 non
1009 286 1140 317 recedere
1153 284 1188 314 de
1209 291 1294 321 partl-

236 332 289 361 bus
309 330 359 359 suis
380 329 556 366 CilinariniS,
571 327 672 357 scilicet
692 327 728 356 de
750 326 871 357 Vascon.
895 326 1054 366 Agenesio,
1074 324 1222 355 Xantion.
1238 321 1295 350 Le-

237 369 382 399 movicen.
398 367 597 406 Petragoricen
611 366 643 396 &
658 364 844 404 Caturcinio,
861 365 907 395 seu
922 365 1000 395 terris
1019 364 1071 393 illis
1092 361 1297 401 adjacentibus,

236 406 330 436 donec
345 406 443 435 omnia
458 405 592 441 praedicta
605 404 689 435 fuerit
702 403 869 442 adimpleta;
885 404 935 433 nisi
949 403 1024 433 forte
1039 411 1072 432 ex
1085 401 1175 438 aliqua
1184 398 1297 442 justa&

235 443 384 512 necelfsatia
406 444 485 474 causa
504 443 595 482 ipsum
617 442 734 482 Regem
755 442 867 482 Angliae
884 449 1028 479 oporteret
1048 439 1083 470 ad
1096 447 1185 477 partes
1196 437 1258 467 alias
1271 436 1298 466 se

237 492 310 513 trans
324 491 398 511 erre:

276 521 349 558 Qio
363 519 424 551 casu
438 519 515 550 idem
531 519 597 550 Rex
612 519 723 559 Angliae
737 518 902 556 tradet,pro
915 517 1060 548 securitate
1077 516 1210 546 omnium
1222 522 1294 553 prae-

235 559 397 596 dierorum,
416 568 537 595 quatuor
556 559 677 590 Barones
692 582 701 596 ,
718 567 841 596 quorum
862 557 978 586 nomina
994 557 1023 585 in
1046 555 1101 585 alio
1122 553 1225 591 scripto
1246 551 1296 582 sub

236 597 325 637 sigillo
340 596 408 628 dieii
423 597 512 635 Regis
528 597 639 636 Angliae
654 597 777 627 similiter
792 595 1022 626 conscribuntur:
1239 628 1244 633 ι
1279 627 1284 633 ,

276 635 317 666 [ta
339 635 417 674 quod
439 646 541 669 omnes
562 635 689 674 praedicti
699 634 819 665 Obsides
831 641 913 664 erunt
927 643 979 673 pro
991 631 1126 662 omnibus
1140 626 1299 672 siipradiEns

237 673 371 705 Articulis
391 675 522 714 obligati,
540 674 670 705 videlicet
690 683 743 711 pro
764 672 921 711 supradicto
943 669 1120 709 Reymundo
1141 668 1298 710 Berengarii

236 711 286 743 filii
304 713 373 744 dieti
392 713 544 753 Principis,
566 723 619 750 pro
641 712 836 749 Syndicatibus
851 735 861 749 ,
886 710 1027 747 homagiis
1046 719 1078 739 ac
1098 708 1302 750 Sacramenns,

238 762 291 790 pro
307 751 461 782 Obsidibus
473 752 509 781 de
522 751 673 781 Provincia
688 749 841 788 ponendis,
859 750 892 780 &
912 758 965 786 pro
988 747 1127 786 positione
1148 744 1300 788 praediifto-

239 800 305 821 rum
319 791 425 828 septem
441 790 561 820 millium
577 789 760 827 Marcarum,
775 787 902 819 facienda
918 787 1036 825 praefato
1050 786 1125 825 Regi
1149 784 1300 822 Aragomae

238 830 269 859 in
286 830 408 859 termino
420 828 587 866 supradifto.

278 867 325 898 Ad
348 869 486 906 majorem
507 876 601 897 autem
620 866 757 897 cautelam
781 867 813 897 δ’
835 865 1027 902 securitatem,
1046 862 1099 893 fuit
1121 863 1193 892 inter
1206 860 1301 899 Reges

238 905 355 936 eosdem
367 914 544 936 conventum
560 906 638 943 quod
650 905 752 935 nobilis
773 907 833 942 vir,
851 904 994 934 Dominus
1015 901 1108 933 Gasto
1129 900 1303 931 Vicecomes

239 943 345 983 Bearn,
363 945 500 984 obligaret
516 943 610 975 eidem
624 943 700 984 Regi
716 944 837 983 Aragon.
852 951 942 973 totam
957 950 1060 972 terram
1072 941 1148 970 suam
1163 937 1304 982 quameha-

240 984 287 1014 bet
303 985 332 1013 in
347 982 533 1021 Cathalonia,
551 993 672 1020 excepto
687 982 790 1012 Castro
806 982 893 1012 veteri
905 980 942 1010 de
956 979 1073 1011 Rosanis
1090 989 1158 1009 cum
1174 986 1302 1008 terminis

238 1023 271 1052 &
294 1028 308 1038 *
330 1023 502 1060 pertinentiis
523 1023 591 1060 suis,
609 1032 662 1060 pro
683 1021 821 1060 positione
840 1019 1045 1058 praedi&01·uni
1059 1017 1166 1056 septem
1181 1015 1302 1046 millium

240 1060 407 1091 Marcarum
424 1061 543 1100 Argenti
557 1062 584 1090 in
600 1060 717 1098 praefato
729 1060 851 1090 termino
860 1056 995 1089 facienda.

277 1098 352 1130 Item
367 1124 376 1137 ,
400 1099 454 1130 fuit
475 1108 652 1130 conventum
672 1100 705 1130 &
725 1097 887 1129 ordinatum
907 1098 978 1127 inter
998 1095 1128 1134 praefatos
1149 1093 1246 1138 Reges
1267 1093 1300 1124 &

240 1137 423 1177 Principem,
442 1137 522 1176 quod
535 1138 591 1176 ipse
604 1137 740 1174 Princeps
754 1145 880 1167 teneatur
902 1136 1031 1166 obtinere
1047 1134 1194 1173 Treugam
1213 1141 1300 1163 trium

241 1176 415 1215 Annorum,
434 1177 504 1207 infra
526 1176 628 1207 decern
646 1175 778 1214 Menses,
797 1175 812 1204 a
834 1174 879 1205 die
898 1174 1068 1204 liberationis
1083 1173 1154 1210 succ,
1171 1172 1186 1202 a
1200 1171 1303 1201 Sacro-

241 1215 334 1246 sanc'ia
355 1216 489 1246 Romana
508 1215 648 1252 Ecclesia,
666 1224 699 1244 ac
719 1212 871 1254 magnifico
890 1212 1022 1249 Principe
1044 1211 1179 1242 Domino
1194 1209 1302 1253 Philip-

263 1265 300 1292 0,
318 1254 376 1285 Dei
398 1255 498 1293 gratia,
519 1254 601 1292 Rege
625 1254 750 1284 Franciae
772 1251 884 1289 illustri,
902 1260 934 1282 ac
957 1251 1072 1291 egregio
1086 1251 1150 1281 viro
1166 1248 1303 1279 Domino

277 1293 355 1323 arolo
376 1293 460 1323 fratre
481 1293 547 1330 siiO,
565 1294 598 1324 &
617 1291 779 1323 valitoribus
800 1290 851 1321 suis
873 1291 900 1319 in
923 1292 1042 1321 tractatu
1055 1287 1127 1328 apud
1143 1287 1303 1330 Oleronem

242 1332 341 1362 habito
363 1331 588 1369 comprehensu,
607 1332 641 1362 &
660 1332 689 1360 in
710 1329 766 1360 istis
789 1328 901 1359 duobus
912 1328 1047 1365 Casibus,
1065 1327 1114 1358 ubi
1128 1327 1230 1357 scilicet
1244 1325 1305 1355 dic-

241 1378 286 1401 tus
299 1370 433 1407 Princeps
446 1369 609 1407 praediftam
622 1370 769 1408 Treugam
783 1369 870 1398 trium
890 1366 1045 1397 Annorum
1066 1366 1136 1407 infra
1156 1364 1307 1403 praedictos

241 1408 345 1439 decem
362 1409 475 1439 Menses
491 1419 549 1438 non
563 1409 722 1445 obtineret,
741 1407 787 1437 vel
802 1407 850 1436 nisi
864 1405 898 1436 ad
915 1406 1070 1436 Carcerem
1082 1404 1150 1434 dieti
1166 1404 1254 1443 Regis
1262 1402 1305 1432 Α-

244 1456 342 1486 ragon.
358 1447 475 1485 rediret,
494 1446 597 1477 incidat
612 1448 641 1477 in
656 1446 825 1484 poenam,in
842 1444 958 1475 tractatu
972 1443 1109 1482 praedieto
1122 1451 1288 1474 contentam
1299 1466 1308 1480 ,

243 1486 391 1524 videlicet,
411 1485 489 1524 quod
501 1487 609 1516 amittat
621 1485 681 1515 osta
703 1486 727 1514 ia
741 1485 853 1521 omnia,
870 1492 972 1514 terram
988 1482 1165 1520 Provinciae,
1183 1482 1306 1520 &quin-

242 1526 374 1563 quaginta
394 1525 478 1554 millia
492 1523 657 1554 Marcarum
673 1494 790 1563 {rgenti
805 1532 858 1560 pro
873 1522 1014 1552 securitate
1022 1521 1158 1552 Eccleliie
1171 1520 1308 1560 assignata.

284 1563 372 1601 Item,
392 1563 443 1593 fuit
458 1565 529 1592 inter
543 1563 657 1593 eosdem
680 1561 776 1599 Reges
798 1569 991 1598 conventum,
1008 1559 1087 1599 quod
1106 1559 1150 1589 illa
1170 1561 1308 1597 quinqua-

244 1604 321 1642 ginta
337 1602 422 1632 millia
437 1601 621 1639 Marcarum,
640 1610 693 1639 pro
709 1600 767 1630 filio
781 1600 972 1638 primogenito
986 1598 1054 1630 dieti
1078 1597 1215 1636 Principis
1236 1598 1310 1627 obli-

245 1649 306 1676 gata
332 1640 379 1678 (de
399 1641 521 1679 quibuS,
541 1640 668 1676 scilicet,
693 1638 798 1669 debent
821 1637 913 1668 statim
933 1637 1002 1668 tradi
1026 1637 1131 1676 viginta
1153 1637 1203 1666 tria
1224 1636 1310 1667 rnillia

245 1674 415 1710 Marcarum
438 1678 576 1716 Argenti,
593 1679 626 1709 &
645 1677 750 1708 residua
772 1676 878 1715 septem
901 1676 1023 1706 millium
1037 1685 1197 1706 marcarum
1212 1675 1240 1705 in
1254 1683 1309 1706 ter-

248 1719 330 1749 mino
343 1717 517 1756 supradicio,
537 1717 629 1748 eidem
643 1716 787 1754 Principi,
807 1715 853 1746 vel
867 1714 1024 1745 haeredibus
1045 1714 1108 1751 suis)
1131 1724 1310 1752 nequaquam

247 1757 424 1787 restituantur
439 1766 600 1795 quanquam
614 1755 684 1785 infra
697 1754 846 1794 praedictos
861 1753 965 1784 decem
978 1753 1093 1784 Menses
1115 1752 1206 1783 filiurn
1229 1753 1310 1783 suum

247 1796 471 1834 primogenitum
487 1794 606 1825 traderet
619 1796 647 1824 in
662 1793 742 1831 poffe
756 1793 843 1832 Regis
859 1791 983 1830 Aragon.
997 1792 1150 1829 praelibati;
1168 1790 1207 1821 set
1221 1801 1312 1821 rema-

248 1843 332 1865 neant
343 1834 416 1872 apud
431 1833 519 1871 ipsum
532 1833 646 1873 Regem
661 1833 812 1870 Aragoniae
825 1831 944 1870 obligata
981 1839 1039 1860 tam
1054 1841 1108 1868 pro
1122 1838 1218 1866 treuga
1242 1840 1312 1868 prae-

249 1873 325 1903 dicia
338 1874 424 1903 trium
440 1873 591 1903 Annorum
602 1897 610 1909 ,
630 1881 715 1910 quam
731 1881 783 1909 pro
797 1870 940 1900 securitate
953 1854 1096 1901 Romanae
1108 1868 1261 1908 Ecclesiae,
1277 1869 1312 1899 de

249 1912 305 1950 qua
319 1913 346 1941 in
361 1911 499 1949 praedit‘to
511 1912 648 1941 Trachtu
662 1911 752 1947 agitur
787 1908 963 1939 obtinendis:

287 1949 340 1989 Et,
360 1951 388 1980 in
403 1950 460 1980 hoc
474 1950 535 1980 casii
572 1950 619 1979 ubi
638 1949 740 1979 scilicet
753 1934 844 1979 dictus
857 1947 992 1986 Princeps
1006 1945 1097 1976 filium
1110 1945 1191 1976 suum
1205 1947 1315 1983 primo-

251 1991 379 2028 genitum
399 1990 426 2019 in
442 1989 520 2027 poffe
536 1974 605 2019 dieti
626 1987 715 2027 Regis
727 1986 852 2027 Aragon.
864 1985 1001 2022 traderet,
1016 1984 1108 2016 dietus
1122 1984 1188 2015 Rex
1203 1985 1314 2024 Angliae

252 2029 288 2058 ab
308 2028 481 2067 obligatione
503 2026 704 2066 praediCtorum
724 2025 924 2065 quinquaginta
938 2024 1058 2054 millium
1076 2022 1242 2054 Marcarum
1257 2024 1313 2054 Ar-

251 2068 327 2106 genti
350 2068 380 2097 lit
402 2068 510 2104 penitus
530 2065 683 2096 ablblutus·
706 2065 742 2094 ita
764 2063 843 2102 quod
865 2063 941 2093 idem
964 2062 1030 2093 Rex
1049 2062 1161 2092 Analiii:
1180 2072 1241 2092 non
1262 2062 1312 2092 nili

250 2114 361 2135 tautum
377 2106 405 2134 in
420 2106 516 2144 viginti
533 2104 655 2134 millibus
671 2089 835 2134 fviarcamm
850 2102 968 2142 Argenti
989 2100 1082 2131 eidem
1098 2087 1180 2141 ‘Regi
1201 2100 1314 2139 Arago-

252 2145 307 2174 niie
321 2152 460 2173 remaneat
473 2143 626 2181 obligatus:

292 2181 350 2212 Pro
392 2183 472 2212 uibus
494 2181 610 2220 quidem
630 2180 729 2219 viginti
751 2179 872 2210 millibus
898 2177 1082 2217 Marcamm,
1101 2179 1131 2208 in
1151 2178 1208 2208 hoc
1231 2177 1312 2216 casu,

253 2219 349 2252 eidem
398 2230 494 2258 ragon.
516 2220 563 2250 Re
582 2220 590 2249 i
612 2218 767 2256 solvendis,
784 2217 925 2256 praestabit
938 2217 1029 2248 (116103
1043 2217 1108 2247 Rex
1123 2217 1252 2255 Angliae,
1269 2217 1316 2247 vel

253 2258 376 2299 praestari
398 2260 480 2290 faciet
503 2259 531 2288 in
583 2259 689 2288 nimam
709 2257 803 2295 suam,
821 2257 854 2286 ad
874 2256 975 2287 Sancta
989 2255 1047 2286 Dei
1059 2255 1228 2295 Evangelia,
1242 2257 1318 2294 jura-

254 2306 384 2329 mentum
397 2323 406 2335 ,
422 2299 455 2329 ὃς
477 2297 613 2336 obligabit
634 2296 661 2326 se
674 2320 684 2334 ,
708 2296 741 2326 &
763 2295 885 2325 haeredes
906 2294 968 2325 suos
984 2319 994 2332 ,
1012 2305 1045 2325 ac
1067 2295 1144 2325 bona
1165 2295 1227 2333 sua,
1246 2304 1315 2324 cum

253 2337 420 2367 testimonio
437 2336 542 2377 publici
556 2334 757 2371 Instrumenti,
776 2333 923 2363 consiliarii
939 2335 1022 2363 etiam
1037 2333 1076 2363 sui
1092 2333 1224 2371 jurabunt
1240 2332 1316 2363 face-

254 2386 284 2445 }t:
298 2375 415 2444 fidgiliftfr
429 2374 508 2416 posse
521 2374 603 2405 suum
617 2372 695 2412 quod
709 2372 786 2403 idem
802 2371 868 2403 Rex
882 2371 992 2412 Angliae
1007 2372 1099 2403 servet
1120 2373 1153 2403 ὅ(
1174 2371 1318 2410 compleat

267 2425 282 2445 u
305 2423 331 2443 ra
391 2424 407 2443 a

284 2424 424 2483 ΙὲὶῑηίΙεπῖ
432 2453 515 2482 etiam
531 2451 753 2490 obligationem,
773 2449 855 2480 faciet
870 2448 947 2480 idem
963 2449 1028 2480 Rex
1050 2448 1163 2486 Angliae
1186 2458 1239 2489 pro
1258 2448 1318 2486 sep-

254 2492 375 2531 tuaginta
390 2490 512 2522 millibus
527 2490 691 2520 Marcarum
707 2489 824 2528 Argenti
837 2488 930 2519 eidem
944 2488 1021 2525 Regi
1044 2488 1195 2527 Aragoniae
1215 2487 1320 2525 persol-

254 2529 372 2569 vendis,
390 2530 409 2560 si
425 2529 555 2559 videlicet
569 2528 660 2559 dietus
675 2528 810 2565 Princeps
824 2537 884 2557 non
899 2526 1019 2558 traderet
1034 2527 1105 2556 infra
1119 2525 1220 2556 decem
1231 2526 1321 2556 Men-

252 2569 291 2601 ses
307 2569 395 2599 filium
408 2568 488 2598 suum
504 2568 741 2605 primogenitum,
759 2568 793 2597 &
807 2567 837 2596 in
850 2575 968 2603 poenam
982 2565 1134 2603 incideret,
1152 2566 1180 2594 in
1199 2565 1319 2595 TraCba-

255 2616 303 2645 tu,
322 2606 395 2645 apud
418 2606 578 2636 Oleronem
599 2606 695 2636 habito
709 2629 719 2643 ,
736 2613 921 2642 annotatam,
940 2604 1079 2642 praedietis
1101 2612 1197 2634 tamen
1219 2603 1319 2643 viginti

256 2640 379 2676 millibus
398 2645 583 2675 Mai-charum
598 2646 625 2674 in
643 2644 760 2682 praefatis
776 2643 945 2682 septuaginta
960 2643 1083 2673 millibus
1097 2651 1164 2672 com
1187 2641 1318 2672 rehensis:

294 2683 354 2714 Pro
395 2684 474 2713 uibus
514 2684 604 2720 oenis,
623 2683 643 2713 si
661 2683 690 2711 in
711 2681 762 2711 suis
782 2681 889 2712 caribus
912 2682 1145 2718 comminentur,
1174 2679 1320 2718 olvendis,

256 2723 357 2753 habeat
375 2694 466 2752 didius
520 2731 553 2752 ex
575 2721 685 2761 Angliae
706 2729 796 2750 unum
817 2719 935 2750 Annum
951 2720 967 2748 a
981 2727 1113 2756 tempore
1128 2728 1225 2756 poenae
1237 2728 1322 2748 com-

257 2761 348 2792 mifl‘ae
362 2786 371 2799 ,
389 2760 522 2792 videlicet
535 2784 545 2799 ,
569 2770 622 2798 pro
643 2758 780 2789 solutione
802 2757 958 2788 medietatis
977 2757 1059 2795 ipsius
1079 2757 1198 2787 summae
1220 2757 1320 2797 viginti

257 2800 377 2831 millium
394 2799 559 2830 Marcaruni
573 2799 618 2829 sex
635 2797 767 2836 Menses,
785 2796 818 2828 &
831 2806 885 2835 pro
897 2796 1002 2834 reliqua
1017 2795 1168 2826 medietate
1188 2795 1256 2827 alios
1275 2795 1320 2826 sex

259 2839 372 2870 Menses
386 2838 544 2877 sequentes:

296 2877 333 2908 Et
354 2888 406 2915 pro
427 2877 628 2915 quinquaginta
647 2874 769 2905 millibus
793 2873 960 2904 Marcarum
982 2873 1095 2904 residuis
1109 2873 1210 2903 habeat
1227 2871 1320 2902 didius

260 2915 326 2946 Rex
348 2915 460 2953 Angliae
478 2915 550 2946 duos
572 2914 687 2951 Annos,
706 2914 722 2943 a
742 2921 872 2950 tempore
887 2922 983 2950 poenae
997 2911 1201 2942 numerandos:
1222 2911 1322 2941 videli-

260 2964 420 2992 cet,unum
436 2953 554 2984 Annum
567 2963 620 2990 pro
633 2952 772 2982 solutione
785 2950 939 2981 medietatis
953 2951 1034 2989 ipsius
1050 2951 1169 2981 summae
1184 2951 1323 2988 quinqua-

281 2993 337 3023 iiita
356 2993 484 3031 milium,
504 2992 537 3022 ὃς
558 2991 644 3022 aliurn
661 3000 768 3020 annum
791 2989 953 3027 sequentem
974 3000 1026 3027 pro
1042 2989 1183 3020 solutione
1204 2988 1320 3019 residu-:e

286 3029 423 3060 'ledietatis
437 3030 555 3060 summae
567 3029 768 3067 praedictorum
782 3029 982 3067 quinquaginta
1005 3028 1118 3058 milium
1140 3027 1321 3057 Marcarum:

299 3069 337 3099 Et
346 3092 355 3107 ,
373 3070 390 3098 ὲ
404 3077 519 3107 contra,
537 3068 628 3098 dietus
639 3067 705 3097 Rex
723 3068 873 3106 Aragoniae
884 3067 968 3098 faciet
981 3066 1101 3097 similem
1114 3066 1321 3106 obligationem

262 3107 356 3138 eldem
376 3106 451 3146 Regi
472 3106 582 3144 Angli-ae
595 3130 604 3144 ,
628 3106 664 3136 de
682 3105 829 3135 reddendis
851 3106 883 3136 ὃ(
905 3104 1078 3136 restituendis
1101 3104 1225 3142 Principi
1239 3128 1249 3143 ,
1274 3104 1320 3135 vel

261 3145 417 3176 haeredibus
431 3146 480 3175 suis
484 3169 498 3189 9
517 3143 649 3182 praedieta
660 3145 770 3183 triginta
784 3144 868 3174 millia
883 3143 1050 3176 Marcarum
1070 3143 1206 3183 Argenti,
1224 3144 1255 3174 in
1275 3153 1323 3174 ca-

260 3184 290 3215 su
303 3194 362 3222 quo
376 3183 430 3221 ipsa
446 3183 561 3214 reddere
576 3183 609 3213 &
622 3182 767 3213 restituere
780 3191 935 3213 teneretur:

300 3222 458 3261 Videlicet,
476 3220 625 3259 completis
639 3221 690 3251 illis
702 3222 787 3251 tribus
802 3221 1012 3252 conditionibus
1025 3219 1186 3258 supradietis
1207 3219 1243 3250 dc
1263 3219 1322 3250 filio

261 3262 471 3301 primogenito,
488 3262 517 3291 in
532 3260 613 3298 posse
628 3260 734 3297 praefati
747 3260 869 3299 Aragon.
884 3259 972 3300 Regis
986 3259 1137 3291 tradendo:
1164 3258 1213 3289 De
1226 3269 1324 3296 treuga

261 3301 345 3330 trium
364 3309 531 3337 annorum,
555 3300 588 3330 &
608 3297 644 3328 de
661 3298 805 3328 securitate
825 3298 969 3328 Romanae
989 3298 1124 3329 Ecclefiae
1146 3298 1322 3336 impetratis3

261 3348 349 3376 quam
363 3338 480 3377 quidem
496 3338 670 3368 securitatem
684 3336 828 3367 Romanae
843 3336 977 3368 Eccleiiae
988 3337 1078 3368 diditus
1095 3335 1231 3374 Princeps
1252 3336 1324 3367 infra

260 3386 368 3408 annum
380 3379 397 3407 a
411 3375 457 3407 die
472 3377 528 3406 suae
539 3376 707 3406 liberationis
719 3375 847 3405 obtinere
860 3384 986 3407 tenetur:

299 3415 354 3454 Et,
370 3416 422 3446 hiis
442 3416 529 3445 tribus
548 3414 758 3445 conditionibus
777 3413 949 3452 adimpletis,
967 3413 1101 3455 praedista
1120 3414 1233 3453 triginta
1246 3412 1323 3444 milia

263 3451 430 3484 Marcarum
444 3453 561 3493 Argenti
574 3452 750 3483 restituantur
762 3451 839 3483 dic'to
852 3452 992 3493 Principi,
1011 3453 1057 3484 vel
1079 3452 1130 3482 suis
1149 3452 1326 3490 haeredibusg

264 3490 298 3520 &
313 3491 456 3530 securitas,
473 3502 526 3531 pro
539 3492 707 3530 septuaginta
721 3491 831 3521 milibus
845 3490 1009 3522 Marcarum
1030 3491 1166 3530 Argenti,
1185 3491 1257 3521 faeta
1278 3501 1326 3529 per

264 3529 384 3560 eundem
398 3530 513 3571 Regem
528 3529 555 3561 A
595 3530 655 3568 liae,
671 3539 707 3560 eo
720 3529 780 3567 ipso
792 3529 823 3559 sit
838 3530 946 3566 penitus
959 3530 1091 3560 absoluta.

303 3565 392 3609 item,
410 3539 612 3606 promittet&
633 3568 731 3598 'urabit
751 3567 843 3598 dictus
863 3566 929 3598 Rex
945 3568 1116 3607 Aragoniae,
1133 3567 1179 3597 seu
1195 3567 1278 3599 faciet
1293 3569 1323 3597 in

266 3612 389 3635 animam
407 3608 483 3638 suam
500 3608 602 3646 jurari,
641 3607 700 3637 icto
721 3606 796 3646 Regi
810 3606 937 3645 Angliae,
952 3617 1021 3637 curn
1035 3606 1201 3637 testimonio
1215 3606 1323 3644 publici

263 3639 463 3684 Instrumenti,
480 3646 626 3683 deponere
647 3644 779 3683 praediCta
791 3645 903 3683 triginta
917 3646 993 3675 milia
1007 3645 1173 3676 Marcarum
1190 3644 1326 3684 Argenti,

265 3679 300 3709 &
313 3689 373 3710 non
388 3691 499 3727 tangere
513 3686 542 3714 in
556 3686 594 3715 eis
609 3693 658 3722 per
674 3684 716 3721 se,
734 3683 779 3714 vel
795 3693 845 3720 per
859 3683 944 3713 aliurn
986 3693 1041 3714 nec
1056 3683 1110 3722 ipsa
1123 3682 1282 3721 expendere
1294 3683 1322 3712 in

266 3726 360 3755 parte,
378 3729 431 3750 nec
451 3731 480 3751 in
500 3730 611 3760 totum,
630 3732 685 3752 nec
709 3723 871 3759 permittere
885 3708 967 3760 quod
978 3723 1075 3760 aliquis
1089 3721 1156 3752 alius
1172 3731 1203 3751 ea
1218 3730 1324 3759 expen-

268 3754 334 3799 dat,
349 3758 492 3800 quousque
505 3759 596 3803 didius
611 3759 746 3798 Princeps
766 3762 794 3790 in
810 3769 928 3797 poenam
947 3760 1093 3798 inciderit,
1111 3770 1161 3800 per
1177 3769 1263 3798 quam
1277 3768 1326 3798 pe-

268 3803 352 3824 cunia
364 3794 520 3838 hujusmodi
535 3799 685 3829 commissa
698 3799 781 3829 fuerit
795 3797 870 3836 Regi
888 3799 1037 3835 Aragoniae
1051 3799 1190 3836 saepefato.

306 3830 381 3875 Item
394 3854 404 3868 ,
426 3833 478 3863 fuit
497 3844 673 3877 conventum
695 3838 767 3867 inter
787 3838 917 3874 praefatos
936 3838 955 3857 ²*
974 3837 1069 3876 Reges
1090 3837 1124 3868 &
1143 3835 1239 3866 Princi
1260 3844 1325 3872 em,

268 3869 353 3913 quod*
368 3869 445 3900 idem
466 3869 597 3910 Princeps
616 3873 664 3905 det
685 3875 779 3905 statim
800 3883 926 3913 treugam
946 3877 1032 3906 trium
1054 3876 1209 3908 Annorum
1250 3883 1266 3903 e
1279 3873 1324 3910 se,

266 3908 301 3951 3?
316 3908 384 3945 sUlSw
402 3908 436 3939 &
451 3916 533 3946 gente
546 3911 608 3953 sqa,
624 3913 658 3943 &
672 3922 730 3943 tota
744 3913 852 3943 ditione
863 3914 892 3942 in
905 3921 977 3945 terra
991 3914 1052 3953 sua,
1071 3915 1146 3944 bona
1159 3911 1230 3949 fide,
1249 3920 1323 3948 prae-

266 3945 347 3990 dlstp
361 3946 436 3989 Regl
452 3946 614 3990 Aragomae,
634 3950 666 3978 &
680 3951 748 3989 suis,
767 3952 800 3982 &
815 3951 948 3982 omnibus
964 3962 1029 3989 quae
1045 3959 1122 3983 tenet
1134 3951 1168 3982 &
1183 3948 1323 3988 poffidet,

263 3993 282 4015 2
302 3983 348 4014 dm
366 3984 538 4016 hbesassoms
558 3986 639 4023 ¹Ps1⁰S
658 3990 728 4025 Pure
746 3991 780 4021 &
801 3989 927 4020 absolute
943 4012 953 4027 ,
971 3990 1029 4021 sine
1048 3989 1132 4022 ormi
1145 3988 1324 4021 conditione:

661 75 1456 131 CONVENTIONES‚

1532 73 1928 129 LITssRAE,

1327 160 1366 192 Et
1377 159 1499 204 *similem
1512 167 1573 192 treu
1594 172 1641 193 am
1655 163 1721 193 dare
1733 170 1844 193 tenetur
1855 161 1946 193 dietus
1961 160 2028 192 Rex
2043 159 2194 201 Aragoniae
2215 160 2295 193 dieto
2308 156 2392 193 Prin·
2410 158 2486 191 Ann.
2495 155 2536 192 D:
2562 141 2570 161 Ἀ

1327 200 1384 237 cipi
1398 209 1450 243 pro
1463 199 1506 237 se,
1525 200 1558 230 &
1585 202 1641 240 uis,
1659 211 1692 232 ac
1705 210 1789 241 gente
1802 202 1864 240 sua,
1882 201 1953 231 ficut
1966 201 1995 230 in
2011 201 2129 231 tradtatu
2143 199 2265 230 Oleron.
2281 200 2387 238 plenius
2428 200 2512 230 1288.
2533 208 2538 213 ’
2563 206 2564 215 ’

1329 246 1499 269 continetur.

1368 275 1458 319 Item,
1476 275 1528 305 fuit
1542 276 1615 307 inter
1630 277 1760 315 praefatos
1775 277 1870 317 Reges
1892 284 2086 314 conventum,
2104 275 2183 314 quod
2198 276 2218 306 fi
2231 276 2321 314 aliqua
2336 275 2391 308 dis-

1331 314 1427 345 cordia
1440 315 1577 353 oriretur,
1595 316 1667 346 inter
1682 317 1771 354 ipsum
1784 316 1898 356 Regem
1914 316 2040 356 Aragon.
2053 316 2086 346 &
2101 315 2265 353 Principem
2279 325 2393 346 memo-

1332 360 1439 396 ratum,
1458 351 1494 395 cle
1504 354 1582 391 jure,
1600 354 1646 385 vel
1659 354 1695 384 de
1709 354 1803 393 fac‘to,
1819 356 1898 393 super
1912 364 1982 393 pace
1995 353 2123 385 faciendai
2137 363 2187 392 per
2202 354 2292 391 ipsum
2307 352 2391 383 Prin-

1331 401 1426 428 cipem
1447 389 1528 434 disto
1547 390 1624 429 Regi
1644 393 1766 433 Aragon.
1785 393 1819 423 ad
1840 392 2017 424 voluntatem
2036 392 2113 422 suam
2161 392 2256 430 quod,
2274 400 2394 431 propter

1330 429 1408 468 hoc,
1425 428 1516 472 dictus
1538 429 1603 460 Rex
1619 431 1730 461 Arioliae
1751 442 1811 461 non
1826 431 1940 462 differet
1955 431 2001 462 vel
2013 417 2191 461 contradicet
2205 431 2313 461 solvere
2327 440 2393 468 pce-

1331 476 1399 497 nam
1421 469 1521 506 Viginti
1544 469 1654 512 milium
1667 456 1843 501 'hiare-amm
1861 471 1991 510 argenti,
2022 469 2069 500 vel
2090 469 2167 508 septu
2185 470 2260 499 uinta
2280 469 2394 499 milium

1335 505 1500 549 Marcarum
1521 506 1573 536 suis
1591 508 1697 539 cailbus
1709 533 1718 547 ,
1737 508 1757 538 si
1769 509 1852 539 fiierit
1863 508 2031 546 commista,
2048 509 2140 538 immo
2154 507 2184 538 so
2196 516 2244 539 vet
2257 517 2321 538 eam
2336 508 2394 539 fine

1333 543 1424 582 aliqua
1438 545 1665 576 contraditftione
1680 547 1709 576 in
1724 548 1851 577 terminis
1865 547 2056 587 suprascriptis.

2406 241 2473 269 Edv.
2498 249 2522 268 1.
2568 238 2570 242 ⁸

1373 582 1462 620 Item,
1481 582 1533 613 fuit
1552 583 1716 615 ordinatum
1736 586 1808 615 inter
1832 588 1963 623 praefatos
1978 586 2094 623 Reges,
2112 584 2190 623 quod
2203 593 2307 615 omnes
2317 584 2394 617 obfi-
2429 601 2432 603 >

1332 620 1400 665 des,
1418 631 1489 659 quos
1504 621 1593 666 disstus
1607 623 1672 654 Rex
1688 623 1814 663 Angli-ae,
1833 626 1862 654 in
1877 625 2020 662 praesenti,
2038 624 2120 655 tradit
2132 623 2226 653 eidem
2239 622 2316 661 Regi
2323 623 2395 653 Ara-

1333 668 1428 697 goniae
1442 669 1495 697 pro
1509 659 1560 690 hiis
1574 671 1639 698 quae
1655 661 1746 692 dietus
1762 661 1898 701 Princeps
1912 663 2060 701 complere
2074 671 2202 700 tenetur,
2220 662 2253 693 &
2266 662 2309 691 alii
2325 670 2397 699 qua-⁴

1333 706 1416 735 tuor,
1436 708 1507 735 quos
1525 699 1673 730 traditurus
1691 700 1750 739 est,
1769 701 1789 730 fi
1809 701 1899 739 ipsum
1913 702 2042 732 recedere
2057 702 2073 731 {1
2085 701 2137 731 suis
2152 700 2293 741 praedictis
2308 701 2394 738 parri-

1336 736 1388 766 bus
1402 744 1561 779 oporteret,
1579 745 1610 768 ut
1623 738 1744 778 superius
1757 740 1936 778 continetur,
1955 740 2006 770 sint
2023 741 2052 770 in
2072 739 2152 780 posse
2166 739 2234 770 dieti
2249 739 2338 776 Regis
2354 739 2395 769 A·

1337 784 1433 814 ragon.
1452 775 1502 817 iub
1517 776 1616 806 eadem
1631 777 1798 808 conditione
1817 778 1850 808 δε
1864 778 2037 816 incursione,
2054 778 2105 808 sub
2119 778 2220 816 quibus
2235 778 2292 808 effe
2307 777 2396 808 debe.-

1337 813 1404 857 bant
1420 813 1529 843 oblides
1541 814 1578 858 de
1590 814 1759 854 Provincia,
1798 818 1842 855 ui,
1859 825 1923 847 ante
1944 817 2139 847 liberationem
2160 816 2266 855 praefari
2286 816 2396 846 Princi-

1342 862 1401 890 pis,
1420 853 1452 882 &
1467 851 1636 897 post⁴,·1nfra
1649 862 1703 884 tres
1717 864 1783 884 men
1796 864 1823 884 es
1836 855 1894 885 dari
1904 854 2052 886 debebant.
2091 855 2129 886 Et
2145 855 2268 886 similiter
2280 855 2333 886 lint
2346 855 2397 885 sub

1339 891 1437 935 eadem
1452 891 1619 922 conditione
1632 892 1666 923 &
1679 893 1838 923 incursione
1853 894 1889 932 fi,
1907 894 1986 932 quod
2001 894 2079 924 Deus
2092 902 2210 932 avertat,
2232 894 2397 932 Principem

1337 929 1506 974 praedictum
1523 932 1599 960 mori
1612 932 1962 972 contingeret,antequam
1976 932 2085 962 obsides
2099 932 2261 963 Provinciae
2274 934 2302 963 in
2315 933 2398 973 poffe

1336 967 1407 998 dieti
1423 967 1510 1012 Regis
1525 968 1679 1006 Aragoniae
1694 978 1873 1008 ponerentur.
1910 970 1938 1001 Si
1952 973 2023 1001 vero
2032 972 2210 1010 contingeret
2222 971 2300 1010 quod
2312 971 2399 1010 aliqui

1337 1005 1374 1037 de
1391 1007 1534 1051 obsidibus
1549 1006 1712 1039 Provinciae
1724 1008 1891 1040 defficerent
1911 1009 1956 1040 vel
1977 1011 2095 1048 graviter
2113 1008 2335 1048 infirmarentur,
2353 1010 2399 1041 vel

1337 1055 1372 1076 ex
1391 1045 1442 1076 alia
1462 1046 1540 1076 causa
1559 1047 1710 1078 neceffaria
1727 1047 1798 1079 tradi
1819 1057 1879 1078 non
1902 1048 2014 1085 possent
2025 1072 2035 1086 ,
2054 1047 2132 1085 quod
2150 1057 2210 1077 non
2230 1050 2400 1079 retineantur

1338 1093 1440 1129 omnes
1454 1085 1564 1129 obfides
1575 1086 1658 1129 positi
1668 1096 1720 1155 ger
1735 1085 1848 1126 Regem
1864 1086 1975 1124 Angliae
1987 1086 2195 1124 supradictum,
2213 1086 2251 1117 set
2264 1088 2402 1117 retinean-

1335 1130 1381 1153 tur
1400 1123 1482 1167 aliqui
1498 1148 1507 1162 ,
1527 1125 1575 1162 qui
1595 1128 1648 1155 {int
1689 1135 1742 1156 ene
1759 1124 1927 1156 sufficientes
1940 1149 1950 1163 ,
1970 1125 2115 1163 quousque
2128 1124 2302 1156 defficientes
2316 1125 2400 1164 positi

1341 1161 1445 1192 fuerint
1458 1172 1486 1192 in
1503 1163 1582 1200 poffe
1595 1163 1685 1201 Regis
1699 1164 1851 1204 Aragoniae
1866 1164 2020 1202 supradicti.

1379 1200 1471 1239 Item,
1490 1201 1542 1231 fuit
1555 1211 1734 1234 conventum
1748 1204 1821 1233 inter
1834 1203 1947 1233 eosdem
1960 1201 2056 1241 Reges
2071 1203 2104 1234 ἃ
2120 1201 2303 1240 Principem,
2322 1202 2402 1240 quod

1337 1238 1366 1281 fi·
1378 1238 1566 1278 Reymundus
1591 1240 1750 1282 Berengarii
1763 1251 1920 1272 moreretur
1930 1250 2082 1280 antequam
2101 1242 2130 1271 in
2152 1241 2232 1279 poste
2251 1241 2320 1271 dieti
2341 1240 2403 1271 Re-

1339 1285 1380 1345 gis
1396 1277 1546 1318 Aragoniae
1560 1279 1729 1319 traderetur,
1748 1280 1827 1318 quod
1861 1289 1951 1311 uartus
1965 1279 2035 1310 filius
2048 1280 2117 1310 dieti
2133 1279 2269 1317 Principis
2283 1287 2404 1317 ponatur

1350 1325 1408 1360 000
1429 1317 1518 1361 illius,
1537 1328 1591 1349 nec
1605 1343 1615 1357 ,
1633 1327 1749 1362 propter
1768 1290 1985 1350 retardationem
2004 1319 2131 1357 praediffl
2152 1320 2242 1357 quarti
2263 1318 2310 1348 filii
2330 1317 2401 1349 dieti

1341 1353 1478 1399 Principis
1494 1381 1503 1395 ,
1521 1366 1622 1387 omnes
1643 1357 1753 1388 obsides
1796 1357 1853 1388 dati
1873 1367 1923 1396 per
1944 1358 2114 1395 praedieium
2136 1357 2250 1396 Regem
2272 1356 2404 1396 Angliae,

1341 1402 1528 1439 retmeantur,
1547 1395 1585 1426 set
1597 1381 1800 1427 tantummodo
1814 1396 1977 1435 quindecim
1990 1405 2025 1426 ex
2035 1397 2115 1434 ipsis,
2132 1406 2203 1434 quos
2224 1395 2315 1426 dietus
2338 1395 2405 1426 Rex

1342 1430 1494 1477 Aragoniae
1515 1434 1623 1464 duxerit
1645 1435 1806 1474 eligendos,
1824 1434 1918 1465 donec
1935 1434 2028 1465 dictus
2051 1442 2162 1474 quartus
2183 1433 2256 1464 filius
2278 1435 2307 1464 in
2322 1433 2403 1472 posse

1343 1481 1454 1503 venerit
1467 1471 1514 1502 Re
1537 1473 1541 1478 '
1570 1472 1722 1513 Aragoniae
1734 1471 1895 1514 supradicti:
1916 1473 1972 1512 set,
1990 1473 2049 1512 ipso
2068 1481 2168 1512 quarto
2189 1472 2248 1504 filio
2270 1482 2406 1511 recepto,

1343 1508 1437 1540 statim
1456 1482 1582 1556 meg-gs&
1604 1511 1768 1550 quindecim
1788 1511 1899 1543 obfides
1914 1536 1924 1551 ,
1949 1513 2050 1542 retenti
2072 1521 2125 1550 pro
2147 1521 2184 1541 eo
2199 1535 2210 1549 ,
2236 1511 2407 1550 liberentur,

1345 1549 1484 1592 conpletis
1499 1551 1556 1580 aliis
1571 1551 1827 1590 conventionibus,
1845 1561 1899 1590 pro
1914 1551 2016 1590 quibus
2029 1559 2130 1581 ornnes
2143 1549 2254 1581 obsides
2267 1558 2344 1581 erant
2352 1560 2406 1588 po-

1347 1587 1388 1618 siti
1403 1589 1435 1619 &
1451 1589 1559 1628 traditi,
1578 1597 1664 1626 prout
1678 1590 1800 1628 superius
1815 1590 1984 1620 continetur.

1383 1625 1476 1664 Item,
1495 1627 1547 1658 fuit
1560 1637 1738 1659 conventum
1750 1630 1823 1659 inter
1837 1627 1950 1659 eosdem
1964 1627 2059 1667 Reges
2071 1628 2105 1659 &
2125 1626 2290 1665 Principem
2300 1651 2310 1666 ,
2328 1626 2409 1666 quod

1344 1663 1364 1694 fi
1387 1667 1565 1709 contingeret
1586 1666 1751 1698 Dominum
1772 1666 1916 1698 Karolum
1937 1668 2161 1706 primogenitum
2179 1665 2247 1697 dieti
2271 1666 2409 1704 Principis

1347 1712 1421 1734 mori
1438 1704 1507 1734 infra
1522 1704 1625 1736 decem
1640 1707 1764 1744 menses,
1781 1715 1933 1745 antequam
1944 1705 2067 1737 tradatur
2079 1706 2109 1735 in
2172 1704 2211 1735 ffe
2228 1704 2297 1735 dieti
2319 1704 2409 1744 Regis

1348 1742 1517 1782 Aragoniae,
1535 1753 1676 1775 remaneat
1689 1745 1855 1776 Lodovicus
1870 1745 2074 1784 primogenitus
2089 1754 2128 1782 po
2168 1743 2258 1782 ipsum
2271 1753 2324 1782 pro
2339 1743 2407 1782 illo,

1349 1781 1383 1811 &
1399 1775 1547 1813 Robertus
1560 1784 1593 1814 δε
1608 1783 1798 1823 Reymundus
1809 1782 1967 1823 Berengarii
1982 1790 2144 1813 remaneant
2159 1783 2188 1813 in
2203 1781 2273 1812 statu
2295 1783 2324 1811 in
2348 1791 2408 1820 quo

1349 1819 1410 1864 sunt
1425 1821 1516 1852 modo
1532 1821 1700 1853 Lodovicus
1715 1824 1748 1853 δε
1762 1822 1926 1860 Robertus·,
1943 1822 2063 1860 pecunia
2074 1830 2170 1851 autem
2187 1828 2328 1851 remaneat
2348 1830 2410 1851 non

1349 1859 1455 1889 incursa
1476 1862 1584 1891 ratione
1605 1860 1673 1892 dic‘ti
1694 1860 1816 1892 Domini
1839 1860 1937 1892 Caroli
1958 1861 2139 1901 primogeniti
2159 1870 2219 1890 non
2236 1859 2351 1898 traditi,
2368 1859 2406 1890 set

1350 1907 1492 1968 remgneat
1505 1900 1627 1940 obligata
1641 1910 1695 1938 pro
1708 1908 1804 1940 treuga
1817 1900 1850 1932 &
1864 1900 2009 1931 securitate
2020 1899 2163 1930 Romanae
2181 1898 2317 1930 Eccleiiae
2336 1898 2414 1929 obti-

1353 1946 1408 1966 neri
1431 1948 1460 1967 is.

1388 1975 1479 2015 Item,
1496 1976 1549 2008 fuit
1561 1976 1723 2008 ordinatum
1737 1977 1831 2017 quod,
1850 1977 1981 2016 Principe
1995 1975 2130 2008 redeunte
2143 1976 2212 2007 infra
2226 1975 2329 2007 decem
2335 1985 2417 2006 meri-

1350 2012 1389 2044 ses
1411 2015 1641 2055 quandocunque
1653 2040 1664 2056 ,
1682 2018 1875 2057 primogenito
1897 2016 1947 2047 suo
1968 2016 2071 2047 tradito
2090 2015 2136 2047 vel
2157 2025 2216 2046 non
2237 2015 2340 2046 tradito
2352 2037 2363 2053 ,
2380 2013 2416 2045 ad

1350 2051 1504 2084 Carcerem
1525 2055 1595 2086 dicti
1613 2054 1702 2094 Regis
1722 2056 1892 2096 Aragoniae,
1909 2054 1954 2086 vel
1975 2054 2122 2086 haeredum
2136 2054 2267 2092 suorum,
2285 2053 2413 2091 obfides,

1350 2093 1469 2135 pecunia
1483 2117 1493 2131 ,
1511 2093 1545 2124 &
1564 2095 1662 2124 omnia
1682 2094 1735 2125 sint
1754 2094 1878 2126 absoluta
1892 2117 1901 2133 ,
1919 2094 1954 2125 &
1973 2093 2060 2124 libere
2079 2093 2258 2124 restituantur
2274 2104 2284 2131 ·,
2300 2093 2334 2123 &
2354 2092 2414 2122 hoc

1346 2139 1436 2174 juret,
1455 2131 1501 2163 vel
1512 2132 1597 2170 jurari
1610 2132 1792 2171 faciat,idem
1809 2132 1874 2163 Rex
1890 2133 2041 2172 Aragonite
2054 2133 2084 2162 in
2096 2132 2218 2162 animam
2229 2129 2412 2170 suam,Con-

1350 2168 1438 2199 siliarii
1458 2170 1514 2208 sui,
1532 2170 1566 2201 &
1584 2170 1706 2202 Barones
1726 2181 1775 2209 per
1796 2171 1840 2209 se,
1858 2172 1892 2202 &
1912 2169 2142 2201 communitates
2162 2169 2267 2200 Oscen.
2290 2168 2410 2199 Ilerden.

1351 2206 1520 2252 Barchinon.
1537 2210 1571 2240 &
1584 2209 1753 2240 Gerunden.
1769 2209 1943 2247 Civitatum,
1959 2220 1991 2240 ac
2001 2209 2115 2248 Jaccae,
2130 2209 2283 2245 Servariae,
2301 2207 2416 2239 Montis

1353 2246 1439 2290 Albi,
1456 2248 1490 2278 &
1513 2247 1594 2278 Villae
1618 2248 1744 2280 Francia:
1766 2258 1817 2288 per
1836 2247 1975 2288 Syndicos
1992 2249 2087 2287 jurent
2099 2271 2109 2286 ,
2126 2249 2160 2280 ὃ(
2183 2248 2330 2286 publicum
2349 2246 2416 2277 inde

1352 2284 1454 2316 sacrant
1466 2285 1696 2318 instrumentum.

1390 2323 1482 2363 Item,
1499 2325 1553 2355 fuit
1573 2334 1750 2356 conventum
1770 2326 1843 2355 inter
1864 2324 1960 2365 Reges
1981 2325 2015 2356 &
2036 2324 2198 2362 Principem
2219 2332 2393 2355 memoratos
2406 2348 2417 2363 ‚

1354 2362 1434 2400 quod
1455 2373 1508 2400 pro
1529 2363 1680 2402 Syndicatu
1703 2363 1834 2394 Maffiliae
1852 2373 1913 2394 non
1927 2364 1980 2394 sint
1992 2363 2109 2400 obligati
2122 2363 2233 2394 obsides
2245 2363 2314 2393 dieti
2330 2363 2418 2406 Regis

1358 2401 1487 2441 Anglioe,
1503 2402 1541 2433 set
1554 2401 1646 2433 dietus
1662 2402 1798 2440 Princeps
1807 2403 1881 2441 juret
1895 2401 2012 2433 fideliter
2026 2402 2118 2432 facere
2129 2402 2210 2440 poss'e
2230 2401 2330 2440 suum,
2347 2403 2419 2432 intra

1358 2447 1413 2469 tres
1425 2440 1534 2471 menses
1547 2441 1562 2470 a
1575 2441 1621 2472 die
1633 2442 1803 2472 liberationis
1816 2441 1870 2471 suae
1881 2465 1892 2478 ,
1908 2441 2039 2472 obtinere
2058 2442 2092 2472 &
2113 2440 2216 2471 habere
2233 2439 2417 2481 Syndicatum

1356 2478 1543 2518 praedietum3
1561 2489 1621 2519 aut,
1642 2480 1662 2510 si
1677 2481 1735 2510 hoc
1747 2488 1807 2510 non
1820 2479 1905 2518 possit
1918 2479 2022 2510 habere
2052 2479 2141 2510 tradet
2155 2479 2226 2510 infra
2236 2478 2352 2510 eosdem
2363 2487 2420 2510 tres

1355 2518 1480 2561 menses,
1499 2520 1596 2558 viginti
1609 2519 1718 2550 obsides
1731 2518 1767 2549 de
1779 2518 1942 2550 melioribus
1955 2504 2104 2557 Massiliae,
2121 2518 2166 2549 vel
2180 2517 2281 2549 redibit
2294 2517 2330 2549 ad
2351 2528 2418 2556 cap-

1355 2564 1467 2586 tionem
1480 2557 1567 2597 Regis
1582 2558 1734 2598 Aragoniae
1746 2556 1903 2595 supradidti.

1377 2594 1483 2639 ‘Item,
1503 2596 1555 2627 fuit
1569 2605 1748 2628 conventum
1761 2597 1833 2627 inter
1844 2595 1975 2634 praefatos
1987 2595 2017 2627 R
2055 2606 2084 2626 es
2095 2595 2129 2627 &
2142 2595 2323 2633 Principem,
2337 2594 2418 2634 quod

1354 2632 1434 2664 diCto
1456 2633 1590 2674 Principe
1610 2636 1745 2667 redeunte
1763 2634 1797 2664 ad
1815 2636 1978 2672 captionem
2000 2634 2030 2664 di
2062 2633 2171 2674 iRegis
2187 2634 2354 2672 Aragoniae,
2372 2633 2418 2663 vel

1355 2671 1502 2703 haeredum
1522 2674 1637 2705 suorum
1650 2698 1659 2712 ,
1678 2673 1919 2712 quandocumque
1940 2672 2005 2711 post
2024 2672 2126 2703 decem
2148 2672 2254 2702 menses
2274 2671 2344 2701 infra
2363 2680 2418 2702 tres

1357 2720 1446 2741 annos
1460 2711 1630 2750 praedittos,
1647 2713 1721 2743 faeta
1735 2711 1868 2749 praediera
1880 2719 1992 2750 treuga,
2009 2712 2043 2742 ὃ(
2058 2711 2159 2741 tradito
2178 2710 2258 2740 dieto
2279 2709 2355 2748 Regi
2376 2709 2419 2739 A-

1355 2750 1477 2788 ragoniae
1491 2750 1540 2781 vel
1551 2751 1602 2780 suis
1613 2750 1770 2781 haeredibus
1784 2750 1975 2788 primogenito
1991 2748 2041 2779 suo
2050 2771 2059 2787 ‚
2077 2748 2149 2779 infra
2163 2747 2264 2779 decem
2278 2747 2386 2778 menses
2401 2750 2419 2778 a

1357 2787 1402 2817 die
1422 2788 1590 2819 liberationis
1612 2789 1667 2819 suae
1682 2812 1692 2828 ,
1717 2788 1796 2827 quod
1817 2789 1915 2818 omnia
1937 2786 2112 2818 restituantur
2126 2811 2136 2825 ,
2154 2787 2187 2818 &
2209 2787 2261 2817 sint
2278 2786 2419 2824 absoluta,

1356 2833 1414 2870 tarn
1425 2826 1551 2865 obfides,
1570 2828 1656 2866 quum
1672 2828 1809 2866 pecunia,
1824 2825 1998 2865 praesensque
2010 2824 2247 2863 instrumentum,
2264 2825 2298 2857 &
2311 2825 2420 2864 obliga-

1355 2873 1464 2904 tiones,
1482 2876 1515 2896 ac
1526 2865 1727 2905 instrumenta,
1746 2866 1791 2896 seu
1804 2865 1904 2903 scripta
1915 2865 1966 2895 alia
1981 2874 2173 2903 quaecunque,
2192 2863 2310 2904 praesens
2330 2873 2349 2893 n
2386 2873 2420 2893 o-

1356 2905 1430 2973 gum
1443 2906 1652 2945 contingentia,
1671 2916 1725 2944 pro
1737 2905 1830 2936 fractis
1840 2928 1851 2944 ,
1868 2903 1965 2943 nullis,
1984 2902 2079 2943 caffis,
2097 2904 2131 2935 &
2145 2904 2227 2933 irritis
2240 2904 2350 2941 penitus
2390 2912 2418 2932 a-

1378 2951 1482 2974 eantur.

1396 2982 1415 3001 ²*
1434 2981 1507 3012 Item
1522 3006 1532 3019 ,
1555 2982 1608 3013 fuit
1627 2990 1806 3013 conventum
1826 2982 1899 3012 inter
1908 2980 2045 3050 [praefatos
2067 2980 2161 3021 Reges
2184 2980 2218 3011 &
2233 2979 2417 3018 Principem,

1360 3020 1439 3058 quod
1451 3020 1542 3051 dietus
1559 3021 1625 3051 Rex
1640 3021 1790 3061 Aragoniae
1799 3021 1890 3059 juret,
1919 3030 1954 3050 eu
1965 3021 2051 3059 jurari
2063 3019 2145 3050 faciat
2159 3021 2188 3049 in
2201 3019 2324 3049 animam
2332 3019 2420 3057 suam,

1359 3059 1395 3090 &
1405 3060 1489 3090 etiam
1505 3058 1684 3098 Consiliarii,
1702 3070 1734 3090 ac
1748 3059 1874 3089 Nobiles
1887 3059 1925 3089 sui
1940 3069 1989 3097 per
2003 3059 2045 3096 se,
2063 3068 2096 3089 ac
2110 3057 2341 3088 Communitates
2362 3057 2421 3087 Os-

1358 3107 1421 3129 cen,
1436 3097 1556 3128 Ilerden.
1570 3098 1741 3129 Barchinon.
1755 3099 1788 3129 δε
1802 3097 1970 3128 Gerunden.
1985 3097 2165 3135 Civitatum,
2182 3106 2216 3126 ac
2227 3094 2420 3134 Jaccae2Cer-

1357 3137 1458 3175 variae,
1477 3136 1589 3168 Montis
1612 3137 1697 3175 Albi,
1715 3137 1748 3168 &
1766 3136 1850 3167 Villa:
1871 3136 1998 3168 Franciae
2021 3146 2070 3174 per
2090 3136 2110 3166 S
2130 3135 2230 3166 ndicos
2244 3159 2254 3172 ,
2269 3135 2364 3172 jurent
2383 3136 2419 3166 &

1357 3175 1507 3214 publicum
1527 3176 1593 3206 inde
1611 3175 1717 3206 facient
1738 3175 1976 3213 instrumentum,
1994 3174 2090 3213 quod,
2109 3145 2243 3211 Principe
2262 3172 2422 3211 supradicio

1360 3214 1494 3244 redeunte
1507 3214 1540 3245 ad
1555 3215 1719 3252 captionem
1732 3214 1802 3245 dieii
1818 3213 1905 3253 Regis
1921 3214 2086 3253 Aragoniae,
2102 3211 2282 3243 restituantur
2297 3212 2324 3242 ei
2345 3211 2422 3242 obsi-

1357 3253 1407 3283 des
1422 3254 1454 3284 &
1468 3254 1603 3291 pecunia,
1622 3253 1655 3283 &
1670 3253 1764 3283 similis
1777 3253 1916 3290 obligatio
1928 3252 1977 3283 fiet
1991 3262 2041 3292 per
2054 3251 2204 3288 praediffros
2217 3250 2254 3280 de
2276 3249 2423 3280 reddendo

1361 3291 1537 3328 Reymundo
1554 3291 1726 3331 Berengarii,
1746 3291 1881 3331 Principe
1900 3290 2026 3322 tradente
2046 3290 2124 3330 Regi
2145 3289 2298 3329 Aragoniae
2309 3290 2420 3328 primo-

1381 3332 1491 3361 enitum
1503 3330 1594 3360 suum.
1641 3355 1643 3359 ,

1362 3340 1381 3371 g
1400 3368 1472 3399 Item
1487 3393 1497 3407 ,
1523 3368 1577 3399 fuit
1590 3377 1768 3401 conventum
1782 3370 1854 3400 inter
1867 3367 1981 3399 eosdem
1995 3368 2091 3408 Reges
2103 3365 2327 3405 &Principem,
2365 3363 2422 3408 uod

1360 3407 1405 3438 ina
1423 3407 1527 3438 residua
1544 3407 1650 3445 septem
1668 3409 1746 3439 milia
1767 3408 1933 3438 Marcarum
1953 3408 2061 3446 argenti
2081 3406 2222 3437 solvantur
2236 3405 2330 3435 eidem
2341 3375 2416 3447 Regi

1363 3447 1515 3486 Aragoniae
1530 3469 1539 3483 ,
1573 3446 1618 3477 vel
1638 3448 1740 3484 quibus
1760 3446 1817 3484 ipse
1835 3445 2010 3477 mandaverit
2023 3468 2034 3484 ,
2066 3443 2141 3483 apud
2161 3440 2420 3485 Sanctampristi-

1362 3496 1445 3523 nam,
1462 3485 1508 3515 vel
1521 3485 1552 3514 in
1567 3484 1634 3515 loco
1669 3486 1698 3515 ui
1710 3494 1829 3516 vocatur
1844 3485 1918 3521 lusa,
1936 3485 1970 3515 ὃς
1984 3484 2042 3514 hoc
2057 3483 2088 3514 fit
2103 3484 2135 3513 in
2146 3483 2265 3521 optione
2279 3479 2349 3510 (1ιᾶ1
2357 3479 2420 3509 Re-

1381 3526 1404 3554 is
1419 3523 1545 3562 Angliae,
1563 3523 1646 3553 secun
1667 3533 1717 3553 um
1733 3522 1811 3561 quod
1827 3523 1883 3562 ipse
1896 3523 1976 3553 duxit
1988 3520 2191 3559 ordinandum,
2210 3520 2242 3552 &
2263 3519 2321 3562 hoc
2340 3516 2419 3561 idem

1361 3534 1411 3593 {et
1423 3562 1459 3592 de
1469 3560 1612 3592 obsidibus
1628 3561 1791 3592 Provinciae
1803 3560 1960 3600 tradendis,
1977 3561 2011 3592 &
2024 3559 2060 3591 de
2080 3558 2225 3590 obsidibus
2243 3555 2421 3599 restituendis

1361 3601 1442 3632 dieto
1450 3600 1525 3639 Regi
1540 3600 1666 3640 Angliae,
1684 3601 1718 3632 &
1734 3600 1861 3639 Principi
1877 3600 2041 3639 praelibato,
2058 3598 2092 3629 &
2101 3598 2120 3628 si
2133 3597 2244 3628 obsides
2256 3594 2420 3626 Proviiiciae

1362 3641 1494 3671 venirent
1513 3647 1564 3675 per
1586 3649 1680 3678 mare,
1699 3639 1755 3670 five
1777 3648 1826 3677 per
1845 3648 1950 3670 terram
1963 3636 2074 3668 aliunde
2103 3637 2178 3673 juret
2191 3634 2281 3666 dietus
2296 3632 2362 3676 Rex
2378 3633 2419 3664 A-

1362 3679 1501 3715 tagoniae,
1519 3677 1582 3716 iPfiS
1603 3679 1738 3716 receptis,
1756 3677 1845 3708 libere
1867 3676 2012 3708 restituere
2031 3659 2141 3706 obsides
2155 3673 2232 3718 *diet-i
2244 3670 2333 3714 Regis
2356 3670 2419 3715 An-

1361 3717 1427 3755 gliae
1440 3716 1528 3746 altero
1543 3715 1746 3756 praedictorum
1761 3716 1894 3746 locorum
1903 3716 1970 3754 ,qui
1985 3714 2107 3744 similiter
2121 3719 2174 3742 erit
2187 3720 2216 3740 in
2231 3718 2349 3754 optione
2361 3710 2421 3740 dic-

1361 3757 1383 3785 ti
1398 3754 1486 3792 Regis
1502 3754 1628 3793 Angliae,
1646 3755 1679 3786 &
1694 3754 1729 3785 ad
1742 3755 1950 3785 ordinationem
1967 3752 2063 3791 ipfius:
2101 3749 2140 3781 Et
2157 3749 2215 3778 hoc
2233 3749 2309 3777 idem
2328 3758 2424 3786 jurent

1362 3793 1510 3823 consiliarii
1524 3793 1580 3830 sui,
1597 3793 1717 3833 scilicet,
1731 3793 1850 3823 fideliter
1864 3800 2016 3830 procurare
2028 3787 2106 3828 quod
2121 3787 2178 3817 hoc
2197 3785 2261 3830 fiat,
2276 3786 2310 3817 &
2330 3787 2425 3817 simili-

1362 3840 1405 3862 ter
1428 3830 1559 3862 custodes
1579 3832 1712 3862 obsidum
1727 3857 1737 3870 ,
1756 3833 1804 3870 qui
1826 3840 1902 3861 nunc
1923 3830 2075 3860 statuentur
2088 3850 2099 3864 ,
2117 3825 2150 3856 ὃ(
2171 3826 2424 3868 qui-mutabuntur

1364 3870 1635 3909 quotienscumque,
1652 3873 1685 3902 &
1701 3871 1933 3902 Communitates
1953 3866 2126 3900 Civitatum,
2144 3863 2178 3893 &
2194 3863 2322 3906 ‘aliorum
2341 3864 2425 3908 loco-

1364 3910 1684 3979 satiastis&
1702 3900 2325 3986 gbffiffifflffiguguffifyffiffffi
2338 3911 2428 3980 ‘iffi

1674 3972 1684 3987 ³
2130 3964 2141 3978 τ
2404 3975 2405 3978 ,

1365 3994 1523 4018 teneantur.

1489 1523 1497 1540 ἱ

2339 4012 2429 4055 Item,

2437 2983 2570 3024 ·1i.37i:
