2570 4261
720 174 832 224 ET
915 182 1180 222 ACTA

1260 168 1739 218 PUBLICA.
2241 185 2319 225 157

14 259 92 299 Ann.
104 266 146 298 D.
164 279 228 300 mus
246 278 277 301 ut
299 269 370 311 ipse,
386 278 557 310 quamquam
578 278 638 299 non
657 267 689 298 iit
703 267 832 298 usitatum
847 266 875 296 in
890 266 994 305 Regno
1009 265 1124 305 nostro,
1144 265 1215 295 reci·
1251 261 1345 292 nostra
1364 261 1527 291 venerabilis
1548 268 1623 298 pater
1644 260 1821 291 Raimundus
1838 258 1988 291 Vasatensis
1999 257 2104 296 Episco
2123 257 2218 299 us,-&
2231 257 2308 288 Wil-
2323 251 2396 281 Arm
2410 251 2453 281 D-

36 306 121 346 1248.
163 318 244 347 pere,
262 310 381 339 nomine
402 307 516 344 nostr0,
535 306 568 337 ad
588 305 705 344 praesens
726 305 808 344 possit
823 304 989 344 homagium
1004 306 1104 334 nobilis
1117 303 1217 333 mulie-

12 350 78 374 ·th·
99 354 124 382 3-
161 347 198 377 ris
221 347 387 387 Margaretce
408 346 568 376 Comitisiie
589 344 725 374 Flandrize
747 344 781 374 de
798 342 901 379 feodo,
920 342 995 382 quod
1016 343 1070 382 ipsa
1087 343 1174 381 dicit,
1189 341 1215 371 se

160 385 262 415 debere
276 386 416 424 percipere
431 384 463 413 ad
478 384 656 413 Scaccarium
672 381 775 420 Regis,

199 422 239 454 Ita
259 431 351 453 tamen
369 421 445 461 quod
459 422 521 450 haec
536 421 626 450 nostra
641 419 784 450 coriceffio
797 428 856 448 non
868 419 987 449 trahatur
1002 419 1065 449 alias
1080 420 1108 449 in
1122 427 1218 448 exem-

161 461 258 505 plum5
279 470 332 490 nec
356 469 404 499 per
423 459 508 497 ipsam
529 460 611 491 nobis
625 466 670 488 aut
684 458 839 488 haeredibus
853 457 951 488 nostris
965 456 1077 495 aliquod
1091 456 1220 496 praejudi-

158 508 238 530 cium
252 507 406 537 generetur.

197 574 285 605 Teste
297 573 381 614 Rege
394 573 467 612 apud
482 572 768 604 Westmonasterium
778 594 786 609 ,
810 579 842 609 15
861 570 907 601 die
919 570 1068 601 Februarii.

468 701 528 732 Pro
552 695 671 731 Thoma
695 695 730 729 de
748 693 916 730 Sabaudia.

13 786 90 818 Ann.
104 782 145 813 D.

36 823 119 862 1248.

13 867 66 891 An.
87 871 130 900 32.
165 860 300 892 Sabaudi'a
321 860 432 891 Comiti
450 860 545 900 quod,
560 859 705 897 quamcito
724 857 836 887 facultas
857 857 884 887 se
899 858 1045 896 optulerit,
1060 858 1223 895 providebi-

15 906 50 930 Η.
71 910 96 937 3.
167 909 229 929 mus
249 900 274 928 ei
287 901 316 929 in
331 901 406 930 terris
418 898 452 929 ad
466 898 612 928 valentiam
625 898 690 936 quin
712 903 839 926 enrarum
854 895 1035 933 Marcarum,
1054 905 1120 935 quas
1131 897 1223 936 perci-

13 939 117 968 ibidem.
168 938 209 977 pit
227 947 275 976 per
295 948 398 968 annum
411 937 445 967 ad
456 936 634 966 Scaccarium
648 938 699 965 noi
715 944 785 964 rum.

204 974 286 1005 Salva
303 984 396 1006 tamen
417 975 543 1005 Ricardo
564 974 676 1004 Comiti
695 972 853 1003 Cornubiae
871 974 1063 1002 conventione
1082 973 1153 1001 inter
1172 982 1223 1001 nos

164 1013 199 1044 &
217 1023 283 1043 eum
298 1014 370 1044 faita
378 1013 414 1043 de
425 1013 539 1044 Wardis
552 1013 584 1043 ὅ(
600 1011 735 1050 Escaetis,
750 1011 844 1041 donec
857 1011 991 1050 praediCta
1003 1010 1170 1041 Conventio
1183 1011 1223 1040 ei-

165 1051 234 1082 dem
255 1052 329 1082 fratri
347 1052 445 1082 nostro
460 1051 624 1091 perficiatur.

201 1088 236 1119 ln
249 1091 341 1129 cujus,
357 1092 418 1122 &c.

164 783 291 852 RE}
310 784 460 829 omnibus,
478 783 538 814 &c.
555 782 677 826 salutem.

292 833 367 853 Clatls
385 833 436 853 nos
457 820 620 852 conceffisse
642 819 748 849 dilect-0
767 818 911 849 avunculo
930 818 1027 849 nostro
1048 819 1175 849 Thomae
1187 819 1222 849 de

201 1165 290 1196 Teste
302 1175 332 1198 ut
346 1168 432 1206 supra.

598 1290 657 1321 Pro
678 1285 791 1318 eodem.

15 1375 93 1408 Ann.
108 1375 150 1407 D.
167 1373 295 1431 REX
311 1375 462 1412 omnibus,
479 1373 538 1403 &c.
554 1371 675 1402 salutem.
700 1408 704 1413 Α
912 1407 917 1413 ¹

36 1416 121 1455 1248.
278 1413 374 1443 Sciatis
388 1413 464 1451 quod
479 1409 666 1440 concessimus
679 1407 784 1438 diiecto
799 1407 832 1438 δε
844 1406 918 1437 fideli
934 1406 1032 1438 nostro
1046 1407 1176 1438 Thomae
1191 1408 1227 1439 de

14 1458 67 1482 An.
84 1464 128 1491 32.
166 1450 302 1482 Sabaudia
322 1450 432 1481 Comici
453 1448 547 1488 quod,
564 1448 599 1478 de
618 1447 798 1485 septingentis
812 1445 935 1484 Marcis,
958 1456 1023 1484 quas
1035 1445 1126 1485 Hugo
1140 1447 1165 1477 le
1180 1446 1228 1477 Bi-

14 1498 50 1521 H.
71 1502 97 1529 3.
167 1490 227 1526 god
250 1489 332 1519 nobis
350 1488 439 1518 reddit
461 1497 509 1528 per
530 1496 637 1516 annum
657 1485 690 1514 ad
711 1485 891 1515 Scaccarium
913 1484 1058 1522 nostrum,
1084 1485 1225 1516 solvantur

14 1530 119 1559 Ibidem.
167 1528 276 1596 lingulis
297 1528 373 1557 annis
393 1526 485 1556 eidem
509 1523 618 1555 Comiti
634 1524 795 1562 quingentae
814 1522 941 1560 Marcae,
958 1523 990 1554 &
1008 1523 1183 1562 deponantur
1198 1535 1227 1554 a-

14 1578 53 1597 m.
71 1568 98 1598 8.
165 1575 204 1603 pu
246 1565 372 1596 Novum
392 1564 551 1604 Templum
573 1563 697 1593 London
732 1561 767 1592 ad
789 1570 860 1598 opus
881 1561 1001 1600 ejusdem
1016 1560 1156 1602 Comitis,
1173 1572 1227 1601 pro

163 1613 259 1634 annuo
273 1603 360 1634 feodo
374 1602 423 1634 suo
439 1605 656 1642 quingentarum
672 1600 698 1631 iv
712 1610 847 1631 arcarum.

199 1641 232 1673 In
248 1643 342 1682 cujus,
359 1642 420 1673 ὅτε.

200 1717 290 1750 Teste
311 1718 394 1759 Rege
409 1717 483 1757 apud
494 1716 621 1748 Westm.
637 1726 676 1747 20
690 1715 735 1746 die
752 1713 903 1745 Februarii.

430 1842 489 1873 Pro
515 1836 653 1872 Amadeo
669 1840 782 1871 Comite
796 1834 965 1871 Sabaudiae.

13 1926 94 1964 'Anu
108 1929 147 1961 D.
167 1925 293 1981 REX
308 1923 459 1969 omnibuS,
475 1924 535 1955 &c.
555 1922 678 1953 salutem.
725 1961 730 1967 .
1112 1962 1116 1968 Ι

37 1970 123 2008 1248.
278 1964 375 1995 Seiatis
398 1962 477 2006 quod
496 1960 684 1992 conceffimus
704 1959 808 2004 dilesto
828 1961 970 1992 avunculo
989 1961 1023 1992 ὃς
1043 1959 1116 1992 fideli
1131 1960 1230 1992 nostro

16 2012 70 2037 Au.
87 2018 131 2045 32.
168 2001 204 2032 Α.
227 2001 340 2033 Comiti
361 2000 504 2032 Sabaudiae
527 2000 621 2040 quod,
638 1999 675 2029 de
693 1998 868 2039 septingentis
892 1998 998 2029 Marcis
1020 2010 1086 2038 quas
1101 2000 1192 2040 Hugo
1204 2002 1231 2031 le

16 2051 52 2075 Η.
71 2056 96 2083 3.
167 2040 258 2080 Bigod
277 2041 356 2071 solvit
379 2041 459 2070 nobis
483 2049 532 2079 per
551 2047 657 2069 annum
676 2037 710 2067 ad
731 2037 911 2068 Scaccarium
929 2038 1072 2076 nostrum,
1090 2038 1230 2069 solvantur

16 2085 120 2114 ibidem.
167 2079 278 2118 singulis
296 2080 375 2109 annis
387 2078 478 2108 eidem
493 2077 604 2107 Comiti
618 2084 676 2106 200
692 2074 818 2114 Marcae,
835 2077 867 2107 &
881 2076 1056 2113 deponantur
1070 2078 1144 2115 apud
1161 2077 1231 2107 No·-

166 2126 236 2147 vum
256 2117 412 2154 Templum
436 2115 569 2146 London.
590 2115 626 2145 ad
640 2124 710 2154 opus
724 2114 844 2153 ejusdem
857 2114 979 2146 Comitis
993 2125 1045 2154 pro
1059 2125 1155 2146 annuo
1167 2116 1229 2146 feo-

167 2155 208 2186 do
222 2155 272 2185 suo
285 2164 342 2185 200
357 2153 529 2185 Marcarum.

205 2231 297 2264 Teste
319 2231 403 2272 Rege
423 2238 453 2262 ut
466 2229 554 2269 supra.

214 2352 244 2380 ³*
270 2356 359 2388 Bulla
377 2366 432 2402 pro
450 2357 496 2391 W
493 2326 613 2389 illielme
634 2354 671 2389 de
689 2357 828 2390 Valentia
846 2353 994 2398 delibera
1010 2351 1183 2400 confeffione.

15 2369 68 2401 *1.
81 2373 149 2410 446.

17 2445 96 2477 Anu,
110 2445 150 2477 D·
171 2436 393 2501 INriocentius
411 2440 566 2484 ‚Episcopus
582 2464 591 2480 ,
611 2441 701 2472 servus
721 2441 864 2471 servorum
880 2441 954 2480 Dei,
971 2441 1076 2472 diiecto
1092 2441 1150 2471 filio
1164 2441 1234 2472 No-

42 2486 126 2523 1248.
221 2479 271 2508 bili
287 2487 349 2508 v1ro
364 2478 525 2509 Willielmo
537 2481 573 2510 de
590 2479 732 2518 Valentia,
750 2488 817 2510 nato
831 2480 986 2510 dilectrfilii
1002 2479 1117 2510 Nobilis
1130 2481 1182 2511 viri

16 2527 69 2551 Aa.
88 2532 134 2562 3²·
173 2515 295 2546 Comitis
308 2516 463 2555 Marchiae,
482 2518 597 2548 salutem
610 2519 643 2549 &
657 2517 853 2555 Apostolicam
866 2517 1103 2549 benediCtionem.

17 2566 54 2589 H.
73 2571 100 2598 3,
211 2553 362 2585 Personam
383 2563 460 2585 tuam
481 2557 583 2587 sincera
604 2556 748 2596 diligentes
766 2557 794 2586 in
812 2555 945 2586 Domino
961 2558 1075 2587 caritate
1090 2580 1100 2594 ,
1118 2557 1236 2586 libenter

17 2602 64 2627 A„
73 2604 100 2627 A
120 2617 133 2622 -
171 2593 353 2636 petitionibus
367 2594 419 2623 tuis
435 2594 593 2633 benignum
607 2594 859 2625 accommodamus
872 2595 998 2625 auditum
1008 2618 1017 2632 ,
1031 2605 1074 2625 eas
1088 2596 1234 2633 praecipue

18 2644 84 2674 ngr,
171 2632 206 2662 ad
219 2632 399 2675 exauditionis
412 2633 527 2671 gratiam
541 2633 718 2664 admittendo
727 2656 737 2672 ,
754 2642 818 2673 quae
830 2633 944 2664 salutem
966 2635 1070 2663 animae
1084 2634 1236 2672 specialiter

173 2670 220 2700 res
235 2680 308 2700 icere
322 2669 512 2701 dinoscuntur.

194 2747 199 2752 .
244 2710 290 2738 iric
305 2708 346 2738 est
360 2708 438 2746 quod
454 2719 522 2748 nos,
540 2710 592 2740 tuis
604 2710 847 2748 supplicationibus
861 2710 986 2741 inclinati
1000 2733 1009 2748 ,
1030 2710 1083 2741 tibi
1098 2709 1237 2741 confiten-

171 2746 201 2776 di
222 2754 335 2791 peccata
356 2755 403 2777 tua
421 2747 503 2777 alicui
523 2747 658 2779 sacerdoti
673 2749 812 2786 discreto,
825 2749 859 2779 &
874 2748 1027 2789 recipiendi
1043 2757 1077 2778 ex
1091 2759 1129 2779 eo
1143 2750 1237 2788 poeni-

172 2793 289 2815 tentiam
309 2785 454 2816 salutarem
471 2809 481 2826 ,
501 2786 684 2817 concedimus
705 2787 821 2817 liberam
838 2810 848 2826 ‚
865 2788 1028 2818 austeritate
1043 2788 1239 2827 praesenrium,

174 2823 345 2854 facultatem.

208 2899 275 2944 Dat.
293 2899 425 2939 Lugdun.
437 2901 555 2932 decimo
571 2901 654 2932 tertio
667 2900 789 2934 Kalend.
810 2901 934 2941 Augusti
949 2926 958 2942 ,
974 2902 1161 2935 Pontificatfis
1186 2913 1239 2935 no-

172 2938 219 2968 stri
237 2949 313 2969 anno
325 2939 411 2969 sexto.
430 2965 432 2967 ,

540 3015 663 3047 Plumbeo
676 3017 765 3055 Sigillo
773 3017 905 3057 pendente
917 3030 936 3047 a
944 3018 996 3060 fila
1008 3019 1132 3050 canaheo.

175 3149 223 3182 De
242 3148 351 3193 forma
378 3147 634 3195 Compromtffionis
647 3161 701 3196 per
720 3149 926 3185 Theobaldum
955 3155 1062 3199 Regem
1084 3155 1238 3187 Navarra

222 3208 262 3228 ex
279 3208 361 3240 una,
386 3201 422 3235 ὠ*
441 3200 591 3230 Simonem
609 3197 644 3230 de
667 3202 778 3233 Monte
794 3203 878 3233 Forti
895 3212 949 3247 pro
970 3204 1047 3248 Rege
1064 3203 1179 3250 Angliae
1200 3213 1238 3235 ex

221 3245 320 3277 altera
338 3255 437 3290 parte.

24 3348 102 3381 ΑΜ·
115 3347 157 3380 Β.
183 3326 396 3390 HEiiri'cuS,
412 3328 472 3361 Dei
484 3329 582 3369 gratia,
600 3331 665 3361 Rex
682 3328 811 3376 Angliae,
826 3334 885 3364 &c.
901 3335 1031 3366 universis
1051 3335 1157 3366 Christi
1172 3334 1240 3366 fide-

46 3398 131 3428 ¹249·
179 3408 261 3439 nium
272 3367 416 3437 Ιὲῑὶῖζιὲἷοῗιέ.
427 3377 498 3407 quos
518 3369 663 3407 praesentes
675 3370 772 3401 litterae
784 3375 978 3411 pervenerint,
997 3374 1112 3405 salutem
1126 3375 1156 3405 in
1174 3385 1240 3405 om-

25 3432 139 3502 ff·3{²·
216 3445 249 3476 N
253 3445 516 3490 overitpniversitas
531 3444 622 3489 yestra
637 3453 689 3476 nos
695 3446 840 3486 diligenter
848 3449 1008 3481 intellexisse
1023 3451 1143 3482 formam
1157 3461 1241 3481 com-

27 3507 141 3541 pat-33·
179 3482 368 3527 promissionis
390 3493 462 3529 inter
483 3482 655 3514 carlffimum
677 3487 914 3537 consanguineum
941 3488 1078 3534 nostrum·
1095 3490 1242 3533 Tlieobal-

29 3545 66 3569 11.
88 3550 100 3578 3
180 3524 270 3567 dum,
287 3522 345 3552 Dei
379 3532 460 3567 tatia,
478 3521 590 3561 Regem
610 3522 750 3554 Navanae
765 3522 898 3570 illustrem
914 3549 923 3565 ‚
941 3526 1106 3573 Campaniae
1119 3531 1152 3559 ὃς
1170 3528 1241 3559 Briae

29 3589 66 3607 m·
84 3589 101 3615 9
181 3561 330 3592 Comitem
377 3562 510 3592 alarinum
530 3569 563 3590 ex
585 3570 640 3590 una
655 3569 752 3600 parte,
770 3563 802 3594 &
815 3563 950 3595 dilectum
964 3565 1099 3597 sororium
1114 3566 1241 3597 nostrum

181 3600 331 3631 Simonem
352 3599 389 3630 de
411 3598 613 3637 Monte-forti,
631 3597 779 3631 Comitem
801 3601 961 3633 Leicestriae
973 3614 1006 3634 ex
1020 3605 1102 3636 altera
1115 3607 1192 3636 1111(ae
1211 3607 1242 3635 in

181 3638 260 3669 hunc
273 3637 394 3669 niodum
403 3661 413 3677 ,
430 3637 578 3675 videlicet-,

221 3676 314 3716 Qiod
328 3676 404 3718 idem
418 3676 483 3707 Rex
497 3675 671 3715 personaliter
686 3685 739 3713 pro
753 3675 796 3714 se,
814 3678 847 3709 ὃς
858 3678 947 3709 dietus
961 3679 1071 3712 Comes
1087 3692 1140 3720 pro
1161 3682 1244 3712 nobis

181 3716 437 3753 compromilerunt
452 3717 481 3745 in
494 3715 628 3754 quosdam
642 3714 736 3744 bonos
749 3715 842 3753 viros,
859 3727 983 3755 quorum
998 3719 1132 3751 staremus
1146 3721 1179 3751 &
1195 3730 1244 3758 pa-

182 3763 321 3792 reremuS‚
339 3754 406 3784 hinc
424 3753 507 3791 inde,
522 3762 570 3791 per
585 3753 681 3783 omnia
697 3753 813 3783 arbitrio
827 3755 883 3784 iive
898 3755 995 3795 dieto,
1009 3758 1088 3796 super
1105 3760 1241 3789 omnibus

182 3793 393 3831 controversiis,
408 3792 567 3829 discordiis,
582 3792 615 3823 &
629 3791 828 3831 quaestionibus
842 3815 852 3830 ,
870 3802 933 3831 quae
947 3804 962 3823 a
979 3804 1109 3836 tempore
1123 3807 1181 3835 quo
1201 3797 1244 3827 di-

183 3829 245 3860 &us
263 3830 447 3861 Theobaldus
458 3829 574 3861 effetitus
591 3830 633 3860 est
649 3829 713 3860 Rex
726 3829 759 3859 N
762 3839 865 3860 avarrae
878 3840 948 3862 ortae
961 3832 1005 3865 seu
1019 3845 1106 3867 motae
1119 3837 1228 3867 fuerant

184 3868 231 3898 vel
264 3876 372 3900 otei-ant
393 3870 505 3901 moveri
525 3870 597 3899 inter
619 3868 708 3906 ipsum
726 3867 841 3905 Regem
853 3869 886 3899 ὃς
899 3870 1028 3903 homines
1041 3874 1118 3913 suos,
1136 3860 1245 3912 nosque,

185 3915 220 3936 ac
261 3909 372 3950 omines
390 3907 502 3938 nostros
517 3930 526 3945 ,
541 3907 585 3937 seu
609 3906 730 3943 ipsorum
751 3906 888 3946 quossibet
903 3909 965 3939 vice
981 3913 1074 3951 versa,
1089 3914 1147 3943 tam
1165 3913 1243 3953 super

188 3945 358 4012 mgbilibuS,
373 3947 458 3985 quam
475 3946 686 3983 immobilibus,
701 3955 817 3975 necnon
831 3945 1031 3982 haereditatibus
1045 3974 1056 3989 ,
1075 3952 1109 3982 &
1124 3953 1246 3982 occiiio-

189 3991 220 4012 ni
242 3991 281 4011 us.

232 4018 257 4050 E
271 4020 371 4058 quibus
383 4021 487 4056 scilicet
505 4023 589 4055 bonis
606 4023 672 4055 viris
683 4021 765 4060 positi
777 4022 888 4056 fuerunt
905 4023 939 4057 &
950 4026 1089 4058 nominati
1101 4035 1156 4067 pro
1169 4036 1247 4067 parte

1254 300 1363 330 lielmus
1381 299 1463 329 Prior
1481 299 1516 328 de
1537 298 1638 328 Manso
1654 310 1664 336 3
1684 309 1735 336 pro
1753 309 1828 336 parte
1848 309 1917 329 vero
1936 299 2084 328 memorati
2137 305 2193 334 eg1s
2207 296 2309 326 sancii.
2346 298 2431 327 1249,

1257 337 1513 406 Fei·rManescallus
1525 337 1585 367 suus
1598 337 1754 374 Navarrae,
1767 338 1800 368 ὃς
1817 336 1901 367 fidelis
1914 337 1970 375 ejus
1985 336 2117 366 Leolinus
2128 334 2164 365 de
2178 333 2312 364 Metzan-
2319 333 2380 356 Hw-
2402 338 2429 364 3„

1256 386 1305 406 tier
1357 386 1412 407 ies.
1789 401 1793 407 .

1293 414 1330 444 Et
1345 415 1418 452 hoc,
1434 413 1483 443 sub
1503 413 1549 443 tali
1572 412 1719 450 paetione,
1738 412 1815 449 quod
1832 412 1875 442 isti
1889 420 2025 451 quatuor,
2042 411 2121 442 tactis
2138 409 2312 441 sacrosanetis

1254 452 1386 490 jurabunt
1404 452 1479 491 quod
1500 451 1548 491 ipsi
1570 452 1645 480 bona
1660 450 1715 479 fide
1736 451 1769 480 ὃς
1789 450 1851 481 sana
1870 451 2036 481 conscientia
2051 449 2254 480 conservabunt
2270 449 2314 487 jus

1258 490 1327 521 dien
1341 491 1386 521 Re
1407 491 1443 528 is,
1462 490 1495 520 &
1510 489 1637 519 nostrum
1650 489 1679 517 iii
1695 489 1814 517 articulis
1833 489 2013 526 supradictis,
2030 489 2063 519 ὅ(
2078 488 2192 518 reddent
2207 488 2315 517 unicui-

1257 539 1313 568 que
1338 539 1378 559 no
1406 538 1468 558 rum
1489 529 1528 565 jus
1547 527 1626 557 suum
1647 527 1675 556 iri
1695 526 1847 562 omnibus,
1865 525 2015 556 iecundum
2035 526 2110 565 quod
2124 527 2268 557 invenient
2280 524 2316 554 ad

1259 568 1349 607 ipsum
1365 567 1500 605 spectare,
1515 566 1559 596 vel
1576 565 1677 595 debere
1693 563 1814 600 specstare
1825 564 1939 602 dejure.

1298 605 1390 645 Qiod
1404 628 1413 643 ,
1432 604 1451 634 si
1473 605 1501 633 in
1523 604 1616 641 aliquo
1628 602 1841 632 discordaverint
1856 624 1865 639 ,
1882 601 1985 631 debent
2000 601 2169 632 discordium
2183 601 2248 632 illud
2266 601 2315 632 de-

1259 643 1332 674 ferre
1352 653 1450 673 coram
1467 643 1565 681 Rege,
1584 643 1616 672 &
1637 640 1756 671 Comite
1775 640 1933 679 praenotatis
1946 662 1956 677 ,
1973 640 2008 670 ad
2028 639 2188 670 faciendum
2203 640 2249 670 seu
2262 639 2315 670 dis-

1259 682 1425 722 ponendum
1441 680 1507 710 inde
1521 681 1597 719 quod
1610 679 1646 709 de
1660 681 1717 716 jure
1729 678 1848 708 viderint
1863 678 1999 719 expedire.

1299 720 1385 757 Sane,
1404 719 1423 749 si
1439 719 1616 758 contingeret
1627 717 1746 756 aliquem
1760 725 1793 746 ex
1806 716 1933 754 duobus,
1952 717 2000 754 qui
2019 725 2070 755 pro
2087 715 2223 753 praedidffi
2235 715 2317 754 Rege

1261 759 1400 788 nominati
1414 758 1519 787 fuerant
1534 759 1562 787 in
1577 757 1633 786 hoc
1648 756 1723 786 facto
1733 778 1742 793 ,
1760 756 1847 786 carnis
1859 755 2013 795 persolvere
2026 754 2153 784 debitum
2168 755 2318 792 universae,

1260 798 1390 835 praefatus
1404 796 1467 825 Rex
1484 795 1640 834 Hugonem
1653 794 1688 824 de
1704 792 1855 824 Cornilon.
1874 793 2002 824 Militem
2021 793 2089 823 loco
2102 792 2258 823 decedentis
2270 792 2319 822 de-

1261 835 1348 864 crevit
1384 833 1478 871 quoad
1490 834 1564 871 hoc,
1583 832 1800 870 subrogandum.
1867 862 1869 865 ,

1297 856 1410 902 Eodem
1428 871 1518 901 modo
1532 873 1615 901 etiam
1629 870 1648 900 si
1663 871 1746 900 alicui
1758 880 1791 900 ex
1807 869 1934 908 duobus,
1953 879 2005 909 pro
2019 876 2095 909 parte
2110 865 2203 898 dostra
2216 868 2321 906 eie-etis,

1261 910 1419 940 humanitus
1438 911 1628 948 contingeret,
1643 908 1811 947 supradicius
1825 907 1932 938 Comes
1950 908 2027 937 duxit
2044 907 2076 936 P.
2092 906 2199 936 Caillan
2215 907 2322 937 Civem

1261 947 1432 986 Burdegaliae
1446 949 1513 977 loco
1525 947 1623 985 iplius,
1639 948 1686 984 qui
1699 945 1831 984 superstes
1844 956 1903 975 non
1916 946 1998 983 esset,
2017 944 2256 975 constituendum.

1300 985 1347 1015 Isti
1362 995 1476 1023 quoque
1490 993 1607 1023 quatuor
1623 984 1728 1014 deberit
1747 985 1857 1014 didium
1878 983 1957 1013 suum
1979 984 2163 1020 pronunciare
2178 983 2245 1012 infra
2267 983 2320 1013 Fe-

1263 1023 1337 1053 stum
1357 1024 1452 1053 Sancti
1472 1022 1609 1060 johannis
1630 1022 1775 1060 Baptistae,
1799 1029 1951 1052 venturum
1968 1031 2042 1051 anno
2064 1021 2158 1058 gratiae
2173 1021 2319 1051 millesimo

1262 1061 1457 1092 ducentesimo
1469 1060 1676 1100 quadragesimo
1689 1069 1787 1097 nono,
1805 1059 1899 1099 quod,
1918 1060 1936 1089 ii
1952 1059 2021 1089 infra
2035 1060 2185 1089 terminum
2198 1059 2320 1089 eundem

1262 1110 1322 1130 non
1337 1100 1586 1137 pronunciaverint
1601 1098 1710 1128 didium
1728 1098 1826 1135 suum,
1844 1096 2057 1133 compromiffio
2076 1097 2234 1135 hujusmodi
2249 1097 2322 1128 nulla

1262 1140 1330 1176 erit,
1350 1138 1399 1168 nisi
1413 1146 1546 1177 quatenus
1559 1136 1719 1176 processum
1736 1136 1818 1165 fuerit
1831 1136 1859 1164 iri
1873 1135 1980 1164 eadem.

1301 1179 1316 1195 ⁴*
1337 1176 1367 1206 Si
1384 1186 1452 1207 vero
1472 1185 1524 1205 nos
1543 1173 1827 1214 compromissionem
1850 1172 1935 1210 ipsam
1951 1181 2043 1202 tenere
2058 1173 2090 1203 &
2103 1172 2247 1204 observare
2260 1173 2323 1204 nol·
2337 1168 2356 1189 *
2367 1169 2389 1197 1<
2403 1175 2470 1203 447»

1263 1215 1353 1245 lemus
1367 1237 1377 1252 ,
1421 1213 1535 1252 uicquid
1558 1212 1684 1253 praedicit
1707 1220 1824 1250 quatuor
1846 1210 1993 1240 dictatores
2012 1211 2090 1240 reddi
2103 1210 2247 1248 fecissent,
2263 1213 2325 1242 tam

1264 1253 1299 1283 de
1313 1253 1412 1282 mobili
1435 1263 1481 1290 us,
1496 1252 1582 1290 quarn
1596 1251 1632 1282 de
1646 1249 1969 1286 haereditatibuS,totum
1983 1248 2215 1285 rehaberetur,&
2230 1259 2325 1287 repor-

1262 1300 1367 1322 taretur
1382 1291 1449 1321 hinc
1463 1291 1545 1328 inde,
1563 1290 1596 1321 ὃς
1610 1290 1761 1329 unicuique
1775 1289 1894 1328 partium
1903 1287 1931 1317 id
1944 1286 2023 1327 quod
2035 1287 2114 1317 suum
2130 1294 2185 1317 erat
2199 1286 2323 1319 restitue-

1264 1338 1347 1360 retur.

1300 1367 1369 1398 Nos
1388 1375 1480 1398 autem
1496 1366 1532 1397 de
1555 1366 1684 1397 fidelitate
1696 1364 1830 1403 praelibati
1842 1364 1937 1394 sororii
1957 1363 2060 1401 nostri,
2078 1363 2124 1393 cui
2145 1370 2248 1393 terram
2268 1373 2323 1394 no-

1264 1406 1349 1437 stram
1362 1406 1527 1436 Wasconiae
1543 1405 1736 1435 commisimus
1748 1427 1758 1442 ,
1776 1403 1887 1441 plenam
1909 1403 1939 1432 in
1955 1401 2087 1432 Domino
2102 1400 2234 1431 fiduciam
2251 1403 2327 1441 opti-

1264 1453 1360 1475 nentes
1373 1468 1382 1482 ,
1407 1442 1692 1482 compromissionem
1711 1442 1882 1482 praemissam
1905 1449 1991 1471 ratam
2011 1440 2044 1470 &
2057 1448 2162 1479 gratam
2178 1440 2327 1478 habentes,

1264 1483 1383 1550 eandeigi
1399 1491 1482 1520 prout
1494 1492 1542 1522 per
1551 1482 1641 1520 ipsum
1650 1482 1683 1512 &
1699 1491 1766 1512 cum
1781 1480 1840 1521 ipso
1854 1479 1928 1510 faeta
1942 1478 1982 1509 est
1995 1487 2189 1517 acceptamus,
2200 1479 2233 1510 &
2242 1479 2325 1511 etiam

1266 1532 1281 1551 a
1323 1532 1354 1551 ro
1376 1531 1465 1551 amus·

1283 1532 1302 1560 p
1318 1569 1344 1590 ta
1357 1560 1434 1598 quod
1447 1544 1564 1589 dilectus
1578 1558 1611 1588 &
1627 1557 1713 1588 fidelis
1726 1556 1819 1587 noster
1840 1555 2000 1586 Nicholaus
2021 1555 2057 1585 de
2071 1554 2161 1585 Molis
2176 1556 2329 1592 praenomi-

1266 1600 1334 1629 natis
1348 1598 1490 1637 Episcopo
1505 1597 1630 1628 Vasaten.
1645 1597 1678 1626 &
1693 1596 1855 1626 Willielmo
1870 1594 1960 1624 Priori
1972 1594 2008 1624 de
2024 1593 2125 1624 Mauso
2145 1593 2330 1624 dictatoribus

1265 1647 1320 1676 pro
1353 1644 1409 1666 arte
1424 1635 1517 1666 nostra
1528 1635 1637 1673 eiectis,
1655 1634 1839 1672 adjungatur,
1855 1633 1887 1663 ὃ(
1902 1643 1949 1670 per
1964 1632 2052 1672 ipsum
2068 1654 2078 1670 ,
2093 1632 2148 1662 una
2163 1641 2230 1662 cum
2244 1642 2329 1662 caete-

1267 1677 1303 1706 ris
1343 1675 1504 1706 ictatoribus
1516 1696 1526 1712 ‚
1544 1674 1574 1703 in
1595 1672 1854 1713 compromissionis
1874 1672 2008 1710 negotio,
2025 1671 2082 1701 fine
2101 1669 2264 1701 difficultate
2282 1671 2330 1701 ali-

1268 1723 1323 1753 qua
1332 1737 1340 1752 ,
1355 1712 1520 1752 procedatur
1532 1712 1610 1750 quta
1621 1711 1745 1742 formam
1758 1710 1877 1751 superius
1888 1717 2057 1740 annotatam.

1303 1751 1438 1782 Volentes
1461 1751 1571 1788 insuper
1594 1750 1670 1789 quod
1689 1773 1698 1788 ,
1716 1750 1735 1780 si
1750 1750 1870 1788 aliquem
1883 1757 1917 1778 ex
1932 1748 2114 1778 dictatoribus
2128 1746 2231 1778 nostris
2245 1746 2330 1777 dece-

1267 1791 1334 1822 dere
1349 1790 1515 1829 contigerit,
1533 1790 1576 1819 vel
1591 1787 1684 1818 abeffe
1698 1811 1707 1826 ‚
1723 1787 1887 1825 saepedietus
1913 1786 2021 1817 Comes
2045 1787 2132 1818 libere
2154 1784 2238 1824 poffit
2263 1785 2329 1817 loco

1265 1829 1424 1860 decedentis
1439 1827 1482 1858 vel
1498 1827 1614 1858 absentis
1627 1826 1711 1857 alium
1725 1827 1879 1866 subrogare.

1302 1867 1337 1898 In
1351 1869 1444 1905 cujus,
1462 1867 1523 1896 &c.

1301 1944 1388 1975 Teste
1404 1942 1486 1982 Rege
1499 1942 1572 1983 apud
1586 1940 1767 1979 Clarendon,
1781 1939 1856 1970 sexto
1869 1938 1914 1970 die
1928 1938 2082 1969 Februarii.

1316 2086 1366 2119 De
1384 2084 1490 2130 forma
1507 2085 1726 2131 procurationis
1745 2084 1873 2116 Simonis
1894 2080 1930 2113 de
1957 2081 2157 2125 Monte-forti
2170 2077 2214 2112 ad
2230 2082 2289 2112 Re-

1667 2143 1739 2179 gem
1759 2133 1922 2163 Navarra.

1270 2216 1410 2289 REX
1429 2216 1578 2256 univerfis,
1596 2217 1656 2248 &c-
1676 2216 1799 2247 salutem.
2350 2211 2427 2244 Anti.
2443 2211 2483 2242 D.

1393 2256 1519 2287 Noverit
1533 2256 1692 2286 universitas
1707 2254 1797 2285 vestra
1811 2253 1889 2292 quod
1907 2263 1959 2283 nos
1973 2275 1983 2292 ,
1999 2252 2036 2283 de
2050 2251 2202 2284 dileffione
2216 2254 2249 2285 ὃς
2264 2252 2331 2284 fide-
2371 2260 2457 2290 1249.

1270 2296 1346 2326 litate
1361 2295 1455 2326 dilecti
1469 2296 1566 2325 sororii
1581 2294 1686 2332 nostri,
1704 2293 1829 2324 Simonis
1845 2293 1880 2322 de
1904 2291 2106 2329 Monte-forti,
2124 2290 2247 2322 Comitis
2261 2293 2335 2334 Ley-
2352 2294 2404 2318 An·
2422 2300 2467 2327 33*

1270 2334 1380 2365 cestriae
1393 2357 1401 2372 ,
1420 2334 1468 2364 cui
1487 2342 1589 2363 terram
1609 2332 1734 2363 nostram
1756 2331 1920 2362 Wasconiae
1943 2330 2136 2360 commisimus
2150 2353 2158 2367 ,
2177 2332 2287 2368 plenam
2306 2333 2336 2362 in
2354 2333 2388 2357 H.
2413 2338 2438 2365 3·

1271 2372 1404 2403 Domino
1426 2371 1560 2402 fiduciam
1582 2379 1768 2409 reportantes,
1785 2370 1935 2408 plenariam
1951 2379 1985 2400 ac
1998 2369 2113 2398 liberam
2127 2369 2176 2398 sibi
2189 2370 2285 2400 danius
2303 2370 2336 2401 &
2355 2370 2414 2395 ΡΜ·
2425 2375 2469 2403 33⁶

1271 2411 1456 2442 concedimus
1480 2409 1645 2448 potestatem
1670 2408 1857 2447 pacificandi,
1876 2408 1920 2437 seu
1940 2407 2152 2446 componendi,
2191 2418 2223 2438 ro
2238 2410 2337 2446 nobis,
2355 2410 2390 2432 H·
2414 2415 2440 2441 3-

1272 2460 1340 2480 cum
1360 2448 1502 2480 kariisimo
1515 2448 1728 2484 consanguineo
1745 2446 1845 2478 nostro
1862 2445 2036 2476 Theobaldo
2050 2445 2136 2483 Rege
2187 2456 2292 2478 avarrae
2306 2447 2339 2477 il-
2355 2453 2390 2471 m·
2412 2444 2437 2470 8‹

1272 2488 1366 2526 lustri,
1385 2487 1552 2525 Campaniae
1566 2487 1599 2517 δε
1616 2486 1695 2526 Bryae
1709 2484 1826 2516 Comite
1842 2484 1987 2523 Palatino,

1309 2527 1400 2564 Super
1413 2527 1547 2556 omnibus
1559 2526 1807 2562 contentionibus,
1823 2523 1982 2561 discordiis,
2000 2522 2032 2553 ὃ(
2047 2522 2340 2563 quaestionibus,quae

1272 2565 1329 2595 tam
1342 2565 1420 2602 super
1436 2565 1514 2594 terris
1529 2564 1562 2594 &
1582 2563 1806 2600 haereditatibus,
1823 2571 1907 2600 quarn
1923 2562 2003 2599 super
2019 2562 2187 2599 quibussibet
2202 2563 2274 2600 aliis,
2292 2573 2341 2592 or-

1272 2611 1310 2633 tae
1330 2605 1374 2633 seu
1391 2611 1479 2632 motae
1500 2602 1611 2632 fuerunt
1627 2624 1636 2640 ,
1654 2602 1699 2632 vel
1713 2601 1824 2631 moveri
1838 2609 1991 2640 poterunt,
2009 2600 2079 2629 inter
2095 2599 2183 2639 ipsum
2196 2600 2230 2630 &
2245 2600 2341 2631 homi-

1273 2651 1321 2672 nes
1342 2641 1403 2671 suos
1423 2650 1456 2670 ex
1478 2649 1554 2681 parte
1570 2650 1641 2679 una,
1661 2639 1768 2678 nosque
1782 2640 1814 2671 &
1829 2639 1958 2669 homines
1973 2637 2083 2668 nostros
2101 2648 2134 2668 ex
2147 2648 2224 2676 parte
2239 2639 2341 2679 altera,

1272 2690 1287 2709 a
1300 2685 1426 2718 tempore
1438 2689 1496 2719 quo
1509 2679 1607 2709 faelicis
1623 2678 1825 2709 recordationis
1847 2677 1911 2707 Rex
1928 2676 2066 2707 Ricardus
2079 2686 2228 2708 coronatus
2243 2677 2295 2708 fuit
2309 2679 2340 2709 in

1274 2718 1387 2758 Regem
1397 2741 1407 2758 ,
1425 2718 1469 2749 vel
1489 2727 1546 2757 quo
1566 2714 1676 2748 Comes
1695 2718 1784 2747 extitit
1799 2715 1969 2747 pietavensis
1982 2737 1992 2754 ,
2008 2716 2157 2746 &terram
2173 2715 2338 2747 Wasconiae

1274 2756 1390 2794 habuit,
1406 2756 1492 2794 usque
1504 2756 1538 2786 ad
1554 2756 1611 2786 hoc
1627 2756 1764 2794 praesens,

1312 2795 1421 2826 Rarum
1443 2795 1563 2825 habituri
1585 2795 1618 2825 &
1637 2794 1751 2824 firmum
1775 2791 1910 2831 quicquid
1931 2801 1979 2829 per
1993 2791 2103 2822 dictum
2129 2792 2269 2823 sororium
2288 2802 2343 2824 noa

1275 2833 1382 2903 striim,
1401 2833 1447 2878 yel
1458 2842 1527 2902 ειὲῐζη
1539 2834 1599 2874 ipso
1613 2833 1691 2872 super
1707 2834 1759 2864 hiis
1773 2832 1881 2862 fastum
1893 2830 1975 2860 fuerit
1989 2829 2035 2862 vel
2050 2831 2206 2863 tracitatum.

1328 2883 1347 2903 n
1361 2882 1455 2911 cuiuS,
1513 2881 1540 2902 c.

1310 2947 1401 2980 Teste
1414 2948 1497 2988 Rege
1512 2947 1585 2986 apud
1600 2946 1774 2978 Clarendon.
1788 2946 1909 2984 septimo
1920 2945 1968 2976 die
1982 2945 2131 2976 Februarii.

1632 3085 1693 3121 Pro
1716 3082 1842 3119 Roberto
1864 3083 1899 3118 de
1915 3087 1984 3119 Wr.

1276 3171 1472 3248 RObertus
1486 3171 1523 3202 de
1537 3171 1613 3210 Ver,
1631 3171 1696 3211 qui,
1711 3171 1747 3201 de
1761 3171 1873 3201 licentia
1889 3169 1993 3209 Regis,
2011 3171 2126 3210 peregre
2141 3169 2284 3208 profestus
2299 3169 2340 3200 est
2359 3142 2494 3222 {¹233

1357 3213 1392 3254 in,
1409 3220 1509 3242 terram
1528 3210 1678 3248 Jerusalem
1693 3233 1702 3248 ,
1726 3209 1808 3240 habet
1830 3209 1933 3253 litteras
1956 3208 2043 3249 Regis
2056 3209 2092 3240 de
2104 3210 2282 3249 protectione
2294 3218 2341 3247 pa·
2358 3225 2411 3249 Aa.
2431 3231 2477 3258 33·

1276 3258 1363 3281 tentes
1376 3253 1433 3280 iirie
1444 3248 1577 3286 clausula,
1594 3247 1735 3278 duraturas
1748 3255 1797 3286 per
1812 3248 1993 3278 Triennium.

1312 3325 1401 3357 Teste
1414 3325 1495 3366 Rege
1510 3324 1586 3363 apud
1600 3323 1809 3371 Westmonast.
1821 3333 1869 3361 27.
1883 3323 1928 3354 die
1940 3323 2027 3362 Junii.

1586 3467 1644 3498 Pro
1664 3465 1827 3498 Willielmo
1849 3464 2039 3511 Ltmgespere.

1378 3550 1508 3581 Illie'lmus
1531 3548 1727 3588 Lungespere,
1747 3550 1796 3587 qui
1811 3572 1820 3587 ,
1837 3548 1872 3579 de
1889 3548 2000 3578 licentia
2023 3547 2128 3586 Regis,
2143 3547 2286 3585 profectus
2303 3546 2346 3578 est
2363 3554 2437 3584 Αῃῃ,
2454 3553 2493 3585 1)ω

1391 3591 1421 3619 in
1435 3597 1536 3619 terram
1547 3588 1716 3630 Jerusalem,
1734 3588 1817 3617 habet
1831 3587 1930 3616 litteras
1946 3585 2034 3629 Regis
2054 3586 2091 3616 de
2106 3587 2283 3631 protefflone
2299 3596 2347 3630 pa7
2385 3601 2471 3632 1249,

1280 3634 1367 3657 tentes
1389 3637 1458 3658 curn
1480 3626 1595 3656 clauiula
1608 3648 1619 3664 ,
1637 3626 1777 3657 duraturas
1793 3625 1876 3665 usque
1888 3625 1923 3656 ad
1936 3624 2058 3655 reditum
2072 3625 2183 3663 praefati
2195 3624 2346 3655 Wiiiieimi
2361 3635 2413 3659 Aa.
2431 3641 2476 3668 33,

1279 3675 1296 3696 a
1312 3674 1382 3696 terra
1397 3673 1558 3696 memorata.
2362 3674 2395 3698 H.
2414 3679 2439 3705 3,

2361 3708 2467 3736 Ibidem.

1316 3741 1404 3773 Teste
1418 3750 1449 3773 ut
1464 3741 1550 3780 suprai

2363 3792 2380 3809 ff

1475 3864 1510 3892 Φ*
1540 3866 1587 3898 De
1601 3865 1722 3911 'Ti‘euga
1741 3872 1810 3897 cum
1831 3866 1963 3898 Francm
1982 3864 2135 3911 juranda.
2384 3875 2469 3906 1249.

1282 3947 1407 4005 REX
1424 3949 1576 3987 omnibus,
1593 3949 1654 3980 &c.
1668 3949 1790 3980 salutem.
2363 3909 2477 3979 {gy-2¹33}-

1389 3987 1489 4019 Sciatis
1505 3987 1637 4057 qpodsti
1657 3988 1807 4025 contingat
1827 3987 1971 4028 Treugam
1985 3988 2057 4020 inter
2079 3986 2263 4018 Ludovicum
2283 3985 2345 4017 illu·
2364 3984 2477 4016 Fut-33*

1283 4027 1372 4060 strem
1383 4027 1496 4064 Regem
1534 4035 1656 4065 ranciae,
1670 4026 1703 4058 &
1714 4025 1980 4104 nos,x}le{icientem
1996 4028 2027 4059 in
2036 4026 2110 4058 festo
2122 4025 2265 4059 Omnium
2279 4025 2350 4056 San·
2364 4023 2397 4045 H-
2419 4028 2445 4054 3-

2216 4064 2350 4102 ciorum,
2364 4064 2402 4083 ⁷⁷¹·
2423 4064 2449 4082 ²·
