2570 4261
0 283 72 316 Ann.
88 279 130 310 D.

19 320 101 350 1282.

0 361 62 388 Edv.
85 368 108 387 1.

20 3107 151 3143 'Ila-05.

697 187 807 228 ET
891 187 1155 228 ACTA

186 272 240 313 Et,
257 273 340 313 licet,
360 273 446 305 iidem
466 273 560 305 frcitres
576 271 709 303 instanter
727 273 854 312 petierint
867 282 882 302 a
900 273 982 303 nobis
997 272 1073 312 quod
1087 271 1200 314 respon-

147 312 209 343 sum
221 313 259 343 eis
272 313 330 343 fieri
344 313 512 351 faceremus,
525 320 671 352 antequam
682 312 772 341 versus
792 319 892 341 terram
906 312 1010 342 Scotiae
1024 311 1126 350 gressus
1140 310 1201 339 suos

146 351 379 391 dirigerent(pro
392 361 451 388 quo
463 353 579 381 libenter
593 349 762 388 expectasse,
779 349 823 379 vel
842 350 875 378 ad
889 360 940 379 nos
954 360 968 379 a
986 350 1108 388 partibus
1127 348 1201 377 Sco-

147 391 194 419 tiae
214 389 322 419 rediisse
339 389 496 428 voluerint)
510 399 562 418 nos
575 397 668 418 tamen
682 410 691 426 ,
706 387 868 425 responsum
889 388 1014 418 nostrum
1032 397 1079 426 per
1092 385 1203 416 nostros

146 429 230 459 vobis
243 427 300 457 fieri
314 428 454 466 volentes,
472 428 506 458 ad
521 426 639 457 vestram
652 426 773 455 sanctam
783 427 952 463 praesentiam
969 429 1104 456 mittimus
1112 424 1202 454 Nun-

148 468 209 496 cios
229 465 338 495 nostros
350 488 360 502 ,
374 466 474 502 quibus
490 465 583 503 quoad
597 465 743 502 negotium
759 464 824 493 illud
840 466 993 502 aperuimus
1013 464 1103 494 lucide
1119 473 1201 492 men-

145 512 204 534 tem
217 502 359 540 nostram3
374 504 407 533 &
421 505 469 544 qui
484 512 592 534 certum
606 503 764 540 responsum
779 502 908 532 nostrum
922 503 1020 533 vestrae
1035 502 1142 541 pietatis
1154 510 1202 531 au-

148 543 224 572 ribus
238 542 417 571 intimabunt.

186 579 343 610 Conservet
358 590 410 610 vos
424 578 471 609 diu
485 578 645 616 Dominus,
661 577 793 608 Ecclesiae
808 578 918 609 Sanitae
929 578 991 609 suae.

184 654 253 686 Dat.
271 656 344 694 apud
358 654 499 685 Cestriam
512 654 625 685 decimo
638 653 682 684 die
692 654 779 693 Junii.

149 783 239 816 Bulla
254 782 412 824 Martini,
432 791 486 826 per
502 791 595 826 quam
603 780 787 828 significavit
808 783 879 827 Regi
896 781 1058 813 clefbi'onem
1080 783 1115 818 ὠ
1138 791 1204 812 con-

203 830 409 875 firmationem
421 829 544 874 fabiam
563 828 599 861 de
618 828 760 876 Johanne
780 830 916 875 Epifiopo
934 828 1135 871 {Vintonienffi

235 913 349 944 Artinus
363 914 533 953 Episcopus,
552 914 643 945 servus
664 914 805 944 servorum
822 913 895 951 Dei,
913 913 1053 944 cariffimo
1071 913 1100 942 in
1122 912 1210 942 Chri-

247 952 290 981 sto
303 952 361 982 filio
376 953 534 991 Edwardo,
551 952 626 993 Regi
641 953 798 993 Anglorum
814 952 923 991 illustri,
941 953 1052 983 salutern
1065 952 1099 982 &
1116 951 1208 988 Apos-

151 989 268 1020 tolicam
283 991 520 1022 benediciionem.

191 1028 321 1059 Romani
337 1029 483 1060 Pontificis
504 1031 605 1068 (quem
619 1029 712 1068 pastor
726 1030 777 1060 iste
794 1029 914 1060 coelestis
932 1029 966 1060 &
984 1028 1137 1068 Episcopus
1152 1028 1211 1057 ani-

153 1076 280 1105 marum,
298 1068 438 1105 potestatis
453 1069 500 1098 sibi
516 1068 687 1106 plenitudine
699 1070 810 1106 tradita,
823 1068 952 1099 Ecclesiis
966 1067 1086 1106 praetulit
1099 1067 1213 1097 univer-

152 1105 213 1147 fis)⁴
222 1105 303 1144 plena
314 1107 412 1145 vigiliis
427 1106 583 1137 sollicitudo
597 1108 729 1145 requirit,
746 1117 776 1138 ut
791 1108 866 1137 cii-ca
879 1106 1025 1144 cujussibet
1037 1104 1138 1135 statum
1150 1104 1212 1135 Ec-

152 1143 242 1174 cleliae
263 1144 300 1174 fic
319 1145 464 1185 vigilanter
478 1146 618 1184 excogitet
633 1169 642 1183 ‚
658 1146 694 1175 sic
709 1146 853 1185 prospiciat
868 1145 1028 1183 diligenter,
1047 1152 1077 1174 ut
1092 1153 1140 1183 per
1153 1144 1212 1180 ejus

148 1181 357 1223 providentiam
375 1184 606 1223 circumspedtam
619 1205 630 1220 ,
654 1194 730 1213 nunc
748 1194 796 1223 per
812 1183 941 1219 simplicis
962 1182 1126 1220 provisionis
1144 1181 1211 1211 offi—

153 1222 247 1259 cium,
266 1231 343 1251 nunc
358 1231 406 1260 per
420 1232 568 1261 oportunae
582 1222 747 1258 provisionis
762 1221 947 1252 ministerium
962 1243 971 1257 ,
987 1229 1069 1257 prout
1082 1221 1213 1251 locorum

153 1259 187 1290 &
210 1268 371 1299 temporum
386 1262 498 1300 qualitas
516 1261 600 1298 exigit
615 1282 625 1298 ,
647 1259 775 1290 Ecclesiis
790 1259 898 1298 lingulis
911 1259 1002 1297 pastor
1017 1258 1132 1288 accedat
1145 1259 1215 1299 ydo-

154 1308 240 1335 neus,
256 1299 289 1329 &
309 1298 403 1328 rector
422 1297 552 1336 providus
570 1298 717 1337 deputetur
731 1320 741 1336 ,
767 1298 859 1337 sicque
877 1299 942 1335 ipsae
953 1320 962 1334 ‚
985 1297 1092 1335 superni
1113 1297 1214 1328 favoris

155 1336 257 1366 auxilio
272 1335 437 1374 suffragante
472 1337 577 1366 votivae
590 1336 771 1374 prosperitatis
782 1336 947 1366 successibus
961 1335 1136 1374 gratulentur.

189 1374 278 1413 Sane,
296 1383 412 1406 vacante
451 1374 539 1404 udum
563 1374 754 1412 Wyntonien.
775 1373 897 1404 Ecclesia
916 1384 964 1410 per
978 1374 1106 1411 obitum,
1126 1374 1213 1405 bonae

152 1415 302 1442 memoriae
316 1435 326 1451 ,
344 1411 462 1443 Nicolai
477 1412 665 1452 Wyntonien.
685 1411 833 1452 Episcopi,
852 1412 946 1442 dilecti
961 1411 1025 1449 filii,
1045 1411 1212 1448 Capitulum

154 1451 275 1489 ejusdem
289 1450 441 1488 Eccleliae,
457 1450 563 1480 ordinis
578 1450 674 1480 Sansti
686 1450 849 1489 Benediffl,
863 1459 938 1481 certa
950 1450 995 1480 die
1008 1450 1042 1480 ad
1054 1450 1214 1489 eligendum

154 1488 286 1527 praefixa,
303 1490 408 1520 vocatis
420 1490 454 1520 ὅ(
468 1489 645 1529 praesentibus
658 1490 790 1520 omnibus
806 1491 854 1529 qui
868 1489 1032 1527 voluerunt,
1051 1489 1217 1528 debuerunt,

155 1528 189 1557 &
205 1536 354 1566 potuerunt
365 1528 490 1557 comode
509 1528 653 1566 interesse,
673 1529 861 1558 venerabilem
879 1529 990 1558 fratrem
1005 1526 1134 1557 nostrum
1150 1528 1215 1558 Ro-

155 1566 267 1635 belini&
281 1589 291 1604 ,
308 1565 472 1597 Bathonien.
491 1567 524 1597 ὃ(
546 1566 655 1598 Vellen.
669 1566 844 1605 Episcopum
857 1589 867 1605 ,
884 1567 914 1596 in
926 1576 1026 1597 eorum
1040 1565 1214 1604 Episcopum

252 1613 347 1634 arunt·

156 1614 232 1673 PoEt
251 1628 385 1680 tandem,
409 1642 494 1673 felicis
515 1642 713 1673 recordationis
726 1665 735 1680 ,
752 1643 892 1674 Nicolaus
914 1642 990 1680 Papa
1004 1666 1013 1681 ,
1031 1642 1218 1680 praedeceffor

155 1680 267 1719 noster,
286 1682 333 1712 cui
346 1681 502 1719 hujusmodi
517 1681 667 1718 postulatio
678 1691 728 1719 per
739 1681 866 1720 speciales
879 1681 1116 1712 Procuratores&
1129 1681 1219 1711 Nun-

157 1720 218 1750 cios
231 1719 302 1749 611611
316 1719 440 1756 Capituli
455 1721 613 1759 praesentata
628 1720 714 1750 fuerat
725 1742 734 1757 ‚
751 1723 783 1752 &c
796 1721 831 1751 ab
845 1730 879 1751 eo
899 1721 1000 1750 deinde
1016 1730 1075 1750 non
1087 1720 1200 1750 admissa
1210 1743 1219 1759 ,

157 1758 348 1797 provisionem
361 1757 482 1795 ejusdem
497 1758 647 1796 Ecclesiae,
665 1768 750 1796 quam
765 1760 815 1790 sibi
835 1760 908 1797 prius
928 1760 1093 1797 retinuerat,
1111 1759 1146 1789 ad
1160 1758 1219 1790 Ca-

157 1795 279 1835 pitulum
291 1804 481 1827 memoratum
497 1798 607 1828 remisit.

193 1833 298 1872 Sicque
311 1834 438 1871 praedicti
451 1834 634 1875 Capitulum,
651 1836 697 1867 die
711 1834 744 1866 ad
759 1835 920 1875 eligendum
936 1835 1033 1866 statuta
1044 1837 1222 1867 convenien-

158 1880 200 1903 tes
213 1873 243 1903 in
256 1883 344 1904 unum
380 1874 486 1904 vocatis
499 1875 632 1905 omnibus
646 1876 693 1914 qui
704 1874 868 1912 voluerunt,
885 1875 1061 1913 debuerunt,
1075 1875 1108 1905 &
1122 1884 1222 1913 potue-

159 1919 227 1955 runt
247 1895 375 1955 comod'e
394 1911 520 1955 interesse
532 1936 540 1949 ,
557 1912 623 1955 post-
639 1915 744 1952 aliquos
763 1913 910 1951 tractatus,
926 1914 957 1943 in
971 1913 1130 1950 hujusmodi
1147 1914 1222 1943 elec-

158 1957 243 1980 tionis
263 1959 379 1988 negotio
398 1950 506 1980 habitos
521 1973 533 1989 ,
548 1952 742 1982 consenserunt
757 1974 767 1989 ,
785 1954 814 1982 in
828 1952 932 1982 eodem
946 1953 1064 1990 negotio
1082 1962 1130 1989 per
1146 1953 1222 1982 viam

160 1987 313 2026 procedere
324 1989 536 2028 compromissi,
555 1990 588 2020 &
604 1990 710 2020 dilectis
723 1990 783 2020 filiis
798 1988 939 2030 Magistro
953 1990 1098 2020 Riccardo
1112 1991 1148 2020 de
1166 1990 1221 2020 La-

160 2036 242 2056 more
256 2026 467 2057 Archidiacono
480 2051 490 2066 ,
505 2039 539 2059 ac
552 2029 628 2059 fratri
640 2029 713 2059 Adae
726 2029 762 2059 de
776 2029 856 2069 Lyda
869 2052 879 2065 ,
897 2030 930 2060 &
946 2030 1068 2068 quinque
1081 2029 1136 2059 aliis
1151 2028 1223 2058 Mo-

159 2064 256 2095 nachis
273 2065 352 2104 ipsius
368 2065 501 2096 Ecclesiae
515 2092 524 2105 ,
543 2067 662 2106 eligendi
686 2078 716 2097 ea
731 2068 795 2098 vice
807 2067 952 2105 personam
967 2067 1107 2106 ydoneam
1123 2069 1153 2097 in
1165 2067 1224 2097 Ec-

159 2103 249 2133 cleiiae
265 2103 389 2141 praefatae
409 2104 553 2135 Pastorem
590 2114 646 2136 tarn
668 2105 703 2136 de
716 2107 791 2146 ipsis,
809 2108 896 2144 quam
911 2107 967 2136 aliis
981 2106 1017 2136 de
1031 2105 1167 2145 Collegio
1180 2106 1224 2145 ip-

159 2142 216 2210 suist
234 2141 365 2172 Ecclefiae
377 2165 387 2181 ,
405 2150 452 2173 aut
474 2129 584 2174 aliunde
597 2167 607 2183 ,
625 2144 804 2175 contulerunt
820 2145 986 2175 unanimiter
1000 2144 1152 2184 plenariam
1172 2153 1225 2183 po-

162 2188 192 2210 te
217 2188 304 2209 atem:

198 2218 260 2256 Qii
274 2218 431 2250 secedentes
447 2220 475 2250 in
493 2227 600 2258 partem
618 2244 628 2259 ‚
642 2221 675 2252 &
696 2222 813 2252 traftatu
836 2222 916 2259 super
931 2220 986 2251 hoc
1002 2221 1072 2251 inter
1086 2221 1111 2252 se
1127 2221 1226 2252 habito

159 2254 302 2296 diligenti,
322 2258 366 2287 sex
381 2268 414 2287 ex
429 2258 529 2289 eisdem
544 2259 789 2297 compromissariis
804 2262 832 2290 in
847 2259 969 2290 eundern
982 2258 1225 2291 Archidiaconum

159 2295 195 2325 eli
215 2296 321 2326 endum
333 2297 361 2326 in
377 2295 523 2327 Pastorem
538 2298 617 2335 ipsius
630 2298 765 2329 Eccleliae
779 2307 990 2336 convenerunt,
1009 2309 1042 2329 ac
1055 2298 1130 2329 idem
1143 2299 1225 2329 frater

160 2333 188 2365 A
209 2344 271 2371 am,
287 2334 322 2364 de
335 2334 466 2365 mandato
480 2335 664 2375 Collegarum
678 2337 792 2367 suorum
802 2360 811 2376 ‚
829 2338 892 2367 vice
906 2337 950 2366 sua
962 2338 994 2368 &
1003 2337 1145 2367 dictorum
1153 2337 1227 2367 Col-

159 2372 301 2412 legatum,
320 2374 353 2404 &
367 2375 451 2403 etiam
465 2375 596 2404 omnium
611 2374 646 2405 (16
661 2375 799 2412 praedicto
813 2375 947 2414 Capitulo
961 2397 970 2412 ,
988 2376 1157 2416 praedictum
1172 2375 1227 2405 Ri-

159 2411 276 2441 cardum
292 2411 535 2442 Arch‘idiaconum
548 2414 578 2442 in
594 2412 767 2452 Episcopum
781 2414 969 2452 Wyntonien.
985 2414 1084 2453 elegit3
1103 2424 1135 2444 ac
1149 2413 1228 2453 post-

161 2449 282 2479 modum
303 2460 403 2479 omnes
422 2452 455 2481 ὃ(
472 2450 570 2489 finguli
583 2450 619 2480 de
634 2451 693 2490 ipso
708 2451 842 2489 Capitulo
858 2452 1014 2486 huiusmodi
1036 2452 1227 2490 electionem,

161 2488 209 2518 cui
224 2487 315 2518 dictus
328 2488 553 2519 Archidiaconus
563 2490 617 2525 iam
633 2490 821 2527 consenserat,
831 2490 1002 2528 publicatam
1017 2490 1046 2520 in
1061 2490 1160 2520 eadem
1168 2490 1228 2521 Ec-

162 2526 242 2556 clesia
255 2527 421 2556 unanimiter
434 2526 620 2565 acceptarunt.

200 2563 343 2594 Praedicta
357 2565 437 2604 igitur
451 2565 592 2595 electione
607 2565 756 2595 venerabili
773 2565 849 2596 fratri
864 2565 962 2596 nostro
979 2565 1159 2596 Cantuarien.
1174 2565 1229 2597 Ar-

163 2601 347 2640 chiepiscopo
362 2625 373 2641 ,
391 2603 447 2634 loci
470 2603 697 2643 Metropolitano
714 2626 723 2642 ,
741 2613 774 2633 ex
788 2612 865 2644 parte
880 2605 960 2643 ipsius
973 2604 1098 2641 Capituli
1111 2606 1230 2643 praeseri-

164 2649 217 2672 tata
236 2664 246 2679 ,
262 2641 295 2672 &
318 2642 421 2672 eodem
443 2640 578 2680 Capitulo
598 2642 673 2672 illam
688 2642 848 2672 confirmari
863 2652 989 2681 petente,
1008 2643 1140 2682 demum,
1177 2654 1229 2673 rae-

164 2679 251 2710 1116106
272 2679 418 2710 electionis
436 2690 457 2710 n
490 2682 550 2711 otio
565 2703 574 2718 ,
592 2690 640 2718 per
652 2680 859 2721 Appellationes
873 2681 1072 2712 Archidiaconi
1086 2683 1119 2713 &
1165 2683 1227 2720 api-

164 2719 215 2749 1011
230 2718 431 2758 praeditstorum
444 2729 458 2748 a
493 2718 689 2756 Apoltoiicam
703 2719 794 2750 sedem
815 2718 907 2750 delato
921 2743 931 2757 ,
950 2720 1026 2750 idem
1042 2720 1228 2750 Archidiaco-

164 2767 216 2789 nus
258 2755 407 2795 postquam
427 2757 583 2795 aliquandiu
605 2767 701 2787 coram
716 2758 798 2787 nobis
812 2758 900 2788 fuerat
914 2759 943 2788 in
962 2759 1078 2798 negotio
1090 2760 1149 2799 ipso
1163 2768 1229 2797 pto-

164 2779 272 2826 celst'im
285 2817 295 2832 ,
313 2794 411 2826 saniori
431 2795 532 2826 du&us
554 2796 669 2825 consilio
684 2819 693 2833 ‚
711 2796 793 2826 omni
806 2796 874 2835 juri,
893 2797 990 2835 siquod
1005 2798 1054 2827 sibi
1065 2807 1099 2827 ex
1113 2798 1230 2828 eiectio-

165 2843 202 2863 ne
221 2833 353 2876 praedieta
370 2834 515 2872 quaesitum
541 2835 643 2873 fuerat,
662 2834 759 2874 sponte
778 2834 873 2873 ceffit,
890 2845 923 2866 ac
937 2836 1003 2866 illud
1014 2845 1082 2876 pure
1096 2846 1129 2867 ac
1143 2836 1229 2869 libere

164 2873 195 2903 in
210 2871 311 2903 nostris
326 2874 454 2902 manibus
469 2873 629 2912 resignavit:

199 2909 323 2948 Nosque
338 2911 494 2941 cessionem
509 2913 543 2942 &c
559 2912 773 2950 resignationem
789 2911 966 2950 hujusmodi,
984 2911 1019 2942 de
1033 2912 1148 2943 fratrum
1164 2923 1230 2943 nos-

163 2956 276 2979 trorum
293 2948 410 2979 consilio
425 2949 555 2980 duximus
566 2950 767 2987 admittendas3
782 2950 974 2989 provisionem
987 2951 1066 2990 ipsius
1080 2951 1222 2989 Ecdeme,

165 2986 212 3017 illa
230 2988 293 3017 vice
302 3009 312 3024 ‚
325 2986 361 3016 de
376 2986 501 3023 ipsorum
514 2988 631 3019 fratrum
645 2989 778 3026 cornilio,
793 2988 966 3027 dispositioni
977 2987 1043 3019 sedis
1056 2989 1230 3028 Apostolicae

167 3023 354 3062 reservand03
377 3035 411 3055 ac
433 3024 621 3064 postmodum
642 3027 719 3066 super
741 3028 902 3068 provisione
918 3027 999 3066 ipfius
1018 3028 1150 3059 Ecclesiae
1165 3052 1175 3066 ,
1194 3039 1231 3059 ne

169 3062 269 3093 diutius
283 3062 421 3093 viduitatis
436 3063 559 3101 dampna
571 3064 700 3103 defleret,
718 3075 786 3095 cum
799 3066 925 3096 fratribus
944 3066 1006 3104 ipsis
1019 3067 1137 3098 tractatu
1153 3067 1231 3097 habi-

168 3109 202 3132 to
215 3101 342 3139 diligenti
355 3123 364 3138 ,
384 3103 400 3117 *
418 3100 452 3131 ad
465 3103 653 3132 venerabilem
669 3103 780 3134 fratrem
793 3104 922 3134 nostrum
935 3104 1096 3143 Johannem
1114 3105 1230 3145 Episco-

169 3149 239 3177 pum
260 3138 449 3183 Wyntonien.
470 3149 539 3184 tunc
565 3140 806 3172 Archidiaconum
826 3143 965 3174 Exonien.
987 3144 1020 3174 &
1044 3143 1228 3181 Capelianum

167 3177 299 3209 nostrum
313 3200 324 3216 ‚
341 3187 437 3215 utique
458 3188 553 3208 Vtrum
565 3180 711 3210 eminentis
731 3180 870 3218 scientiae,
886 3183 954 3211 vitae
968 3182 1107 3212 laudabilis
1131 3183 1164 3214 &c
1178 3183 1231 3212 ho-

168 3215 278 3294 ἒξὲὶὶζᾶ
290 3217 376 3292 2cujus
394 3226 488 3248 mores
507 3218 541 3248 &
563 3218 737 3248 conversatio
758 3219 831 3257 apud
849 3220 942 3251 sedem
957 3219 1151 3259 Apostol'icam
1168 3221 1230 3251 sunt

205 3292 367 3336 Direximus
385 3293 519 3323 intuitum
535 3293 639 3323 nostrae
654 3295 754 3324 mentis
764 3317 775 3333 ‚
790 3305 824 3326 ac
843 3295 878 3327 de
897 3297 956 3342 ipso
971 3297 1104 3336 johanne
1118 3298 1232 3338 Episco-

168 3341 209 3372 po
221 3354 230 3369 ,
248 3330 285 3361 de
298 3331 421 3371 ipsorum
431 3331 552 3375 *fratrum
566 3332 727 3362 nostrorum
741 3334 858 3365 consilio
893 3335 1027 3366 Ecclesiae
1041 3337 1084 3366 W
1086 3338 1228 3376 yntonien.

170 3378 335 3401 memoratae
357 3369 554 3408 providimus,
573 3371 720 3408 ipsumque
738 3371 831 3402 eidem
872 3374 986 3404 veclesiae
1006 3376 1182 3415 praefecimus
1202 3376 1230 3404 in

171 3407 344 3447 Episcopum
365 3408 399 3438 &
420 3406 564 3437 Pastorem
578 3431 588 3446 ,
602 3418 635 3438 ac
651 3409 700 3438 fibi
735 3410 808 3445 apud
823 3412 942 3442 eandem
955 3413 1046 3443 sedem
1056 3437 1065 3450 ,
1081 3424 1128 3451 per
1143 3423 1228 3443 vene-

170 3447 286 3478 rabilem
306 3446 419 3476 fratrem
433 3445 562 3476 nostrum
732 3447 802 3478 1160.
817 3449 851 3479 86
866 3450 1014 3481 Velletren.
1039 3452 1211 3491 Episcopum
1221 3474 1230 3489 ,

169 3485 289 3516 fecimus
314 3494 414 3514 munus
441 3485 653 3515 consecrationis
679 3486 804 3523 impendi
819 3499 829 3524 ε,
862 3487 940 3519 firma
965 3500 1104 3528 concepta
1130 3491 1232 3520 fiducia»

170 3523 268 3563 quod,
284 3523 421 3567 dirigente
436 3521 580 3553 Altiffimo
592 3523 668 3566 aetus
683 3523 761 3562 suOS,
775 3526 872 3556 eadem
884 3526 1026 3567 Ecclesia,
1043 3539 1092 3567 per
1108 3529 1162 3558 suae
1178 3530 1232 3558 cir-

172 3562 389 3600 cumspeffionis
405 3560 568 3592 industriam
581 3583 591 3599 ‚
609 3572 639 3591 in
659 3562 836 3600 spiritualibus
856 3565 890 3596 ὃς
902 3566 933 3596 in
945 3568 1141 3604 temporalibus
1154 3566 1232 3606 pros-

172 3602 241 3641 pere
255 3601 407 3639 dirigetur,
422 3600 456 3631 ὃ(
468 3599 597 3638 salubria,
616 3599 699 3630 dante
714 3600 863 3642 Domino,
880 3603 1006 3644 suscipiet
1019 3607 1196 3636 incrementa.

211 3639 291 3678 Qia
307 3648 376 3669 vero
392 3646 422 3668 tu
436 3661 447 3677 ,
461 3639 536 3668 circa
559 3638 650 3668 sedem
671 3637 755 3676 ipsam
771 3662 781 3678 ,
798 3641 834 3670 ab
849 3650 930 3673 aetate
945 3644 1053 3682 tenera,
1072 3644 1232 3674 devotionis

172 3676 298 3714 spiritum
313 3676 436 3708 habuiffe
450 3676 621 3715 dinosceris,
639 3677 672 3708 &
694 3676 751 3706 Dei
767 3678 900 3710 ministris
919 3689 947 3710 te
966 3681 1073 3720 semper
1090 3682 1234 3713 reddidiffe

175 3715 340 3746 benivolum
358 3714 554 3755 comprobatis
567 3727 578 3753 3
596 3725 648 3745 nos
668 3714 761 3745 secura
776 3715 880 3747 fiducia
894 3717 1075 3751 Serenitatem
1089 3730 1166 3751 tuam
1186 3730 1235 3750 ro-

175 3754 294 3791 gandam
306 3754 435 3784 duximus
448 3754 481 3784 &
496 3753 667 3783 monendam
677 3777 686 3791 ,
705 3754 831 3791 quatinus
846 3756 920 3786 circa
933 3758 1101 3794 praedicrum
1118 3759 1235 3798 Episco-

177 3799 247 3827 pum
261 3792 298 3822 ita
314 3801 370 3823 tuae
383 3793 499 3832 gratiam
516 3791 584 3821 Beni
605 3793 694 3822 nitatis
709 3791 851 3830 effundas,
867 3802 898 3824 ut
911 3795 984 3832 ipse,
1002 3797 1086 3827 fultus
1098 3800 1139 3828 tui
1153 3798 1234 3828 favo-

176 3829 214 3859 xis
227 3831 329 3860 auxilio
362 3833 392 3861 in
408 3831 573 3861 executione
614 3830 759 3860 ontificalis
775 3829 863 3860 officii
879 3831 962 3869 poffit
975 3834 1078 3865 assidue
1097 3837 1237 3876 prospera·

176 3867 201 3896 ri
216 3889 226 3904 ‚
238 3877 282 3910 ⁴ac
307 3854 360 3899 tibi
380 3869 485 3910 exinde*
501 3870 594 3908 gratiae
607 3869 710 3900 divinae
725 3870 875 3906 praernium
887 3870 922 3900 &
932 3880 1115 3910 augmentum
1129 3873 1235 3905 nostrae

175 3903 379 3937 Benivolentiae
395 3909 587 3946 adipiscentur.

199 3978 278 4025 *Dat
292 3981 364 4026 apud
375 3982 491 4014 Urbem
506 3963 640 4016 Veterem
657 3984 773 4017 decimo
791 3983 913 4023 septimo
934 3983 999 4015 Kal.
1011 3985 1097 4028 Julii,
1116 3988 1238 4023 Pontifi-

177 4025 254 4049 catus
267 4018 356 4050 nostri
370 4030 445 4052 anno
455 4022 589 4054 secundo.

842 4059 896 4091 Sub
900 4059 955 4102 filo
969 4062 1078 4094 canabi.

1235 186 1713 239 PUBLICA.

2214 201 2295 240 205

2304 270 2382 302 Ann.
2396 270 2440 302 DJ

2329 311 2413 340 1282.

2308 350 2374 377 Edv.
2398 358 2422 375 1..

1242 364 1349 395 Lirem
1365 362 1404 395 ab
1421 364 1598 413 Alexandigo
1615 368 1689 412 Rege
1705 367 1803 397 Scotiae
1821 362 2025 409 excusatoria,
2045 373 2101 408 pro
2116 356 2294 394 Alexandro

1547 416 1658 463 Cumyn
1678 416 1789 446 Comite
1805 412 1841 445 de
1860 409 1991 444 Buchan.

1242 494 1536 555 EXcellentiffimo
1557 497 1682 536 Principi
1698 521 1707 536 ‚
1733 497 1765 528 ὃς
1786 496 1860 527 fratri
1880 495 1928 526 suo
1947 494 2087 526 karissimo
2101 517 2111 532 ‚
2136 491 2295 535 Edwardo,
2311 472 2426 535 {ml-io.

1318 534 1381 574 Dei
1391 535 1493 574 gratia,
1510 536 1584 575 Regi
1600 536 1709 575 Angliae
1722 534 1835 572 illustri,
1853 534 1988 564 Domino
2002 533 2120 563 Iberniae
2133 555 2143 571 ‚
2161 532 2194 562 &
2214 531 2294 561 Duci
2310 531 2348 573 Ei}
2356 545 2429 580 orig.

1239 572 1371 611 Aquitan.
1386 574 1556 611 Alexander,
1571 574 1667 604 eadem
1681 573 1780 614 gratia,
1799 572 1863 603 Rex
1878 572 2049 610 Scotorum,
2066 571 2180 601 salutem
2194 570 2227 601 &
2241 569 2295 599 sin-
2310 583 2446 621 infraTur-

1241 621 1313 642 cerae
1326 611 1485 643 dilec‘tionis
1500 612 1709 652 plenitudinem.
2312 624 2362 649 rim
2381 625 2447 648 Lon-

1278 649 1460 681 Excellentiae
1488 650 1589 681 vestrae
1602 675 1611 689 ‚
1636 659 1734 681 tenore
1764 648 1941 690 praesentium
1957 670 1966 686 ,
1990 647 2174 686 significamus
2204 644 2297 685 quod,
2313 661 2369 690 don.

1244 697 1356 728 propter
1371 689 1500 727 quiedam
1516 689 1597 720 ardua
1606 690 1733 728 negotia,
1751 698 1803 718 nos
1815 688 1848 718 ὃς
1864 686 1965 717 statum
1974 685 2067 725 Regni
2080 685 2166 715 nostri
2181 693 2298 723 tangen-

1242 729 1297 764 tia,
1317 729 1442 757 misimus
1463 728 1651 758 Alexandrum
1665 726 1801 766 Cumyn,
1819 725 1968 756 Comitem
1988 724 2023 754 de
2038 723 2162 767 Buchan.
2176 721 2302 766 Consta-

1245 766 1382 795 bularium
1403 767 1436 796 &
1454 765 1644 804 Justiciarium
1664 765 1793 795 nostrum
1806 786 1815 803 ,
1832 774 1866 795 ex
1878 762 1984 794 boreali
1998 771 2072 800 parte
2087 771 2167 792 matis
2181 761 2286 791 Scotiae

1245 803 1329 842 usque
1351 805 1384 833 ad
1407 812 1494 842 partes
1516 813 1635 834 remotas
1654 803 1806 834 Insularum
1828 801 2009 838 nostratum3
2036 809 2148 844 propter
2169 799 2245 839 quod
2266 781 2303 828 ad

1247 841 1415 909 praeclararrI}c
1432 841 1654 881 Magnificentiae
1672 841 1770 872 vestrae
1792 841 1964 879 ptaesentiam
1977 862 1988 878 ,
2002 839 2055 869 hac
2072 849 2152 877 vrce,
2171 836 2309 868 accedere

1250 890 1308 909 non
1342 889 1389 910 ote
1424 890 1430 909 :

1289 890 1386 956 QEare
1405 918 1605 949 Excellentiam
1621 918 1738 949 vestram
1759 926 1886 955 rogamus
1906 923 2009 946 attente
2024 923 2171 953 quatenus,
2191 911 2304 943 nostro-

1249 966 1312 986 rum
1327 957 1521 994 precaminum
1535 959 1712 1000 interventu,
1727 956 1876 986 absentiam
1890 955 1968 993 ipsius
1981 953 2106 984 Comitis
2125 955 2153 983 in
2167 953 2220 982 hac
2234 958 2310 993 parte

1249 995 1351 1025 habete
1364 995 1452 1025 velitis
1465 996 1638 1033 excusatam,
1655 994 1759 1025 delicut
1772 993 1920 1030 auxilium,
1937 991 2013 1031 quod
2027 993 2108 1021 vobis
2127 992 2211 1022 debet
2226 996 2310 1019 ratio-

1250 1043 1287 1063 ne
1302 1042 1452 1071 terrarum‚
1469 1043 1534 1071 quas
1549 1033 1585 1063 de
1598 1033 1679 1063 vobis
1691 1040 1768 1063 tenet
1783 1031 1853 1060 infra
1869 1030 2008 1068 Regnum
2022 1029 2164 1067 vestrum,
2182 1035 2308 1072 paratum

1252 1072 1283 1102 lit
1297 1072 1330 1102 ad
1347 1071 1472 1101 eundum
1491 1072 1523 1102 in
1544 1071 1681 1102 Walliam
1694 1080 1747 1108 pro
1761 1068 1860 1101 vestrae
1874 1068 1955 1098 libito
1969 1068 2119 1099 voluntatis
2134 1091 2144 1106 ,
2159 1076 2190 1097 ut
2203 1064 2311 1096 intelle«

1253 1119 1353 1140 ximus.

1290 1185 1380 1216 Teste
1399 1185 1507 1225 meipso
1527 1184 1601 1224 apud
1623 1184 1710 1215 Scon.
1729 1183 1823 1222 primo
1840 1181 1886 1213 die
1903 1182 1973 1220 Julii
1985 1204 1996 1220 ,
2013 1190 2089 1211 anno
2110 1180 2208 1220 Regni
2222 1178 2312 1210 nostri

1255 1225 1397 1255 tricesimo
1409 1226 1500 1255 tertio.

1258 1292 2311 1313 .--—-—-——--——-————————----—-——‘

1254 1350 1360 1380 Litera
1375 1345 1552 1381 Alexandri
1565 1345 1601 1379 de
1618 1348 1729 1393 Cumyn
1747 1347 1829 1377 Com.
1856 1342 1892 1375 de
1912 1340 2052 1384 Buchan,
2078 1341 2114 1374 de
2123 1341 2157 1387 ft
2171 1338 2317 1383 excusc‘m-

1387 1399 1423 1434 (9²⁴
1445 1395 1481 1429 de
1496 1395 1563 1439 filio
1580 1393 1636 1439 sito
1661 1397 1692 1426 in
1703 1393 1869 1439 servitium
1896 1394 1983 1438 Regis
1999 1417 2008 1433 ‚
2036 1400 2139 1423 contra
2162 1387 2317 1431 Wllensbs

1300 1444 1390 1490 missb.

1269 1528 1346 1584 Αἱ]
1360 1529 1481 1560 treshaut
1500 1528 1603 1559 Prince
1614 1551 1623 1566 ‚
1644 1529 1679 1559 &
1699 1527 1748 1557 sun
1765 1526 1899 1565 seigneur
1915 1524 2084 1561 Treschire,
2101 1522 2161 1553 Sire
2174 1521 2312 1559 Edward,

1258 1572 1277 1584 *
1331 1579 1378 1605 par
1391 1569 1415 1598 la
1427 1577 1509 1607 grace
1523 1567 1607 1605 Deu,
1627 1565 1691 1605 Rey
1704 1565 1741 1595 de
1754 1564 1915 1604 Engleterre
1927 1587 1936 1602 ,
1954 1563 2087 1602 Seigneur
2100 1562 2136 1592 dc
2151 1560 2312 1605 helannde,

1256 1607 1289 1637 &
1305 1607 1374 1637 Duc
1387 1607 1423 1637 de
1438 1607 1481 1637 Ac
1503 1606 1637 1644 uitaigne,
1652 1604 1678 1634 le
1692 1603 1739 1633 seri
1754 1603 1772 1633 si
1787 1604 1824 1634 lui
1839 1602 1923 1641 plest,
1940 1612 1976 1631 en
1989 1610 2059 1631 tutes
2073 1600 2168 1643 choses
2185 1600 2312 1630 Alilaun-

1256 1645 1305 1675 dre
1325 1644 1443 1685 Cumyn
1462 1667 1472 1683 ,
1483 1615 1587 1674 c&unte
1606 1643 1641 1672 de
1659 1642 1774 1673 Buchan
1788 1665 1797 1680 ‚
1817 1642 1850 1673 &
1863 1639 2034 1672 Conestable
2055 1640 2091 1670 de
2105 1638 2234 1677 Elcoce,
2254 1645 2314 1668 tant

1258 1693 1326 1714 cum
1341 1683 1361 1713 il
1375 1692 1458 1723 peut,
1475 1683 1511 1713 de
1524 1682 1577 1713 loal
1590 1682 1711 1720 service,
1729 1689 1875 1711 reverence
1889 1680 1922 1710 &
1939 1679 2052 1709 honurs.

1295 1722 1402 1752 Sache'z.
1422 1721 1511 1752 vestre
1531 1720 1652 1751 tressiaut
1669 1720 1815 1759 Seignurie
1837 1728 1908 1757 que,
1927 1725 2008 1748 auant
2024 1727 2079 1755 que
2093 1727 2144 1749 vos
2156 1716 2246 1747 lettres
2264 1724 2316 1745 nus

1259 1761 1407 1798 vindrent,
1423 1770 1470 1800 par
1482 1761 1574 1800 queles
1589 1769 1639 1790 vus
1653 1768 1704 1788 nus
1718 1758 1811 1789 voliez
1824 1755 2029 1787 commaunder
2038 1766 2092 1794 que
2104 1766 2155 1786 nus
2162 1754 2315 1786 veniisums

1261 1809 1317 1830 ove
1338 1810 1388 1830 vus
1408 1809 1444 1829 en
1466 1798 1557 1829 vestre
1576 1796 1630 1837 eyd
1648 1805 1804 1828 encountte
1825 1796 1850 1826 le
1871 1795 1998 1835 Waieys‚
2017 1804 2051 1824 au
2064 1793 2320 1825 commaundment

1260 1838 1297 1868 de
1311 1838 1405 1868 nostre
1420 1837 1553 1876 Seigneur
1568 1836 1678 1866 Escoce
1691 1845 1790 1866 avums
1802 1835 1892 1874 enptis
1911 1833 1937 1864 le
1953 1833 2076 1873 chemyn
2092 1843 2190 1864 envers
2205 1834 2242 1864 les
2260 1832 2324 1863 Illes

1260 1878 1421 1915 longteynes
1443 1886 1491 1906 ver
1516 1875 1541 1905 le
1563 1874 1655 1904 Norr.
1675 1883 1727 1914 pur
1749 1881 1829 1912 grant
1849 1872 1995 1912 busoignes
2010 1881 2064 1909 que
2077 1872 2224 1903 tucherent
2237 1873 2274 1902 lui
2289 1872 2322 1901 &-

1261 1915 1311 1945 sun
1328 1915 1467 1952 Rewme3
1486 1913 1576 1943 dount
1589 1912 1660 1942 mult
1674 1922 1725 1942 nus
1739 1911 1841 1949 peiffe,
1860 1920 1914 1948 que
1931 1920 1982 1940 nus
1997 1920 2033 1940 ne
2048 1910 2172 1948 puffums
2193 1910 2324 1941 destertre

1262 1954 1326 1984 ceol
1340 1954 1462 1993 chemyn
1471 1975 1481 1988 ,
1499 1962 1516 1982 a
1531 1950 1624 1981 nostre
1639 1950 1750 1988 honur,
1767 1960 1820 1988 pur
1832 1949 1922 1980 vestre
1936 1949 2210 1980 commaundement
2224 1958 2326 1979 acom-

1263 1993 1316 2030 plir
1328 2015 1337 2030 ,
1356 1992 1381 2022 al
1401 1991 1493 2021 honur
1513 1989 1550 2020 (16
1569 1988 1660 2021 vestre
1674 1988 1837 2028 Seingnurie
1852 2010 1861 2026 ,
1880 1997 1934 2028 que
1950 1987 2018 2018 Deu
2033 1986 2115 2027 garde
2129 1989 2162 2019 &
2180 1987 2322 2028 multeplie

1265 2041 1302 2060 en
1318 2031 1404 2061 biens.

1302 2068 1326 2099 E
1341 2092 1350 2107 ,
1377 2078 1430 2107 pur
1448 2077 1503 2098 ceo
1522 2075 1576 2105 que
1599 2075 1650 2096 nus
1670 2075 1705 2095 ne
1723 2074 1813 2102 pouns
1835 2065 1915 2096 venir
1929 2075 1944 2095 a
1963 2063 2057 2094 nostre
2076 2063 2145 2094 desit
2160 2065 2193 2095 &
2207 2076 2222 2096 a
2236 2065 2328 2096 vestre

1267 2106 1540 2143 commaundment,
1555 2115 1607 2137 vus
1620 2105 1714 2142 priuns
1729 2113 1784 2142 que
1796 2113 1846 2134 vus
1863 2103 1971 2133 voielez
1982 2104 2104 2133 receiure
2120 2102 2219 2142 Roget
2232 2104 2328 2134 nostre

1265 2145 1323 2176 fiuz
1346 2156 1382 2176 en
1401 2144 1496 2175 nostre
1514 2145 1558 2174 leu
1573 2166 1582 2181 ,
1599 2143 1688 2182 lequel
1709 2152 1760 2172 nus
1781 2151 1832 2173 vus
1850 2141 1869 2161 ²¹⁴
1889 2142 2017 2172 enviums
2031 2151 2087 2172 ove
2098 2141 2193 2171 nostre
2206 2143 2328 2181 service,
2345 2139 2477 2170 *11.206.

1284 2184 1323 2216 ‘ue
1339 2195 1390 2215 nus
1404 2194 1454 2214 vus
1469 2183 1558 2213 sumes
1569 2190 1656 2212 tenuz
1668 2191 1719 2219 pur
1731 2189 1790 2211 noz
1803 2189 1885 2210 terres
1900 2180 1935 2210 de
1949 2179 2128 2219 Angleterre,
2145 2190 2200 2219 que
2213 2191 2263 2211 vos
2271 2182 2330 2220 ple-

1279 2234 1314 2254 irs
1327 2224 1360 2254 ὅ(
1375 2221 1628 2253 commandemens
1643 2221 1711 2250 serra
1728 2230 1743 2250 a
1756 2227 1798 2250 tut
1819 2218 1868 2249 sun
1884 2228 1954 2256 poer
1967 2241 1976 2257 ,
1994 2219 2214 2249 ensemblement
2228 2219 2267 2250 od
2280 2229 2333 2251 nus

1266 2263 1300 2293 &
1315 2270 1358 2293 tus
1373 2263 1411 2292 les
1425 2271 1492 2299 nos,
1508 2268 1595 2299 quant
1607 2269 1659 2289 nus
1677 2268 1693 2297 y
1709 2268 1825 2296 purrons
1840 2256 1976 2287 entendre
1988 2266 2041 2297 pur
2053 2258 2077 2288 la
2091 2257 2228 2297 busoigne
2245 2270 2330 2289 avan-

1265 2301 1343 2339 dite,
1365 2300 1455 2332 vestre
1474 2300 1586 2331 volente
1603 2308 1639 2327 en
1659 2305 1730 2328 tutes
1748 2297 1845 2327 choses
1865 2305 1917 2326 nus
1932 2296 2040 2326 veiolez
2059 2297 2232 2329 comaunder
2243 2306 2331 2329 tentes

1267 2340 1366 2370 heutes
1374 2363 1384 2378 ,
1401 2348 1470 2370 curn
1484 2349 1500 2369 a
1514 2336 1604 2369 vestre
1618 2336 1672 2375 lige
1687 2337 1719 2368 &
1733 2335 1805 2367 leaus
1820 2345 1888 2366 curn
1901 2344 1952 2364 nus
1966 2333 2089 2365 durums.

1305 2379 1395 2409 Saluz.

2332 1508 2407 1538 Ann.
2424 1507 2467 1538 D„

2356 1547 2441 1577 1282.

2330 1590 2382 1613 Aa.
2412 1595 2453 1612 10.

2332 1629 2358 1652 E.
2380 1633 2402 1651 i.

2334 1668 2373 1690 Ex
2381 1663 2454 1697 Orig.

2334 1700 2469 1738 infraTur-

2331 1741 2381 1767 rim
2388 1743 2456 1766 Lon·

2338 1780 2394 1807 don.

1269 2504 1374 2534 Litera
1400 2512 1420 2532 a
1448 2498 1570 2542 Gastone
1593 2498 1628 2532 de
1657 2501 1752 2539 Rern,
1775 2495 1857 2543 quod
1865 2505 1994 2543 paratus
2013 2495 2226 2543 cstftrvitt'um
2246 2501 2288 2530 Re
2308 2501 2334 2530 is

1311 2547 1445 2594 praestare
1477 2558 1578 2580 contra
1616 2547 1770 2591 Wzllenfis
1796 2542 1925 2579 Rebelles
1947 2571 1958 2587 ,
1989 2545 2041 2577 vel
2065 2543 2142 2578 alibi
2159 2556 2216 2591 pro
2249 2510 2334 2578 libito

1316 2602 1415 2643 Regis.

1271 2679 1490 2743 MAgnifico
1510 2680 1544 2711 ὃς
1563 2681 1671 2720 potenti
1691 2679 1821 2717 Principi
1842 2677 2001 2717 Edwardo,
2020 2677 2096 2718 Regi
2116 2678 2227 2720 Angliae
2241 2702 2252 2718 ‚
2267 2678 2335 2711 Do-
2351 2683 2482 2717 Arm-D·

1367 2720 1449 2750 mino
1470 2719 1620 2749 Hiberniae
1634 2743 1643 2757 ‚
1667 2720 1701 2750 &
1721 2718 1800 2749 Duci
1818 2716 1949 2756 Aquitan.
1971 2716 2083 2747 humilis
2108 2717 2169 2748 suus
2186 2718 2279 2750 Gasto
2298 2718 2333 2750 de
2374 2726 2457 2756 1282,

1268 2758 1370 2795 Bearn,
1392 2758 1536 2788 Dominus
1551 2757 1664 2788 Montis
1678 2756 1799 2788 Cathani
1812 2757 1845 2787 &
1863 2755 1955 2786 Castri
1969 2756 2084 2794 veteris,
2103 2756 2220 2788 salutem
2235 2780 2245 2796 ,
2264 2767 2333 2788 cum
2351 2768 2403 2792 An.
2427 2775 2469 2792 10.

1269 2797 1352 2827 omni·
1364 2796 1461 2827 debito
1475 2798 1638 2827 reverentiae
1652 2797 1684 2827 &
1698 2796 1822 2827 honoris,
2350 2807 2380 2831 E.
2405 2812 2428 2830 ι,
2458 2796 2460 2799 “

1307 2835 1414 2865 Datum
1429 2834 1470 2865 est
1485 2835 1569 2865 nobis
1582 2835 1698 2874 intelligi
1711 2834 1788 2875 quod
1804 2833 1956 2864 Wallenses
1966 2832 2002 2863 de
2015 2843 2095 2863 novo
2106 2841 2204 2864 contra
2221 2841 2273 2864 vos
2287 2835 2331 2865 in·
2346 2842 2452 2871 Ibidem.

1270 2872 1442 2904 surrexerunt
1455 2895 1464 2911 ,
1482 2874 1515 2903 ὅ(
1535 2873 1671 2903 dederunt
1692 2873 1787 2904 vestris
1805 2872 1932 2911 gentibus
1948 2870 2034 2902 multa
2046 2870 2185 2911 dampna,
2201 2873 2235 2903 &
2254 2872 2333 2911 quod

1271 2912 1336 2942 Rex
1351 2912 1476 2942 Franci-ae
1496 2911 1626 2949 prohibet
1646 2921 1683 2941 ne
1703 2913 1784 2952 equi,
1801 2911 1847 2943 vel
1867 2910 1952 2948 aliqui
1965 2919 2032 2940 cum
2045 2912 2129 2941 armis
2142 2910 2279 2942 transeant
2303 2912 2336 2944 in

1271 2950 1407 2980 Anoiiam
1420 2959 1468 2988 per
1483 2958 1584 2980 terram
1599 2949 1690 2980 suam:

1310 2975 1420 3019 ἶ17-’610111
1435 3011 1445 3027 ,
1461 2989 1525 3028 quia
1546 2989 1646 3018 servire
1668 2987 1751 3018 vobis
1765 2995 1828 3017 toto
1843 2986 1936 3017 cordis
1949 2985 2084 3017 desiderio
2104 2986 2284 3027 alienamus,
2299 2989 2335 3020 &

1271 3028 1437 3064 ignoramus
1459 3037 1494 3057 an
1515 3026 1644 3056 nostrum
1659 3026 1800 3057 servitium
1816 3025 1850 3059 sit
1869 3025 1953 3056 vobis
1967 3026 2070 3062 gratius
2082 3026 2115 3056 &
2130 3026 2223 3056 utilius
2236 3027 2267 3057 in
2280 3026 2336 3057 illis

1271 3066 1392 3103 partibus
1410 3065 1455 3096 vel
1475 3066 1504 3094 in
1525 3065 1580 3094 istis
1593 3087 1603 3102 ‚
1622 3064 1743 3095 vestram
1762 3063 1966 3094 Excellentiam
1978 3064 2162 3103 deprecamur
2173 3088 2183 3103 ,
2200 3073 2337 3104 quatenus

1271 3114 1324 3134 nos
1339 3105 1417 3144 super
1436 3104 1494 3134 hoc
1509 3127 1518 3141 ‚
1537 3103 1603 3141 quid
1624 3102 1690 3134 inde
1704 3102 1787 3134 vobis
1801 3102 1924 3142 placeat,
1942 3112 1991 3140 per
2004 3102 2106 3134 vestras
2120 3103 2219 3134 litteras
2234 3103 2336 3143 digne-

1272 3144 1344 3173 mini
1358 3142 1472 3173 reddere
1486 3143 1625 3172 certiores.

1310 3181 1450 3218 Praeterea
1470 3180 1547 3218 quod
1564 3179 1709 3210 Dominus
1721 3178 1864 3217 Johannes
1883 3179 1919 3209 de
1940 3178 2075 3217 Greheli,
2091 3178 2260 3210 senescallus
2271 3189 2334 3210 ves-

1272 3227 1313 3250 ter
1329 3243 1339 3258 ‚
1362 3220 1437 3250 circa
1458 3220 1586 3256 regimen
1609 3226 1691 3247 terrae
1713 3217 1813 3248 vestrae
1831 3218 1868 3248 de
1890 3217 2029 3248 Vasconia
2045 3227 2105 3247 non
2124 3218 2216 3257 potest
2231 3217 2336 3248 affidue

1273 3258 1414 3288 intendere
1424 3281 1433 3296 ,
1451 3267 1519 3287 curn
1533 3264 1611 3287 aveat
1624 3256 1714 3286 vestra
1727 3255 1778 3286 alia
1790 3256 1908 3293 negotia
1920 3257 1948 3286 in
1964 3256 2081 3286 Francia
2096 3256 2130 3287 &
2145 3256 2210 3286 alibi
2225 3265 2336 3294 gerere;

1271 3306 1303 3327 ac
1321 3296 1433 3333 Ballivi,
1451 3297 1484 3326 &
1499 3296 1560 3333 alii,
1578 3295 1646 3324 loco
1659 3303 1758 3324 eorum
1769 3302 1894 3325 tenentes
1910 3317 1920 3332 ,
1939 3295 2036 3324 multas
2056 3295 2166 3332 injurias
2180 3294 2213 3323 &
2228 3294 2336 3324 dissen-

1271 3337 1361 3365 tiones
1379 3335 1507 3372 gentibus
1523 3333 1616 3363 vestris
1637 3332 1741 3363 facient
1754 3356 1763 3371 ,
1787 3341 1886 3363 contra
1905 3334 1982 3363 foros
2002 3334 2035 3363 &
2059 3330 2269 3362 consuetudines
2282 3331 2337 3363 Pa-

1272 3374 1351 3411 triae,
1369 3383 1403 3403 ex
1421 3373 1521 3412 quibus
1536 3380 1632 3409 gentes
1643 3370 1742 3401 vestrae
1758 3372 1843 3402 corda
1859 3371 1904 3402 sua
1917 3371 2060 3402 retrahunt
2073 3381 2089 3401 a
2102 3371 2212 3400 fervore
2232 3369 2334 3402 vestrae

1273 3412 1441 3442 dileetionis.

1313 3449 1514 3480 Dominationi
1531 3447 1631 3478 vestrae
1650 3447 1793 3478 humiliter
1814 3448 2000 3488 supplicamus
2046 3455 2178 3486 quatenus
2194 3445 2333 3476 mandetis

1274 3489 1409 3519 Domino
1419 3487 1544 3525 Johanni
1559 3495 1590 3516 ut
1603 3486 1713 3525 injurias
1727 3487 1760 3517 &
1774 3486 1896 3525 dampna
1910 3509 1919 3525 ,
1936 3496 1999 3525 quae
2012 3470 2111 3528 13011101
2127 3508 2136 3523 ,
2151 3485 2185 3515 &
2201 3484 2268 3528 loco
2287 3494 2337 3528 eo-

1273 3537 1336 3557 rum
1349 3535 1474 3558 tenentes
1488 3524 1584 3556 vestris
1598 3525 1731 3561 gentibus
1744 3524 1872 3556 dederint
1887 3525 2011 3555 indebite
2027 3547 2037 3562 ,
2054 3524 2135 3554 faeiat
2155 3522 2213 3552 sine
2224 3521 2336 3553 (11111110-

1273 3576 1310 3596 ne
1331 3565 1479 3604 praed-ictos
1507 3562 1626 3594 Ballivos
1646 3562 1818 3600 emendare3
1843 3563 1965 3594 maxime
1985 3571 2054 3592 cum
2076 3560 2134 3590 hoc
2157 3561 2186 3590 in
2208 3560 2336 3593 vestrum

1275 3603 1466 3634 commodum
1487 3611 1547 3632 riori
1565 3601 1720 3631 redundet:
1741 3610 1771 3631 ut
1790 3601 1827 3631 fic
1841 3601 1924 3631 corda
1939 3601 2068 3637 gentium
2082 3598 2236 3630 vestrarum
2247 3621 2256 3637 ,
2291 3610 2337 3630 uae

1275 3644 1381 3679 semper
1401 3651 1458 3679 prae
1478 3640 1583 3671 caeteris
1602 3639 1738 3670 Dominis
1750 3639 1787 3669 de
1800 3639 1909 3670 mundo
1925 3636 2054 3669 habuistis
2069 3659 2079 3676 ‚
2095 3647 2176 3668 more
2189 3637 2270 3668 solito
2309 3648 2338 3669 a-

1277 3681 1376 3712 beatis:

1315 3719 1447 3754 Denique
1457 3714 1721 3748 recommendamus
1734 3714 1916 3747 Excellentiae
1930 3714 2030 3745 vestrae
2043 3713 2159 3745 Petrum
2172 3713 2287 3745 Arnaldi
2300 3714 2336 3745 de

1278 3757 1334 3787 Vil.
1343 3758 1376 3788 &
1385 3756 1502 3788 Petrum
1540 3755 1576 3785 de
1620 3754 1790 3785 venerabiles
1804 3753 1890 3784 Cives
1896 3753 2002 3785 vestros
2008 3753 2044 3784 de
2056 3752 2338 3793 Bayona3qui‚sicut

1277 3795 1428 3827 audivimus
1441 3817 1450 3833 ‚
1465 3793 1499 3824 ad
1517 3792 1636 3823 vestram
1670 3793 1820 3823 raesentiam
1838 3792 1899 3823 sunt
1909 3792 2036 3830 venturi3
2055 3792 2149 3823 secure
2160 3794 2238 3822 enim
2253 3791 2337 3822 vobis

1280 3834 1425 3873 possumus
1436 3832 1574 3862 affirmare
1591 3841 1628 3869 qu
1682 3832 1780 3869 vobis,
1798 3832 1831 3861 &
1846 3830 1980 3861 mandatis
1993 3829 2106 3869 vestris,
2124 3831 2175 3869 &,
2194 3831 2250 3861 fine
2264 3838 2336 3860 con-

1278 3873 1445 3904 tradictione
1458 3869 1597 3909 qualibet,
1612 3879 1680 3900 cum
1693 3870 1790 3900 amicis
1802 3869 1867 3907 suis,
1885 3869 1994 3907 semper
2008 3868 2119 3900 fuerunt
2138 3868 2338 3905 hobedientes3

1278 3920 1390 3953 propter
1403 3911 1479 3948 quod
1492 3909 1628 3947 majorem
1643 3916 1801 3938 mereantur
1814 3907 1964 3938 vobiscum
1978 3909 2097 3946 gratiam
2109 3907 2252 3939 invenire:

1317 3948 1562 3980 Commendamus
1574 3947 1683 3985 insuper
1699 3945 1797 3978 vestrae
1813 3947 1911 3985 gratiae
1923 3947 2104 3985 nometipsos.

1585 4023 1633 4057 die
1648 4024 1753 4057 veneris
1766 4022 1831 4064 post
1850 4022 1966 4055 Festum
1981 4022 2188 4064 Apostolorum
2208 4018 2284 4052 Petri
2302 4018 2338 4050 &

1762 4098 1815 4131 Cc
1833 4110 1848 4140 3

1316 4026 1384 4057 Dat.
1398 4025 1428 4055 in

1280 4062 1367 4096 Pauli.
2272 4097 2277 4102 ‚

2237 4097 2338 4126 Literd
