2570 4261
718 155 827 195 ET
911 156 1178 198 ACTA
1262 156 1724 207 PUBLICA.

14 236 91 268 Ann.
107 233 148 265 D.
165 236 230 275 suis,
247 237 283 267 de
303 246 423 276 corpore
442 238 490 269 suo
505 239 629 284 legitime
645 240 820 278 procreandis
832 264 841 279 ,
864 249 999 280 perpetuo
1017 252 1069 280 pro
1088 243 1169 272 nobis
1188 242 1221 272 &

2237 175 2314 224 163

1302 243 1503 278 Conceditnus
1517 260 1551 280 ue
1564 251 1664 281 eisdem
1682 250 1929 291 Procuratoribus,
1944 252 1977 284 &
1996 262 2095 284 eorum
2111 252 2225 285 cuilibet
2240 262 2321 292 pote-
2334 251 2409 283 Anti.
2425 251 2468 285 D:

33 282 115 312 1277.
161 274 317 306 haeredibus
333 277 432 318 nostris
445 281 626 323 remittimus,
641 278 833 322 pardonarnus*
845 280 877 309 ὃ(
900 281 1024 316 quietum
1047 282 1196 311 clamamus
1213 292 1223 317 3
1265 279 1363 312 statem
1376 284 1457 314 aliurn
1472 297 1508 316 ve
1530 287 1594 318 alios
1607 288 1802 320 Procuratores
1822 291 1870 321 sibi
1885 291 2064 322 substituendi
2099 292 2132 322 &
2147 294 2260 332 quando
2277 295 2320 323 vi-
2354 299 2439 328 1277-

9 315 75 343 Edv.
97 321 119 340 ι.
161 314 285 344 volentes
301 316 412 344 eosdem
431 316 464 345 ad
478 317 646 361 solutionem
660 318 778 357 ipsarum
794 317 871 347 mille
883 316 1047 349 Marcarum
1067 328 1221 350 annuarum
1263 318 1374 351 debitur
1389 323 1514 361 expedire
1528 327 1691 357 revocandi:
2072 315 2082 330 ⁹
2332 333 2397 358 aiv.
2409 339 2433 358 ¹-
2451 344 2455 346 ⁷

158 351 194 382 de
208 360 314 396 caetefo
326 362 385 382 non
400 362 495 385 teneri,
1285 357 1497 403 aPromittentes
1512 373 1573 393 rem
1588 373 1673 394 ratam
1687 366 1798 404 haberi,
1815 367 1848 398 &
1864 366 2016 404 judicatum
2034 367 2119 406 solvi,
2136 368 2186 398 sub
2199 369 2319 409 ypothe-

193 389 227 421 In
241 401 338 429 cujus,
357 392 417 421 &c.
1262 406 1297 426 ca
1312 407 1403 428 rerum
1420 400 1576 443 nostrarum
1588 425 1598 439 ,
1625 412 1676 441 pro
1695 404 1773 434 dietis
1794 405 2020 436 procuratoribus
2035 429 2045 445 ,
2070 408 2103 437 δε
2119 417 2217 437 eorum
2229 407 2321 446 quoli-

678 478 681 480 η
733 473 737 479 Ι
928 475 933 480 0
1264 433 1329 472 bet,
1348 436 1380 466 ὃ(
1394 436 1541 468 substituto
1557 440 1593 469 ab
1610 442 1664 478 eis,
1683 442 1727 471 vel
1743 442 1836 480 aliquo
1851 445 2025 474 eorumdem.

194 470 283 502 Teste
294 470 376 510 Rege
390 472 464 511 apud
480 470 631 503 Rothelan.
651 480 696 503 10.
711 473 756 503 die
768 473 955 504 Novembris.
1301 472 1356 503 Per
1369 475 1426 518 hoc
1442 484 1535 506 autem
1549 478 1615 507 alios
1628 478 1825 511 Procuratores
1843 481 1950 511 nostros
1964 504 1973 520 ,
1999 484 2026 512 in
2041 482 2096 513 aliis
2115 484 2319 523 procurationi-

1263 511 1315 540 bus
1328 522 1504 552 nominatOS,
1521 525 1581 545 non
1595 517 1765 548 intendimus
1781 528 1927 549 revocare:

1299 548 1337 580 Et
1352 550 1409 580 hoc
1425 552 1605 590 significamus
1616 556 1764 595 omnibus,
1780 566 1902 594 quorum
1918 557 2046 597 interest,
2065 559 2110 590 vel
2127 559 2252 591 interesse
2265 569 2319 599 po-

270 601 443 647 Rattficatio
461 607 547 637 Pacis
562 616 631 636 cum
650 605 784 650 Principe
803 606 912 639 Williae
923 617 978 652 per
996 609 1113 653 Regem.
1262 587 1333 656 tes’Itfi
1347 591 1563 665 {aguzraeggssoes'

1435 651 1444 666 ,
1516 653 1522 659 .

0 702 89 736 ¹Ann.
103 702 143 733 D.
228 689 390 737 Dwardus,
403 692 462 736 Dssi
481 692 568 736 gratia
580 715 589 730 ²
616 691 680 723 Rex
700 691 812 732 Angliae
825 715 835 731 2
861 692 1003 737 Dominuss
1023 693 1170 723 fflbemiae
1186 694 1219 724 &
1300 705 1388 737 Teste
1400 707 1429 737 R
1466 719 1481 739 e
1496 720 1510 739 a
1531 710 1569 740 ud
1585 710 1733 743 Rothelan.
1751 721 1763 741 1
1788 711 1853 743 .die
1867 712 1924 743 No
1943 714 2054 743 embr''.

38 751 121 780 1277·
177 768 182 773 ·
230 729 299 760 Dux
313 730 474 768 Aquitaniae
489 732 623 762 omnibus
637 753 647 770 ,
668 730 701 761 ad
724 742 793 769 quos
808 734 954 769 praesentes
975 733 1071 762 litterae
1087 742 1222 770 pervene-
1432 718 1465 749 eg
1511 721 1529 751 p
1768 720 1782 750 ς
1925 724 1942 745 v
2026 724 2046 744 ’ς

1 784 61 810 ,ΑΛ
80 791 106 817 5·
161 777 233 805 rint,
249 767 370 799 salutem.

12 824 42 848 Ε,
64 829 88 845 Ι,
200 805 367 845 Inspeximus
382 806 525 844 articulos,
542 806 666 847 provisos
681 807 715 837 &
735 807 878 838 ordinatos
900 818 948 845 per
962 807 1086 838 Fratrem
1099 807 1223 837 Williel-

0 862 40 886 .L.
53 860 87 885 A.
97 857 122 894 fi
164 853 245 874 mum
263 843 298 874 de
311 845 515 888 Stithmnptone
530 869 539 884 ,
565 845 693 889 Priorem
716 846 1038 889 provincialem-ordinis
1059 846 1224 885 praedicato-

0 917 2 929 r
11 905 77 931 407,
98 895 124 922 b,
163 892 227 912 rum
242 881 370 922 Angliae,
387 883 551 914 Robertum
568 884 602 927 de
615 884 753 928 Tibetot,
768 885 802 914 ὃς
819 884 978 914 Antonium
994 884 1084 928 Beck.⁴
1098 893 1131 913 ex
1147 892 1222 927 parte

162 919 274 959 nostra,
291 922 324 952 δί
340 931 388 959 per
403 922 553 952 Tuderum
570 923 672 952 Filium
687 921 836 953 Edovenet
857 923 890 953 &
905 922 1039 953 Gorouw
1054 922 1077 952 F
1079 922 1105 952 il.
1122 921 1220 960 Eylin,

1266 838 1314 869 De
1330 837 1576 872 Procuratoribus
1595 841 1640 874 ad
1650 841 1876 886 informandum
1899 846 2008 890 Regem
2026 847 2155 879 Francia
2163 845 2254 891 fhper
2270 859 2324 879 ne·

1303 889 1403 930 gotio,
1430 885 1585 929 Gastonem
1604 889 1640 922 de
1661 893 1802 933 Biernia,
1828 894 1864 928 (ΒΝ
1883 891 2083 934 Constantiam
2103 897 2215 928 Filiam
2226 894 2320 939 fitam

0 938 89 1000 1ιρζέιὶι,
122 948 132 959 ⁰
164 968 198 989 ex
212 968 288 1000 parte
302 960 439 991 Lewelini
455 960 515 989 Filii
529 960 646 990 Griffini
683 959 819 1004 Principis
832 961 946 1004 Walliae
960 983 970 998 ,
995 961 1027 991 ad
1047 960 1221 1003 [radiantium
1309 943 1455 979 tangente.

0 1013 41 1037 Ji.
65 1018 89 1036 Ι,
162 995 198 1027 de
213 1007 281 1038 pace
294 1000 365 1029 inter
379 1008 448 1037 nos,
467 999 501 1029 &
515 999 636 1030 eundem
676 1009 812 1037 rincipem
832 999 981 1039 specialiter
997 997 1143 1038 assignatos
1156 1020 1165 1035 ,
1190 1008 1220 1028 in
1352 1020 1377 1051 Α
1419 1021 1447 1052 ifi
1465 1032 1484 1052 O
1499 1022 1523 1053 P
1540 1024 1545 1029 .
1589 1026 1594 1031 .
1618 1026 1624 1032 .
1659 1026 1690 1056 D
1745 1028 1750 1032 ,
1860 1024 1888 1058 C
2016 1031 2021 1036 ‚
2162 1022 2164 1025 ,
2212 1031 2216 1036 ,
2335 1020 2402 1051 Arm
2425 1020 2457 1050 D

0 1057 49 1076 ;m.
65 1056 92 1084 3⁶
162 1035 407 1106 haelfliilesiiliiat’artic
427 1076 445 1107 l’
463 1078 493 1106 in
534 1086 583 1106 uos
605 1075 699 1106 Frater
715 1075 884 1106 willielmus
902 1074 937 1105 de
953 1075 1044 1106 Sutht.
1059 1074 1139 1105 Prior
1176 1084 1222 1104 ro·
1326 1098 1333 1102 .
1350 1029 1484 1091 Βέῃῐῃίὲο
1498 1027 2321 1106 Ρὲἱῇῗξὲέ,ΒὲἷῃέὲᾓὲῗζΚέῗξῗὲὲῗῖίοἰᾶἓῗῖἕῗᾞέᾟῇἰ
2358 1044 2442 1096 ¹²‘s7'
2460 1043 2466 1050 ἡ

161 1113 286 1143 vincialis
300 1086 657 1153 Fratrunlirlpraedcicatorum
672 1115 783 1153 Angliae
816 1113 958 1144 Robertus
973 1113 1008 1143 de
1027 1084 1173 1143 Tibetotp
1186 1114 1219 1143 &
1265 1101 1347 1141 veihs
1360 1099 1393 1127 &
1408 1099 1516 1138 fingUhS
1529 1100 1899 1148 AUditonbus2„I¹'¹q⁰i¹it⁰f.i
1921 1115 1967 1143 ω’
1984 1107 2017 1136 ὅ(
2032 1107 2088 1136 aliis
2107 1107 2245 1145 NunClisa
2264 1107 2320 1136 slve
2336 1101 2375 1124 ‘'¹''
2403 1105 2431 1134 5·

162 1151 304 1182 Antonius
321 1152 397 1183 Beck
428 1146 491 1184 'dati
505 1154 538 1184 &
557 1152 680 1190 assignati
695 1162 728 1182 ex
742 1137 817 1191 parie
837 1151 985 1190 Magnifici
999 1151 1136 1191 Principis
1157 1136 1223 1181 ljo-
1265 1133 1358 1166 M¹ffi⁵
1369 1137 1505 1179 ejusdem,
1524 1138 1694 1184 Edwardus,
1712 1142 1811 1171 eadem
1825 1142 1912 1180 gratia
1928 1165 1937 1181 ³
1960 1143 2025 1173 Rex
2036 1144 2163 1183 Angli&
2181 1145 2240 1175 ἃς·
2254 1145 2321 1174 salu·
2339 1140 2365 1188 Er
2388 1145 2410 1163 ¹'
2469 1177 2472 1181 .

160 1191 232 1220 mini
248 1190 394 1231 Edwards,
405 1176 470 1222 'Dei
481 1191 580 1231 gratis,
599 1192 685 1229 Regis
705 1190 813 1228 Angliae
829 1190 937 1219 illustris
949 1203 959 1229 ·,
981 1191 1015 1220 δε
1027 1189 1157 1220 Tuderus
1174 1189 1222 1219 Fi-
1265 1181 1339 1241 mg?
1359 1175 1391 1205 &
1405 1178 1516 1220 luffcerae
1529 1177 1684 1222 d¹le5⁷s¹0¹¹¹5
1696 1180 1803 1223 semllffl‘
1817 1180 1959 1224 affefflfflm·
2338 1174 2432 1211 ‘assm-
2441 1181 2469 1208 5·

159 1227 211 1258 lius
226 1228 390 1269 Edenenet,
408 1231 441 1261 δε
458 1230 592 1260 Gorouw
607 1229 690 1259 Filius
703 1228 799 1267 Helyn
809 1251 819 1266 ,
837 1227 893 1258 dati
912 1229 945 1258 &
961 1227 1084 1266 assignati
1098 1237 1130 1257 ex
1147 1235 1223 1267 parte
1323 1222 1450 1267 ‘Overffis
1461 1216 1538 1258 (.JUOd
1553 1216 1586 1246 ad
1599 1226 1695 1247 omma
1709 1218 1742 1262 &t
1757 1219 1859 1257 ¹¹¹¹g⁰la
1874 1218 2001 1263 faclenda
2018 1242 2040 1263 a,
2051 1229 2115 1259 quae
2128 1220 2219 1250 facere
2233 1220 2325 1260 poffe-
2338 1211 2371 1244 &
2381 1213 2409 1238 ⁶·
2422 1215 2452 1239 ¹⁵⁷

160 1265 298 1298 Lewelini
313 1268 375 1299 Filii
390 1267 508 1298 Griffini
525 1268 664 1305 Principis
679 1266 810 1304 Walliae,
828 1265 861 1295 ad
875 1266 1031 1308 tradiandos
1046 1266 1082 1295 de
1097 1275 1164 1303 pace
1180 1267 1223 1295 in·
1267 1260 1343 1294 “¹9⁵³
1362 1252 1453 1291 quoad
1466 1254 1677 1285 ¹nf0smandum
1693 1266 1820 1286 ammum
1835 1257 1868 1287 &
1891 1258 2087 1288 consfflen‘mm
2110 1257 2229 1302 vestram
2247 1259 2326 1296 super
2342 1259 2409 1278 ¹'m'
2419 1258 2446 1275 α’

159 1313 201 1335 ter
217 1307 366 1343 praedi6³ms
379 1306 491 1346 Regem
506 1307 539 1336 ὃς
556 1305 738 1342 Principem,
757 1303 936 1334 concorditer
957 1303 1170 1341 consenserunt,
1189 1304 1222 1334 ad
1287 1289 1504 1330 u¹b⁰scumquca
1522 1302 1575 1322 ¹¹0⁵
1589 1294 1622 1323 &
1634 1302 1729 1333 gentes
1743 1294 1865 1333 nostras,
1883 1295 1916 1325 &
1925 1294 2085 1326 Gastonem
2098 1296 2133 1326 de
2142 1295 2231 1326 Biern-
2245 1295 2327 1326 Con-

0 2436 79 2472 'Ann
104 2438 136 2468 D

180 1354 230 1373 uos
246 1344 362 1375 fideliter
377 1345 561 1375 observandos
574 1352 632 1373 tam
647 1343 790 1373 Dominus
806 1341 870 1371 Rex
884 1351 968 1380 quam
982 1342 1116 1383 Princeps
1131 1342 1224 1382 supra-

159 1353 227 1412 dieti
242 1383 412 1414 securitatem
427 1381 596 1421 praestabunt
610 1380 802 1411 sufficientem.

199 1420 233 1451 In
250 1422 368 1460 primis,
405 1422 461 1452 uod
477 1420 567 1451 dietus
576 1420 736 1451 Lewelinus
749 1419 885 1457 supponet
901 1418 927 1448 se
943 1419 1079 1449 voluntati
1095 1420 1128 1450 &
1145 1418 1224 1449 mise-

159 1459 290 1490 ricordiae
306 1461 374 1490 dieti
385 1431 513 1490 ‘bomini
530 1459 642 1498 Regis,
666 1459 699 1489 &
720 1468 773 1496 pro
792 1457 995 1495 inobedientia,
1013 1458 1141 1495 dampnis
1157 1480 1166 1495 ,
1189 1459 1222 1488 δι’

160 1499 282 1536 injuriis,
300 1498 349 1528 sibi
365 1500 399 1529 &
411 1500 462 1529 suis
476 1498 571 1536 illatis,
590 1497 666 1528 dabit
681 1507 734 1534 pro
748 1506 816 1536 pace
830 1496 875 1526 suit
893 1496 1022 1526 habenda
1037 1497 1224 1534 quinquagin-

160 1544 188 1566 ta
202 1537 276 1566 milia
287 1536 420 1568 librarum
432 1537 658 1576 Sterlingorum5
685 1536 720 1565 de
733 1546 787 1574 qua
799 1535 908 1565 summa
928 1536 1044 1574 gratiam
1064 1535 1097 1566 &
1119 1535 1222 1564 miseri-

159 1574 287 1604 cordiam
300 1575 316 1605 a
331 1574 412 1606 dieto
428 1575 562 1606 Domino
576 1574 658 1614 Rege
675 1574 726 1604 sibi
741 1574 799 1603 fieri
834 1574 892 1603 etit.

196 1612 271 1643 Item
286 1613 376 1645 dietus
392 1614 551 1645 Lewelinus
567 1613 613 1643 dat
628 1636 638 1651 ,
660 1612 794 1642 concedit
859 1611 1025 1649 confirmat,
1044 1612 1077 1642 δε
1095 1612 1222 1651 quietum

159 1651 278 1690 clamat,
317 1662 349 1683 ro
362 1653 388 1683 se
405 1654 438 1684 &
454 1651 621 1682 Haeredibus
635 1650 703 1688 suis,
719 1650 854 1681 Domitio
870 1650 944 1690 Regi
964 1650 1092 1689 Angliae,
1111 1650 1143 1680 &
1160 1649 1221 1679 He-

160 1689 270 1720 redibus
300 1692 341 1721 uis
355 1715 364 1729 ,
388 1692 507 1729 plenarie
522 1691 555 1721 &
574 1690 630 1720 sine
651 1689 738 1726 aliqua
759 1691 913 1719 retentione
931 1697 1050 1728 quatuor
1065 1688 1224 1726 Cantreda,

160 1727 222 1763 &a
236 1735 268 1757 ut
281 1732 309 1759 in
323 1733 505 1759 conventione
512 1727 665 1767 fitperiore,
682 1726 760 1768 usque
775 1727 832 1756 haec
843 1727 931 1757 verba
940 1750 950 1766 ,
966 1728 1022 1757 viz.

199 1766 283 1804 Qios
297 1767 413 1805 quidem
427 1768 573 1806 articulos,
591 1767 673 1797 nobis
688 1766 826 1804 expositos
842 1790 851 1804 ,
877 1774 948 1796 ratos
962 1766 995 1796 &
1012 1774 1102 1804 gratos
1116 1766 1222 1795 haben-

159 1812 216 1842 tes,
235 1806 269 1836 ὃς
284 1815 420 1845 quantum
435 1808 465 1836 in
479 1806 560 1836 nobis
575 1805 616 1836 est
637 1806 833 1845 approbantes,
848 1814 896 1843 per
911 1804 1044 1834 diledmm
1060 1805 1094 1834 &
1109 1803 1221 1834 fidelem

158 1843 287 1873 nostrum
311 1843 421 1875 dietum
445 1844 610 1875 Robertum
629 1843 664 1873 de
685 1843 807 1874 Tibetot
829 1844 857 1873 in
875 1843 999 1873 animam
1014 1842 1139 1872 nostram
1154 1865 1164 1880 ,
1188 1841 1222 1872 ad

158 1880 249 1912 saneta
267 1880 324 1912 Dei
337 1883 513 1921 Ewangelia,
531 1883 611 1921 jurari
627 1881 746 1912 fecimus
762 1906 770 1919 ,
798 1881 874 1920 quod
896 1881 1008 1911 eosdem
1029 1881 1157 1911 articulos
1179 1882 1222 1910 in-

158 1919 325 1950 violabiliter
338 1922 525 1958 servabimus3
543 1922 577 1952 δε
594 1921 784 1959 promittimus
797 1943 805 1957 ,
832 1930 884 1958 pro
903 1920 984 1950 nobis
1007 1920 1039 1950 &
1052 1918 1224 1950 Haeredibus

158 1957 278 1996 nostris,
297 1960 374 1998 quod
386 1963 416 1991 in
432 1960 604 1990 contrarium
619 1960 713 1997 aliquo
728 1968 856 1996 tempore
871 1959 990 1988 minime
1004 1959 1159 1988 veniemus.

196 1995 230 2026 In
254 1998 332 2040 cujus
346 2000 386 2030 rei
407 1998 600 2030 testimonium
617 1998 798 2036 praesentibus
818 1997 936 2036 sigillum
959 1996 1088 2027 nostrum
1107 1997 1225 2027 fecimus

158 2045 273 2073 appone

157 2115 265 2194 quilgpg.
281 2118 354 2157 apud
371 2118 544 2150 Rotheland.
558 2118 674 2149 decimo
694 2117 740 2149 die
757 2117 923 2149 Novembr.
940 2127 1016 2148 anno
1031 2116 1125 2156 Regni
1138 2115 1226 2147 nostri

159 2289 209 2321 De
227 2291 301 2322 Pine
323 2300 446 2334 50000.
472 2290 663 2336 Librarum,
686 2303 741 2338 per
765 2291 874 2326 Wzlliae
894 2292 1061 2337 Principem
1077 2300 1132 2335 pro
1154 2298 1228 2336 pace

410 2338 548 2373 habenda
555 2341 698 2386 sblvendo
712 2368 722 2384 ‚
750 2340 845 2373 eidem
865 2337 990 2384 remiffi).

167 2427 292 2483 REX
311 2429 462 2474 omnibus,
479 2429 513 2459 ad
529 2439 614 2468 quos,
633 2431 693 2473 &C‘
710 2428 823 2459 salutem
839 2426 1024 2471 ineDomino.
1120 2466 1125 2472 ι

265 2466 415 2497 Noveritis
428 2468 524 2506 quod,
543 2479 610 2498 cum
625 2467 743 2497 dileetus
754 2467 787 2497 &
804 2465 891 2496 fidelis
911 2464 1004 2495 noster
1021 2465 1179 2496 Lewelinus
1194 2465 1227 2495 fi-

1282 1329 1393 1370 ⁵antiam
1408 1328 1493 1373 filiam
1508 1330 1599 1369 suam,
1617 1333 1650 1362 ὅ(
1669 1333 1734 1362 alios
1748 1333 1941 1372 quoscumque
1961 1334 2197 1372 qualitercumque
2212 1342 2327 1373 tangen-

1266 1366 1353 1405 tibus,
1372 1367 1490 1411 sacimus
1505 1369 1538 1399 ὅ(
1553 1369 1749 1401 constituimus
1763 1379 1854 1402 certos
1866 1372 1899 1401 &
1914 1371 2041 1409 speciales
2048 1372 2248 1403 Procuratores
2264 1383 2330 1403 nos-

1267 1412 1340 1444 tros,
1359 1405 1476 1450 dilectos
1490 1407 1523 1437 &
1537 1407 1630 1438 fideles
1643 1408 1770 1446 nostros,
1790 1410 1900 1440 Lucam
1914 1410 1949 1440 de
1971 1410 2054 1449 Tany
2068 1411 2252 1441 Senescallum
2264 1420 2329 1441 nos-

1269 1450 1344 1487 trum
1358 1443 1521 1483 Vasconiae,
1540 1446 1633 1477 Adam
1648 1448 1684 1477 de
1698 1448 1800 1478 Norff.
1816 1447 2064 1479 Constabularium
2083 1449 2210 1480 'nostrum
2226 1449 2330 1480 Burde-

1268 1482 1363 1520 gahae,
1382 1483 1586 1523 Reymundum
1601 1485 1637 1515 de
1656 1486 1773 1516 Ferraria
1787 1511 1796 1524 ‚
1822 1487 1855 1517 ὃς
1877 1485 2014 1517 Pontium
2036 1488 2145 1526 Amati,
2162 1487 2331 1518 exhibitores

1268 1521 1443 1564 praesentium
1453 1545 1462 1560 ,
1481 1523 1513 1552 &
1527 1532 1626 1553 eorum
1641 1524 1794 1565 quemlibet
1807 1526 1836 1554 in
1848 1525 1984 1564 solidum,
2000 1527 2038 1556 ita
2054 1526 2130 1565 quod
2148 1530 2207 1556 non
2221 1526 2252 1556 sit
2269 1533 2330 1556 mea

1267 1556 1320 1589 hor
1332 1559 1461 1591 conditio
1477 1563 1641 1599 occupantis
1655 1564 1750 1601 unius,
1767 1564 1811 1594 vel
1826 1563 1963 1603 plurium3

1298 1597 1413 1641 ‘Dantes
1429 1599 1530 1629 eisdem
1553 1600 1783 1632 Procuratoribus
1797 1625 1806 1640 ,
1830 1603 1864 1632 &
1882 1611 1981 1632 eorum
2002 1601 2140 1641 cuilibet,
2162 1602 2330 1643 potestatem

1270 1635 1354 1666 alium
1376 1637 1420 1667 vel
1443 1637 1508 1668 alios
1532 1637 1728 1670 Procuratores
1750 1639 1799 1671 sibi
1822 1639 2030 1680 substituendi,
2056 1642 2088 1672 &
2110 1651 2157 1672 eos
2175 1642 2330 1672 revocandi

1267 1675 1379 1714 quando
1393 1674 1532 1707 videbitur
1544 1678 1678 1715 expedire.

1292 1713 1361 1757 ¹Per
1372 1713 1435 1759 haec
1446 1723 1539 1746 autem
1551 1725 1657 1756 partem
1670 1718 1787 1757 aliquam
1803 1740 1813 1756 ,
1839 1718 1869 1747 in
1889 1716 2081 1756 praejudicium
2104 1717 2233 1748 nostrum
2247 1741 2257 1756 ,
2281 1727 2331 1755 per

1269 1761 1344 1782 Viam
1359 1753 1526 1783 ordinariam
1546 1755 1591 1785 vel
1606 1756 1864 1793 extraordinariam,
1882 1765 1940 1786 non
1959 1757 2128 1787 intendimus
2142 1755 2332 1794 constituere,

1268 1790 1408 1859 ηεεάἰρξῖξε
1424 1790 1621 1824 Procuratores
1640 1794 1806 1832 potestatem
1826 1794 1927 1824 habere
1941 1818 1951 1833 ,
1976 1795 2025 1825 nisi
2041 1794 2076 1825 ad
2098 1795 2329 1825 informationem

1267 1839 1326 1866 prae
1347 1840 1355 1859 i
1388 1839 1444 1860 arn.

1305 1868 1395 1907 Super
1410 1868 1467 1899 hoc
1479 1879 1548 1900 vcro
1562 1871 1749 1908 promittimus
1763 1881 1822 1901 rem
1837 1879 1923 1901 ratam
1939 1871 2046 1901 haberi:
2068 1871 2101 1901 &
2121 1871 2178 1901 hoc
2194 1869 2329 1909 significa-

1269 1915 1331 1936 mus
1344 1908 1494 1946 omnibus,
1511 1919 1632 1946 quorum
1647 1908 1778 1948 interest,
1797 1910 1830 1940 ὃς
1845 1909 1972 1939 interesse
1988 1909 2079 1947 potest
2099 1919 2147 1948 per
2168 1908 2329 1946 proesente53

1269 1954 1322 1988 nec
1335 1944 1391 1988 aliis
1403 1947 1645 1985 procurationibus
1657 1948 1775 1987 nostris,
1794 1957 1857 1979 ante
1871 1947 1951 1978 istam
1976 1947 2112 1979 concessis
2126 1972 2136 1987 ,
2162 1947 2334 1977 intendimus

1268 1993 1298 2013 in
1311 1982 1403 2023 aliquo
1415 1984 1551 2025 derogari.

1303 2064 1393 2096 Teste
1408 2065 1490 2106 Rege
1503 2066 1576 2105 apud
1592 2065 1744 2098 Rothelan.
1761 2077 1806 2105 15.
1818 2067 1864 2099 die
1880 2066 2065 2099 Novembris.

1272 2217 1300 2244 ᾗ
1318 2221 1368 2253 De
1386 2217 1509 2263 Gastone
1526 2218 1563 2252 de
1581 2216 1691 2252 Bierna
1703 2218 1737 2265 ft
1755 2219 1888 2252 totaliter
1906 2219 2058 2252 voluntati
2076 2212 2229 2251 Edwardi
2249 2219 2336 2265 Regis
2349 2230 2364 2247 ii
2382 2230 2419 2259 ῃ,
2434 2239 2479 2266 94,

1311 2268 1504 2314 sitpponente‚
1532 2271 1568 2306 (1²7⁴
1585 2271 1616 2300 in
1639 2269 1787 2314 Angliam
1806 2272 1956 2304 veniente,·
1978 2279 2066 2313 quem
2083 2270 2147 2299 Rex
2163 2265 2207 2299 ad
2225 2269 2332 2312 Regem

1318 2318 1449 2349 Franciae
1473 2317 1599 2359 remisit,
1625 2326 1659 2349 ut
1676 2328 1817 2362 poenam,
1835 2328 1891 2363 pro
1919 2326 2032 2348 natura
2053 2314 2152 2347 delmi
2169 2341 2179 2356 ,
2205 2318 2231 2346 ei
2249 2312 2330 2346 debs·-

1319 2369 1432 2397 tamin
1456 2369 1567 2411 {geren
1591 2364 1648 2410 sed
1665 2364 1766 2410 quoad
1787 2375 1907 2407 caetera,
1933 2362 2057 2396 eundem
2083 2361 2237 2405 Gastonem
2262 2373 2332 2395 tan-

1313 2417 1438 2459 gentia,
1458 2414 1495 2459 si'r
1512 2426 1569 2446 non
1591 2417 1810 2447 intromitteret.

8 2487 122 2552 Ai227-7.
165 2501 217 2531 lius
233 2503 365 2542 Griffirii,
384 2505 518 2545 Princeps
531 2506 661 2542 Walliae,
675 2504 825 2535 nobiscum
842 2503 928 2533 finem
943 2503 1067 2540 fecisset,
1105 2513 1133 2533 er
1146 2505 1228 2542 quiri-
1275 2502 1329 2563 E
1340 2503 1567 2534 Xcelleritiffimo
1582 2503 1723 2542 Principi,
1740 2502 1874 2534 Domino
1890 2503 1922 2534 δε
1936 2501 2155 2546 Consanguineo
2166 2500 2215 2532 suo
2229 2500 2335 2532 kariffi-
2348 2499 2424 2531 Ann.
2440 2500 2484 2533 D.

0 2559 44 2583 ¹13.
69 2564 91 2582 ι.
167 2543 298 2581 quaginta
315 2544 392 2573 milia
412 2544 544 2574 librarum
564 2544 766 2583 sterlingorum
782 2565 792 2581 ,
816 2552 868 2580 pro
885 2551 953 2580 pace
975 2541 1068 2571 nostra
1105 2541 1229 2579 abenda,
1339 2551 1404 2579 mo,
1424 2542 1558 2572 Domino
1566 2542 1715 2583 Philippo,
1732 2541 1790 2571 Dei
1802 2541 1903 2581 gratifi,
1923 2540 1996 2580 Regi
2005 2541 2194 2579 Francorum,
2211 2539 2330 2571 Edwar-
2366 2547 2451 2578 1277.

11 2597 71 2622 Rot.
165 2579 319 2611 secundum
331 2581 409 2621 quod
425 2583 454 2611 in
471 2584 678 2621 compositione
691 2604 701 2620 ,
725 2582 797 2611 inter
813 2591 864 2611 nos
882 2582 915 2612 ὃς
932 2579 1021 2620 ipsum
1042 2588 1131 2617 nuper
1146 2580 1231 2618 initfi,
1271 2581 1338 2617 dus,
1355 2580 1455 2610 eadem
1467 2581 1566 2620 gratia,
1587 2581 1648 2610 &c.
1660 2581 1789 2617 iaiutem,
1809 2581 1843 2611 δε
1858 2581 1883 2610 se
1897 2580 2072 2619 beneplacitis
2085 2580 2140 2615 ejus
2155 2587 2329 2618 promptum.
2347 2581 2400 2606 An.
2415 2587 2443 2614 5⁴

13 2631 90 2660 Wall.
103 2639 130 2665 5.
166 2617 274 2654 Plenius
288 2621 465 2650 continetur:
1310 2619 1388 2649 Cum
1404 2618 1511 2658 Gasto,
1531 2620 1700 2649 Vicecomes
1713 2619 1748 2649 de
1763 2618 1870 2649 Biernia
1884 2640 1893 2655 ‚
1918 2617 1996 2657 super
2012 2617 2175 2655 quibusdam
2195 2619 2334 2656 gravami-
2349 2621 2378 2644 E.
2396 2626 2418 2646 i.

13 2673 44 2698 Ε,
65 2679 87 2696 ι,
203 2656 271 2687 Nos
284 2659 376 2688 eidem
395 2658 542 2690 Lewelino
556 2659 689 2696 praedid’m
702 2658 905 2696 quinquaginta
921 2657 997 2687 milia
1013 2656 1146 2687 librarum
1156 2656 1232 2686 Ster-
1271 2658 1352 2689 nibus
1361 2681 1369 2695 ,
1391 2668 1453 2695 quae
1466 2658 1516 2688 sibi
1531 2668 1580 2697 per
1594 2667 1645 2687 nos
1662 2657 1732 2686 illata
1745 2657 1871 2695 dicebat,
1889 2656 1924 2686 ad
1944 2656 2063 2686 vestram
2076 2656 2243 2686 audientiam
2255 2656 2281 2687 se
2292 2665 2334 2687 as·v
2349 2655 2449 2683 ibidem

13 2717 50 2736 m·
67 2717 95 2743 4,
164 2694 306 2734 lingorum
325 2698 493 2727 remittimus
506 2720 515 2735 ,
535 2697 719 2734 pardonamus
735 2719 745 2735 ,
770 2697 803 2726 &
820 2705 880 2733 eaS,
899 2705 951 2732 pro
967 2695 1049 2725 nobis
1063 2696 1096 2726 &
1111 2695 1230 2725 haeredi-
1270 2696 1369 2726 sereret
1378 2696 1539 2735 appellati&
1556 2706 1603 2733 ac,
1621 2695 1759 2739 pendente
1773 2694 2059 2733 appellatione,super
2071 2693 2123 2724 hiis
2139 2703 2237 2724 coram
2253 2696 2335 2726 vobis

163 2733 215 2802 ls>us
234 2734 337 2801 ‘nlostris
351 2758 362 2773 ,
388 2737 514 2774 quietum
535 2735 689 2766 clamamus
711 2737 919 2772 imperpetuum
934 2757 944 2773 ,
970 2733 1006 2763 de
1026 2734 1114 2773 gratia
1135 2733 1230 2763 nostra

196 2782 239 2802 eci
280 2796 285 2802 .

175 2782 348 2851 pInaclujus,
368 2812 428 2843 &c.
445 2811 493 2842 has
509 2811 609 2843 litteras
630 2810 738 2842 nostras
759 2810 852 2841 eidem
868 2809 1016 2841 Lewelino
1029 2809 1090 2840 fieri
1112 2809 1230 2841 fecimus

161 2858 295 2888 patentes.

202 2931 295 2962 Teste
315 2932 397 2971 Rege
411 2931 485 2972 apud
507 2931 660 2963 Rothelan.
681 2941 727 2962 11.
747 2930 793 2962 die
812 2929 993 2962 Novembris
1006 2952 1016 2968 ‚
1038 2940 1115 2961 anno
1131 2929 1228 2969 Regni

163 2968 254 2999 nostri
269 2971 378 3008 quinto.

2 3114 4 3120 ‘
17 3108 36 3130 ’ἒ
47 3111 85 3139 ΙΙ.
101 3118 148 3147 93.
166 3102 193 3129 *ἓ
212 3105 262 3137 De
279 3102 528 3138 Procuratoribus
543 3104 587 3137 ad
597 3104 811 3151 procedendum
821 3105 910 3152 fhper
921 3102 1143 3151 quibufiunque
1157 3115 1229 3136 cau-

486 3153 530 3197 sis
545 3165 646 3186 coram
663 3157 740 3200 Rege
758 3157 900 3187 Franciae.

17 3252 93 3284 Ann·
110 3252 150 3283 D⁴
171 3241 245 3302 M
256 3242 388 3281 Agnifico
402 3242 546 3281 Principi,
565 3242 700 3273 Domino
715 3243 749 3274 &
765 3242 984 3283 Consanguineo
1003 3241 1053 3272 suo
1069 3242 1210 3272 karissimo
1220 3265 1229 3280 ,

38 3300 124 3330 1277.

3 3334 68 3360 ..dm
89 3340 114 3363 ς.

17 3373 47 3397 Ε.
70 3378 92 3396 1.

4 3408 113 3443 'Vascom
124 3415 151 3442 5.

4 3459 5 3464 =
19 3444 52 3479 ά
66 3446 93 3471 6.
106 3449 137 3473 E.

20 3492 126 3512 d.m.2.

255 3279 387 3311 Domino
401 3281 492 3320 Philip
513 3291 547 3320 o,
567 3281 625 3311 Dei
636 3282 738 3320 gratia,
755 3280 828 3311 Retri
849 3282 975 3313 Franciae
991 3280 1103 3319 illustri,
1122 3291 1154 3311 ac
1166 3282 1229 3311 uni-

170 3319 250 3348 versis
266 3320 300 3349 ὃς
315 3319 424 3358 singulis
442 3291 642 3357 Augitoribus,
658 3307 887 3359 inquisitoribus,
906 3321 938 3351 ὃ(
962 3319 1018 3350 aliis
1036 3319 1176 3358 Nunciis,
1195 3319 1228 3361 si-

169 3365 204 3385 ve
213 3355 306 3386 Miffis
317 3357 455 3395 ejusdem,
473 3357 643 3396 Edwardus,
662 3357 761 3387 eadem
775 3358 875 3395 gratia,
894 3358 960 3389 Rex
970 3357 1097 3397 Angliae,
1116 3359 1176 3388 &c.
1191 3361 1228 3388 sa-

170 3393 256 3425 lutem
266 3418 275 3433 ,
290 3396 324 3426 &
339 3397 450 3426 fincerae
464 3395 620 3426 dilectionis
634 3396 690 3425 sem
711 3405 740 3425 er
754 3395 899 3426 affectum.

206 3433 354 3464 Noveritis
366 3434 442 3472 quod
456 3433 573 3464 facimus
586 3435 620 3465 &
633 3443 671 3464 co
719 3435 829 3464 ituimus
849 3443 941 3465 certos
961 3436 994 3467 ὃς
1009 3435 1136 3474 speciales
1156 3434 1227 3464 Pro-

169 3480 308 3503 curatores
322 3472 449 3511 nostros,
467 3472 581 3502 dileetos
600 3473 633 3503 &
650 3471 742 3502 fideles
760 3471 888 3510 nostrOS,
905 3473 1015 3504 Lucam
1031 3475 1067 3504 de
1081 3474 1163 3513 Tany
1177 3473 1227 3503 Se-

167 3511 317 3541 nescallum
329 3510 456 3541 nostrum
473 3510 637 3548 Vasconiae,
658 3509 810 3549 Magistros
824 3510 919 3541 Adam
934 3512 970 3542 de
985 3512 1086 3542 Norff.
1104 3511 1226 3541 Consta-

168 3549 304 3580 bularium
321 3549 451 3580 nostrum
466 3549 636 3588 Burdegaliae
651 3570 660 3586 ,
684 3548 887 3587 Reymundum
905 3549 940 3580 de
956 3550 1075 3581 Ferraria
1095 3551 1128 3581 &c
1150 3550 1226 3579 Pon-

166 3589 240 3618 tium
255 3589 366 3626 Amati,
383 3588 553 3618 exhibitores
568 3586 762 3627 praesentium,
779 3588 811 3618 &
827 3597 928 3618 eorum
943 3589 1097 3627 quemlibet
1117 3590 1146 3618 in
1163 3588 1225 3617 soli-

166 3626 255 3670 dum,
275 3628 310 3657 ita
326 3626 404 3665 quod
417 3636 478 3656 non
493 3627 523 3657 sit
537 3626 637 3656 melior
654 3624 781 3655 conditio
795 3628 958 3664 occupantis
977 3629 1057 3658 unius
1069 3651 1079 3666 ,
1103 3626 1149 3657 vel
1163 3627 1225 3666 plu-

165 3675 475 3744 riuffi‚prooedendum
489 3713 587 3734 coram
602 3701 702 3739 vobis,
715 3702 749 3732 &
770 3701 929 3732 faciendum
946 3703 1070 3734 universa
1085 3703 1118 3734 ὃς
1133 3703 1225 3742 singu-

165 3741 207 3779 la,
226 3753 290 3780 quae
304 3743 455 3773 faceremus
468 3742 500 3772 &
515 3743 607 3772 facere
621 3740 761 3780 possemus
774 3762 784 3778 ,
807 3740 827 3769 si
861 3741 985 3772 raesentes
998 3742 1133 3780 essemus,
1151 3752 1223 3772 con-

167 3786 208 3809 tra
219 3781 428 3819 quoscumque,
444 3781 523 3818 super
537 3779 759 3818 quibuscumque
779 3788 830 3808 cau
843 3788 864 3808 is
879 3779 912 3808 ὃς
931 3782 1067 3819 negotiis,
1091 3790 1160 3818 nos,
1178 3781 1223 3810 vel

166 3826 268 3884 geptes.
271 3819 399 3886 1nostras,
417 3820 450 3850 &
466 3818 590 3849 subditos
604 3818 842 3857 qualitercumque
858 3819 1048 3857 tangentibus,
1063 3819 1096 3850 &
1112 3827 1224 3858 tangere

168 3865 203 3886 va
213 3864 271 3886 enti
293 3867 336 3887 us·

205 3892 243 3923 Et
257 3881 423 3926 nominatim
438 3895 515 3933 super
529 3894 670 3925 disseisinis
685 3917 694 3933 ,
717 3892 851 3933 supprisiis
863 3916 874 3932 ,
895 3893 1061 3934 excessibus,
1082 3894 1226 3933 dampnis,

169 3933 373 3970 gravaminibus
393 3936 426 3966 ὃς
443 3935 543 3973 injuriis
558 3958 565 3971 ,
589 3933 671 3963 nobis
690 3933 723 3963 &
740 3931 841 3962 nostris
861 3932 990 3970 gentibus
1009 3933 1043 3963 &
1065 3933 1178 3964 subditis
1197 3936 1226 3963 in

168 3969 354 4008 Caturcinio,
371 3971 607 4012 Petragoricinio,
625 3973 658 4003 ὃς
677 3971 879 4001 Lemovicinio
890 3992 899 4007 ,
922 3979 971 4006 per
991 3970 1174 4010 Senescallos,
1193 3973 1226 4003 ὅ(

168 4008 303 4046 Ballivos,
321 4019 353 4039 ac
369 4010 431 4040 alias
447 4020 544 4049 gentes
555 4010 656 4043 vestras
671 4032 681 4049 ‚
705 4018 841 4042 eorumve
860 4008 978 4040 nomine
990 4008 1036 4040 seu
1048 4010 1229 4049 auctoritate,

165 4046 245 4085 fadlis
257 4047 290 4077 ὃ(
304 4045 397 4085 illatis,

199 4088 270 4117 Tom.
289 4086 313 4114 I.
333 4087 367 4116 P.
386 4088 405 4115 Ι
409 4088 435 4116 1.

1273 2735 1400 2774 quaedam
1415 2736 1506 2773 gravia
1520 2736 1552 2765 &
1566 2743 1691 2765 enormia
1704 2742 1803 2764 contra
1821 2733 1966 2771 personam
1986 2732 2129 2771 nostram,
2147 2736 2177 2762 in
2191 2733 2337 2770 praesentia

1273 2773 1362 2842 vestrfi
1375 2772 1544 2842 &dConcilii
1556 2774 1654 2811 vestri,
1670 2781 1838 2813 proponeret
1846 2795 1857 2812 ,
1870 2781 1921 2802 nos
1929 2794 1938 2810 ,
1955 2779 1986 2801 ut
1997 2771 2168 2810 audivimus,
2186 2773 2265 2812 super
2278 2771 2337 2803 hoc

1273 2823 1289 2842 a
1328 2823 1344 2842 e
1364 2822 1397 2841 an
1418 2822 1455 2842 o:

1290 2822 1308 2852 p
1343 2851 1446 2882 andem
1461 2850 1535 2881 idern
1551 2850 1661 2888 Gasto,
1680 2849 1851 2890 perpendens
1865 2849 1891 2880 se
1905 2850 1920 2879 Ξι
1941 2849 2060 2880 veritatis
2073 2848 2184 2879 tramite
2196 2848 2336 2887 deviasse,

1273 2889 1378 2920 omissis
1395 2889 1622 2928 appellationibus
1640 2889 1816 2928 supradidtis,
1832 2888 1858 2918 se
1870 2886 1973 2921 nostrae
1997 2887 2115 2917 totaliter
2131 2887 2268 2926 supposuit
2282 2897 2337 2918 vo-

1273 2928 1386 2967 luntati,
1404 2930 1439 2959 ad
1452 2938 1504 2957 nos
1517 2929 1545 2957 in
1559 2927 1691 2966 Angliam
1705 2929 1836 2965 veniens,
1852 2925 1887 2956 de
1899 2925 2040 2965 praemiffis
2053 2926 2165 2956 veniam
2179 2926 2338 2964 postulans,

1273 2967 1306 2997 &
1323 2967 1443 2997 offerens
1457 2966 1483 2996 se
1497 2967 1525 2996 in
1538 2967 1673 2996 omnibus
1687 2965 1792 2996 nostrae
1806 2965 1942 2995 voluntati
1958 2973 2068 3003 parere,
2085 2973 2171 3002 quem
2183 2973 2235 2994 nos
2249 2963 2333 2994 vestri

1271 3005 1511 3045 contemplatione
1525 3004 1701 3042 admisimus,
1720 3005 1891 3043 injungentes
1903 3025 1913 3041 ,
1938 3012 1992 3040 pro
2011 3011 2088 3040 parte
2107 3002 2254 3032 voluntatis
2268 3012 2335 3032 nos-

1271 3051 1338 3082 trae,
1358 3053 1407 3082 ut,
1425 3045 1453 3074 in
1468 3042 1554 3073 Curia
1569 3043 1602 3073 &
1616 3042 1761 3083 praesentiit
1773 3041 1864 3072 vestra
1884 3042 1917 3072 &
1930 3040 2014 3072 vestri
2028 3041 2172 3078 Concilii,
2188 3050 2333 3080 quaecum-

1270 3091 1325 3118 que
1345 3092 1443 3113 contra
1463 3081 1607 3120 personam
1624 3080 1750 3111 nostram
1770 3081 1799 3110 in
1820 3079 1961 3118 praedietis
1982 3079 2209 3117 appellationibus
2226 3089 2334 3119 propo-

1270 3120 1373 3159 suerat,
1392 3121 1531 3152 dediceret
1547 3119 1657 3157 publice
1670 3120 1703 3150 &
1717 3128 1768 3149 ore
1780 3119 1894 3159 proprio
1912 3126 2074 3160 revocaret,
2090 3116 2125 3147 ad
2138 3127 2190 3147 nos
2203 3117 2332 3157 postmo-

1271 3158 1339 3188 dum
1355 3161 1469 3189 veniens
1478 3159 1651 3188 voluntatem
1665 3156 1788 3188 nostram
1802 3156 1879 3194 super
1891 3156 1999 3187 residuo
2013 3156 2160 3186 auditurus.

1309 3197 1426 3237 Hiisque
1440 3197 1573 3238 peraffls,
1592 3196 1707 3233 ipsoque
1722 3195 1853 3233 praesente
1866 3204 1964 3226 coram
1979 3195 2060 3225 nobis
2073 3218 2083 3232 ,
2106 3204 2174 3225 cum
2188 3193 2330 3226 evidenter

1270 3235 1384 3275 liqueret
1396 3236 1517 3267 eundern
1532 3234 1690 3265 Gastonem
1705 3244 1754 3273 per
1769 3233 1844 3264 suam
1859 3232 2071 3264 submiffionem
2084 3255 2094 3271 ,
2119 3234 2147 3263 in
2162 3243 2214 3262 nos
2228 3232 2263 3261 de
2277 3242 2332 3262 vo-

1270 3275 1374 3305 luntate
1388 3275 1477 3306 vestra
1499 3274 1600 3304 fadtam
1616 3296 1626 3311 ,
1643 3275 1658 3303 a
1675 3272 1727 3303 suis
1745 3272 1972 3312 appellationibus
1991 3270 2121 3302 cecidisse
2133 3292 2143 3308 ,
2164 3271 2197 3301 &
2211 3279 2329 3307 poenam

1271 3314 1453 3354 promeruisse
1467 3313 1515 3343 sibi
1529 3322 1577 3351 per
1593 3322 1644 3341 nos
1677 3312 1774 3341 raviter
1787 3310 1982 3350 infligendam:
2161 3347 2166 3352 .
2294 3347 2299 3352 ¹

1307 3352 1390 3390 Nos,
1407 3351 1576 3382 attendentes
1590 3360 1627 3388 qu
1681 3351 1845 3388 plerumque
1860 3350 1996 3379 rationem
2014 3347 2119 3390 superat
2138 3357 2179 3390 vis
2193 3356 2329 3389 rancoris,

1271 3399 1425 3421 metuentes
1439 3391 1589 3429 quicquam
1605 3389 1696 3419 facere
1716 3388 1794 3427 quod
1814 3387 1975 3418 excellentia
1993 3386 2080 3416 vestra
2101 3385 2215 3424 indigne
2236 3385 2327 3423 posset

1269 3438 1364 3468 gerere
1377 3429 1423 3460 vel
1434 3428 1569 3464 moleste,
1588 3427 1621 3457 &
1641 3427 1656 3456 s
1671 3436 1774 3457 erantes
1790 3425 1866 3464 quod
1881 3425 2065 3462 vimpefium,
2083 3422 2208 3463 personae
2223 3421 2328 3453 nostrae

1267 3468 1390 3506 faffifflm,
1411 3477 1444 3497 ex
1459 3467 1548 3498 vestra
1568 3465 1643 3495 confi
1664 3467 1738 3496 entia
1755 3464 1862 3501 speciali
1878 3487 1887 3502 ,
1913 3463 2058 3501 personam
2080 3461 2197 3491 vestram
2216 3469 2327 3500 tangere

1267 3506 1406 3544 videatur,
1423 3507 1457 3537 &
1474 3504 1597 3536 vindie‘ta
1611 3503 1644 3534 ad
1661 3513 1728 3542 vos,
1747 3512 1780 3533 ex
1794 3511 1888 3533 natura
1901 3502 2034 3541 sanguinis
2050 3499 2265 3538 quodammodo
2276 3499 2328 3530 de·-

1268 3546 1330 3574 beat
1343 3546 1494 3584 pertinere,
1514 3542 1604 3580 ipsum
1619 3541 1652 3572 ad
1666 3552 1717 3573 vos
1733 3542 1901 3578 remisimus,
1919 3549 1966 3578 ut,
1985 3539 2021 3576 si,
2039 3539 2162 3568 humana
2180 3537 2325 3576 voluntas,

1267 3593 1301 3614 ei<
1325 3584 1411 3613 animi
1429 3591 1544 3613 rancore
1560 3604 1569 3619 ‚
1590 3580 1662 3619 juste
1679 3587 1821 3619 concepto
1834 3602 1844 3617 ,
1868 3588 1921 3608 nos
1942 3585 2040 3608 contra
2060 3576 2150 3619 ipsum
2169 3575 2325 3616 exasperare

1269 3630 1412 3659 moveret,
1430 3622 1457 3651 id
1469 3620 1557 3651 vestra
1564 3618 1738 3659 providentia
1752 3618 1801 3647 sub
1812 3617 1944 3656 aequitatis
1956 3613 2075 3645 modulo
2088 3622 2325 3657 mitigans,quan-

1268 3663 1373 3691 [itatem
1387 3660 1479 3690 delicti
1494 3659 1527 3689 &
1542 3657 1699 3696 qualitatem
1714 3656 1890 3694 personarum
1904 3653 2091 3695 considerans,
2110 3653 2202 3696 eidem
2217 3653 2324 3683 Gastoa

1270 3701 1298 3730 ni
1312 3699 1433 3729 debitam
1450 3706 1565 3735 poenam
1580 3695 1733 3734 infligeret,
1751 3695 1784 3725 &
1800 3693 2013 3723 satisfactionem
2031 3690 2219 3730 condignam,
2236 3701 2322 3735 quam

1269 3748 1316 3775 per
1332 3747 1383 3767 nos
1396 3735 1527 3773 recepisse
1541 3734 1681 3771 possemus
1693 3756 1703 3772 ‚
1726 3742 1774 3771 per
1789 3732 1982 3763 excellentiam
1998 3729 2118 3761 vestram
2133 3729 2322 3761 honorabilius

1266 3777 1437 3807 haberemus.
2229 3807 2233 3810 ,
2285 3807 2290 3812 .

1304 3814 1372 3845 Nec
1386 3814 1455 3851 fuit,
1472 3821 1525 3842 nec
1538 3809 1578 3841 est
1593 3804 1753 3841 intentionis
1767 3807 1870 3840 nostrae
1891 3803 1985 3847 quod,
2002 3805 2081 3845 super
2097 3807 2231 3851 aliquibus
2247 3807 2322 3844 aliis,

1268 3854 1440 3884 voluntatem
1465 3850 1589 3880 nostram
1613 3849 1776 3886 praedictam
1801 3848 1881 3877 vobis
1902 3845 2123 3876 concederemus
2136 3868 2146 3884 ,
2171 3847 2220 3876 nisi
2243 3845 2321 3882 super

1267 3890 1423 3932 praediffls,
1441 3899 1525 3926 cum,
1542 3897 1590 3926 per
1603 3888 1844 3917 renunciationem
1856 3885 1901 3915 vel
1914 3883 2094 3914 omissionem
2107 3884 2214 3914 suarum
2226 3882 2322 3927 *appel-

1268 3932 1420 3967 lationum,
1440 3935 1538 3958 caetera
1557 3927 1671 3964 omnia,
1691 3924 1779 3963 ipsum
1799 3932 1845 3954 tan
1865 3923 1937 3953 entia
1949 3945 1960 3961 ‚
1981 3922 2016 3953 ad
2034 3922 2137 3954 statum
2157 3921 2319 3960 pristinum,

1270 3980 1329 4008 quo
1342 3975 1417 3998 erant
1430 3974 1492 3997 ante
1504 3964 1736 4004 appellationem,
1751 3964 1802 3993 sint
1815 3972 1828 3992 r
1864 3961 1934 3992 aeta.

1306 4006 1395 4038 Unde
1408 4014 1475 4035 cum
1525 4004 1592 4034 sicut
1613 4002 1796 4033 intelleximus
1838 4009 1890 4031 vos
1903 3999 1982 4038 super
2000 3999 2127 4038 dampnis
2145 3997 2296 4040 &injuriis
2308 4018 2319 4035 ‚

1267 4056 1332 4087 quae
1345 4045 1420 4076 idem
1435 4026 1527 4074 Gas’co
1541 4041 1591 4072 sibi
1604 4041 1675 4073 illata
1687 4039 1781 4109 fuiss&
1799 4039 1868 4107 2erit
1879 4061 1890 4080 ‚
1907 4039 2009 4078 inquin'
2022 4039 2164 4075 feceritis,
2188 4045 2220 4066 ac
2232 4045 2323 4111 οὲιέἒ
