2570 4261
9 714 85 749 Ann.
99 712 139 744 D.

38 761 120 792 1305.

9 797 62 823 An.
79 801 123 829 33.

11 836 41 860 E.
57 840 81 857 1.

9 874 63 899 Rot.
73 868 114 895 Cl.

11 916 57 945 33·
71 909 101 932 E.
117 915 141 932 ¹·
160 920 220 951 stris
236 918 434 956 consanguinei
452 921 540 951 nostri
561 920 694 951 kariffimi
713 921 892 960 Johannam,
911 921 1052 960 quondam
1075 921 1216 958 Reginam

9 944 143 1018 {nisa}
162 959 301 996 Franciae,
319 958 355 988 ab
369 959 426 990 hoc
441 959 550 998 seculo,
567 968 648 997 prout
665 960 716 990 sibi
734 959 851 998 placuit,
867 961 1007 990 evocavit.

636 204 764 246 ET
849 204 1171 249 ACTA
1252 204 1833 260 PUBLICA.

15 310 81 348 Am
96 312 129 344 D
170 326 175 331 ⁸
198 285 233 318 Et
250 288 316 326 quid
332 289 361 332 in
378 288 521 333 praemissis
535 290 670 329 feceritis,
687 300 738 322 nos
752 289 882 324 diffinere
898 293 931 325 δε
948 301 1039 333 aperte
1056 301 1104 331 per
1124 291 1224 325 vestras

35 337 119 394 1355·
130 336 137 344 ·
157 323 243 356 literas
256 326 373 357 reddatis
387 336 524 359 certiores.

8 395 73 423 Ἐάν.
84 402 107 420 1.

190 363 224 394 In
241 365 335 403 cujus,
353 365 413 396 &c.

195 439 301 479 Teste,
318 442 377 472 &c.
396 441 468 479 apud
483 442 647 474 Westmon.
666 443 693 474 6.
710 443 756 474 die
770 443 878 482 Aprilis.

197 516 251 546 Per
269 516 351 556 ipficm
369 520 483 557 Regem,
499 522 645 550 nunciante
664 520 695 558 J.
714 520 746 549 de
764 519 890 550 Sandale.

255 643 306 677 De
327 648 459 691 exequiis
479 643 627 690 Johannae
651 647 762 692 Regina
784 647 914 678 Francia
934 643 1123 679 celebrandis.

159 726 278 782 REX
295 727 453 760 Venerabili
469 730 500 758 in
517 727 631 759 Christo
649 728 719 759 Patri
738 729 776 759 R.
790 730 888 761 eadem
903 729 1007 768 gratia,
1027 728 1219 771 Archiepisco-

231 777 271 805 po
289 765 491 806 Cantuariensi,
510 768 593 798 totius
608 767 721 805 Angliae
738 767 869 807 Primati,
886 768 1007 799 salutem.

198 805 277 836 Deus
291 827 301 843 ,
334 807 466 835 omniurn
488 806 619 836 conditor
634 806 666 837 &
683 805 816 845 Creator,
834 808 880 845 qui
900 806 1013 837 caelestis
1034 805 1218 844 profunditate

160 843 267 875 consilii
280 842 389 874 ordinat
423 852 525 882 vocat,
543 844 665 882 disponit
680 846 714 876 &
728 853 841 875 revocat
855 845 987 884 subjeceras
999 845 1052 875 suae
1068 844 1218 885 providen-

156 884 204 913 tiae
217 889 365 920 creaturas,
404 881 585 913 ereniffimam
600 882 767 913 Consortem
781 882 906 925 Philippi·
915 883 1004 920 Regis
1018 883 1143 913 Franciae
1157 882 1219 913 illu-

197 996 216 1016 *
237 995 314 1026 Cum
332 997 414 1036 igitur
430 1007 500 1036 opus
517 998 651 1028 Sanctum
668 998 701 1029 &
718 998 819 1028 salubre
839 998 976 1029 censeatur
996 1008 1048 1036 pro
1063 996 1217 1036 defunffls,

157 1042 187 1067 ut
204 1035 218 1065 ὲ
238 1042 415 1076 peccatorum
432 1036 567 1067 solvantur
585 1037 713 1074 nexibus,
729 1046 858 1076 exorare,

193 1073 390 1105 Paternitatem
405 1074 523 1105 vestram
539 1073 689 1105 affectuose
702 1085 730 1105 re
751 1076 1060 1112 uirimus&rogamus,
1078 1075 1219 1113 quatinus,

156 1112 236 1151 ipfius
248 1112 386 1152 Johannae
401 1115 526 1151 exequias
542 1113 645 1144 devote
661 1114 694 1144 &
707 1085 885 1152 soiempniter
900 1113 1082 1150 celebrantes,
1096 1113 1153 1150 ejus
1161 1114 1218 1143 ani-

159 1161 254 1190 mam,
271 1161 340 1182 cum
355 1151 547 1183 decantatione
570 1150 710 1182 missarum
725 1174 736 1190 ,
758 1152 866 1190 aliisque
881 1151 1045 1183 devotarum
1060 1152 1218 1182 orationum

159 1189 310 1228 suffragiis,
329 1190 379 1228 ipfi
397 1190 527 1221 altissimo
545 1189 695 1227 specialiter
711 1191 930 1221 commendetis:

192 1227 336 1267 Ipsarnque
352 1229 388 1259 ab
407 1229 534 1259 universis
548 1229 580 1260 &
598 1228 726 1266 lingulis,
745 1228 879 1265 religiofis
891 1229 924 1259 &
938 1227 1013 1266 aliis,
1029 1226 1149 1266 personis
1162 1226 1218 1258 Ec-

156 1267 328 1306 clesiasticis,
344 1267 458 1298 subditis
473 1267 583 1304 vestris,
602 1277 650 1304 per
657 1275 747 1297 totam
760 1266 880 1298 vestram
896 1266 1078 1304 Diocaesem,
1097 1265 1218 1304 adjuvari

159 1305 281 1336 similiter
298 1316 346 1344 per
360 1305 518 1344 hujusmodi
534 1303 662 1342 suffragia
672 1305 787 1335 faciatis.
1122 1342 1126 1347 ι

193 1344 362 1383 Qiaesurnus
377 1352 470 1374 autem
486 1350 516 1374 ut
530 1342 566 1373 de
582 1342 725 1374 mistarum
739 1353 875 1380 numero,
892 1343 924 1373 &
938 1343 1051 1373 aliarum
1059 1349 1218 1371 orationum

157 1381 292 1419 suffragiis
305 1404 316 1420 ‚
342 1392 405 1419 quae
445 1392 476 1412 ro
493 1380 605 1419 praefata
616 1380 745 1421 johanna
763 1381 974 1419 mandaveritis,
992 1379 1037 1410 seu
1051 1381 1218 1416 injunxeritis

156 1420 300 1458 facienda,
317 1429 364 1457 per
378 1392 477 1450 vesfras
491 1421 589 1451 litteras
600 1429 652 1450 nos
665 1420 782 1456 curetis,
800 1419 965 1456 quamcitius
982 1419 1062 1448 vobis
1075 1418 1139 1448 inde
1146 1428 1217 1459 conj

157 1459 270 1496 stiterit,
287 1458 400 1488 reddere
415 1460 563 1497 certiores,
583 1466 613 1489 ut
625 1459 708 1490 vobis
716 1456 751 1488 ad
764 1457 893 1495 grates&
909 1458 1008 1495 gratias
1024 1456 1064 1486 ob
1080 1456 1218 1497 preemissa

155 1498 239 1528 teneri
255 1497 356 1527 merito
369 1496 539 1528 debeamus.

190 1572 286 1604 Teste.
307 1572 391 1612 Rege
408 1574 479 1613 apud
498 1573 663 1606 Westmon.
685 1583 729 1614 ¹3·
745 1573 792 1604 die
812 1571 923 1614 Aprilis.

330 1650 444 1683 Eodem
462 1652 552 1683 modo
567 1651 693 1683 scribitur
710 1649 865 1687 subscriptis
878 1672 888 1688 ,
904 1647 1043 1680 videlicet.

152 1725 183 1765 J.
203 1725 380 1769 Karliolenfi,
706 1729 749 1758 W
771 1730 898 1756 Coventr.
917 1723 955 1760 ὀ·
972 1723 1189 1766 Lychcffildenfi,

153 1766 186 1801 J.
205 1765 400 1807 Lfflcolnienfi,
704 1770 747 1796 A.
768 1763 935 1808 Affizvenfi,

153 1804 185 1841 J.
205 1806 390 1847 Norwicenfi,
705 1809 748 1834 A.
769 1805 951 1882 Bangoreyi,

154 1843 186 1881 J.
205 1841 330 1883 Elyenst,
706 1845 745 1872 D.
764 1845 937 1880 Menevenz,

154 1883 188 1911 R.
208 1883 334 1920 Wynton.
706 1881 744 1920 J.
766 1879 963 1921 Landavenfi,
982 1877 1128 1919 Epifiopis:

155 1923 200 1949 A.
217 1920 323 1959 Roffi’n.
706 1919 801 1949 Elec‘to
823 1920 942 1949 London.

153 1962 196 1988 A.
219 1958 377 1990 Dunelmen.
707 1957 810 1998 Custodi
835 1955 1044 1996 Spiritualitatis
1072 1956 1216 1995 Archiepi-

152 1996 202 2026 Th.
223 1999 315 2028 Exon.
734 1995 862 2037 stopatzis
877 1995 1013 2034 Eburum,
1032 1996 1096 2025 Sede
1110 2004 1215 2025 vacan-

154 2038 182 2064 S.
203 2039 318 2075 Sarum,
744 2042 788 2063 te:

155 2075 201 2103 W.
221 2077 354 2114 lVygorn,
707 2072 813 2113 Custodi
821 2071 1028 2110 spiritualitatis
1043 2071 1216 2113 Episcopattis

154 2114 188 2142 R.
206 2111 348 2152 Hereford.
747 2111 883 2152 cicestriae.

155 2155 196 2180 W.
215 2151 335 2182 Batbon.
355 2148 393 2186 ὀ·
413 2150 556 2192 Wellmfi,

154 2226 235 2283 RE
246 2226 277 2258 X
294 2228 400 2259 dilecto
419 2228 469 2258 fibi
488 2229 518 2259 in
538 2223 708 2259 Christo....
728 2225 833 2259 Abbati
857 2225 952 2258 saneti
971 2224 1122 2264 Augustini
1140 2224 1217 2256 Can-

226 2274 284 2298 tuar
296 2268 416 2298 salutem.
817 2298 822 2302 .

190 2302 270 2334 Deus
285 2307 419 2336 omnium
437 2303 585 2343 conditor,
603 2302 663 2339 &a
683 2310 714 2334 ut
730 2303 820 2343 fiapra.

189 2341 269 2373 Cum
286 2344 387 2383 igitur,
407 2345 467 2375 &c.

185 2425 314 2459 Vestram
328 2430 497 2467 amicitiam,
514 2429 574 2460 &c.
592 2428 718 2466 quatinus
730 2427 809 2466 ipfius
818 2424 973 2467 johannae,
989 2424 1049 2461 &c.
1063 2432 1094 2456 tet
1102 2425 1197 2465 fhpra.

189 2501 277 2535 Teste
288 2504 371 2543 Rege
390 2513 420 2536 ut
436 2505 521 2543 supra.

204 2579 374 2613 Consimiles
389 2582 485 2613 litterae
497 2581 650 2620 diriguntur
667 2578 822 2612 Abbatibus
835 2578 1004 2618 subscriptis,
1023 2576 1166 2617 videlicet,

192 2696 297 2726 Abbati
309 2697 341 2726 de
354 2699 451 2727 Sancto
470 2697 593 2737 Albano,

192 2735 300 2765 Abbati
318 2737 349 2765 de
368 2735 528 2774 Waltham,

192 2773 300 2803 Abbati
318 2773 556 2814 Westmonasterii‚

192 2657 297 2688 Abbati
321 2659 354 2688 de
378 2659 476 2689 Sancto
496 2658 639 2689 Edmundo
650 2681 660 2698 ,

663 2677 847 2825 }Exemptis.

190 2811 296 2842 Abbati
314 2813 346 2842 de
363 2812 523 2852 Evesham,

194 2899 300 2930 Abbati
315 2900 346 2930 de
364 2898 514 2941 Alnewyk,
668 2902 687 2932 Ἰ

193 2937 299 2968 Abbati
311 2939 343 2967 de
355 2937 493 2978 Egliston‚

192 2976 299 3006 Abbati
317 2977 349 3006 de
367 2977 471 3005 Saneta
489 2975 620 3015 Agatha,

192 3013 298 3044 Abbati
315 3015 348 3044 de
365 3014 524 3053 Barlinges,

192 3052 300 3083 Abbati
316 3053 348 3082 de
364 3052 502 3091 Tapholm.
681 3020 690 3104 Ι

193 3090 299 3122 Abbati
318 3091 349 3121 de
366 3090 457 3130 Bileye
504 3094 511 3097 ’

191 3129 298 3159 Abbati
314 3130 346 3159 de
361 3128 390 3158 la
410 3114 500 3168 nale,

192 3167 298 3198 Abbati
316 3169 347 3198 sk
366 3168 499 3207 Neuhus,

191 3206 299 3237 Abbati
315 3207 347 3236 de
366 3206 534 3246 Cokersand,
684 3226 699 3246 s

194 3245 300 3276 Abbati
312 3246 344 3276 de
358 3249 485 3275 Croxton.

191 3283 298 3313 Abbati
315 3284 347 3313 de
364 3285 467 3313 Sancta
485 3281 645 3320 Radegunde
659 3304 668 3320 ,

191 3321 298 3352 Abbati
315 3322 347 3352 de
363 3325 408 3351 Ho
420 3330 472 3361 pe,

193 3359 300 3390 Abbati
314 3361 346 3390 de
363 3331 473 3401 Sulgby,

191 3397 297 3428 Abbati
315 3399 347 3428 de
361 3399 524 3429 Lacienden.

192 3435 299 3465 Abbati
316 3437 347 3465 de
364 3439 455 3475 Toire,

195 3474 300 3504 Abbati
313 3475 345 3504 de
362 3474 526 3513 Wellebeck,

194 3513 299 3542 Abbati
317 3514 348 3543 de
365 3512 470 3552 Hales,

192 3550 299 3582 Abbati
311 3552 343 3582 de
354 3550 429 3581 Bello
441 3554 543 3590 capite,

701 3206 836 3238 Premon⁶

707 3245 822 3277 stracen,

672 3636 693 3667 a
673 3335 698 3583 5—-

193 3639 296 3670 Abbati
310 3639 342 3668 de
355 3640 487 3677 Furnais,

192 3678 297 3707 Abbati
311 3677 342 3707 de
360 3675 470 3717 Sallay,

193 3716 298 3746 Abbati
312 3716 343 3745 de
362 3713 549 3745 Holmcoltran
562 3716 565 3719 ’

194 3755 307 3785 Abbati
320 3754 351 3784 de
364 3763 433 3784 novo
451 3738 615 3793 MonaJlerio
623 3773 634 3791 ,

194 3793 301 3823 Abbati
319 3793 350 3823 de
367 3788 511 3830 Jerovall.

194 3831 300 3862 Abbati
317 3831 349 3861 de
370 3830 515 3868 Fontibus,

194 3869 302 3900 Abbati
316 3871 348 3900 de
363 3867 443 3899 Bella
460 3867 578 3908 Landa,

734 3940 740 3946 ’
766 3939 868 3972 eicien.

200 3983 307 4013 Abbati
321 3986 353 4015 de
367 3987 440 4024 Rupe

199 4021 304 4051 Abbati
317 4023 347 4052 de
361 4009 516 4062 Rughfhrss

200 4059 305 4089 Abbati
318 4062 350 4090 de
366 4061 440 4090 Valle
451 4064 522 4099 Dei,

193 3907 299 3938 Abbati
316 3909 348 3939 de
366 3906 456 3946 Mella

199 4098 301 4128 Abbati
315 4099 347 4129 de
360 4099 494 4130 Gerndon.
678 4039 699 4133 J!

197 3945 302 3975 abban·
314 3948 346 3977 de
365 3930 537 3986 Kirkestede,

2209 263 2213 266 -
2270 235 2325 281 39

2343 297 2410 330 Ann
2432 296 2475 332 D.

2345 324 2453 405 aar.

1300 294 1406 324 Abbati
1422 296 1453 326 de
1471 293 1592 329 Stanlein
1607 302 1723 333 Ardern.
1779 303 1801 334 Ὶ

1300 332 1406 363 Abbati
1423 336 1454 364 de
1471 336 1634 377 Pippewell,

1300 370 1406 401 Abbati
1422 374 1453 402 de
1468 375 1578 414 Combe,

1299 408 1406 439 Abbati
1422 412 1453 440 de
1471 412 1676 454 Blancalanda,

1300 446 1405 477 Abbati
1419 450 1452 478 de
1466 451 1645 493 Bastnwerk,

1294 484 1399 515 Abbati
1417 488 1449 516 de
1465 490 1661 532 Cambremere,

1299 521 1404 553 Abbati
1416 526 1448 555 de
1463 528 1624 567 Crokesa'em.

1298 560 1403 592 Abbati
1422 565 1453 593 de
1470 565 1544 594 Valle
1558 566 1669 606 Regali,

1297 599 1402 630 Abbati
1420 602 1451 631 de
1469 603 1655 672 Denlacwffb,

1297 636 1400 668 Abbati
1411 641 1443 669 do
1462 645 1541 670 Mira
1560 645 1600 671 Va
1611 642 1654 683 le,

1294 674 1399 706 Abbati
1417 679 1447 707 de
1464 679 1625 719 Stanlawe,

1297 713 1402 743 Abbati
1414 717 1445 745 de
1462 717 1619 757 Bildewas,

1261 751 1281 771 ἢ*
1298 751 1403 781 Abbati
1418 755 1449 783 de
1462 755 1551 785 Stoule
1561 760 1590 785 in
1605 755 1707 797 Wltess
2338 783 2359 806 ῃ

1294 788 1399 820 Abbati
1411 795 1439 821 in
1446 794 1667 833 Swyneshevend.
2338 815 2346 820 ⁵
2362 785 2463 826 11963‘

1293 827 1399 858 Abbati
1413 832 1444 860 de
1464 833 1594 862 Wardon.

1297 865 1402 895 Abbati
1415 869 1447 898 de
1462 870 1550 900 Boxle
1789 871 1809 912 >

1294 903 1399 934 Abbati
1412 907 1442 935 de
1458 893 1614 947 Stratf'o’rd,

1292 941 1397 972 Abbati
1414 945 1444 973 de
1461 945 1590 986 Tileteye,

1293 979 1398 1010 Abbati
1412 984 1444 1012 de
1458 986 1595 1019 Bynedon.

1293 1018 1400 1048 Abbati
1416 1022 1447 1050 de
1464 1018 1627 1061 Quarrerffi

1291 1056 1397 1087 Abbati
1416 1060 1447 1088 de
1464 1059 1607 1098 Leteleye,

1296 1095 1402 1125 Abbati
1419 1098 1450 1127 de
1470 1098 1570 1127 Dunke
1580 1096 1652 1127 well.

1292 1133 1398 1164 Abbati
1414 1136 1445 1164 de
1464 1135 1540 1165 Bello
1567 1147 1609 1165 oco
1627 1138 1712 1172 Regis.

1295 1172 1399 1202 Abbati
1416 1174 1448 1203 de
1464 1177 1562 1204 Strata
1580 1174 1701 1212 Florida,
1787 1202 1793 1217 Ι

1295 1209 1403 1242 Abbati
1420 1213 1451 1242 de
1465 1212 1577 1251 Flaxle‚

1296 1249 1398 1279 Abbati
1413 1251 1444 1280 tle
1461 1253 1607 1291 Unterm’,
1783 1218 1794 1302 Ι

1291 1287 1395 1317 Abbati
1409 1289 1440 1318 de
1457 1292 1484 1319 K
1487 1289 1652 1329 yngefwode,
1787 1303 1793 1316 ¹

1294 1325 1399 1356 Abbati
1413 1328 1445 1357 de
1467 1328 1600 1358 ttfaverle.
1782 1318 1793 1403 Ι

1294 1363 1399 1394 Abbati
1416 1367 1448 1395 de
1464 1367 1603 1406 Revesby‚

1294 1402 1398 1433 Abbati
1420 1406 1451 1434 de
1469 1407 1554 1435 Parco
1567 1404 1635 1435 lude.
1774 1406 1795 1438 J

1810 868 1974 903 Cistercien.

1260 1484 1374 1532 Eodem
1394 1490 1483 1520 modo
1498 1514 1507 1529 ,
1526 1501 1583 1530 quo
1599 1488 1725 1521 scribitur
1740 1486 1885 1526 Episcopis
1907 1489 2038 1529 Angliae‚
2055 1491 2179 1523 scribitur
2195 1490 2312 1531 Episcoe

1311 1536 1353 1565 pis
1370 1527 1531 1568 Hiberniae,
1550 1528 1717 1565 Vasconiae,
1734 1525 1767 1558 &
1784 1525 1907 1566 Scotiae5
1920 1529 2068 1570 videlicet,
2080 1532 2109 1563 in
2123 1530 2277 1571 Hibernifi,

1298 1847 1341 1874 W
1362 1845 1484 1886 Epifiopo
1501 1850 1607 1877 Daren.

1771 1615 1791 1644 ‘¹

1785 1643 1954 1857 [Hibernia.

1295 1886 1340 1913 W.
1357 1887 1384 1913 E
1402 1884 1480 1925 istopo
1494 1884 1660 1925 Waterford.

1295 1924 1329 1951 R.
1350 1925 1376 1951 E
1388 1925 1443 1953 ecto
1456 1929 1579 1954 Fermen.
1785 1857 1794 1942 Ι

1297 1962 1330 1989 R.
1350 1960 1472 2001 Episcopo
1487 1962 1602 2002 Ltsmor.

1296 2001 1339 2028 W.
1357 2000 1478 2039 Epfiopo
1499 2000 1626 2040 Offoren,
1774 1943 1794 2055 1

1786 2223 1955 2435 }Vasconia.

1775 2436 1797 2547 l

1292 2729 1414 2768 Episcopo
1433 2732 1459 2758 S.
1480 2728 1614 2764 Andreae,
1784 2682 1794 2764 Ι

1293 2766 1415 2807 Episcopo
1435 2764 1617 2796 Dumblanen.
1786 2766 1810 2807 >

1294 2040 1328 2066 R.
1346 2038 1468 2078 Episcopo
1487 2042 1594 2080 Lymer.

1296 2805 1419 2846 Epiftopo
1435 2802 1604 2835 Dunkelden.
1771 2809 1796 2951 ]

1294 1615 1328 1643 R.
1347 1613 1509 1654 Archiepisco
1525 1627 1540 1646 o
1553 1616 1666 1646 Dublin.

1299 1654 1344 1682 W
1363 1652 1491 1692 Archiepe
1504 1662 1559 1693 copo
1573 1654 1703 1694 Caffalen.

1294 1690 1344 1722 Th.
1364 1689 1485 1732 Epifiopo
1505 1694 1595 1724 Midd.

1300 1732 1345 1759 W
1366 1730 1560 1770 Arcbiepifiopo
1575 1734 1702 1762 Tuamen.

1299 1770 1343 1798 W.
1363 1767 1484 1809 Episcopo
1500 1769 1635 1800 Imlacem.

1297 1808 1338 1836 N.
1357 1807 1478 1847 Epistopo
1493 1808 1620 1846 Leghlin.

1293 2117 1329 2144 B.
1346 2115 1538 2156 archiepiscopo
1552 2112 1698 2153 Burdegal.

1294 2155 1329 2183 B.
1349 2153 1469 2193 Episcopo
1482 2160 1564 2191 Agen.

1296 2194 1340 2221 W.
1361 2192 1551 2232 Archiepisiopo
1571 2193 1712 2222 Xanezon.

1294 2254 1300 2260 .
1310 2253 1316 2259 .
1328 2254 1347 2260 ..
1363 2231 1484 2269 Episcopo
1505 2234 1704 2269 Petragoricen.

1296 2271 1341 2298 W.
1360 2268 1493 2309 Wasaten.

1293 2311 1398 2347 Aquen.

1295 2349 1426 2376 Baionen.

1293 2386 1437 2414 Lettoren.

1294 2423 1415 2452 Aduren.

1293 2459 1439 2498 Lascuren.

1295 2499 1438 2529 Oloronen.

1295 2573 1416 2614 Epifiopo
1432 2572 1574 2614 Glasgruen.

1293 2613 1414 2653 Eptfiopo
1428 2613 1556 2642 Candida
1573 2608 1665 2650 Casae,

1293 2652 1416 2691 Epifiopo
1431 2653 1587 2680 Moravien.

1293 2690 1414 2729 Epistopo
1429 2694 1562 2719 Catanen.

1811 2759 1914 2792 Scotia.

1296 2844 1421 2884 Episcopo
1441 2842 1605 2880 Breghinen.

1296 2883 1418 2922 Episcopo
1433 2880 1562 2910 Abera'en.

1296 2921 1418 2960 Episcopo
1431 2917 1503 2958 Roſs.

1263 3006 1382 3067 REX
1393 3002 1549 3051 ¹Religioso
1561 3002 1624 3033 viro
1642 3001 1675 3034 &
1693 3001 1722 3030 in
1739 2997 1855 3043 Christo
1867 2995 1920 3041 sibi
1930 2995 2059 3043 dilezsto3
2071 2993 2179 3035 Priori,
2198 2994 2319 3030 provin*

1337 3045 1400 3077 ciali
1413 3044 1529 3075 Ordinis
1546 3042 1669 3072 Fratrum
1682 3037 1901 3069 Praedrcatorum
1913 3045 1942 3066 in
1957 3033 2079 3074 Angla,
2096 3034 2216 3066 salutem.

1299 3083 1376 3115 Deus
1394 3084 1524 3114 omnium
1537 3079 1695 3116 Conditor,
1713 3078 1772 3109 &c.

1297 3123 1374 3154 Cum
1393 3122 1494 3160 igitur,
1512 3120 1573 3151 &c.
1792 3153 1797 3159 .
1815 3153 1821 3158 ⁸
2176 3149 2183 3157 .
2245 3150 2250 3156 ¹

1297 3161 1462 3192 Amicitiam
1475 3158 1593 3191 vestram
1607 3155 1710 3186 attente
1723 3161 1884 3192 requirimus
1897 3151 1930 3182 δε
1945 3159 2094 3190 rogamus,
2110 3157 2235 3195 quatinus
2242 3147 2321 3188 ipfius

1258 3199 1397 3240 Johannae
1416 3199 1538 3243 exequias
1559 3195 1660 3225 devote
1674 3195 1707 3225 &
1722 3192 1880 3222 solemniter
1893 3189 2059 3220 celebrantes
2066 3190 2084 3228 ¹,
2107 3199 2165 3233 ejus
2178 3197 2320 3225 animam,

1263 3249 1331 3270 cum
1350 3239 1543 3269 decantatione
1556 3232 1716 3270 missarum,
1733 3229 1843 3267 aliisque
1863 3228 2028 3260 devotarum
2046 3234 2205 3259 orationum
2223 3224 2319 3256 suffra-

1264 3278 1337 3316 giis,
1357 3276 1406 3318 ipfi
1425 3275 1554 3306 altiffimo
1573 3270 1723 3317 specialiter
1738 3266 1951 3298 commendetis.

1299 3316 1463 3355 Qaesumus
1480 3320 1588 3349 autern,
1607 3308 1667 3344 &a
1685 3315 1717 3339 ut
1723 3305 1819 3347 sirpra.

1296 3391 1383 3423 Teste
1404 3390 1485 3428 Rege
1501 3396 1530 3418 ut
1547 3385 1631 3425 supra.

1295 3466 1457 3499 Consimilis
1470 3465 1565 3495 litterae
1580 3462 1734 3498 diriguntur
1756 3458 1896 3490 Prioribus
1930 3450 2318 3498 Provincialibus·0rdinurn

1261 3506 1357 3538 saneti
1374 3503 1522 3542 Augustini
1532 3525 1541 3540 ,
1560 3502 1593 3532 &
1607 3500 1697 3531 Beatae
1713 3498 1832 3543 Mariae,
1851 3496 1886 3526 de
1902 3480 2005 3525 Monte
2019 3490 2181 3522 Carmehm
2194 3488 2319 3529 Anglia‚
2344 3530 2346 3533 Ι

1261 3544 1419 3582 Hibernia,
1439 3538 1597 3578 vasconia,
1613 3539 1646 3570 &
1661 3537 1766 3568 Scotia.

1296 3619 1462 3652 Consimiles
1482 3617 1578 3647 litterae
1599 3614 1753 3651 diriguntur
1774 3609 1911 3640 Ministris
1930 3605 2110 3653 Gener—alibius
2123 3603 2240 3636 Ordinis
2257 3602 2320 3635 Mi-

1262 3669 1365 3691 norum
1380 3660 1408 3688 in
1424 3654 1544 3694 Anglii,
1561 3651 1714 3689 Hibernia,
1731 3648 1886 3686 Vasconia,
1902 3647 1936 3678 &
1953 3646 2059 3677 Scoua.

1264 3804 1370 3838 Litora
1395 3797 1512 3834 Roberti
1540 3799 1662 3831 Comitis
1685 3792 1831 3876 FlaZdriae
1849 3802 1903 3838 pro
1933 3788 2077 3824 condut'in
2099 3798 2175 3835 puro
2198 3789 2235 3826 ῤ’
2248 3785 2315 3830 fine

1683 3856 1734 3877 con
1757 3853 1853 3875 itione.

1292 3934 1392 3967 Llustri
1409 3930 1530 3968 Principi
1547 3930 1581 3962 &
1597 3930 1704 3968 potenti
1722 3927 1855 3959 Domino
1871 3920 2028 3969 Eduardo,
2044 3921 2107 3967 Dei·
2118 3921 2224 3960 gratia,
2239 3919 2317 3957 Regi
2336 3945 2401 3977 Am
2424 3942 2457 3975 D

1260 3941 1288 4005 I
1310 3972 1438 4010 Angliae‚
1456 3969 1588 4000 Domino
1614 3968 1759 3999 Hiberniae
1773 3989 1783 4004 ,
1807 3965 1840 3996 ὃ(
1857 3962 1935 4008 Duci
1958 3961 2136 4000 Acqmtamae
2149 3984 2160 4000 ‚
2177 3958 2318 3991 Robertus
2357 3994 2369 4015 Ι
2392 3969 2412 4012 0·
2456 3967 2464 3975 ·

1262 4011 1370 4043 Comes
1386 4007 1532 4045 Flandriae,
1551 4007 1662 4037 salutem
1676 4016 1743 4036 cum
1759 4001 1910 4035 reverentia
1926 4002 1960 4032 &
1978 3999 2093 4031 honore.
2233 4035 2239 4042 .
2336 3991 2440 4050 Ex3o5n³
2460 4024 2464 4030 .

1298 4049 1430 4079 Vidimus
1448 4046 1623 4078 conductum
1642 4044 1780 4081 vestrum,
1797 4050 1884 4081 quem
1901 4049 1949 4079 per
1965 4037 2066 4084 vestras
2083 4045 2203 4083 patentes
2220 4035 2319 4080 litteras
2336 4064 2361 4089 in
2378 4031 2464 4088 1,Μέ-

1263 4088 1388 4128 gentibus
1412 4094 1490 4117 terrae
1511 4085 1544 4116 &
1559 4082 1700 4124 potestatis
1711 4080 1814 4114 nostrae
1828 4076 2017 4117 concessistis,
2034 4076 2084 4110 sub
2095 4075 2140 4108 illa
2154 4074 2320 4149 condigggg
2431 4080 2439 4087 ⁵
