2570 4261
2 247 29 268 n.
42 235 82 266 D.

0 276 59 306 281.

0 324 20 342 U·
38 323 62 342 Ι.

0 912 39 933 in.
54 901 96 932 D.
111 895 197 951 RE

2 942 69 971 281.

0 991 16 1007 ι.
33 989 60 1014 9.

0 2539 61 2569 knn.
75 2537 116 2568 D.

5 2578 89 2607 1281.

0 2620 38 2664 ΞΔ.
53 2626 80 2651 9.

0 2696 26 2718 Ex
37 2695 121 2719 Auto-

0 3667 52 3694 Ἢ.
65 3665 128 3701 ¹78·

1 3787 75 3817 Ann.
86 3785 126 3816 D.

17 3826 101 3856 1281.

2 3867 49 3891 An.
66 3873 93 3898 9.

2 3904 28 3928 Ε.
47 3911 71 3928 i.

2 3941 56 4002 ΞΜ·
82 3949 109 3974 9·
145 3955 226 3978 certo
240 3946 389 3980 Attornato
402 3951 469 3988 suo,
487 3950 522 3980 ad
533 3960 603 3990 opus
616 3949 712 3987 suum,
727 3947 906 3988 quadraginta
923 3950 1022 3991 libras,
1036 3955 1069 3985 ὃς
1085 3964 1136 3984 nos
1144 3965 1198 3986 vo-

663 152 773 192 ET
856 152 1125 194 ACTA

138 236 247 276 Quod,
269 236 287 267 si
305 237 378 267 forte
397 236 478 275 paCta
492 235 648 274 hujusmodi
668 237 738 266 adeo
758 238 917 269 formari&
936 238 1076 269 assecurari
1090 247 1149 268 non

99 274 223 313 possint,
242 276 318 314 quod
338 275 489 305 secundum
508 276 579 314 leges
599 276 632 305 &
653 275 864 306 consuetudines
883 286 963 307 terrae
982 276 1085 307 nostrae
1100 276 1149 305 ha-

100 313 183 342 beant
204 315 313 353 pepetui
335 314 442 343 roboris
455 313 631 351 firmitatem,
647 323 698 353 pro
717 313 824 344 infeffitis
835 316 946 353 omnia,
964 325 1027 353 quae
1042 315 1148 353 prorni-

99 351 195 388 fimus,
212 350 370 382 habeantur.

135 388 169 418 In
189 399 311 458 qugrum
330 389 522 419 testimonium
542 389 669 428 Sigillum
684 390 810 420 nostrum
830 391 1008 430 praesentibus
1020 390 1148 421 duximus

97 436 228 466 apponen
249 438 306 458 um.

140 506 250 575 ISDatum
269 506 341 545 apud
365 505 653 538 Westmonasterium
673 508 773 548 quinto
793 507 838 539 die
853 508 920 547 Julii
934 532 944 547 ,
960 519 1035 540 antio
1057 508 1151 548 gratiae

105 554 141 574 12
166 554 189 574 1.

142 623 200 663 Ista
215 627 329 654 Littera
341 623 491 663 duplicatur
505 625 536 655 de
549 626 630 656 verbo
643 627 685 657 ad
695 628 815 657 verbum:

2 768 91 805 1³77,
107 755 135 783 ὅ·
162 759 210 791 De
226 757 392 804 Dtfivrdiis
411 760 488 790 inter
504 760 647 790 Homines
666 761 758 805 Regni
780 754 895 806 Angliae
917 787 926 801 ‚
951 763 987 798 (ῤ’
1015 762 1160 794 Homines

295 801 436 839 Florentii
455 808 576 838 Comitis
594 806 760 839 Hollamliae
772 807 977 842 terminandis.

207 894 238 926 X
256 895 406 934 omnibus,
423 895 483 926 &c.
498 894 619 927 salutem.

219 934 297 964 Cum
309 934 417 964 dudum
430 934 558 972 quaedam
574 933 771 965 contentiones
784 936 817 966 ὃς
833 934 978 965 discordiae
997 942 1085 965 morte
1101 932 1164 964 fuis-

113 973 171 1004 sent
185 973 258 1002 inter
273 973 401 1002 homines
416 972 510 1012 Regni
523 971 612 1002 nostri
629 973 740 1012 Angli-ee
755 983 789 1003 ex
804 973 861 1003 una
893 981 966 1013 arte,
986 975 1019 1004 &
1035 975 1164 1003 homines

113 1011 232 1042 Nobilis
253 1011 314 1042 Viri
330 1010 452 1040 Domini
477 1011 607 1040 Florentii
622 1010 746 1042 Comitis
760 1011 866 1041 Hollan
889 1014 922 1041 ize
939 1035 948 1051 ,
963 1012 996 1042 ὃς
1011 1011 1165 1050 Scylandiae

115 1060 150 1080 ex
171 1048 254 1079 altera
270 1072 280 1086 ,
306 1058 423 1087 quarum
441 1049 662 1079 contentionum
678 1051 711 1080 ὃς
730 1049 930 1080 discordiarum
952 1050 1102 1080 occasione
1119 1049 1166 1078 de-

115 1087 299 1129 praedationes
317 1088 350 1117 ὃ(
365 1087 470 1117 diversa
490 1088 617 1118 enormia
637 1087 705 1118 hinc
717 1088 750 1118 &
767 1088 832 1117 inde
845 1089 1085 1126 perpetrabantur:
1104 1095 1166 1117 tari-

117 1127 183 1156 dem
199 1135 287 1163 nuper
300 1135 397 1155 coram
412 1125 511 1164 nobis,
528 1126 561 1156 &
573 1124 709 1156 Concilio
730 1126 844 1163 nostro,
859 1128 887 1156 in
903 1126 1045 1163 praesentia
1060 1125 1168 1162 praefati

116 1165 258 1203 Comitis,
275 1164 371 1194 habito
383 1163 507 1203 diligenti
518 1163 652 1202 tractatu,
667 1173 719 1203 pro
735 1165 964 1194 contentionibus
982 1165 1015 1194 &
1026 1162 1168 1194 discordiis

115 1204 167 1233 illis
179 1202 316 1241 sedandis,
334 1203 367 1232 &
384 1212 451 1239 pace
467 1203 538 1232 inter
550 1212 617 1240 nOS,
632 1204 665 1232 ὃς
677 1202 783 1239 ipsum,
803 1203 835 1232 &
850 1203 978 1232 homines
997 1202 1122 1239 nostros,
1135 1202 1168 1231 δὲ

114 1242 177 1310 gnos
191 1241 312 1272 totaliter
325 1239 504 1271 reformanda
518 1263 528 1279 ‚
543 1240 630 1270 taliter
645 1240 788 1279 provisum
809 1240 862 1270 fuit
878 1242 910 1271 ἅτ
926 1239 1108 1279 εοηάἰὲὶυῐη,
1127 1240 1170 1270 vi-

136 1281 214 1310 elicet

157 1302 249 1357 Qo'd
262 1316 378 1347 dilec'tus
388 1315 422 1347 &
437 1311 522 1346 fidelis
535 1315 630 1346 noster
637 1315 778 1354 Johannes
796 1314 831 1345 de
845 1316 970 1346 Luvetot
980 1337 989 1354 ,
1007 1317 1040 1347 &
1057 1315 1169 1354 quidam

117 1356 182 1387 alius
195 1356 231 1386 de
246 1356 345 1386 nostris
359 1354 481 1384 fidelibus
494 1376 503 1391 ,
522 1364 608 1393 quem
620 1354 655 1384 ad
667 1354 723 1384 hoc
738 1353 932 1390 assignaremus
945 1378 954 1390 Ἰ
972 1364 1024 1393 pro
1037 1356 1119 1385 nobis
1138 1355 1171 1384 ὃς

117 1394 272 1424 haeredibus
292 1393 393 1424 nostris
413 1400 503 1431 partes
520 1392 627 1423 adirent
649 1393 753 1429 praefati
768 1391 891 1422 Comitis
905 1415 915 1430 ,
933 1393 966 1423 ad
987 1394 1106 1431 querelas
1123 1402 1173 1422 eo-

119 1433 248 1463 rumdem
269 1432 419 1461 hominum
435 1429 597 1460 nostrorum
617 1431 652 1461 de
674 1430 929 1469 transgressionibus
944 1432 977 1462 &
997 1432 1119 1469 injuriis,
1136 1432 1174 1461 eis

120 1481 170 1509 per
188 1471 314 1500 homines
326 1469 406 1506 ipsius
420 1467 542 1498 Comitis
556 1469 634 1499 factis
643 1493 653 1508 ,
671 1470 726 1500 una
740 1479 807 1499 cum
820 1468 982 1508 quibusdam
1001 1469 1036 1499 de
1049 1469 1173 1500 fidelibus

122 1509 242 1548 ejusdem
263 1506 387 1538 Comitis
400 1530 409 1544 .,
427 1516 498 1544 quos
515 1507 550 1537 ad
566 1507 624 1537 hoc
641 1507 831 1546 deputaverit,
849 1507 1018 1538 audiendum
1034 1509 1066 1538 &
1082 1509 1175 1546 inqui-

123 1547 243 1578 rendum
256 1569 265 1584 ,
284 1546 317 1576 &
336 1545 370 1576 ad
385 1545 581 1576 satisfactiones
601 1547 634 1576 &
651 1545 781 1576 emendas
792 1545 827 1575 de
843 1545 943 1576 eisdem
958 1545 1176 1585 transgreffioni-

122 1587 192 1623 bus,
206 1586 283 1624 juxta
293 1583 452 1622 qualitatem
465 1583 645 1622 earumdem,
663 1585 781 1614 nomine
795 1583 894 1614 nostro
909 1607 918 1622 ,
933 1586 966 1615 ὅ(
979 1586 1058 1623 vice,
1074 1587 1106 1616 ὃ(
1122 1595 1175 1614 no-

124 1625 202 1655 mine
217 1622 416 1661 praedkfitorum
431 1621 582 1653 hominum
594 1621 756 1653 nostrorum
765 1646 775 1661 ,
792 1622 1001 1661 recipiendum,

160 1662 199 1692 Et
219 1661 341 1691 iimiliter
358 1683 368 1699 ,
384 1660 461 1698 quod
473 1658 532 1690 duo
545 1661 581 1690 de
592 1659 718 1691 fidelibus
737 1661 816 1700 iplius
829 1660 967 1700 Comitis,
984 1672 1054 1699 quos
1068 1661 1102 1691 ad
1118 1661 1175 1692 hoc

123 1699 295 1740 deputaverit
303 1721 313 1738 ,
329 1700 384 1728 una
397 1708 464 1728 cum
477 1697 641 1735 quibusdam
653 1699 689 1729 de
701 1698 826 1729 fidelibus
839 1699 955 1737 nostris,
970 1699 1176 1730 ordinationem

123 1738 304 1780 praedffiam,
319 1736 421 1766 faciam
437 1736 507 1766 inter
514 1736 644 1767 homines
658 1737 778 1776 ejusdem
787 1736 910 1768 Comitis
924 1739 958 1769 ὃ(
971 1739 1099 1769 homines
1111 1749 1178 1768 nos-

125 1787 183 1808 tros
192 1799 202 1813 ,
220 1775 297 1815 super
311 1773 565 1814 transgressionibus
577 1774 752 1814 hujusmodi,
765 1776 794 1805 in
810 1775 915 1806 Reano
923 1776 1039 1815 nostro,
1052 1787 1120 1808 cum
1136 1777 1178 1807 su-

125 1825 175 1854 per
188 1815 246 1845 hoc
264 1815 299 1845 ab
312 1812 413 1843 eodem
426 1812 544 1843 Comite
558 1814 602 1844 vel
617 1813 668 1844 suis
681 1814 843 1844 hominibus
856 1801 990 1846 fuerimus
1004 1815 1140 1855 requisiti:

164 1852 232 1883 Nos
245 1853 254 1881 i
274 1853 347 1889 itur,
364 1851 400 1882 de
415 1850 544 1882 fidelitate
572 1852 680 1883 raedicti
690 1852 828 1891 Johannis
840 1853 875 1883 de
890 1853 1033 1892 Luvetot,
1049 1855 1082 1884 &
1095 1854 1181 1884 dilec-

126 1893 193 1923 ti&
206 1890 259 1921 fide
270 1891 290 1921 is
303 1889 393 1920 nostri
407 1888 538 1929 Magistri
549 1862 641 1921 Elem.
659 1890 694 1921 de
711 1890 841 1922 Newerk
856 1891 1058 1922 Archidiaconi
1074 1892 1182 1922 Riche-

127 1929 254 1962 mundiae
263 1951 272 1966 ,
290 1927 481 1966 confidentes,
500 1929 537 1958 eis
549 1929 743 1959 commisimus
755 1939 790 1959 ne
810 1932 867 1960 otia
881 1930 1034 1968 supradieta
1047 1931 1183 1961 audienda

130 1970 166 2000 &
179 1966 365 2005 terminanda,
379 1967 455 2004 juxta
469 1967 674 1997 ordinationem
691 1968 778 2007 praedi
810 1978 857 1999 am
866 1969 931 1999 inde
943 1970 1064 2006 factam,
1081 1970 1183 2007 &jux-

129 2016 157 2038 ta
179 2006 346 2045 exigentiam
369 2005 549 2042 negotiorum
592 2005 792 2044 raedictorum,
807 2008 841 2038 &
863 2016 946 2044 prout
966 2009 1065 2045 nobis,
1081 2009 1114 2038 &
1129 2009 1184 2038 ho-

132 2046 257 2075 minibus
269 2043 385 2081 nostris,
403 2043 436 2074 &
452 2043 543 2073 eidem
589 2045 671 2074 omiti
685 2067 694 2082 ,
711 2045 744 2075 ὃς
759 2044 922 2076 hominibus
936 2045 986 2076 suis
998 2069 1008 2084 ,
1033 2047 1120 2085 magis
1142 2048 1186 2076 vi-

129 2083 223 2113 derint
246 2082 416 2117 convenire;
436 2082 469 2112 &
490 2082 525 2112 ad
546 2082 739 2112 stitisfaetiones
762 2085 794 2113 δε
810 2085 940 2114 emendas
965 2085 1001 2114 de
1022 2084 1186 2123 praemiffis,

128 2122 200 2153 sicut
213 2120 384 2159 praedictum
398 2118 456 2158 est,
474 2119 666 2160 recipiendum
678 2121 757 2159 juxta
770 2122 979 2153 ordinationem
994 2122 1185 2160 supradietam.

164 2201 200 2233 In
219 2202 312 2240 cujus,
332 2202 393 2233 &c.

168 2281 236 2313 Dat·
250 2282 323 2321 apud
340 2282 462 2322 Ospring
481 2293 524 2314 10.
537 2283 583 2315 die
596 2278 734 2324 Augusti,
751 2276 827 2316 anno
841 2285 966 2316 Domini
982 2286 1064 2317 1281.

133 2421 222 2454 Bulla
243 2426 384 2456 Martini
410 2427 491 2469 Papae
505 2434 559 2469 per
578 2435 670 2468 quam
682 2424 864 2470 sitpplicavit
885 2427 957 2471 Regi
982 2425 1096 2470 Angliae
1115 2425 1196 2472 quod

174 2470 306 2515 sblveret
322 2484 457 2504 annuum
471 2472 590 2516 cenfhm
608 2470 643 2503 de
661 2473 841 2519 Arreragit's
861 2475 957 2504 trium
975 2484 1132 2507 annorum.

140 2557 336 2618 MArtinus
347 2559 516 2600 Episcopus,
535 2560 627 2591 servus
641 2560 782 2591 servorum
796 2559 852 2590 Dei
861 2560 1017 2599 ,cariffimo
1031 2562 1060 2591 in
1076 2561 1195 2592 Christo

235 2598 308 2628 Filio
412 2598 489 2639 Regi
500 2598 610 2638 Angliae
624 2598 736 2638 illustri,
754 2599 865 2629 salutem
880 2600 913 2630 ὃ(
929 2599 1127 2637 Apostolicam
1146 2602 1196 2632 be-

140 2635 343 2667 nediffionem.

180 2675 302 2714 Quanto
317 2685 381 2716 erga
394 2675 558 2706 Romanam
573 2675 728 2706 Ecclesiam
745 2674 872 2706 Matrem
893 2684 970 2707 tuam
986 2699 994 2715 ‚
1010 2677 1134 2708 uberiori
1148 2676 1198 2707 de-

140 2716 256 2744 votione
268 2715 400 2744 novimus
414 2722 441 2744 te
455 2714 581 2752 fervere,
598 2722 677 2745 tanto
690 2715 872 2750 sinceritatem
886 2723 963 2745 tuam
975 2715 1008 2744 ad
1019 2725 1050 2744 ea
1063 2738 1073 2754 ,
1092 2717 1120 2745 in
1137 2716 1198 2754 qui-

140 2753 191 2782 bus
206 2751 299 2782 eidem
310 2752 444 2783 Ecclesiae
461 2753 561 2782 teneris
578 2762 610 2782 ex
624 2751 723 2782 debito
739 2752 889 2783 fiducialius
905 2753 1004 2783 nostris
1018 2753 1111 2784 litteris
1123 2754 1199 2784 exci-

139 2799 245 2828 tamus,
258 2790 393 2827 sperantes
408 2799 439 2821 ut
453 2800 489 2820 eo
502 2791 629 2820 libentius
642 2791 675 2821 ὃς
687 2790 823 2821 liberalius
837 2792 965 2821 debitum
984 2791 1074 2830 ipsum
1093 2792 1198 2830 solvas,

138 2839 197 2869 quo
211 2839 246 2859 ex
258 2829 316 2860 hoc
332 2826 457 2869 Regium
472 2829 613 2859 honorem
627 2828 770 2859 studiofius
783 2830 910 2869 prosequi
923 2831 956 2861 ὃς
970 2831 1197 2862 benevolentiam

137 2867 263 2899 nostram
278 2868 387 2898 uberius
400 2868 521 2898 nosceris
534 2868 699 2905 promereri.

177 2905 256 2936 Cum
271 2907 354 2945 igitur
367 2906 461 2936 census
473 2916 581 2936 annuus
597 2906 671 2936 mille
685 2905 778 2936 Marc.
792 2905 921 2946 Sterling.
937 2917 952 2937 a
967 2915 1011 2945 te,
1027 2907 1096 2938 ficut
1112 2907 1198 2945 nosti,

142 2944 286 2981 praedic'tae
308 2943 440 2974 Ecclesia:
459 2944 591 2979 debeatur
605 2967 614 2982 ,
630 2944 769 2984 fueritque
790 2946 843 2981 jam
857 2955 906 2985 per
921 2946 1088 2976 Triennium
1102 2948 1197 2984 proxi-

143 2991 195 3011 mo
215 2983 385 3019 ptaeteritum
410 2983 439 3011 in
463 2982 543 3022 ipsius
565 2982 703 3013 solutione
723 2982 857 3013 cessatum
871 3006 881 3022 ,
900 2984 933 3014 ὃς
956 2985 1040 3015 etiam
1053 2995 1107 3023 pro
1121 2995 1196 3015 anno

141 3019 284 3058 praesenti,
301 3019 480 3050 terminando
495 3021 523 3049 in
537 3021 670 3058 proximo
685 3020 828 3051 debeatur:

176 3057 360 3088 Serenitatem
375 3059 480 3097 regiam
494 3059 656 3096 requirimus
670 3059 703 3089 ὃς
716 3068 847 3099 rogamus
861 3069 967 3092 attente
981 3084 991 3099 ,
1009 3072 1059 3102 per
1072 3062 1197 3100 Aposto-

141 3096 194 3125 lica
210 3097 261 3126 tibi
283 3095 381 3136 scripta
402 3095 563 3126 mandantes
578 3119 587 3133 ,
608 3096 732 3134 quatinus
746 3099 869 3128 eundem
885 3099 1009 3130 Censurn
1026 3111 1079 3138 pro
1093 3102 1196 3131 Trien-

141 3134 191 3163 nio
208 3134 360 3173 praedidto,
379 3133 479 3165 &isto
492 3134 619 3173 praesenti
632 3145 710 3165 anno
723 3160 733 3175 ‚
751 3136 868 3167 Dilecto
884 3138 957 3168 Filio
973 3137 1115 3178 Magistro
1130 3139 1196 3169 Gis-

141 3172 243 3211 fredo,
260 3172 392 3203 Camerae
411 3172 515 3202 nostrae
538 3171 672 3210 Clerico,
691 3174 721 3203 in
742 3174 852 3215 Angliae
873 3179 1082 3216 commoranti,
1098 3177 1195 3208 nostro

141 3212 174 3240 δε
193 3210 329 3254 ‘Ecclesiae
349 3210 493 3250 praedictae
514 3211 632 3240 nomine
645 3234 655 3250 ,
671 3211 751 3243 facias
766 3214 873 3254 integre
887 3238 897 3254 ,
915 3225 947 3246 ac
961 3215 1105 3246 liberaliter
1118 3216 1197 3255 aflig-

140 3258 208 3278 nari.

175 3286 218 3318 Ita
239 3287 316 3325 quod
335 3297 388 3317 nos
400 3310 410 3325 ,
429 3287 457 3317 id
480 3295 588 3326 gratum
605 3286 751 3327 habentes,
769 3291 1005 3330 magnificentiam
1019 3301 1096 3323 tuam
1111 3292 1196 3331 poffi-

139 3335 204 3356 mus
215 3326 314 3356 exinde
326 3327 430 3356 merito
442 3325 648 3357 commendare.

178 3404 246 3449 Dat.
270 3406 342 3446 apud
362 3405 479 3438 Urbem
500 3413 623 3436 veterem
647 3415 690 3437 12.
714 3406 777 3438 Kal.
799 3408 876 3450 Sept.
891 3409 998 3443 Pontis.
1015 3404 1104 3443 nostri
1121 3420 1196 3442 anno

143 3454 247 3482 primo.
557 3465 560 3469 -

903 3529 1024 3568 Sigillum
1038 3530 1114 3571 deest.

185 3653 212 3684 ³¹&
236 3661 284 3693 De
295 3662 421 3706 pecnnia
438 3656 562 3692 Roberto
575 3657 828 3739 {ebBrustomiti
845 3659 881 3692 de
899 3663 1150 3706 l<ar7·1ckn1utsaeo

600 3721 608 3739 Ι
631 3719 702 3739 eran
724 3719 753 3740 νῖο

142 3794 270 3850 REX
288 3795 476 3827 Bonrunonio
490 3795 525 3826 de
541 3795 624 3834 Luk,
642 3796 675 3826 &
690 3795 796 3825 Saritsto
811 3795 903 3827 Merc.
919 3797 954 3828 de
968 3799 1034 3830 Lult
1046 3801 1168 3832 salutem.

252 3834 330 3872 Qia
340 3836 458 3866 dilectus
470 3835 640 3865 Bachelarius
655 3833 764 3871 noster,
784 3833 928 3865 Robertus
939 3837 974 3867 de
989 3839 1072 3878 Brus,
1086 3839 1200 3870 Comes

143 3871 178 3902 de
193 3870 331 3912 Karrick,
348 3874 467 3913 pecunia
478 3873 583 3912 indiget
595 3873 628 3903 ad
644 3872 770 3912 praesens.

182 3908 244 3939 VOS
262 3919 390 3949 rogamus
408 3920 541 3951 quatenus
560 3911 651 3942 eidem
671 3910 781 3940 Comiti
805 3919 906 3941 mutuo
928 3913 999 3944 tradi
1016 3915 1135 3954 faciatis,
1150 3916 1195 3946 vel

150 3987 192 4016 bis
206 3995 248 4014 eas
259 3986 376 4024 persolvi
389 3988 533 4020 faciemus:

175 4027 247 4054 Tom.
266 4027 290 4053 I.
311 4027 344 4054 P.
364 4028 412 4055 11.

1186 274 1241 306 suas
1255 284 1394 316 patenteS,
1410 283 1600 320 receptionem
1612 282 1696 312 dietae
1709 285 1836 320 pecuniae
1850 284 2032 317 testificantes³

1208 152 1675 200 PUssLich
2168 148 2247 210 193²

1223 236 1275 276 Et,
1293 248 1359 268 cum
1372 243 1520 279 pecuniam
1540 243 1614 274 illam
1628 244 1652 273 ei
1665 246 1854 275 mutuavenri„
1870 269 1879 284 ,
1894 243 2030 284 'recipiatis
2047 243 2082 278 ab
2098 252 2134 277 eo
2148 246 2236 276 literas
2248 237 2322 277 Arm.
2335 236 2376 274 ὒν

2294 294 2308 306 „,

2246 284 2360 351 effigi!

1226 355 1311 386 Teste
1328 356 1408 396 Rege
1421 359 1492 398 apud
1507 359 1640 399 VVyndes.
1658 371 1701 391 10.
1715 362 1761 392 die
1776 363 1953 401 Septembris.

1192 575 1267 636 M

1212 486 1317 521 Literd
1335 488 1500 536 Apostolica
1510 493 1599 539 fiaeper
1617 492 1788 528 liberatione
1804 496 1958 529 Almarici
1973 495 2008 529 de
2022 495 2215 540 Mentefor'ti.

1276 578 1390 610 Artinus
1403 580 1571 622 Episcopus,
1590 582 1679 613 servus
1692 583 1835 614 servorum
1848 583 1923 621 Dei,
1941 581 2044 614 dileeto
2057 583 2129 614 Filio
2143 583 2242 622 magis·
2258 592 2333 623 Αῃῃ,
2350 589 2389 620 Β,

1286 626 1331 647 tro
1347 618 1536 659 Reymundo,
1556 620 1678 651 Decano
1692 621 1824 651 Ecclefiae
1837 621 1975 652 Aviciens.
2277 629 2362 660 1281;

1232 655 1386 692 Capellano
1398 657 1498 688 nostro
1512 659 1623 689 salutem
1640 660 1672 689 &
1692 659 1886 698 Apostolicam
1905 659 2139 690 benedictionem:
2255 674 2308 698 An.
2328 677 2356 703 9.

1233 694 1332 732 Olim,
1350 704 1419 724 cum
1440 696 1473 725 ad
1489 719 1498 734 ,
1516 694 1602 727 felicis
1623 698 1822 728 recordationis
1835 721 1845 737 ,
1863 698 2000 728 Nicholai
2015 697 2117 737 Papae,
2135 696 2242 735 praede-
2253 713 2283 736 E·
2309 716 2332 736 ι,

1197 732 1311 763 cessoris
1332 733 1419 764 nostri
1433 750 1442 771 ,
1460 734 1629 768 audientiam
1650 735 1814 773 pervenisset
1827 759 1837 775 ,
1851 737 1928 775 quod
1952 735 2081 766 Dileetus
2095 736 2177 766 Filius
2192 735 2243 766 Al·
2253 752 2285 775 L.
2294 748 2328 772 A,
2337 741 2365 781 f„

1198 772 1318 800 mai-icus
1332 770 1367 800 de
1381 770 1744 814 Monteforti,Capellanus
1757 774 1870 813 noster,
1879 776 1947 805 dum
1962 775 2094 804 dileetam
2108 776 2137 803 in
2144 774 2244 804 Chris-
2273 784 2319 811 08,
2331 791 2358 810 a.

1195 818 1227 839 to
1244 809 1341 838 Filiam
1352 808 1493 840 Nobilem
1511 811 1659 842 Mulierem
1673 835 1682 850 ‚
1701 813 1736 842 A.
1757 812 1881 843 sororem
1896 814 1987 850 suam,
2005 821 2120 842 uxorem
2138 811 2247 841 Dileeti
2258 823 2390 850 Pmmca„

1197 847 1262 876 Filii
1277 846 1392 876 Nobilis
1406 849 1475 886 viri,
1494 849 1629 886 Principis
1642 850 1685 880 W
1687 851 1754 880 alliae
1764 872 1773 888 ,
1791 861 1838 887 per
1853 860 1940 889 partes
1954 853 2119 888 maritimas,
2138 850 2245 889 Regno
2254 867 2348 889 metat⁴

1199 885 1310 929 Angliae
1324 885 1439 923 vicinaS,
1458 886 1491 916 ad
1507 887 1632 918 eundum
1653 888 1814 928 Principem
1824 889 2001 919 conducebat
2017 913 2026 927 ,
2040 889 2168 928 laqueum
2183 898 2249 926 cap-

1199 932 1284 953 tlonls
1300 932 1469 961 11161.ῐῖΐέἶόἶᾷ

1237 960 1274 991 Et
1287 961 1363 1000 quod
1377 961 1527 992 karissimus
1540 964 1570 992 in
1586 963 1701 994 Christo
1714 964 1799 994 Filius
1814 965 1907 995 noster
1919 965 1983 995 Rex
1997 965 2108 1004 Angliae
2127 963 2252 1002 illustris,

1202 1008 1335 1041 eventum
1350 998 1504 1037 hujusmodi
1521 1010 1580 1030 non
1594 1001 1696 1040 absque
1708 1002 1810 1032 affe&u
1824 1001 2023 1042 compassionis
2037 1004 2250 1041 iiitelliffens,de

1203 1038 1394 1068 coniervando
1407 1038 1508 1067 sororis
1522 1038 1665 1075 praeditstae
1684 1041 1790 1077 pudore
1804 1040 1852 1069 libi
1871 1041 2060 1071 sollicitudinis
2076 1028 2196 1071 stuciium
2212 1043 2253 1071 vi-

1203 1076 1310 1114 gilantis
1324 1075 1459 1109 indiderat
1472 1099 1481 1113 ,
1499 1078 1679 1115 procurando
1694 1078 1839 1116 benignius
1851 1086 1881 1107 ut
1896 1079 1997 1108 nobilis
2016 1080 2113 1109 eadem
2125 1079 2254 1109 traduce-

1205 1123 1278 1144 retur
1299 1112 1333 1143 ad
1354 1114 1464 1150 virum,
1483 1114 1614 1153 quodque
1632 1113 1676 1145 Ca
1697 1115 1795 1145 ellanus
1815 1116 1959 1153 praefatus,
1976 1126 2009 1145 ex
2024 1118 2200 1147 ordinatione
2215 1118 2258 1147 fe-

1206 1152 1266 1181 licis
1286 1152 1485 1182 recordationis
1505 1152 1642 1189 joliannis
1688 1163 1747 1190 apte
1768 1153 1978 1184 Praedecess'oris
1995 1155 2050 1192 sui,
2068 1156 2117 1185 sub
2131 1166 2256 1193 quorun-

1208 1190 1272 1220 dam
1286 1189 1472 1226 Praelato'rum
1486 1189 1554 1220 dieti
1568 1189 1662 1229 Regni
1679 1190 1804 1222 custodia
1817 1193 2011 1231 permanebat,

1246 1227 1349 1257 Didius
1362 1227 1523 1258 Nicholaus
1536 1229 1721 1267 praedcceffor
1734 1231 1809 1260 circa
1831 1230 2023 1260 liberationem
2038 1230 2116 1268 ipsius
2131 1229 2259 1267 Capella-

1209 1267 1240 1296 ni
1255 1275 1409 1304 quantum,
1425 1266 1577 1297 secundum
1592 1267 1688 1298 Deum
1698 1291 1707 1305 ,
1722 1268 1754 1298 δὲ
1769 1267 1868 1307 absque
1883 1269 2040 1298 turbatione
2052 1269 2136 1298 statiis
2151 1267 2260 1306 pacifici

1209 1305 1276 1335 dieti
1291 1304 1386 1343 Regni
1402 1314 1507 1342 poterat
1522 1328 1531 1343 ,
1545 1305 1657 1336 solerter
1670 1306 1816 1336 intendens
1830 1329 1839 1344 ‚
1856 1317 1891 1337 ne
1904 1307 2004 1337 diuu‘tis
2019 1308 2146 1346 praefatus
2159 1306 2261 1343 Capel-

1209 1343 1285 1373 lanus
1299 1342 1467 1373 detentionis
1481 1342 1638 1381 hujusmodi
1653 1345 1739 1374 taedio
1772 1354 1920 1375 ravaretur:
1982 1376 1985 1379 ,

1250 1381 1364 1411 Attente
1376 1391 1489 1421 quoque
1504 1382 1679 1412 confidemus
1691 1393 1728 1420 qu
1782 1385 1814 1414 &
1829 1384 1933 1422 pietatis
1951 1381 2065 1414 affeetio
2078 1407 2087 1420 ,
2103 1384 2176 1414 circa
2191 1392 2262 1420 prae-

1211 1419 1334 1457 dic'tam,
1350 1419 1418 1449 sicut
1433 1421 1624 1458 praemittitur,
1641 1421 1744 1451 servata
1757 1422 1895 1460 lotorem,
1914 1432 1946 1452 ac
1960 1424 2097 1452 memoria
2112 1422 2264 1462 sanguinis,

1213 1468 1272 1496 quo
1287 1459 1378 1488 eidem
1398 1456 1553 1495 Capellano
1569 1458 1633 1488 Rex
1648 1459 1704 1496 ipse
1717 1460 1895 1490 conneffitur
1910 1483 1919 1497 ,
1939 1460 2072 1499 Regalem
2086 1463 2211 1491 animum
2229 1460 2264 1488 ad

1212 1506 1278 1526 eum
1292 1496 1474 1526 verisimiliter
1487 1497 1620 1526 inclinare
1631 1497 1762 1536 debebat,
1782 1496 1886 1535 sibique
1900 1499 2009 1529 sontem
2024 1501 2128 1536 aperire
2140 1499 2264 1530 dulcedi-

1214 1536 1255 1564 nis
1269 1534 1361 1564 cordis
1375 1534 1412 1564 sui
1422 1558 1430 1572 ,
1450 1543 1477 1564 te
1490 1535 1524 1565 ad
1538 1535 1659 1565 eundem
1674 1535 1785 1575 Regem
1800 1537 1948 1573 specialiter
1962 1537 2120 1568 destiiiavit:
2138 1549 2202 1568 eum
2218 1546 2266 1575 per

1214 1573 1270 1603 suas
1287 1573 1387 1603 litteras
1400 1582 1501 1611 rogans
1516 1574 1646 1603 attentius
1659 1596 1669 1611 ,
1685 1583 1716 1604 ut
1737 1585 1790 1611 pro
1804 1579 1847 1605 lua
1862 1576 1894 1605 &
1911 1576 2085 1612 Apostolictc
2105 1577 2171 1607 sedis
2187 1588 2265 1608 reve·

1215 1612 1319 1650 rentia,
1335 1612 1410 1641 circa
1424 1612 1622 1641 liberationem
1636 1612 1770 1642 Almarici
1780 1614 1839 1651 jam
1849 1613 1934 1651 dicti,
1954 1615 1990 1644 lic
2004 1625 2090 1654 opem
2102 1616 2135 1646 ὃς
2148 1625 2266 1653 operam

1216 1649 1343 1679 efficaces
1359 1650 1548 1687 impenderet,
1565 1660 1685 1690 eumque
1697 1650 1973 1690 faceret,postq·=.iam
1989 1653 2114 1684 existeret
2128 1655 2270 1693 liberatus,

1216 1696 1292 1718 extra
1313 1687 1449 1726 Regnum
1472 1688 1636 1725 praediAEhi‘m
1652 1712 1661 1727 ,
1679 1688 1727 1718 sub
1749 1689 1845 1719 favore
1866 1690 1952 1729 Regis
1967 1715 1977 1728 ,
1997 1691 2079 1729 usque
2094 1691 2127 1722 ad
2142 1692 2203 1722 loca
2215 1694 2267 1723 sibi

1214 1735 1272 1770 tuta
1290 1727 1436 1764 conduci,
1456 1726 1534 1764 quod
1554 1726 1652 1756 exinde
1671 1727 1753 1764 ipsius
1770 1727 1857 1768 Regis
1878 1729 2001 1759 nominis
2019 1731 2108 1768 gloria
2122 1730 2267 1768 susciperet

1215 1770 1423 1795 incrementum
1433 1777 1442 1803 3

1253 1802 1291 1833 Et
1306 1813 1342 1833 ne
1351 1826 1361 1841 ,
1381 1812 1515 1841 praetextu
1529 1804 1666 1842 captionis
1679 1803 1723 1835 seu
1736 1804 1907 1835 detentionis
1926 1805 2005 1844 hujus
2017 1830 2027 1844 ,
2042 1806 2209 1837 simultatem
2223 1807 2271 1838 ali-

1218 1852 1304 1880 quam
1325 1841 1468 1873 suscitandi
1488 1843 1577 1880 aliqua
1597 1843 1710 1873 occasio
1751 1844 1900 1874 raeberetur
1913 1845 1946 1874 ὃς
1961 1843 2052 1874 eidem
2068 1844 2191 1883 Regno,
2205 1845 2272 1884 ejus-

1220 1887 1275 1918 que
1290 1879 1390 1910 incolis
1408 1880 1520 1918 alicujus
1538 1880 1672 1911 timendae
1691 1889 1736 1911 tur
1757 1882 1855 1912 ationis
1874 1884 1986 1912 materia
2001 1882 2150 1914 sumeretur
2167 1894 2172 1912 z
2190 1885 2205 1913 a
2227 1893 2272 1922 te,

1221 1928 1271 1956 per
1286 1918 1348 1948 alias
1363 1919 1419 1949 suas
1434 1918 1535 1949 litteras
1545 1942 1554 1958 ,
1572 1919 1706 1949 nonnulla
1726 1920 1884 1959 exequenda
1901 1943 1911 1958 ,
1929 1922 1960 1951 <Sc
1976 1922 1990 1950 {i
2003 1921 2139 1958 praedicro
2152 1922 2275 1953 Almari-

1222 1967 1260 1987 co
1272 1956 1400 1987 facienda
1414 1957 1556 1996 providit,
1572 1967 1621 1995 per
1633 1967 1698 1996 quae
1717 1957 1796 1996 hujus
1810 1958 1894 1996 possit
1908 1959 2016 1989 obviari
2031 1960 2162 1996 periculis
2175 1959 2209 1991 ab
2226 1961 2274 1991 ali-

1222 1995 1322 2033 quibus
1342 1996 1531 2034 credebatur·,
1556 1995 1686 2026 videlicet
1700 2019 1710 2034 ,
1748 1996 1806 2026 uod
1829 1997 1848 2026 si
1870 1997 1997 2033 praefatus
2018 1998 2173 2029 Alrnaricus
2189 2007 2278 2029 certae

1222 2034 1324 2064 formae
1338 2034 1368 2063 in
1379 2033 1536 2073 praedietis,
1554 2034 1588 2064 ad
1603 2034 1723 2065 eundern
1763 2044 1842 2074 egem
1854 2035 1964 2066 direffis
1973 2059 1983 2074 ‚
2001 2036 2096 2066 litteris
2108 2037 2279 2076 simpliciter,

1223 2072 1348 2102 absolute
1364 2083 1397 2102 ac
1410 2073 1495 2102 libere
1509 2073 1695 2111 consentiret,

1263 2108 1313 2141 De
1333 2121 1393 2149 quo
1414 2109 1528 2150 quidem
1549 2110 1686 2141 consensu
1708 2108 1799 2142 libero
1821 2112 1911 2143 voluit
1925 2120 2096 2143 memoratus
2118 2112 2282 2145 Nicholaus

1223 2148 1433 2187 Praedeceffor,
1450 2157 1481 2179 ut
1495 2157 1525 2180 tu
1539 2149 1738 2189 cognosceres,
1756 2151 1790 2181 &
1802 2150 1946 2189 diligenter
1958 2151 2101 2182 adhiberes
2114 2151 2279 2183 industriam

1225 2189 1260 2219 ὃς
1282 2188 1417 2219 cautelam
1430 2211 1440 2227 ,
1458 2197 1495 2217 ne
1517 2187 1591 2219 forte
1609 2187 1640 2218 in
1661 2187 1806 2228 posterum
1827 2189 1843 2218 a
1856 2189 2125 2229 calumpniatoribus
2137 2191 2284 2221 consensus

1227 2226 1306 2265 liujus
1320 2227 1427 2257 dicetur
1445 2234 1566 2256 extortus
1577 2251 1587 2266 ,
1603 2227 1638 2256 ab
1654 2227 1758 2257 eodem
1773 2224 1936 2265 Almarico,
1950 2228 2151 2266 obligationem
2170 2239 2284 2266 recepe-

1228 2266 1264 2295 ris
1279 2288 1288 2302 ,
1309 2264 1452 2303 corporali
1469 2265 1596 2309 praestito
1610 2265 1778 2304 Juramento
1789 2288 1799 2303 ,
1818 2265 1896 2303 quod
1916 2275 2104 2296 memoratum
2123 2267 2257 2306 Regnum
2272 2290 2283 2306 ‚

1229 2303 1332 2341 absque
1344 2300 1519 2341 Apostolicae
1534 2303 1612 2334 Sedis
1627 2304 1748 2341 expressa
1760 2304 1871 2334 licentia
1885 2327 1895 2342 ,
1912 2305 1990 2334 nullo
2005 2315 2141 2342 uniquam
2155 2315 2284 2343 tempore

1230 2343 1388 2372 reintraret:
1410 2341 1557 2381 Qiodque
1576 2342 1595 2372 si
1618 2342 1748 2379 praefatus
1764 2342 1919 2372 Almaricus
1934 2343 2072 2379 Regnum
2087 2343 2192 2382 ipsum,
2209 2344 2285 2374 alias-

1231 2391 1285 2421 que
1300 2389 1383 2411 terras
1395 2380 1474 2410 dieto
1490 2379 1565 2420 Regi
1579 2380 1728 2418 subpedias,
1747 2390 1795 2417 per
1806 2380 1847 2418 se,
1865 2381 1911 2412 vel
1924 2391 1973 2417 per
1987 2381 2069 2418 alios,
2088 2381 2225 2412 hostiliter
2234 2393 2283 2412 ne-

1252 2429 1284 2449 ua
1305 2428 1369 2449 uam
1382 2417 1540 2456 invaderet,
1557 2429 1610 2449 nec
1624 2420 1708 2449 etiam
1727 2427 1893 2457 occuparet,
1912 2429 1966 2449 nec
1980 2418 2074 2449 invadi
2088 2420 2132 2449 vel
2148 2421 2285 2460 occupari

1230 2429 1267 2488 gb
1280 2428 1334 2487 :llio
1348 2465 1522 2494 procuraret:
1543 2456 1582 2487 Et
1593 2457 1612 2486 si
1626 2457 1701 2487 secus
1716 2456 1789 2486 forte
1803 2457 1996 2495 praesumeret,
2012 2460 2289 2489 excommunicatio-

1231 2496 1272 2525 nis
1285 2495 1436 2532 sententia,
1453 2504 1537 2534 quam
1551 2504 1599 2533 per
1615 2503 1642 2524 te
1657 2495 1720 2524 ferri
1737 2495 1826 2525 voluit
1839 2496 1870 2525 in
1883 2495 2022 2534 eundem,
2041 2496 2138 2536 ligatus
2148 2497 2286 2535 existeret,

1232 2534 1265 2564 δε
1279 2534 1412 2563 omnibus
1430 2533 1450 2552 ³*
1470 2530 1667 2563 Ecclesiasticis
1680 2532 1839 2572 beneficiis,
1856 2543 1889 2564 ac
1903 2534 2049 2573 privilegio
2063 2535 2182 2565 clericali
2196 2536 2287 2574 priva·
2302 2541 2365 2571 ⁴⁶11.
2377 2545 2437 2577 17⁴9¹

1234 2580 1293 2609 ωε,
1311 2572 1344 2603 &
1360 2582 1408 2611 per
1423 2579 1450 2602 te
1463 2571 1497 2601 ad
1512 2571 1556 2601 illa
1571 2572 1732 2601 redderetur
1748 2572 1852 2601 inabilis
1866 2573 1911 2602 vel
1924 2573 1973 2601 alia
1987 2573 2156 2609 optinenda:

1271 2604 1309 2640 Et
1327 2610 1404 2650 quod
1417 2633 1427 2648 ,
1453 2609 1604 2678 postquam
1618 2610 1694 2639 idem
1714 2609 1819 2639 Almar.
1833 2609 1867 2640 ad
1883 2611 1945 2640 loca
1960 2619 2018 2641 tuta
2041 2610 2135 2650 Regni
2157 2608 2180 2641 F
2181 2615 2287 2644 ranciae

1234 2650 1394 2687 peveniret,
1412 2649 1451 2678 ob
1464 2649 1613 2687 igationem
1627 2648 1744 2678 similem
1760 2658 1924 2687 renovaret,
1941 2659 2005 2679 eam
2021 2650 2069 2679 sub
2083 2651 2240 2686 juramento
2254 2652 2287 2682 δὲ

1234 2688 1326 2725 poenis
1340 2687 1489 2726 similibus,
1506 2687 1555 2718 sibi
1569 2695 1618 2727 per
1632 2695 1659 2718 te
1671 2686 1867 2725 imponendis,
1883 2688 1927 2719 vel
1937 2689 2023 2718 etiam
2035 2687 2209 2728 infligendis,
2226 2700 2291 2728 per-

1235 2728 1323 2764 petuo
1338 2726 1501 2756 servaturus:

1274 2764 1384 2803 Qod,
1403 2765 1422 2794 si
1443 2763 1594 2804 postquam
1614 2764 1649 2794 ad
1664 2765 1727 2795 loca
1746 2773 1803 2795 tuta
1823 2764 1932 2795 di&um
1948 2764 2126 2796 Almaricum
2143 2768 2289 2804 pervenire

1236 2805 1431 2842 contingeret,
1450 2803 1504 2841 ipse
1517 2803 1574 2832 obli
1597 2805 1719 2833 ationem
1735 2814 1793 2834 non
1814 2812 1961 2834 renovaret
1975 2804 2110 2842 eandem,
2128 2813 2174 2834 aut
2190 2815 2289 2836 contra

1236 2841 1397 2879 praemiffa,
1418 2842 1463 2871 vel
1484 2842 1566 2879 aliqui
1607 2841 1813 2879 praemifforum
1834 2843 1940 2872 veniret
1953 2865 1962 2880 ,
1984 2851 2017 2871 ex
2035 2851 2103 2872 tunc
2123 2843 2227 2873 eisdem
2244 2854 2292 2874 ef<-²

1235 2879 1502 2910 communicationis
1515 2902 1523 2916 ‚
1548 2881 1709 2917 privationis
1723 2881 1756 2911 &
1780 2880 1955 2910 inhabilitatis
1976 2881 2068 2917 poenis
2085 2903 2095 2919 ,
2111 2881 2221 2912 dicium
2239 2882 2291 2912 Al-

1237 2919 1375 2949 maricum
1389 2919 1543 2956 praelibatus
1557 2918 1591 2948 N
1594 2919 1718 2948 icholaus
1730 2918 1918 2948 Praedecess‘or
1931 2919 2021 2948 voluit
2033 2918 2171 2957 subjacere
2181 2942 2189 2958 ,
2204 2930 2289 2960 prout

1235 2957 1299 3000 hfec
1312 2958 1341 2987 in
1356 2956 1513 2995 praedietis,
1531 2956 1565 2986 ad
1580 2956 1703 2986 eundem
1721 2956 1834 2996 Regem
1846 2957 1971 2995 directis,
1989 2956 2084 2987 litteris
2099 2957 2206 2995 plenius
2218 2968 2291 2989 con-

1240 3001 1378 3026 tinentui·⁴

1274 3033 1337 3070 Set,
1352 3019 1454 3064 eodem
1475 3032 1627 3064 Nicholao
1647 3032 1856 3065 Praedecessore
1871 3056 1880 3071 ,
1905 3041 1998 3065 morte
2017 3042 2163 3074 praevento
2176 3058 2186 3074 ,
2211 3035 2296 3074 hujus

1236 3073 1383 3103 nenotium
1397 3082 1458 3102 non
1473 3072 1564 3112 potuit
1577 3071 1725 3110 expedire,

1273 3099 1364 3141 f'orro
1379 3111 1477 3141 litteras
1494 3111 1593 3148 regias,
1631 3120 1675 3139 uas
1689 3110 1798 3148 pridem
1811 3133 1820 3148 ,
1844 3117 1960 3141 vacante
1975 3117 2043 3140 tunc
2062 3110 2229 3149 Apostolica
2244 3112 2294 3143 Se-

1237 3149 1289 3187 de,
1326 3159 1352 3179 er
1368 3158 1395 3179 te
1408 3147 1609 3179 venerabilibus
1648 3150 1764 3179 ratribus
1779 3148 1898 3187 nostris,
1917 3148 2061 3179 Romanae
2073 3149 2206 3180 Eccleliae
2220 3149 2296 3180 Car-

1236 3187 1302 3217 dina
1314 3187 1391 3226 ibus,
1408 3188 1443 3217 de
1455 3196 1577 3227 quorum
1591 3194 1660 3216 tunc
1673 3189 1808 3224 temporis
1821 3197 1929 3217 eramus
1945 3197 2080 3226 numero,
2101 3188 2165 3218 Rex
2181 3188 2236 3226 ipse
2250 3189 2294 3218 di-

1237 3227 1322 3263 rexit,
1339 3224 1522 3256 intelleximus
1536 3224 1683 3263 diligenter
1696 3248 1706 3264 ,
1729 3226 1820 3256 dilat'ae
1838 3226 2008 3256 liberationis
2028 3225 2164 3256 Almarici
2185 3226 2293 3266 praefati

1239 3264 1346 3295 causam
1360 3264 1468 3301 plenius
1482 3264 1671 3301 advertentes;

1274 3303 1311 3332 Et
1327 3304 1406 3340 quia,
1423 3311 1480 3332 tam
1495 3311 1527 3332 ex
1543 3301 1661 3338 ipsarum
1672 3302 1827 3332 litterarum
1841 3311 1956 3339 tenore,
1975 3311 2060 3341 quam
2076 3311 2110 3332 ex
2124 3311 2170 3343 tua
2184 3301 2294 3332 relatio-

1239 3351 1275 3370 ne
1287 3341 1471 3379 collegimus,
1489 3340 1566 3380 quod
1580 3338 1671 3369 dietus
1692 3340 1756 3370 Rex
1771 3341 1803 3371 ad
1821 3341 1940 3378 ejusdem
1959 3340 2026 3370 sedis
2045 3339 2216 3377 beneplacita
2231 3349 2295 3370 eite-

1257 3379 1346 3409 uenda
1361 3387 1527 3418 promptum
1542 3378 1567 3408 se
1580 3377 1692 3408 exhibet
1705 3380 1738 3410 &
1753 3388 1877 3419 paratum
1887 3402 1897 3417 ,
1913 3379 1962 3409 sibi
1976 3379 2092 3409 uberum
2106 3381 2181 3408 dona
2195 3388 2295 3416 repen·

1237 3389 1332 3447 dimus
1346 3419 1512 3456 gratiarum:

1273 3455 1367 3493 Ipsum
1384 3465 1432 3493 per
1447 3455 1551 3485 nostras
1566 3454 1663 3485 litteras
1681 3462 1810 3493 rogantes
1829 3452 1958 3485 attentius
1977 3455 2010 3485 δε
2026 3454 2200 3485 exhortantes
2214 3477 2224 3492 ,
2247 3463 2294 3493 ut,

1237 3495 1331 3524 aeterni
1349 3494 1434 3532 Regis
1448 3495 1565 3530 intuitu,
1583 3502 1633 3531 per
1649 3503 1735 3531 quem
1754 3502 1851 3531 regnat
1867 3495 1899 3524 &
1914 3494 2016 3531 regitur
2031 3503 2063 3523 :ic
2079 3503 2131 3530 pro
2148 3492 2293 3532 Apostoli-

1238 3543 1281 3563 cae
1295 3531 1372 3562 Sedis
1388 3533 1421 3563 ὃς
1434 3531 1527 3561 nostra
1541 3532 1695 3560 reverentia
1707 3554 1716 3568 ,
1742 3533 1881 3570 regiaeque
1900 3531 2039 3570 dignitatis
2059 3531 2169 3561 honore
2181 3553 2191 3569 ,
2215 3530 2295 3569 hujus

1236 3579 1321 3607 gram:
1336 3571 1418 3600 nobis
1432 3570 1526 3609 Legite
1541 3570 1770 3606 promptitudinis
1786 3569 1900 3599 feudum
1915 3570 2079 3609 prosequens
2092 3592 2102 3607 ,
2128 3570 2203 3599 circa
2223 3569 2294 3600 libe-

1236 3605 1374 3639 ?ationem
1390 3609 1425 3638 A.
1441 3607 1566 3646 praedissti
1579 3616 1755 3644 oportunum
1770 3608 1803 3638 δε
1818 3606 1917 3637 efficax
1932 3607 2057 3637 studium
2072 3607 2108 3637 de
2124 3606 2294 3646 benignitate

1238 3647 1327 3686 Regia
1343 3648 1495 3688 largiatur,
1520 3646 1623 3676 faciens
1639 3646 1762 3675 eundem
1785 3646 1819 3675 A.
1839 3645 1988 3683 postquam
2010 3646 2136 3675 liberatus
2157 3647 2294 3686 extiterit,

1235 3695 1311 3715 cxrra
1327 3685 1461 3724 Regnum
1476 3688 1554 3713 iuum
1567 3706 1576 3721 ,
1600 3683 1650 3713 sub
1669 3683 1766 3713 favore
1783 3682 1878 3721 Regio
1895 3706 1904 3720 ,
1928 3683 2012 3720 usque
2034 3683 2069 3714 ad
2087 3684 2151 3714 loca
2170 3685 2218 3714 sibi
2233 3694 2292 3717 tuta

1237 3724 1378 3761 conduci,
1393 3733 1423 3753 ut
1436 3722 1525 3752 dic‘tus
1539 3721 1605 3751 Rex
1619 3722 1699 3751 illum
1713 3722 1761 3751 sibi
1776 3721 1894 3759 proinde
1911 3723 2107 3752 retributorem
2122 3722 2292 3762 constituat,

1236 3764 1297 3801 qui,
1316 3761 1352 3791 de
1364 3762 1418 3790 suae
1432 3759 1630 3790 munificentiae
1643 3760 1780 3798 largitate,
1796 3769 1849 3796 pro
1862 3760 1985 3789 minimis
1997 3760 2108 3798 grandia
2121 3770 2290 3799 recompen-

1240 3803 1292 3837 sat,
1308 3801 1340 3830 &
1362 3799 1439 3829 Sedis
1460 3797 1634 3837 Apostolicae
1656 3799 1739 3835 grati-a
1754 3820 1763 3835 ,
1784 3807 1868 3836 quam
1889 3797 2005 3827 libenter
2027 3799 2135 3829 devotis
2152 3799 2227 3830 Filiis
2245 3809 2293 3830 ex⁴

1238 3841 1389 3878 plicamus,
1407 3839 1482 3867 circa
1498 3836 1645 3875 personam
1657 3836 1733 3865 luam
1747 3837 1877 3865 votivum
1894 3835 2018 3873 suscipiat
2032 3837 2255 3868 incrementum:

1277 3877 1331 3915 Et,
1349 3884 1436 3914 quum
1450 3874 1522 3904 sedes
1537 3874 1591 3911 ipsa
1611 3884 1644 3904 cx
1659 3874 1782 3913 quodam
1801 3874 1855 3910 piae
1870 3874 2068 3911 compallionis
2082 3875 2186 3911 effeEtu
2198 3899 2208 3914 ‚
2232 3885 2292 3914 quo

1238 3916 1367 3954 ascriptos
1383 3915 1487 3944 militi-a„=
1499 3912 1605 3943 ordinis
1620 3912 1758 3947 clericales
1772 3912 1943 3951 prosequitur
1956 3935 1966 3949 ,
1987 3915 2099 3952 negotia
2112 3914 2190 3951 hujus
2209 3912 2292 3943 cordi

1238 3955 1321 3993 gerit:
1342 3962 1387 3990 te,
1402 3951 1438 3982 de
1453 3953 1530 3989 cujus
1543 3959 1653 3990 experta
1668 3951 1808 3987 probitate
1823 3949 2009 3989 confidiniuS,
2028 3951 2062 3982 ad
2096 3952 2222 3982 raefatum
2231 3951 2292 3981 Re-

1238 4002 1305 4031 gem
1322 4000 1435 4028 propter
1449 3990 1506 4019 hoc
1527 3989 1656 4019 duximus
1675 3986 1874 4018 remittendum
1890 4011 1898 4026 ,
1920 3997 1949 4018 ut
1970 3991 2006 4019 ab
2026 4000 2062 4027 eo
2083 4001 2128 4019 etri
2145 3990 2292 4020 Almarico

1243 4031 1404 4068 diligenter,
1419 4036 1448 4059 ut
1464 4027 1591 4067 expedit,
1609 4028 1812 4094 obligatiopgm
1828 4027 1942 4065 recipias
1954 4026 2153 4066 supradiittini3
2265 4062 2289 4094 L

1732 4071 1754 4095 b
1800 4074 1819 4093 2
2280 4074 2302 4093 Ἶ
