2570 4261
697 157 808 200 ET
891 158 1156 200 ACTA

0 255 57 281 mn.
68 245 110 277 D.
165 245 304 284 Scilicet,
330 246 395 284 quia
412 243 505 275 dietus
527 243 676 282 Princeps,
695 251 725 274 ut
739 244 821 275 novit
835 244 906 274 bene
917 245 1008 275 vestra
1022 243 1187 280 Celsitudo,

7 285 91 324 1289.
130 285 160 315 in
180 282 228 315 sua
248 282 413 315 liberatione
435 283 579 323 promisit,
598 283 668 312 inter
679 282 749 320 alia,
766 282 793 311 se
807 282 949 313 facturum
963 284 997 313 &
1014 284 1097 312 etiam
1112 291 1191 311 cura-

0 327 47 355 'dw
69 333 94 352 ι,
132 331 228 353 turum
249 322 328 360 quod
348 329 466 360 poneret
487 322 516 350 in
536 320 616 358 posse
637 319 735 349 nostro
756 319 847 349 filium
861 320 941 350 suum
954 319 1195 359 primogenitum,

131 361 203 391 infra
216 361 362 398 annum,a
376 360 429 389 suae
438 359 606 388 liberatio‘nis
621 367 751 394 tempore
761 358 1195 395 computandum;&obtineret

129 399 216 430 nobis
229 407 357 435 treugam
372 398 457 427 trium
468 406 606 426 annorum
622 396 637 425 a
652 396 765 425 summo
775 395 973 434 Pontifice,&
989 397 1004 425 a
1016 396 1099 435 Rege
1106 395 1194 424 Fran-

131 439 187 468 ciae
199 435 352 468 &Karolo
367 435 449 464 fratre
460 434 525 471 suo,
544 435 577 464 &
590 433 756 464 valitoribus
770 434 926 464 eorundem
935 435 1094 472 ,obtineret
1108 434 1193 463 etiam

130 474 355 507 conventionem
375 473 391 501 a
400 472 570 503 sacrosantis&
584 471 718 501 Romana
730 471 857 502 Ecclesia
868 472 1099 502 confirmandam.

174 511 265 551 Qod
278 533 288 550 ,
313 511 333 540 si
353 510 430 540 idern
452 509 587 547 Princeps
603 533 613 547 ,
638 510 709 539 infra
732 518 785 539 tres
800 520 909 548 annos,
927 511 942 540 {i
957 511 1011 541 suae
1026 510 1197 540 liberationis

134 560 266 588 tempore
279 548 503 586 computandos,
520 558 620 586 pacem
637 557 697 577 non
713 547 817 578 faceret
830 549 928 587 nobis,
944 550 977 579 &
992 548 1128 578 Domino
1144 549 1194 586 Ja-

135 589 216 620 cobo
228 587 306 626 Regi
316 587 438 625 Siciliae,
457 587 543 616 Fratri
555 585 671 622 nostro,
687 584 721 615 ad
736 585 910 617 voluntatem
926 586 1069 624 nostram,
1088 588 1194 617 incide-

134 634 178 658 ret
190 626 219 656 in
233 635 333 664 poenas
366 625 396 654 in
409 624 548 662 praedffiiis
561 624 720 654 traci-atibus
734 625 963 662 comprehensas:

177 663 216 695 Et
237 663 316 702 quod
337 648 462 694 iicclefia
483 662 572 700 ipsum
594 661 758 700 Principem
771 672 830 692 nori
841 664 968 701 juvaret,
985 673 1039 693 nec
1053 664 1196 700 permitte-

137 710 181 733 ret
202 702 316 742 Regem
338 701 462 731 Franciae
477 724 487 737 ,
511 710 564 730 nec
582 699 722 730 Karolum
743 700 856 730 fratrem
872 702 943 739 ejus,
962 711 1015 731 nec
1027 701 1152 739 aliquem
1166 712 1196 730 a-

138 742 228 779 lium,
246 741 295 779 qui
314 740 397 772 nobis
410 763 421 777 ,
447 738 493 769 vel
506 738 585 769 dic'to
598 738 675 769 fratri
687 737 787 769 nostro
801 749 909 770 nocere
925 739 1023 778 vellet,
1040 740 1195 778 dampnum

138 780 177 812 ali
198 778 256 809 uod
272 778 355 809 nobis
372 777 446 808 dare.

207 816 314 847 romisit
334 816 418 846 etiam
438 814 514 845 idem
535 814 671 853 Princeps
691 814 789 853 quod,
808 814 879 845 infra
889 815 1057 853 praedictum
1072 823 1197 853 tempus,

141 855 231 886 nichil
244 855 302 892 pati
319 855 490 884 contrarium
508 853 614 884 faceret
628 878 638 891 ,
662 863 717 883 nec
732 853 767 882 ab
781 853 893 891 aliquo,
910 855 937 883 in
953 863 1087 892 quantum
1102 855 1199 890 prohi-

141 894 211 924 bere
224 892 332 930 posset,
350 892 411 922 fieri
422 891 584 930 sustineret,
600 891 679 929 quod
697 891 718 921 si
731 891 851 930 faceret,
869 892 952 922 talem
968 893 1060 932 legem
1078 892 1129 923 fibi
1141 893 1198 922 im-

141 931 251 970 posuit,
270 930 349 969 quod
365 940 510 968 nunquam
520 931 620 960 vocari
633 930 750 959 nomine
764 929 852 969 Regis
865 930 934 961 effet
948 930 1081 969 dingnus:

182 969 260 1008 Qiae
273 970 370 999 omnia
382 969 415 1000 δε
431 968 532 1006 lingula
542 969 703 1007 juramento
716 968 839 1005 praestito
854 969 1012 1007 roboravit,
1031 970 1081 1006 &,
1098 968 1116 997 si
1126 978 1198 998 con-

142 1016 185 1039 tra
205 1006 338 1045 praedicta
352 1030 361 1046 ,
385 1007 432 1038 vel
450 1007 539 1045 aliqua
553 1006 589 1037 de
604 1006 740 1044 praedidiis
753 1007 875 1045 veniret,
892 1008 921 1036 in
936 1017 1033 1044 poenas
1049 1005 1198 1044 incideret,

142 1047 174 1076 in
194 1046 432 1078 conventionibus
452 1045 663 1083 comprehensas
677 1067 687 1082 ,
704 1044 753 1074 nisi
766 1045 837 1074 infra
850 1053 976 1084 tempus,
993 1044 1028 1076 ad
1042 1045 1099 1076 hoc
1116 1044 1201 1075 statu-

143 1093 224 1122 tum,
241 1084 275 1115 ad
291 1084 420 1114 nostrum
434 1083 534 1114 rediret
548 1092 693 1113 carcerem
708 1092 908 1113 memoratum.

183 1123 263 1162 Qiae
276 1124 374 1153 omnia
388 1132 447 1153 non
462 1122 636 1159 complevit,
654 1131 707 1151 nec
723 1123 807 1152 etiam
820 1121 909 1159 aliqua
921 1121 956 1151 de
970 1121 1118 1160 praedicsti‘s.

183 1161 389 1192 Verumtamen
405 1184 414 1199 ,
440 1160 460 1190 si
503 1160 628 1190 raedidius
651 1159 784 1197 Princeps
804 1160 872 1190 velit
887 1160 979 1190 adhuc
995 1160 1141 1198 complere
1155 1169 1202 1197 ea,

145 1209 211 1238 quae
224 1201 253 1230 in
268 1199 350 1230 dietis
366 1200 488 1237 pactioni
511 1209 540 1228 us
553 1199 746 1229 continentur:
765 1197 811 1228 vel
822 1198 912 1228 redire
926 1197 960 1227 ad
974 1197 1128 1228 Carcerem
1136 1208 1204 1227 nos-

146 1247 238 1276 trum,
255 1246 286 1268 ut
301 1237 420 1278 superius
432 1237 543 1267 dietum
559 1236 617 1274 est,
635 1236 701 1266 licet
716 1237 744 1265 in
761 1246 859 1274 poenas
872 1236 1000 1266 inciderit
1016 1244 1200 1273 memoratas,

147 1277 234 1315 parati
247 1276 339 1306 sumus
353 1275 386 1305 ad
401 1275 532 1313 praedicta
544 1297 553 1311 ,
583 1284 647 1312 quae
663 1274 754 1303 facere
767 1276 800 1304 ὃς
815 1275 960 1311 complere
974 1275 1135 1313 tenebatur,
1154 1274 1203 1303 ad-

146 1316 259 1346 mittere
271 1338 280 1353 ,
310 1314 355 1344 vel
376 1314 410 1344 ad
430 1313 591 1350 captionem
607 1312 732 1342 nostram
743 1312 832 1349 ipsum
848 1313 971 1350 recipere
984 1313 1025 1342 ob
1039 1313 1124 1343 vestri
1138 1322 1201 1350 gra-

146 1354 215 1385 tiam
228 1355 261 1384 &
274 1353 415 1383 honorem
424 1375 433 1389 ,
451 1352 484 1382 &
497 1350 612 1380 reddere
626 1349 756 1380 Marchas
770 1351 803 1380 δε
817 1349 937 1380 Obsides
952 1350 1131 1387 supradiCtos.

184 1391 267 1423 Nam
281 1415 291 1429 ,
315 1391 363 1420 ubi
383 1390 473 1420 dietus
496 1388 631 1427 Princeps
657 1390 685 1418 in
705 1398 803 1426 poenas
823 1398 883 1418 non
905 1389 1041 1419 incidisset
1063 1389 1205 1427 praedictas

150 1429 243 1468 (quod
255 1429 333 1466 fecit)
350 1429 383 1459 &
396 1427 501 1466 ipsum,
517 1426 679 1457 redeuntem
693 1426 727 1456 ad
743 1425 898 1457 Carcerem
913 1426 1062 1465 nostrum,
1080 1437 1139 1457 non
1155 1427 1204 1458 ad-

149 1467 317 1499 misissemus
336 1466 383 1496 die
404 1466 517 1503 statuta,
535 1465 735 1496 nichilominus
748 1464 861 1503 postea,
879 1465 1048 1503 quandocun
1073 1476 1107 1496 ue
1119 1466 1206 1497 velle-

151 1517 231 1544 mus,
250 1515 303 1536 nos
322 1514 389 1535 eum
413 1504 585 1542 interpellare
598 1503 759 1542 possemus,
777 1512 807 1533 ut
821 1503 954 1540 promissa
968 1514 1056 1541 comp
1068 1513 1141 1542 eret,
1159 1505 1205 1535 vel

150 1544 251 1575 rediret
273 1544 308 1574 ad
328 1553 471 1574 carcerem
493 1542 686 1580 praelibatum:
706 1552 760 1572 nec
774 1541 902 1573 excusare
913 1542 939 1572 se
952 1542 1043 1579 posset
1056 1542 1148 1580 aliqua
1162 1553 1216 1572 ra-·

151 1584 244 1621 tione,
264 1584 332 1621 quin
346 1581 410 1620 post
425 1581 503 1611 diem
518 1580 663 1618 statutam,
681 1580 883 1618 interpellatus,
902 1581 1047 1618 complere
1060 1580 1203 1619 praedieta,

151 1622 199 1652 vel
218 1620 307 1660 redire
328 1620 363 1651 ad
378 1619 508 1650 nostrum
520 1619 674 1650 Carcerem
697 1627 853 1657 teneretur,
871 1619 934 1649 alias
948 1620 977 1649 in
989 1629 1087 1658 poenas
1102 1619 1208 1650 incide-

154 1668 197 1690 ret
210 1659 384 1698 supradietas.

189 1698 272 1728 Nam
284 1721 295 1737 ,
319 1699 369 1736 qui
388 1698 417 1727 iti
438 1697 484 1727 die
505 1695 582 1727 certa
601 1694 705 1733 aliquid
727 1694 792 1725 dare
805 1695 852 1726 vel
864 1695 956 1726 facere
971 1697 1127 1734 promittit,
1145 1696 1204 1727 duo

155 1737 311 1775 promittit3
329 1736 448 1773 scilicet,
465 1735 531 1765 dare
545 1734 590 1766 vel
601 1734 706 1764 facere:
726 1735 760 1764 &
774 1732 808 1763 ad
824 1734 898 1764 diem
911 1735 978 1765 dare
991 1735 1037 1766 vel
1049 1735 1149 1766 facere.

193 1774 245 1813 Et,
264 1774 284 1804 si
297 1773 480 1813 non,incidit
494 1775 523 1803 in
538 1783 671 1810 poenam,
680 1772 700 1802 fi
713 1771 810 1812 postee
822 1774 1010 1811 interpellatus
1023 1783 1084 1804 non
1099 1773 1147 1804 det
1161 1773 1208 1804 vel

153 1813 252 1844 faciat:
272 1813 354 1851 quia,
373 1813 501 1851 quamvis
516 1821 567 1841 reo
580 1821 641 1841 non
654 1811 735 1841 liceat
750 1819 866 1850 purgare
879 1822 991 1842 moram
1006 1813 1037 1842 in
1052 1812 1209 1850 praediCtis,

155 1859 251 1883 tamen
263 1851 372 1882 licitum
385 1850 426 1881 est
441 1849 629 1888 creditorum,
648 1849 694 1879 vel
707 1850 749 1886 ei,
775 1851 822 1879 cui
835 1851 896 1887 quis
910 1858 1020 1881 tenetur
1034 1850 1099 1880 dare
1113 1850 1157 1881 vel
1171 1850 1212 1880 fa-

156 1900 222 1921 cere
236 1913 264 1958 ‚st
270 1899 382 1934 moram
402 1897 519 1928 purgare
532 1911 543 1928 ,
567 1888 601 1919 &
620 1886 716 1926 postea
738 1887 765 1918 se
785 1897 910 1926 paratum
932 1888 1024 1919 facere
1039 1890 1072 1920 ὅ(
1087 1890 1212 1927 recipere

178 1937 239 1959 rote
265 1939 310 1959 ari.

155 1938 176 1967 p
195 1966 234 1998 Et
247 1990 257 2006 ,
281 1967 302 1998 fi
320 1966 366 1997 ille
378 1991 388 2005 ,
415 1967 463 2005 qui
482 1965 608 2005 promisit
618 1965 664 1996 die
677 1974 752 1997 certa
764 1964 830 1997 dare
842 1965 888 1997 vel
903 1965 1012 2004 facere,
1031 1965 1215 2003 interpellatus

157 2005 273 2045 postea,
289 2005 357 2037 velit
377 2005 442 2036 dare
463 2005 510 2036 vel
530 2005 622 2035 facere
636 2029 646 2042 ,
670 2005 898 2044 quandocunque
918 2004 1103 2042 interpellatus
1118 2004 1216 2041 fuerit,

159 2045 258 2075 incidit
271 2046 298 2074 in
314 2054 447 2082 poenam,
464 2045 494 2073 in
508 2044 746 2074 conventionibus
761 2043 1000 2081 comprehensam.

195 2083 328 2114 Vestram
350 2083 431 2122 igitur
450 2081 655 2112 Excellentiam
674 2091 804 2121 rogamus
818 2106 828 2120 ,
853 2082 922 2112 ficut
943 2081 1106 2120 poffiimus,
1125 2081 1214 2111 karius

158 2122 196 2154 &
211 2130 354 2157 ortamur,
371 2131 423 2151 vos
434 2121 635 2151 nichilominus
648 2130 717 2151 cum
730 2119 857 2150 instantia
868 2121 1056 2158 requirentes,
1073 2130 1105 2150 ac
1122 2118 1217 2149 multi-

182 2160 272 2190 liciter
293 2159 480 2198 postulantes,
499 2160 625 2197 quan'nus
641 2181 651 2197 ,
675 2167 709 2188 ex
729 2167 806 2196 parte
818 2158 912 2189 vestra
925 2159 958 2189 ὃς
974 2157 1087 2197 nostra,
1105 2158 1216 2188 dictum

159 2169 325 2236 Principem
345 2198 487 2236 requiratis
499 2220 509 2236 ,
527 2198 560 2228 &
574 2198 658 2228 etiam
673 2196 806 2228 inducatis
821 2205 852 2228 ut
868 2197 967 2235 nobis,
987 2196 1064 2235 quod
1079 2196 1220 2235 promisit,

160 2237 305 2274 compleat
317 2237 349 2267 δε
362 2235 493 2267 attendat.

199 2275 268 2306 Nos
287 2276 365 2305 enim
382 2297 392 2313 ,
410 2274 450 2304 ob
464 2273 548 2305 vestri
562 2274 678 2313 gratiam
692 2274 725 2305 &
737 2274 879 2305 honorem
888 2298 897 2311 ,
915 2273 981 2304 licet
995 2275 1023 2303 in
1036 2283 1134 2312 poenas
1148 2273 1220 2303 inci-

161 2313 204 2344 dit
216 2313 398 2352 supradictas,
416 2314 501 2351 parati
512 2312 606 2343 sumus
621 2312 769 2350 praedicta,
788 2323 852 2351 quae
867 2312 957 2342 dic‘tus
971 2312 1105 2350 Princeps
1125 2311 1217 2342 facere

163 2353 198 2384 &
212 2352 345 2390 conplere
359 2352 520 2389 tenebatur,
538 2351 697 2381 admittere:
717 2351 762 2381 vel
783 2351 906 2381 eundem
923 2351 1085 2388 Principem
1099 2349 1132 2379 ad
1146 2349 1219 2379 Car-

162 2401 261 2422 cerem
281 2390 409 2421 nostrum
430 2391 579 2430 recipere,
603 2399 637 2419 ac
660 2389 711 2418 fibi
733 2388 877 2419 restituere
897 2388 1030 2418 Marchas
1051 2390 1084 2419 ὃς
1100 2388 1221 2418 Obsides

163 2429 350 2466 supradictos,
367 2428 430 2462 die,
449 2437 498 2465 pei·
511 2437 581 2464 vos,
598 2427 644 2456 vel
660 2436 708 2464 per
722 2427 828 2465 ipsum,
847 2427 928 2457 nobis
943 2426 1062 2464 idonea,
1079 2426 1221 2465 assignata,

166 2469 253 2505 usque
265 2467 298 2497 ad
314 2467 378 2497 Kal.
399 2465 490 2496 Madii
502 2464 685 2503 supradidms,

203 2506 341 2543 Alioquin
364 2513 480 2542 poenam
502 2505 534 2535 &
558 2513 656 2540 poenas
670 2527 679 2541 ,
698 2513 747 2541 per
760 2513 811 2533 vos
826 2504 860 2535 &
874 2502 963 2541 ipsum
979 2503 1060 2533 nobis
1073 2502 1220 2543 promissas

165 2544 244 2582 (quae
263 2545 292 2574 in
312 2543 405 2573 dando
419 2566 428 2580 ,
452 2542 588 2572 tradendo
609 2541 654 2571 vel
674 2541 855 2572 deliberando
869 2541 1035 2577 coniistunt)
1053 2543 1171 2579 petimus
1186 2543 1219 2572 &

165 2582 270 2612 habere
282 2581 412 2612 volumus
420 2605 430 2618 ,
447 2589 531 2618 prout
544 2581 574 2610 iri
587 2579 670 2610 dietis
682 2581 886 2610 convenientiis
902 2581 1072 2610 continetur.

203 2620 259 2650 Per
280 2620 353 2650 hanc
374 2628 470 2650 autem
492 2618 703 2657 requisitionem
727 2619 826 2657 (quarn
848 2620 888 2648 ob
903 2619 1045 2648 honorem
1059 2618 1092 2648 &
1107 2619 1221 2657 gratiam

166 2658 285 2690 facimus
305 2658 400 2695 vestri)
423 2657 529 2688 scilicet
541 2681 551 2695 ,
576 2656 655 2694 quod
669 2681 679 2695 ,
705 2666 739 2686 ex
757 2666 835 2697 parte
848 2656 940 2687 vestrfi
954 2658 986 2688 ὅτ
1003 2656 1115 2696 nostrii,
1133 2657 1224 2697 ipsum

166 2696 335 2734 Principem
350 2696 508 2734 requiratis,
526 2696 560 2726 &
575 2694 709 2726 inducatis
725 2703 756 2726 ut
768 2696 867 2733 nobis,
886 2695 963 2733 quod
979 2695 1121 2735 promisit,
1140 2705 1224 2725 com-

165 2735 241 2774 pleat
259 2736 293 2766 &
312 2735 434 2766 attendat
448 2757 458 2772 ,
476 2735 509 2765 &
524 2734 587 2772 quia
599 2735 682 2771 parati
695 2733 787 2764 sumus
801 2733 933 2771 promissa
948 2743 997 2771 per
1011 2734 1101 2771 ipsum
1116 2733 1226 2763 Princi-

166 2784 236 2813 pem
248 2773 409 2805 admittere:
428 2773 475 2803 vel
489 2771 610 2803 eundem
624 2771 789 2810 Principem
803 2772 838 2802 ad
860 2771 1014 2802 Carcerem
1037 2771 1167 2802 nostrum
1184 2782 1228 2802 re-

168 2815 280 2851 cipere,
297 2822 330 2844 ac
344 2813 393 2843 fibi
408 2810 568 2849 restituere,
593 2809 726 2841 Marchas
747 2811 781 2841 &
801 2809 922 2841 Obsides
941 2809 1110 2848 supradictos
1124 2834 1134 2849 ,
1158 2811 1205 2840 die
1218 2834 1227 2848 ,

168 2861 218 2891 per
239 2861 309 2889 vos,
325 2851 372 2883 vel
389 2851 410 2871 ²*
426 2860 476 2887 per
490 2850 595 2887 ipsum,
613 2849 697 2879 nobis
709 2848 827 2888 idonea,
844 2848 990 2889 assignata,
1009 2849 1095 2887 usque
1109 2848 1142 2878 ad
1158 2848 1225 2878 Kal.

170 2890 279 2928 Madii,
297 2897 328 2920 ut
340 2890 368 2920 su
390 2889 461 2919 eritis
475 2889 588 2919 dietum
602 2887 661 2926 est,
678 2898 739 2918 non
756 2887 928 2918 intendimus
949 2888 1058 2926 poenis,
1070 2889 1129 2926 jam
1143 2897 1228 2917 com-

170 2928 257 2960 missis
270 2938 318 2966 per
332 2900 422 2965 ipsiim
437 2926 616 2965 Principem,
632 2927 665 2957 &
677 2926 759 2956 nobis
773 2926 912 2964 adquisitis
924 2950 934 2963 ,
959 2927 1125 2956 renunciare
1137 2949 1147 2963 ,
1172 2936 1226 2956 nec

170 2968 202 2998 in
222 2967 316 3004 aliquo
335 2967 487 3004 derogare,
506 2966 599 2995 immo
615 2975 658 2995 eas
673 2965 755 2995 nobis
775 2966 928 2995 retinemus
949 2964 1073 3002 expresse
1087 2988 1097 3002 ,
1123 2965 1170 2995 ubi
1186 2965 1229 3002 ip-

172 3006 234 3036 sum
246 3004 414 3042 Principem
434 3004 599 3042 contingat,
616 3003 651 3034 ad
665 3003 878 3042 requisitionem
892 3002 1073 3042 praedictam,
1092 3003 1126 3034 ad
1141 3001 1231 3033 effec-

171 3050 234 3075 tum
245 3052 307 3072 non
317 3042 422 3072 ducere
437 3041 515 3079 quod
531 3041 664 3078 promisit.

210 3080 310 3119 Nam,
329 3080 350 3110 si
370 3079 557 3117 compleverit
577 3079 730 3117 supradieta
743 3103 753 3118 ‚
777 3081 867 3119 parati
887 3079 982 3110 sumus
996 3080 1076 3118 super
1089 3079 1229 3118 praedietis

174 3120 287 3159 poenis,
304 3119 397 3150 facere
411 3116 550 3156 quicquid
563 3127 615 3147 vos
629 3117 707 3156 super
719 3118 823 3149 eisdem
837 3118 970 3149 duxeritis
985 3117 1185 3149 ordinandum.

2 2858 37 2882 ἰ’
47 2859 154 2894 ΙῙ.4ς9.

209 3196 361 3228 Trastatus
381 3202 476 3226 autem
496 3192 712 3231 Conpositionis
723 3217 733 3233 ,
748 3205 834 3233 quam
848 3195 1014 3226 venerabilis
1031 3194 1115 3225 Prior
1128 3192 1226 3224 Sanffi

175 3235 268 3274 Egidii
280 3258 290 3273 ,
312 3235 345 3265 &
360 3233 582 3265 Bartholomaeus
596 3231 633 3262 de
648 3231 747 3270 Capua
777 3234 852 3271 Juris
867 3233 968 3266 Civilis
982 3233 1144 3271 Professor,
1163 3241 1230 3262 nos-

173 3275 221 3305 tris
234 3272 395 3311 supradietis
408 3272 537 3303 Nunciis
551 3270 723 3309 retulerunt,
752 3272 791 3303 uit
804 3272 863 3303 talis
871 3297 881 3311 ,
1065 3284 1067 3287 ¹

213 3346 307 3387 Qiod
318 3346 429 3378 illustris
438 3347 578 3385 Jacobus,
594 3346 661 3376 Rex
674 3345 794 3385 Siciliae,
811 3347 895 3378 frater
906 3347 1024 3386 noster,
1043 3347 1179 3388 Regnum
1187 3347 1232 3377 Si-

178 3387 250 3419 ciliae
263 3386 417 3417 dimitteret
428 3386 565 3422 totaliter,
584 3384 671 3414 nichil
686 3385 713 3414 ei
727 3384 811 3422 dato,
828 3387 861 3417 &
875 3397 929 3417 nec
942 3395 1062 3417 retento.

217 3425 255 3456 Et
276 3424 356 3465 quod
376 3423 557 3454 sacrosanttae
576 3422 722 3453 Romanae
745 3422 897 3462 Ecclesiae,
914 3435 946 3455 ac
960 3425 1035 3465 Regi
1050 3425 1175 3455 Franciae
1191 3433 1234 3452 re-

180 3465 336 3496 verentiam
349 3462 442 3493 facere
456 3461 632 3491 deberemus.

216 3502 255 3533 Et
277 3500 357 3540 quod
375 3501 411 3531 ab
432 3499 531 3531 eadem
546 3498 717 3529 sacrosanti&
732 3498 867 3530 Romanii
880 3499 1005 3531 Ecclesia
1018 3501 1155 3541 Regnum
1169 3509 1235 3529 nos-

180 3549 256 3573 trum
276 3540 427 3578 Aragoniae
445 3547 605 3569 teneremus
625 3536 804 3575 infeudumz,
823 3538 916 3569 eidem
931 3564 940 3577 ,
967 3550 1020 3577 pro
1033 3540 1136 3570 eodem
1150 3538 1233 3568 Ren-

181 3590 260 3620 gno,
279 3579 396 3610 censum
410 3577 456 3607 seu
470 3576 609 3606 tributum
622 3585 699 3605 anno
715 3576 858 3614 quolibet,
876 3577 1056 3609 exsolvendo.

220 3619 258 3650 Et
280 3615 357 3656 quod
378 3615 516 3655 Regnum
538 3614 744 3653 Majoricarum
763 3613 910 3654 Dompno
926 3616 1040 3655 Jacobo
1053 3641 1062 3655 ,
1081 3614 1236 3647 Avunculo

182 3657 328 3689 restituere
339 3654 512 3686 deberemus.

220 3733 370 3764 Discernat
384 3731 468 3771 igitur
481 3729 572 3761 vestra
583 3728 676 3768 Regia
686 3724 849 3766 Celfitudo,
866 3728 887 3760 fi
899 3729 991 3761 didius
998 3731 1136 3769 Princeps
1149 3730 1236 3769 paciis

188 3772 223 3802 &
235 3769 475 3802 conventionibus
487 3767 634 3805 satisfecit,
653 3768 686 3798 &
699 3777 799 3805 pacem
808 3791 818 3805 ,
833 3777 918 3806 quam
931 3768 966 3799 ad
980 3769 1156 3801 voluntatem
1171 3779 1240 3800 nos-

189 3818 262 3840 tram
275 3810 366 3839 facere
380 3806 561 3846 promiserat,
578 3805 752 3843 adimplevit.

227 3846 373 3886 Rogamus
389 3845 499 3883 insuper
518 3843 687 3875 karissimam
707 3844 863 3875 amicitiam
881 3843 1019 3884 vestram,
1037 3854 1172 3884 quatenus
1185 3845 1239 3876 sta-

190 3893 254 3916 tum
265 3885 390 3916 vestrum
402 3884 567 3923 prosperum
582 3882 665 3912 nobis
681 3892 750 3913 curn
764 3881 934 3913 certitudine
949 3883 1073 3920 plenaria
1087 3884 1241 3922 praedicto-

192 3932 276 3963 rum,
291 3923 386 3961 citius,
404 3923 491 3962 qu‘am
500 3922 644 3961 poteritis,
660 3921 800 3952 nuncietis
813 3921 964 3951 literatorie
974 3921 1165 3953 rescribendo.

232 3998 300 4029 Dat.
317 3997 522 4030 Terrachoniae
543 4006 645 4037 quarto
658 3996 759 4028 mensis
769 3996 909 4037 Jaiiuarii‚
922 4005 1000 4029 anno
1013 3996 1138 4029 Domini
1151 3999 1243 4031 mille-

190 4037 263 4068 fimo
277 4036 471 4069 ducentesimo
485 4037 675 4078 0&uagesim0
689 4045 779 4068 nono.

720 4107 733 4116 s

1004 4072 1131 4113 Sacrtsta.

1240 156 1714 204 PUBLICA.
2231 168 2280 204 61

2296 274 2371 305 Ann.
2387 273 2428 305 D.

2318 323 2402 352 1290.

1227 326 1332 369 Bulla,
1358 326 1439 373 quod
1457 327 1573 361 decima
1594 327 1676 362 debet
1695 331 1791 377 colltgi
1804 331 1970 376 ftcundum
1995 342 2104 364 verum
2120 332 2274 376 valorem,
2298 354 2362 379 Edv.
2384 363 2406 380 ,-

1379 379 1415 413 &
1427 386 1482 421 per
1491 376 1627 421 perfimas
1643 389 1662 411 a
1674 378 1746 423 fide
1765 377 1932 425 Apostolica
1955 379 2121 426 deputatas.

1229 455 1422 516 NIcolaus
1439 457 1612 497 Episcopus,
1630 459 1722 490 servus
1735 460 1879 492 servorum
1894 462 1970 501 Dei,
1982 463 2126 495 cariffimo
2140 463 2280 495 inChris-
2297 460 2349 485 An.
2369 455 2410 483 ’3-

1242 534 1246 538 .
1320 504 1351 525 to
1366 496 1429 539 filio.
1439 496 1599 540 Edwardo,
1617 497 1694 537 Regi
1709 498 1819 539 Angliae
1833 500 1929 531 illustri
1943 525 1953 540 ,
1971 502 2086 533 salutem
2101 503 2135 534 &
2149 502 2278 541 Aposto-
2298 499 2329 522 E.
2352 504 2374 521 ¹·

1229 533 1313 563 licam
1328 534 1569 566 benedictionem.
2301 537 2340 560 Ex
2354 534 2412 558 Au-

1266 571 1407 602 Gerentes
1421 573 1504 602 cordi
1518 573 1666 612 negotium
1678 573 1780 604 Terrae
1800 574 1912 605 Sannae
1927 600 1937 614 ,
1953 575 2119 608 Celsitudini
2132 586 2187 608 tuae
2201 577 2281 609 deci-
2298 579 2362 607 ‘⁰5'-

1230 619 1307 639 mam
1327 609 1587 641 Ecclesiasticorum
1610 610 1770 642 reddituum
1792 614 1825 643 ὃς
1846 623 2063 653 proventuum,
2081 617 2110 645 in
2124 615 2235 655 Angliae
2247 618 2281 648 &

1229 647 1335 691 Scotiae
1356 648 1465 687 Regnis
1478 673 1487 687 ,
1511 660 1543 679 ac
1565 649 1695 680 Ybernia
1716 650 1749 680 &
1768 650 1875 682 Wallia
1888 675 1898 689 ,
1921 652 1952 681 in
1972 653 2054 691 ipsius
2066 654 2168 683 Terrae
2181 655 2284 686 sanstae

1231 685 1400 724 subsidium,
1415 686 1464 716 sub
1485 687 1562 718 certa
1574 687 1685 725 forma,
1703 697 1753 725 per
1766 689 1836 719 certi
1850 691 1985 726 temporis
1996 690 2131 728 spatium,
2149 691 2284 722 duximus

1231 723 1467 767 concedendam,
1487 734 1571 767 prout
1589 727 1619 754 in
1640 725 1812 763 Apostolicis
1835 727 1949 766 litteris,
1962 727 2042 766 super
2056 729 2113 759 hoc
2126 730 2284 768 confediis,

1232 761 1341 799 plenius
1356 763 1389 792 δε
1405 762 1528 793 seriosius
1544 763 1716 794 continetur.

1271 800 1350 842 Qia
1372 808 1466 830 tamen
1487 802 1515 830 in
1538 801 1648 840 Regnis
1663 823 1673 839 ,
1687 811 1720 832 ac
1734 801 1863 834 Ybernia
1878 804 1911 835 ὃς
1926 802 2047 842 Wallia,
2065 803 2226 842 supradietis
2239 804 2283 835 di-

1233 841 1319 881 versa}
1333 862 1343 875 ,
1368 846 1398 868 ut
1416 838 1519 869 dicitur
1531 863 1541 877 ,
1568 838 1640 870 fiunt
1661 841 1854 871 extimationes
1867 841 2029 872 reddituum
2044 843 2077 873 &
2092 851 2287 880 proventuum

1233 875 1458 920 praedietorum,
1483 877 1630 908 statuimus
1648 886 1681 908 ut
1695 901 1706 916 ,
1728 879 1806 916 quta
1826 889 1928 910 verum
1942 880 2060 918 ipsarum
2072 881 2216 919 valorem,
2234 882 2287 912 tibi

1233 913 1369 952 praedidta
1388 913 1498 944 decima
1512 915 1690 952 persolvatur.

1272 951 1343 990 Sed,
1362 961 1400 981 ne
1413 953 1441 981 in
1456 953 1628 983 collestione
1641 953 1766 992 ipsius‚si
1781 963 1911 994 congruo
1926 955 2017 986 modo
2032 966 2093 986 non
2110 955 2290 994 fieret,mul-

1234 998 1332 1020 torum
1346 989 1471 1020 scandala
1489 992 1523 1021 ὃς
1538 992 1696 1021 animarum
1718 990 1829 1028 possent
1843 993 1966 1030 pericula
1980 994 2116 1032 suboriri,
2139 995 2230 1025 nostri
2246 997 2292 1024 in-

1235 1029 1369 1058 tentionis
1382 1027 1472 1059 existit
1486 1036 1533 1065 ut,
1551 1030 1580 1058 in
1595 1029 1768 1059 colleffione
1781 1029 1857 1067 ipsa,
1873 1040 1922 1067 per
1936 1030 2105 1068 deputandas
2119 1033 2155 1062 ab
2163 1033 2291 1070 Aposto-

1235 1066 1289 1096 lica
1301 1065 1364 1096 sede
1379 1066 1524 1104 personas,
1541 1066 1644 1105 taliter,
1663 1067 1761 1097 adtore
1780 1066 1915 1097 Domino
1930 1091 1940 1105 ,
1964 1069 2143 1105 procedatur·
2167 1071 2245 1108 quod
2259 1072 2292 1101 &

1236 1104 1395 1143 hujusmodi
1415 1103 1539 1134 scandala
1560 1104 1617 1135 sive
1636 1105 1758 1142 pericula
1780 1105 1888 1135 valeant
1911 1107 2025 1143 evitari,
2043 1108 2076 1137 &
2093 1109 2122 1136 iri
2143 1110 2292 1146 empnitati

1238 1150 1294 1172 tuae
1310 1142 1456 1181 condigno
1477 1142 1574 1172 favore
1588 1167 1598 1180 ,
1623 1151 1759 1181 quantum
1778 1142 1813 1173 ad
1827 1145 2039 1182 perceptionem
2053 1145 2203 1183 praehbatae
2215 1147 2294 1177 deci-

1239 1190 1311 1218 mae,
1328 1180 1446 1218 provide
1461 1180 1627 1211 consulatur.

1278 1256 1345 1287 Dat.
1360 1256 1433 1295 apud
1447 1256 1579 1287 SanChm
1594 1256 1718 1287 Mariam
1726 1257 1871 1297 Majorem
1886 1265 1986 1296 quarto
1998 1256 2060 1289 idus
2069 1257 2296 1297 Januarii,Pon-

1240 1294 1362 1326 tificatsis
1377 1294 1468 1325 nostri
1482 1305 1558 1326 anno
1571 1295 1704 1326 secundo.

1937 1333 1991 1364 Sub
1998 1333 2050 1376 filo
2063 1333 2186 1365 canabeo.

1245 1461 1364 1492 Littera
1391 1456 1429 1491 ab
1460 1459 1582 1503 Infante
1607 1461 1643 1492 P.
1659 1459 1726 1504 filio
1753 1463 1836 1493 Petri
1853 1458 2001 1505 quondam
2018 1462 2104 1506 Regis
2119 1461 2300 1505 Aragom'ae‚

1539 1511 1689 1554 rogatoria
1706 1510 1780 1554 Regi
1795 1507 1830 1541 de
1838 1507 1924 1551 statu
1936 1508 2004 1552 fito,

1312 1591 1538 1624 Xcellentiffimo
1554 1602 1586 1624 ac
1601 1591 1794 1629 potentissimo
1806 1591 1956 1630 Domino,
1975 1592 2121 1624 Edwardo
2132 1595 2147 1632 ',
2166 1593 2226 1624 Dei
2240 1603 2304 1634 gra-
2322 1592 2399 1623 Ann.
2409 1591 2441 1622 D

1323 1630 1376 1668 tizi,
1395 1631 1489 1662 illustri
1505 1632 1551 1662 Re
1571 1632 1579 1660 i
1593 1630 1718 1670 Angliae,
1736 1630 1870 1662 Domino
1883 1631 2033 1661 Hiberniae
2044 1642 2077 1662 ac
2092 1631 2173 1663 Duci
2187 1632 2305 1671 Aquita-
2343 1640 2429 1671 1290.

1246 1669 1318 1705 niae,
1334 1669 1426 1703 infans
1439 1669 1471 1699 P.
1491 1670 1538 1701 illu
1567 1669 1602 1699 ris
1617 1669 1743 1699 Domini
1758 1669 1850 1707 Petri,
1869 1669 1977 1700 inclitae
1992 1669 2219 1710 recordationis,
2237 1671 2303 1701 Re·
2321 1675 2374 1698 Ari.
2391 1670 2434 1697 18.

1268 1707 1289 1735 is
1304 1706 1469 1738 Araoonum
1485 1708 1574 1746 filius,
1592 1718 1623 1738 ac
1639 1707 1810 1738 Procurator
1824 1708 1994 1746 Aragoniae,
2012 1708 2166 1746 gerensque
2179 1711 2254 1740 vices
2270 1710 2304 1739 il-
2318 1714 2348 1736 E.
2371 1718 2394 1735 ¹-

1248 1714 1340 1787 iiistris
1351 1731 1486 1788 *bomini
1504 1747 1592 1785 Regis
1613 1745 1701 1776 fratris
1725 1745 1812 1776 nostri
1826 1770 1836 1784 ,
1853 1747 1883 1775 in
1901 1747 1920 1765 *ὃ
1940 1745 2125 1784 Cathalonizi,
2146 1748 2179 1778 &
2194 1747 2302 1786 Regno
2317 1751 2385 1775 L.B.
2393 1745 2420 1783 f.

1250 1782 1473 1822 Majoricarum,
1491 1785 1604 1815 salutem
1618 1785 1651 1815 &
1666 1784 1802 1822 quicquid
1814 1783 1906 1822 potest
1921 1783 2025 1815 servitii
2037 1786 2071 1816 &
2084 1784 2209 1815 honoris.
2322 1786 2382 1812 126.
2398 1794 2427 1812 a.

1289 1821 1367 1860 Qia
1387 1822 1424 1852 de
1444 1822 1658 1862 Magnificentia
1678 1824 1711 1853 ὃ(
1732 1822 1823 1862 Regia
1847 1822 1963 1860 person&
1981 1821 2091 1860 vestra,
2109 1831 2254 1862 tamquam
2268 1822 2304 1853 de
2321 1827 2390 1850 Penes
2398 1826 2451 1850 Ca-

1250 1858 1349 1898 Patre,
1368 1861 1528 1898 frequenter
1550 1860 1644 1891 audire
1659 1861 1692 1892 &
1706 1860 1774 1891 scire
1787 1862 1916 1898 cupimus
1932 1870 2061 1891 rumores
2075 1861 2186 1899 bonos,
2202 1861 2304 1892 Excel-
2320 1870 2413 1889 merar-

1250 1897 1364 1928 lentiam
1378 1900 1499 1930 vestram
1519 1908 1666 1938 rogamus,
1687 1900 1814 1936 quatinus
1827 1899 1933 1937 placeat
1945 1899 2027 1930 vobis
2040 1909 2108 1938 nos,
2127 1899 2163 1929 de
2175 1899 2258 1931 salute
2272 1902 2305 1931 &
2322 1900 2340 1919 *ῖς
2351 1898 2456 1934 ll.46o-

1252 1935 1323 1966 statu
1339 1937 1433 1967 vestro
1448 1939 1547 1976 (quern
1560 1938 1667 1974 semper
1681 1937 1845 1974 adoptamus
1859 1937 1983 1974 felicem)
1999 1937 2097 1968 vestris
2109 1937 2225 1976 litteris,
2234 1948 2308 1977 quo—

1252 1975 1446 2013 tienscumque
1460 1977 1636 2014 oportunitas
1650 1975 1836 2006 Nunciorum
1849 1975 1876 2005 se
1888 1975 2040 2013 obtulerit,
2057 1976 2173 2007 visitare.

1292 2013 1489 2052 Significanius
1502 2015 1595 2051 itaque
1608 2012 1733 2044 Claritati
1746 2013 1846 2045 vestrae
1859 2013 1993 2044 illustrem
2008 2013 2176 2045 Dominum
2188 2014 2304 2055 Regem

1255 2051 1381 2082 Fratrem
1397 2053 1526 2083 nostrum
1540 2053 1574 2084 &
1589 2062 1641 2082 nos
1653 2052 1764 2091 vigere,
1782 2062 1831 2090 per
1844 2052 1903 2082 Dei
1916 2053 2048 2092 gratiam,
2063 2053 2182 2083 sanitate.

1293 2090 1441 2130 Rogamus
1456 2091 1565 2129 insuper
1582 2089 1787 2121 Celsitudinem
1801 2089 1924 2122 vestram
1941 2092 2083 2129 quatinus,
2102 2091 2193 2129 siqua,
2212 2093 2241 2121 in
2248 2101 2311 2132 par-

1254 2129 1328 2160 tibus
1348 2129 1416 2160 dieti
1437 2129 1564 2160 Domini
1586 2128 1676 2165 Regis
1696 2129 1785 2159 fratris
1803 2129 1892 2159 nostri
1906 2152 1915 2167 ,
1939 2130 2021 2159 vobis
2040 2129 2091 2159 sint
2112 2129 2238 2167 placida,
2256 2130 2312 2160 five

1254 2176 1346 2205 grata,
1364 2168 1455 2198 velitis
1468 2168 1550 2197 nobis
1564 2167 1713 2197 rescribere
1727 2166 1805 2205 super
1820 2169 1876 2205 eis,
1895 2168 2032 2206 quoniam
2046 2168 2196 2198 voluntarii
2215 2169 2248 2199 &
2264 2179 2312 2208 pa-

1256 2207 1308 2236 rati
1321 2206 1413 2237 sumus
1428 2205 1463 2237 ad
1475 2205 1603 2238 vestrum
1617 2205 1824 2245 beneplacitum
1837 2207 1870 2237 &
1885 2205 2058 2236 mandatum.

1292 2282 1402 2314 Datum
1416 2282 1501 2314 Oscae
1518 2290 1618 2321 quarto
1633 2282 1700 2313 Idsis
1710 2282 1851 2321 Januarii,
1869 2281 2084 2313 annoDomini
2100 2282 2249 2313 millesimo
2263 2281 2315 2314 du-

1258 2322 1413 2352 centesimo
1429 2322 1606 2361 ostogelimo
1622 2332 1711 2352 nono.

1257 2446 1347 2478 Bulla
1360 2456 1414 2491 pro
1435 2449 1511 2494 Rege
1522 2473 1532 2489 ‚
1558 2446 1638 2492 quod
1652 2449 1780 2480 Decima
1786 2443 1847 2489 filu·
1863 2445 1984 2491 conccffiz
2000 2446 2097 2490 juxta
2121 2457 2229 2478 verum
2245 2445 2314 2479 red-

1551 2495 1670 2527 dituum
1680 2495 1815 2527 valorem
1829 2494 2030 2541 persblvatur.

1339 2579 1446 2609 Icolaus
1471 2578 1644 2624 Episcopus,
1662 2579 1753 2609 servus
1770 2579 1915 2609 servorum
1938 2578 2014 2616 Dei,
2033 2578 2174 2609 cariffimo
2187 2579 2215 2609 in
2230 2578 2318 2609 Chri-
2335 2584 2412 2616 Am,
2425 2584 2465 2615 D,

1356 2618 1399 2648 sto
1422 2618 1479 2647 filio
1501 2617 1599 2648 nostro
1622 2617 1780 2656 Edwardo,
1798 2618 1872 2657 Regi
1886 2616 1996 2656 Angliae
2011 2617 2127 2656 illustri,
2145 2617 2261 2648 salutem
2280 2619 2314 2650 &
2356 2633 2442 2663 1290.

1262 2656 1460 2695 Apostolicam
1473 2657 1710 2686 benedictionem.
2335 2667 2389 2691 An,
2406 2664 2446 2691 18,

1302 2695 1406 2734 Nuper
1428 2693 1591 2725 Celsitudiiii
1613 2695 1711 2734 Regiae
1722 2694 1865 2724 decimam
1881 2693 2143 2724 Ecclesiasticorum
2157 2693 2318 2726 reddituum
2337 2706 2367 2729 Ε,
2391 2711 2415 2728 1,

1263 2734 1297 2764 &
1309 2741 1498 2771 proventuum
1509 2735 1538 2762 in
1553 2733 1662 2772 Angli-ae
1674 2734 1706 2774 <St
1721 2733 1826 2763 Scotiae
1841 2732 1961 2771 Regnis,
1980 2743 2012 2763 ac
2027 2732 2154 2763 Ybernia
2178 2734 2212 2764 &
2233 2733 2317 2764 Wal-
2336 2731 2376 2767 ix
2389 2743 2449 2767 Au-

1262 2772 1313 2810 lia,
1333 2773 1361 2801 in
1381 2772 1481 2801 Terrae
1500 2771 1600 2802 sanc‘tce
1625 2771 1789 2809 subsidium,
1808 2771 1856 2801 sub
1878 2771 1954 2802 certa
1966 2770 2074 2808 fomiti,
2093 2780 2143 2808 per
2157 2771 2227 2801 certi
2242 2779 2317 2802 tem-
2336 2785 2401 2816 mgr.
2447 2771 2450 2774 ’

1264 2811 1337 2847 poris
1356 2810 1488 2848 spatium,
1506 2810 1634 2840 duximus
1657 2809 1886 2847 concedendam,
1905 2818 1987 2847 prout
2011 2811 2038 2839 in
2057 2809 2153 2840 litteris
2175 2809 2320 2847 Apostoli-

1263 2850 1318 2885 cis,
1337 2848 1417 2886 super
1428 2848 1487 2878 hoc
1500 2848 1653 2885 confectis,
1670 2848 1776 2886 plenius
1790 2849 1823 2878 &
1839 2848 1962 2878 seriosius
1976 2849 2142 2878 continetur.

1301 2886 1381 2917 Cum
1404 2895 1498 2916 autem
1524 2887 1553 2916 in
1575 2887 1702 2925 Regnis,
1719 2896 1752 2916 ac
1774 2886 1900 2916 Ybernii
1921 2888 1954 2917 δε
1967 2885 2070 2916 Wallia
2083 2885 2259 2923 supradiffis,
2277 2885 2321 2916 di-

1267 2924 1351 2956 vers-„e
1363 2949 1373 2963 ,
1396 2932 1427 2954 ut
1449 2925 1549 2954 dicitur
1565 2948 1574 2962 ,
1594 2924 1661 2955 fiant
1682 2926 1874 2955 extimationes
1892 2924 2052 2954 reddituum
2072 2926 2105 2955 &
2126 2932 2320 2962 proventuum

1266 2963 1488 3001 praedit‘torum,
1507 2962 1650 2992 statuimus
1673 2971 1704 2993 ut
1718 2986 1727 3001 ,
1740 2964 1817 3002 juxta
1838 2972 1938 2993 verum
1960 2963 2084 3000 ipsorum
2105 2962 2250 3000 valorem,
2269 2964 2320 2993 tibi

1268 3001 1401 3040 praedicta
1415 3000 1525 3031 decima
1538 3001 1718 3038 persolvatur.
1975 3030 1976 3033 ,

1303 3039 1499 3070 Concedimus
1519 3049 1634 3077 quoque
1656 3039 1706 3070 tibi
1727 3039 1913 3070 obventiones
1940 3038 2075 3077 quassibet
2091 3062 2101 3077 ,
2129 3039 2158 3069 in
2180 3039 2321 3077 praediffls

1265 3077 1391 3118 Regnis,
1408 3088 1441 3108 ac
1459 3077 1585 3108 Ybernia
1605 3078 1639 3108 &
1660 3077 1765 3108 Wallia
1781 3101 1790 3116 ,
1808 3077 1938 3115 deinceps
1961 3078 2082 3116 ejusdem
2101 3077 2202 3108 Terrae
2220 3077 2323 3108 sanctae

1287 3126 1467 3154 roventuras,
1485 3117 1518 3146 ὃς
1533 3125 1595 3153 qua:
1611 3117 1792 3153 provenerint
1806 3117 1891 3146 etiam
1905 3117 1973 3146 inibi
1989 3117 2003 3146 a
2024 3125 2170 3155 tempore,
2189 3126 2264 3155 quo,
2281 3117 2323 3146 fe-

1275 3156 1324 3185 icis
1346 3155 1562 3191 recordationis,
1580 3153 1728 3184 Honorius
1750 3154 1839 3192 Papa,
1857 3154 2051 3185 Praedecessor
2063 3154 2166 3184 noster
2180 3178 2190 3192 ,
2208 3165 2251 3184 eas
2272 3156 2324 3184 tibi

1265 3193 1361 3230 duxit,
1379 3193 1448 3223 dum
1464 3195 1588 3230 viveret,
1607 3193 1817 3230 concedendas,
1835 3192 1998 3224 dummodo
2020 3193 2215 3230 conditiones,
2233 3202 2321 3232 appo-

1266 3232 1325 3262 sitas
1347 3233 1375 3261 in
1394 3231 1575 3262 concessione
1596 3230 1740 3268 praedietae
1759 3231 1879 3262 decima:
1893 3254 1903 3270 ,
1921 3232 1973 3262 tibi
1993 3231 2068 3262 faeta
2083 3254 2093 3270 ,
2111 3231 2194 3269 plene
2214 3230 2322 3260 studeas

1264 3278 1418 3308 acceptare.

1312 3346 1379 3377 Dat.
1394 3347 1501 3377 Romae
1513 3344 1583 3383 apud
1599 3344 1711 3375 Sasiam
1725 3345 1848 3376 Mariam
1864 3346 2009 3386 Majorem
2024 3353 2118 3384 quarta
2138 3343 2205 3374 Idus
2221 3343 2324 3383 Janua-

1268 3387 1319 3425 rii,
1338 3384 1521 3417 Pontificatus
1535 3383 1623 3414 nostri
1638 3393 1714 3414 anno
1729 3384 1862 3416 secundo.

1960 3460 2014 3491 Sub
2024 3459 2077 3502 filo
2095 3459 2217 3489 canabeo.

1272 3588 1376 3619 Litera
1402 3582 1441 3618 ab
1466 3583 1592 3629 Alfonfh
1619 3587 1694 3631 Rege
1718 3586 1877 3631 Aragoniae
1902 3584 2089 3629 excustztoria
2117 3582 2153 3615 de
2189 3585 2321 3617 Nnnciis

1309 3635 1376 3679 sicis
1393 3631 1474 3679 apud
1492 3635 1702 3678 Perpinianum
1721 3645 1777 3664 non
1795 3631 2030 3677 transmittendis
2040 3643 2109 3669 ,⁴nec
2125 3643 2182 3664 non
2195 3636 2321 3665 nuncia-

1315 3686 1394 3728 toria
1411 3681 1447 3714 de
1461 3680 1603 3727 prosperis
1611 3678 1781 3725 fhccqffibns
1795 3681 1871 3726 sitis.

1274 3766 1484 3830 SErenisiimo
1498 3766 1531 3796 &
1546 3764 1698 3803 magnifico
1711 3765 1855 3804 Principi,
1872 3766 1966 3795 amico
1980 3764 2030 3795 suo
2043 3764 2200 3804 karissimo,
2216 3765 2324 3796 Domi·
2341 3773 2415 3804 Arm,
2425 3772 2466 3803 D·

1332 3815 1371 3835 no
1386 3804 1467 3835 Edw.
1484 3803 1541 3833 Dei
1553 3803 1654 3842 gratia,
1673 3803 1770 3834 illustri
1786 3804 1860 3844 Regi
1875 3804 1985 3842 Angliae
2009 3803 2141 3834 Domino
2154 3803 2303 3834 Hiberniae
2313 3827 2322 3840 ,
2366 3821 2449 3849 1290,

1275 3847 1308 3876 &
1322 3844 1400 3874 Duci
1412 3843 1587 3879 Aquitaniae,
1598 3841 1753 3885 ‘Alfonsus‚
1771 3852 1820 3879 per
1833 3842 1967 3880 eandem,
1985 3827 2051 3872 Rex
2064 3842 2245 3882 Aragonum,
2256 3842 2321 3883 Ma-
2335 3855 2386 3879 An.
2411 3852 2454 3877 13.

1271 3884 1423 3923 joricarum
1442 3882 1474 3911 ὃς
1492 3880 1644 3917 Valentiae,
1661 3890 1694 3910 ac
1716 3880 1826 3910 Comes
1844 3880 2055 3918 Bai-chinoniae,
2072 3880 2200 3919 salutern,
2219 3882 2252 3912 &
2268 3882 2321 3909 sin·
2335 3893 2364 3915 Ε,
2392 3898 2414 3915 ,,

1273 3930 1369 3954 ceram
1381 3920 1578 3955 dilectionem,
1596 3919 1629 3949 &
1641 3919 1787 3956 prosperos
1799 3917 1833 3948 ad
1846 3927 1912 3949 vota
1925 3918 2072 3949 successus.
2333 3931 2363 3953 L.
2373 3926 2429 3963 Rs.

1314 3958 1471 3990 Serenitatis
1485 3955 1586 3987 vestrae
1599 3958 1755 3994 recepimus
1766 3957 1866 3987 litteras
1900 3958 2076 3988 continentes
2108 3956 2263 3994 uod,cum
2270 3964 2322 3985 vos
2341 3973 2432 3998 125.a.

1278 3995 1481 4041 requisivissens
1498 4005 1566 4039 nos,
1584 4005 1634 4032 per
1655 3995 1774 4025 dilectos
1788 3996 1831 4039 ,δε
1846 3981 1939 4026 fideles
1956 3994 2065 4028 vestros
2073 3968 2272 4038 ,cimagistrum
2285 3993 2323 4023 R.
2340 4008 2405 4039 penes
2417 4005 2470 4028 Ca·

1279 4038 1315 4069 de
1328 4036 1460 4073 Pinibus,
1479 4032 1625 4066 Clericum
1639 4035 1672 4066 ὃ(
1686 4032 1884 4102 Οοηῗ-Ιίιαηυηι
1895 4033 2038 4074 vestrum,
2055 4035 2088 4067 δε
2104 4031 2330 4099 Garcioneffie
2346 4050 2435 4067 mem.
