2570 4261
737 161 849 202 ET
932 155 1199 219 AcTA

11 255 137 291 ΛΜΗ),
150 247 299 289 Justiciarii
318 248 430 287 Angliae
443 273 452 288 ,
476 249 511 281 «Sc
531 245 649 279 Consilii
673 246 797 277 Domini
818 245 907 286 Regis
921 270 931 285 ,
959 244 1115 277 secundum
1136 238 1215 280 quod

174 288 274 319 raediet
293 299 324 319 m
337 289 387 319 est.
1105 321 1110 326 ι

11 301 120 371 Ηιρίὶος.
154 299 173 327 p
193 328 213 347 ³*
232 300 398 365 Etuinsuper
415 325 589 364 Justiciarius
608 324 757 354 Hiberniae
780 322 869 360 posuit
886 323 1020 353 Domino
1036 320 1216 364 Regitotam

9 357 259 410 01'245.terram
279 366 355 396 suam
377 366 405 394 in
425 363 567 402 plegium,
586 362 622 392 de
642 363 777 393 omnibus
799 361 938 399 praedictis
958 358 1152 405 observandis3
1179 365 1217 387 ita

59 395 66 403 ’
156 404 235 443 quod
270 404 289 434 fi
305 403 526 439 contravenerit,
545 409 604 431 tota
614 408 702 438 terra,
722 406 808 438 quam
824 400 860 429 de
877 399 1009 429 Domino
1025 398 1109 434 Rege
1121 403 1216 432 tenet,

155 428 309 474 mcurr’atur
324 441 458 471 Domino
471 439 562 478 Regi·
584 441 618 470 &
634 448 692 469 tota
712 447 802 477 terra,
821 448 907 476 quam
927 437 962 467 de
985 435 1152 467 Marescallo
1176 442 1218 464 te-

153 490 203 512 net
232 482 388 511 incurratur
403 477 452 516 ipsi
466 463 640 521 Marescallo.
676 516 680 521 Π
723 516 727 520 .
800 514 805 520 ¹
907 515 912 520 .
1029 514 1034 519 .
1169 512 1173 516 ι

196 506 278 550 l'dem
293 527 363 548 vero
372 516 544 555 justiciarius
560 516 708 545 Hiberniae
718 523 819 553 juravit
831 524 929 544 omnia
949 513 1082 552 praediRa
1100 509 1218 556 fideliter

155 555 343 595 observanda,
364 556 398 586 ὅτ.
417 553 533 593 subjecit
552 554 579 584 se
595 553 781 592 jurisdidtioni
804 553 1001 590 praenominati
1014 552 1137 581 Domini
1151 549 1217 579 Du-

154 595 284 627 blinensis
299 594 529 632 Archiepiscopi,
545 600 594 630 ut,
613 593 694 621 omni
708 590 893 630 appellatione
913 591 1051 633 cessante,
1069 588 1218 633 personam

153 635 211 673 ejus
227 634 358 664 sententia
372 631 675 698 circomniunicatgloigitis
687 630 997 699 iciliglpdat,8‹{cfitrerrnrlarer³
1010 626 1218 696 gjgisseripgelzdiig-

154 672 354 749 {fugpffiffig
367 673 422 747 {aldi}
428 678 680 751 &ffigzffiatimg
692 678 860 750 Dgiiitizrium'
871 705 1142 743 Archiepiscopum,
1159 689 1219 734 fac3

154 757 218 780 tum
231 749 312 780 suum
347 749 368 779 si
381 747 575 787 interceperit,
593 755 736 789 corrigere
754 745 882 776 voluerit.
1156 781 1162 786 -
1191 780 1196 786 ι

192 788 231 819 Et
242 773 378 827 quoniam
393 785 468 816 idern
479 784 653 823 justiciarius
667 784 788 823 sigillum
800 783 881 813 suum
894 782 988 813 secum
1004 791 1064 812 non
1078 781 1176 812 habuit
1188 789 1218 823 in

154 825 276 866 Anglia,
295 829 332 857 eo
347 824 425 863 quod
438 822 506 854 illud
520 822 659 854 dimiserat
673 823 703 852 in
716 822 857 852 Hibernia
870 823 898 851 in
910 819 1018 865 recessu
1032 820 1081 864 suo
1095 830 1111 849 a
1133 827 1219 861 parti-

154 865 208 895 bus
221 865 273 895 illis
285 875 338 903 pro
349 863 453 902 justitia
467 861 610 899 facienda,
629 860 752 899 apposita
767 861 879 891 fuerunt
912 860 947 890 ad
962 867 1129 904 petitionem
1140 866 1218 899 ¹eJuS,

153 903 221 933 huic
235 903 339 940 scripto
355 902 374 932 fi
395 901 438 931 illa
450 899 519 931 disti
535 900 658 930 Domini
671 898 713 930 H.
731 885 912 943 Dublirierisis
933 896 1146 938 Archiepiscopi
1156 919 1165 932 ,
1182 895 1216 925 &

153 940 306 972 Willielmi
325 940 360 970 de
420 939 508 970 arisco
527 938 615 969 fratris
639 936 894 979 ipsiusJusticiarii,
913 937 1009 969 donec
1022 942 1169 975 proprium
1183 935 1218 962 ii-

153 979 256 1019 gillum
269 980 351 1010 suurn
365 977 459 1009 eidem
473 977 578 1016 scripto
590 977 756 1016 apposuerit.

187 1054 325 1087 Testibus
338 1054 499 1094 supradictis
514 1055 548 1087 ὃς
561 1054 625 1086 τιῐίίεΔ

278 1182 329 1215 De
348 1182 574 1215 Tarneamentis
582 1190 638 1227 per
653 1182 803 1226 Legatum
820 1180 904 1224 Papae
920 1172 1094 1209 inhibendis.

2 1289 78 1321 Am
94 1288 135 1319 D·
152 1265 201 1327 P
210 1265 397 1335 fflssffii}
416 1265 610 1342 Ῑῖξὲὲἑὲῗέἓὲ
623 1262 970 1338 ἔὲζψὶῐέἶῖἶξῙῗέἓῗύ
986 1259 1111 1328 233¹}ss
1123 1257 1220 1327 ἓξὲξ

22 1337 108 1359 ¹²²0·
151 1342 202 1373 suo
214 1343 350 1375 Huberto
362 1343 397 1373 de
404 1327 505 1381 ’Burgo
516 1341 678 1381 Justiciario
685 1340 804 1384 *Angliae
817 1323 932 1368 saiutem
946 1338 976 1366 iti
990 1336 1134 1380 Domino.
1147 1374 1153 1379 .

1 1372 55 1395 '⁸²¹‘
71 1377 99 1403 4*
192 1382 310 1413 Litteras
346 1391 414 1419 quas
435 1381 518 1411 nobis
539 1379 614 1409 misit
636 1378 782 1415 Philippus
794 1375 830 1406 de
844 1376 964 1413 Uletot,
982 1375 1066 1405 vobis
1080 1383 1219 1405 mittimus

0 1411 35 1434 H.
58 1415 84 1443 3·
151 1406 330 1458 praesentibus
346 1418 519 1456 interclusas,
541 1425 691 1461 monentes
711 1416 912 1461 discretionem
934 1413 1058 1444 vestram
1079 1413 1116 1455 ὃς
1133 1422 1219 1456 ,φατι-

0 1444 114 1489 ΒΗΜΛ
149 1459 246 1489 dantes
259 1467 393 1497 quatenus
405 1456 575 1495 provideatis
588 1464 670 1487 terr-ae
684 1455 724 1486 illi
737 1463 801 1494 quae
815 1464 865 1493 per
878 1453 1025 1484 defectum
1040 1451 1149 1483 consilii
1157 1451 1220 1482 Re-

0 1482 120 1511 brevium
147 1498 188 1536 gis
204 1497 315 1527 videtur
329 1495 476 1526 manifeste
493 1497 590 1533 perire.

187 1535 256 1566 Nos
271 1536 349 1565 enim
364 1534 471 1564 nullam
485 1534 618 1565 fiduciam
632 1533 782 1578 habuimus
797 1531 834 1577 de
848 1531 982 1571 Philippo
1004 1528 1041 1561 de
1060 1528 1167 1575 ¹Uletot
1187 1537 1220 1560 ut

149 1573 217 1618 illuc
232 1575 274 1604 ire
286 1573 419 1612 deberet,
439 1574 565 1612 quamvis
580 1583 632 1604 vos
647 1571 814 1616 Videreinini
829 1571 887 1602 effe
900 1570 982 1602 valde
996 1579 1067 1600 certi
1080 1579 1110 1599 in
1125 1576 1217 1637 negg-

147 1612 279 1689 31213ξέ
288 1609 1219 1690 ffibsssifffits‘iss‘ffee‘a,suiisstffinssfisgissnssfffiuff‘ngffiffiu‘}

147 1689 242 1721 multo
264 1690 388 1728 rubore,
405 1690 440 1721 δε
461 1688 543 1721 valde
562 1690 696 1720 timemus
718 1697 756 1718 ne
775 1688 935 1726 dampnum
951 1686 1045 1718 veniat
1066 1684 1133 1715 inde
1155 1694 1218 1724 gra-

146 1738 340 1805 vePraeterea,
358 1766 430 1797 sicut
441 1765 545 1804 nostis,
565 1765 756 1804 inhibuimus,
773 1765 833 1796 hoc
846 1774 938 1803 anno,
952 1770 1164 1801 torneamenta,
1180 1763 1216 1794 δε

144 1806 459 1837 excommunicavimus
480 1805 596 1844 publice
614 1812 806 1842 torneatores,
823 1805 857 1835 δε
877 1803 913 1833 de
926 1803 1079 1834 commu-ni
1099 1800 1218 1832 consilio

143 1843 198 1875 fuit
219 1844 354 1875 statutum
375 1852 424 1882 ut,
441 1844 462 1877 si
483 1853 537 1875 nec
556 1843 595 1874 sic
615 1842 779 1874 desisterent
799 1852 815 1873 a
827 1841 1004 1881 torneando,
1018 1850 1120 1871 eorum
1141 1840 1218 1871 bona

122 1895 127 1900 ·
145 1882 373 1914 confiscarentur.

184 1920 294 1959 Unde,
312 1929 382 1952 cum
395 1931 492 1960 nunc,
509 1920 581 1952 ficut
594 1919 715 1958 dicitur,
730 1926 940 1960 congregentur
954 1917 989 1963 ad
1008 1917 1198 1963 torn-eandum
1206 1940 1217 1957 ,

145 1969 298 1990 monemus
314 1962 348 1992 &
362 1960 528 1991 mandamus
539 1967 589 1997 ut,
606 1960 645 1989 eis
659 1969 708 1996 per
720 1958 809 1989 literas
823 1959 911 1995 regias
925 1958 1047 2002 inhiberi
1062 1957 1214 2001 faeientes,

145 2006 230 2029 terras
247 2008 350 2030 eorum
362 1999 528 2037 praecipiatis
540 1998 602 2036 capi
615 1998 647 2028 in
659 2006 759 2027 manus
773 1997 897 2028 Domini
911 1996 1017 2036 Regis,
1035 2005 1085 2034 qui
1099 1994 1215 2026 manda-

145 2045 174 2069 ta
190 2036 278 2076 Regis
294 2037 395 2068 nolunt
408 2036 535 2068 obedire.
1052 2074 1057 2079 .
1111 2074 1117 2080 .
1194 2073 1200 2078 υ

181 2073 402 2115 Experstavimus
416 2077 494 2106 enim
508 2084 540 2106 ut
552 2075 684 2106 veniretis
695 2074 788 2105 versus
801 2082 893 2114 partes
907 2072 1139 2117 Dorcestriae,in
1153 2083 1215 2112 qui-

145 2114 199 2144 bus
210 2123 288 2144 nunc
300 2115 411 2152 summ,
429 2122 460 2146 ut
473 2114 510 2145 de
528 2113 606 2145 faeto
627 2113 785 2145 Cornubiae
806 2114 1007 2151 tractaremus,
1024 2113 1059 2144 &
1079 2120 1216 2143 miramur

141 2151 225 2191 quod
238 2161 300 2186 non
312 2152 434 2185 venistis.

184 2228 296 2263 Datum
309 2230 382 2270 apud
397 2231 484 2272 Cery.
501 2231 608 2264 ostavo
623 2231 688 2264 Kal.
708 2231 890 2272 Septembris.

0 1523 23 1548 in
36 1525 113 1549 Turre

0 1561 106 1588 London.

0 1601 51 1626 An.
65 1608 92 1634 4.

0 1640 31 1664 Η.
51 1646 80 1675 3.

143 2353 229 2385 Petri
255 2335 389 2389 Wntoiu.
414 2355 550 2402 Epifiopi
574 2357 698 2389 Littera
720 2353 896 2403 Pandulpho
923 2356 1064 2388 Norwic.
1090 2355 1214 2399 Ele-530,

190 2402 284 2448 fhper
297 2407 409 2451 negotio
426 2404 582 2439 Pifft'aven.
607 2408 645 2444 (ῤ’
660 2403 696 2438 de
713 2401 942 2438 'Tbmeatoribus
959 2402 1161 2438 excludendis.

208 2485 360 2520 Everendo
373 2490 403 2520 in
417 2488 536 2520 Christo
552 2489 623 2527 patri
638 2485 808 2528 pandulpho
843 2487 902 2520 Dei
953 2488 1006 2520 aria
1026 2488 1215 2534 Norwicensi

225 2524 346 2566 Elesto,
365 2527 489 2558 Domini
505 2528 590 2566 Papae
604 2523 784 2567 Camerario,
804 2514 983 2572 Apostoicae
998 2528 1066 2559 sedis
1083 2528 1212 2573 Legato,

143 2560 176 2591 P.
195 2562 290 2595 divina
304 2566 495 2604 miseratione,
513 2566 719 2597 wintoniensis
732 2565 868 2598 Ecclesiae
882 2566 1010 2598 minister
1025 2567 1155 2606 humilis,
1172 2567 1214 2599 sa-

143 2600 232 2632 lutem
241 2627 250 2641 ,
271 2604 305 2634 &
318 2612 445 2642 paratum
459 2605 567 2642 semper
579 2615 649 2635 cum
662 2604 817 2641 devotione
835 2605 1014 2644 obsequium.

183 2639 273 2679 Super
294 2642 352 2673 hoc
373 2643 453 2681 quod
467 2643 549 2674 nobis
561 2642 714 2682 mandatis,
732 2650 763 2674 ut
776 2653 830 2681 pro
845 2645 962 2683 negotio
976 2640 1144 2675 Pietavienfi
1159 2643 1214 2675 sol-

142 2677 213 2709 liciti
233 2679 371 2720 eflemus,
387 2681 477 2712 sciatis
498 2681 578 2720 quod
587 2701 603 2721 ,-
611 2690 728 2719 propter
751 2678 828 2719 hoc,
854 2680 924 2713 Deo
938 2682 1071 2722 volente,
1096 2683 1150 2714 hac
1169 2684 1214 2714 in-

143 2716 225 2748 stanti
243 2718 290 2749 die
310 2718 469 2750 Dominica
482 2719 548 2758 post
565 2719 786 2751 decollationem
806 2720 902 2751 Sanciti
919 2719 1056 2760 johannis
1084 2721 1216 2760 Baptista:

145 2755 330 2788 Wintoniam
350 2759 516 2797 veniemus,
535 2759 584 2789 ubi
602 2768 673 2789 cum
692 2757 829 2790 Domino
845 2758 1007 2798 Justiciario
1027 2758 1094 2790 inde
1113 2761 1214 2792 tracita‘-

141 2801 205 2825 tum
225 2794 408 2837 habebimus,
425 2798 460 2829 &
480 2799 555 2828 circa
576 2796 654 2827 idem
675 2798 825 2837 negotium
846 2808 986 2836 omnem,
1006 2807 1092 2836 quam
1106 2801 1212 2837 poteri-

141 2842 222 2873 mus,
239 2835 399 2866 curabimus
412 2835 585 2876 diligentiam
596 2833 746 2874 adhibere,
764 2837 798 2869 &
814 2836 870 2875 ibi,
889 2836 910 2867 si
931 2835 1025 2878 posset
1045 2836 1124 2876 fieri,
1140 2847 1214 2877 prae—

138 2872 224 2904 sentia
238 2873 329 2904 vestra
344 2874 412 2906 effet
424 2875 584 2906 necessaria.

177 2909 244 2942 Hac
266 2911 303 2942 de
324 2913 403 2944 causa
421 2915 506 2944 etiam
526 2915 622 2945 virum
642 2913 835 2945 venerabilem
855 2911 1011 2945 Decanum
1032 2914 1142 2947 Pkstav.
1164 2918 1213 2955 qui

137 2958 229 2987 nuper
251 2951 329 2981 venit
348 2951 383 2982 ad
402 2961 455 2983 nos
500 2951 658 2983 detinemus
677 2952 845 2991 nobiscum,
875 2964 911 2984 eo
932 2953 1011 2991 quod
1033 2954 1125 2991 i'psum
1148 2955 1213 2986 ido-

138 2997 245 3025 neum,
262 2989 297 3019 &
309 2989 409 3020 utilem
421 2976 478 3021 eflie
492 2990 656 3030 credamus,
692 3001 725 3022 ro
739 2991 875 3022 mandato
887 2991 1048 3030 hujusmodi
1070 3002 1213 3032 exequen-

139 3025 179 3056 do
188 3050 198 3064 ,
213 3026 248 3057 ad
261 3034 370 3071 treugas
384 3028 515 3060 videlicet
528 3002 730 3069 impetrantias,
748 3030 796 3062 vel
808 3029 843 3060 ad
857 3032 1007 3070 negotium
1026 3030 1082 3062 alio
1101 3032 1210 3071 modo,

138 3073 224 3100 prout
236 3065 336 3096 melius
353 3068 473 3106 poterit,
492 3068 711 3105 procurandum.

176 3101 257 3147 Cum
268 3112 364 3135 autem
377 3104 414 3135 de
429 3106 561 3143 processu
574 3108 681 3146 negotii
698 3107 779 3147 hujus
788 3109 879 3147 ,juxta
893 3107 973 3147 quod
988 3109 1131 3146 provisum
1147 3109 1211 3149 fuit,

0 3156 41 3185 »1⁴
57 3156 122 3193 246·
138 3150 209 3171 certi
220 3141 463 3187 effe-poterimus,
479 3143 581 3188 vestraej
593 3145 738 3189 sanctitati
753 3147 916 3177 curabimus
932 3148 948 3164 *⁶
972 3148 1119 3187 intimare,
1137 3158 1212 3187 prae-

138 3180 342 3251 galtriri‘nxieffialrrn]
357 3181 514 3214 Decanum
527 3184 728 3223 retinebimus,
746 3185 894 3224 quousque
908 3185 1079 3224 suscepimus
1093 3187 1210 3219 manda-

178 3256 229 3288 De
240 3260 464 3299 torneatoribus,
479 3262 592 3292 noverit
605 3260 697 3292 vestra
709 3264 856 3301 paternitas
864 3287 874 3302 ,
887 3262 966 3301 quod
979 3263 1091 3294 nullum
1105 3275 1208 3296 eorum

138 3297 314 3335 recepimus,
338 3298 385 3329 vel
405 3301 570 3337 recipiemus
590 3299 707 3331 scienter
725 3302 756 3331 in
776 3300 868 3332 domo
887 3301 1001 3340 nostrai,
1021 3303 1069 3340 qui
1091 3303 1126 3333 ad
1142 3304 1207 3335 ulti-

138 3345 222 3366 mum
237 3335 321 3366 fuerit
332 3344 580 3376 tornoementum3
597 3337 643 3368 sed
658 3347 712 3368 nec
726 3339 823 3377 aliquis
836 3340 871 3370 de
883 3339 986 3371 nostris
1005 3340 1146 3373 Militibus
1166 3341 1207 3373 ibi

137 3373 208 3412 fuit,
227 3374 277 3412 &,
298 3374 317 3404 si
337 3374 469 3406 sciremus
487 3376 611 3415 aliquem
629 3375 665 3407 de
682 3376 784 3407 nostris
805 3378 845 3408 ibi
867 3379 964 3417 fuisse,
989 3379 1005 3408 a
1023 3379 1206 3412 familiaritate

138 3411 233 3442 nostra
252 3421 391 3451 perpetuo
410 3413 479 3457 esset
497 3414 638 3454 exclusus,
655 3424 710 3446 nec
730 3415 767 3446 de
780 3425 903 3458 caetero,
922 3417 980 3449 sirie
993 3418 1128 3449 mandato
1142 3429 1205 3451 ves-

140 3459 188 3483 tro
220 3451 295 3489 apud
310 3461 362 3482 nos
374 3460 490 3492 gratiam
502 3453 648 3484 inveniret.

179 3475 235 3519 13er
247 3497 338 3520 totam
371 3500 467 3528 uoque
482 3489 628 3522 Diocaesm
641 3491 767 3524 nostram
779 3500 864 3524 terras
878 3503 980 3525 eorum
989 3519 999 3533 ,
1008 3496 1058 3534 qui
1070 3496 1109 3526 ibi
1122 3495 1206 3527 fuisse

138 3529 305 3559 noverimus
319 3553 330 3568 ‚
367 3529 532 3568 ubjiciemus
551 3529 703 3560 interdicito
717 3554 728 3570 ,
751 3532 898 3571 quousque
917 3533 1002 3564 nobis
1024 3534 1184 3566 constiterit
1198 3560 1208 3574 ,

138 3567 209 3606 quid
220 3567 256 3597 de
271 3567 334 3605 ipsis
347 3566 450 3599 vestrae
465 3567 598 3605 placuerit
612 3567 758 3600 sanetitati.

176 3605 310 3643 Nepotes
329 3606 447 3644 quidem
468 3605 595 3645 nostrOS‚
610 3607 644 3638 &
686 3607 801 3639 uosdam
821 3609 889 3640 alios
904 3609 940 3641 de
954 3610 1089 3643 militibus
1102 3611 1206 3642 nostris

138 3642 192 3674 hac
212 3643 437 3713 clpnsideratione
458 3644 493 3676 ad
514 3654 602 3683 partes
622 3655 662 3675 no
689 3655 730 3676 ras
751 3648 923 3688 remisimus,
942 3658 980 3681 ne
992 3650 1023 3679 in
1035 3649 1138 3690 Anglia
1153 3650 1208 3682 fer-

138 3691 201 3713 rent
248 3692 318 3714 rma.

174 3720 234 3751 Pro
253 3723 371 3761 negotio
389 3720 515 3753 Domini
533 3722 613 3753 Rob.
633 3721 718 3753 Diae.
737 3720 908 3763 cardinalis,
926 3726 975 3764 qui
995 3737 1049 3765 pro
1072 3726 1204 3759 fidelitate

138 3759 173 3790 &
187 3759 299 3791 servitio
314 3760 439 3792 Domini
454 3760 543 3801 Regis
556 3760 678 3799 dampna
692 3761 828 3800 plurima,
844 3764 878 3795 &
893 3765 1002 3803 injurias
1015 3775 1112 3804 graves
1124 3764 1205 3797 susti-

140 3799 218 3837 nuit,
236 3798 337 3829 vestrae
350 3801 506 3838 paternitati
530 3800 673 3830 humiliter
694 3799 896 3838 supplicamus,
916 3804 1044 3840 quatinus
1065 3805 1099 3836 &
1117 3806 1206 3836 taliter

138 3836 290 3904 prcssidere
303 3838 392 3906 velitlis
406 3837 439 3868 ad
455 3838 596 3906 honlorerri
610 3837 685 3907 ἕξεί,
704 3838 738 3869 &
752 3837 854 3869 san&ae
869 3838 1022 3912 ἓὲεΙεῇεάε,
1039 3842 1074 3873 &
1096 3842 1206 3874 Domi-

137 3883 612 3946 ffaffaeffigssssffiw
631 3887 647 3907 ⁶
657 3884 787 3959 fapmt'
800 3885 837 3908 ¹¹⁶
848 3888 867 3911 v
910 3888 971 3912 ‘²¹¹¹
1005 3889 1021 3912 ε
1035 3889 1142 3914 wem
1155 3892 1193 3916 ω

176 3948 274 3982 Valeat
287 3952 412 3985 smctitas
428 3953 518 3986 vestra
531 3954 642 3993 semper
655 3963 684 3985 m
698 3952 841 3986 Domino.

0 2497 126 2529 AnnD.

22 2546 108 2568 1220.

0 2579 44 2605 dn.
61 2585 92 2615 4.

0 2619 28 2643 H.
48 2624 76 2651 3.

0 2653 107 2682 Bundela

0 2692 114 2720 brevium

0 2733 17 2757 'n
27 2734 107 2758 Turre

0 2770 102 2797 coridon.

0 2810 45 2835 an.
59 2817 89 2843 4.

0 2850 29 2873 il.
43 2855 68 2884 3.

171 4109 248 4139 Tom.
277 4112 302 4139 Ι.
323 4112 356 4140 Ρ.
375 4113 403 4147 Ι,

1280 154 1749 203 PUBLICA.
2269 165 2289 202 ὅ

2298 195 2318 216 .)

2341 270 2416 307 Ann.
2432 272 2469 299 ἶ).

1290 323 1337 355 De
1356 325 1510 357 Comitattt
1531 326 1699 370 Cornubiae,
1725 341 1874 378 tanquam
1883 346 1957 378 jure
1966 333 2042 378 βω,
2062 335 2155 378 petito
2167 341 2222 376 Per
2243 331 2289 362 A·
2339 319 2450 384 ΗΙεῖιῗ-Οὲ.

1390 372 1496 416 filium
1513 376 1557 408 A.
1584 379 1620 409 V
1618 380 1775 412 icecomitis
1792 380 1942 426 qnondam
1961 381 2187 423 Lemovicerfis.

1324 455 1383 487 EX
1399 457 1433 488 Α.
1455 457 1514 489 filio
1530 459 1565 490 A.
1585 460 1758 492 Vicecomiti
1772 465 1915 502 quondam
1931 465 2118 497 Lemovicen.
2138 466 2261 497 salutern.
2341 471 2393 496 An.
2408 478 2438 504 4.

1362 495 1525 527 Gratiarum
1540 498 1667 530 afflones
1683 501 1765 531 vobis
1788 504 1930 533 referimus
1954 506 2123 542 multiplices
2144 506 2223 543 super
2247 504 2324 542 hoc,
2345 512 2378 535 H.
2401 517 2426 543 3.

1259 533 1337 576 quod
1353 535 1452 578 nobis,
1472 537 1505 566 &
1520 537 1622 567 nostris
1639 548 1781 576 exponere
1795 540 1920 570 voluistis
1933 542 1992 572 duo
2008 543 2117 573 castella
2131 544 2239 581 vestra,
2254 543 2325 573 sicut
2343 546 2429 582 Claus.
2442 554 2473 579 4.

1258 571 1397 615 inllitteris
1411 573 1527 612 vestris,
1542 577 1626 606 nobis
1640 577 1813 616 transmissis,
1831 581 2042 610 continebatur:
2063 583 2096 612 δε
2108 582 2188 620 super
2209 583 2268 612 hoc
2291 582 2326 610 fi-
2342 588 2375 611 H.
2396 594 2421 620 3.
2436 594 2473 611 m.

1259 610 1377 654 mihter,
1396 613 1473 656 quod
1495 614 1578 644 nobis
1598 615 1783 655 significastis,
1805 618 1883 655 quod
1905 617 1938 647 ad
1960 628 2012 648 nos
2034 622 2129 650 venire
2144 619 2270 651 voluistis
2293 621 2323 650 in
2342 633 2370 659 4.
2389 624 2415 650 A.

1259 646 1409 692 Angliam,
1429 654 1447 682 11
1461 653 1545 682 nobis
1559 653 1698 692 placeret,
1717 655 1770 693 set,
1789 665 1857 685 cum
1870 666 1940 694 nos,
1959 656 2018 686 Dei
2032 659 2132 696 gratia,
2151 659 2206 689 sani
2228 659 2322 689 sumus

1257 685 1292 715 &
1313 688 1488 728 incolumes,
1506 692 1539 721 &
1565 700 1635 722 terra
1652 692 1748 723 nostra
1771 694 1882 734 Anglite
1902 696 1975 732 pacis
1987 696 2102 739 gaudeat
2117 698 2321 736 tranquilitate,

1258 734 1318 768 non
1332 725 1373 756 est
1387 738 1475 767 opus,
1493 729 1527 758 ad
1543 730 1674 770 praesens,
1695 731 1774 770 quod
1785 743 1857 763 onus
1871 733 1972 764 laboris
1986 733 2062 764 istius
2076 734 2193 765 subeatis
2209 737 2324 767 venien-

1258 762 1288 792 di
1302 763 1337 793 ad
1351 774 1403 795 nos
1418 768 1447 796 in
1461 767 1603 807 Angliam.

1282 801 1345 844 ⁴De
1359 802 1510 852 Comitatu
1522 816 1616 838 autem
1631 807 1806 848 Cornubiae,
1826 820 1930 850 quem,
1949 822 1999 849 per
2011 812 2113 843 litteras
2133 811 2252 850 vest-raS,
2270 822 2325 843 vo-

1258 838 1301 869 bis
1319 840 1397 885 reddi
1420 844 1544 881 petistis,
1563 852 1708 884 tamquam
1727 849 1770 885 jus
1791 849 1934 888 vestrum,
1953 851 1987 881 Sc
2008 851 2044 880 dc
2066 851 2134 881 dote
2150 852 2243 881 matris
2257 861 2323 880 nos-

1258 885 1325 922 trae,
1344 889 1370 909 ei
1388 881 1455 925 inde
1475 883 1616 915 reddenda
1639 895 1689 923 per
1712 886 1878 917 Robertum
1899 887 1935 918 de
1950 888 2116 919 Caerdinan.
2136 889 2223 920 sciatis
2243 888 2323 926 quod

1257 925 1329 945 cum
1344 916 1490 965 Dominus
1504 921 1618 961 Gualo,
1635 923 1726 955 Titul.
1745 925 1841 956 Sancii
1857 925 1975 957 Martini
1991 928 2130 958 Presbiter
2151 927 2323 966 Cardinalis,

1259 953 1382 998 Legatus
1396 958 1465 1002 effer
1479 969 1509 989 iri
1525 960 1571 991 An
1591 962 1779 1030 iniuratum
1791 965 1859 1001 fuit,
1878 966 1905 994 in
1921 966 2062 1003 praesentia
2076 966 2174 1004 ipsius,
2193 976 2242 1004 per
2258 965 2325 996 Do-

1259 1000 1373 1023 minum
1394 996 1566 1028 Wintonien
1578 1009 1625 1029 em
1675 1001 1821 1039 piscopum
1841 1004 1875 1033 &
1895 1003 2103 1035 Cancellarium
2125 1004 2273 1042 nostrum,
2291 1006 2326 1035 δε

1258 1028 1426 1063 Hubertum
1448 1034 1484 1078 de
1505 1035 1601 1076 Burgo
1617 1037 1809 1074 justiciarium
1829 1040 1975 1080 nostrum,
1991 1053 2107 1073 necnon
2125 1044 2159 1074 ὃς
2181 1053 2230 1080 per
2241 1052 2326 1072 corn-

1260 1077 1348 1114 rnune
1368 1071 1518 1102 consihum
1540 1074 1690 1113 nostrum,
1709 1077 1788 1114 quod
1808 1078 1856 1115 ipsi
1879 1088 1931 1109 nos
1946 1080 2123 1118 custodient,
2140 1081 2325 1112 &tenebunt

1259 1116 1289 1151 iri
1299 1107 1391 1140 saisina
1403 1112 1538 1141 omniurn
1553 1122 1706 1152 terrarum,
1726 1125 1791 1152 quae
1803 1115 1916 1146 fuerunt
1930 1118 1958 1146 iri
1974 1127 2060 1148 manu
2074 1119 2195 1149 Domini
2213 1119 2325 1158 johan-

1259 1155 1302 1176 nis
1314 1146 1402 1188 Regis
1413 1150 1494 1187 patris
1508 1150 1613 1189 nostri,
1628 1151 1690 1190 die,
1703 1163 1757 1191 qua
1769 1163 1868 1193 guerra
1883 1154 1977 1192 primo
1991 1166 2068 1186 mota
2083 1158 2134 1187 fuit
2148 1159 2219 1188 inter
2232 1157 2324 1196 ipsum

1259 1184 1293 1215 &
1307 1185 1429 1218 Barones
1441 1188 1505 1219 suos
1519 1189 1646 1229 Angliae-
1667 1192 1702 1222 &
1715 1192 1794 1229 quod
1808 1202 1863 1223 nec
1876 1193 1981 1231 aliquid
2000 1194 2064 1231 siet,
2083 1195 2118 1225 de
2138 1197 2211 1227 terra
2233 1196 2325 1234 aliqua

1259 1224 1435 1257 conferenda
1453 1227 1498 1258 vel
1518 1228 1626 1259 alienari
1647 1229 1677 1268 a,
1696 1230 1831 1268 quamdiu
1856 1231 1926 1261 infra
1945 1241 2059 1263 aetatem
2074 1233 2225 1272 fuerimus,
2244 1234 2324 1272 quod

1260 1261 1362 1294 cedere
1376 1265 1462 1305 poffit
1475 1266 1557 1297 alicui
1568 1267 1602 1297 ad
1615 1269 1839 1306 perpetuitatem.

1283 1301 1390 1346 .U.¹¹d⁶
1410 1305 1492 1334 vobis
1515 1306 1681 1337 mandamus
1702 1306 1798 1345 quod,
1824 1307 1859 1337 ad
1880 1308 1998 1346 praesens
2018 1309 2054 1339 de
2075 1310 2212 1348 petitione
2234 1309 2325 1341 vestra

1258 1340 1347 1370 nichil
1365 1341 1458 1372 facere
1479 1344 1644 1383 possumus,
1663 1346 1716 1384 set,
1742 1355 1811 1376 cum
1831 1345 1865 1376 ad
1886 1356 1999 1377 aetatem
2039 1350 2246 1385 ervenerimuS,
2273 1358 2326 1378 rios

1260 1378 1343 1409 vobis
1362 1380 1483 1411 libenter
1502 1381 1637 1414 faciemus
1655 1384 1702 1421 id,
1721 1383 1801 1422 quod
1823 1384 1859 1415 de
1873 1386 1938 1424 jure
1956 1385 2030 1417 dilec
2043 1398 2063 1417 o
2085 1395 2209 1426 cognato
2225 1387 2326 1417 nostro

1258 1417 1350 1486 fffcere
1370 1419 1554 1488 debaeibiinus,
1573 1422 1668 1454 audito
1686 1423 1751 1461 jure
1773 1422 1868 1455 vestro
1889 1424 1969 1463 quod
1989 1426 2019 1456 in
2039 1426 2157 1464 praefato
2178 1424 2328 1456 Comitatu

1258 1465 1276 1486 c
1287 1466 1381 1488 amare
1395 1467 1435 1489 vo
1446 1467 1548 1489 ueritis.

1297 1533 1388 1566 Teste
1401 1534 1555 1577 Huberto,
1573 1538 1633 1571 &e
1654 1539 1729 1578 apud
1743 1539 1837 1572 Exon.
1856 1542 1940 1574 tertio
1953 1541 2000 1573 die
2013 1541 2197 1581 Septembris.

1352 1660 1403 1693 De
1418 1659 1549 1704 custodia
1568 1662 1713 1709 Vafioniae
1728 1663 1861 1712 Philippo
1884 1665 1920 1699 de
1943 1667 2045 1701 Uletot
2065 1668 2228 1715 commzffia.

1258 1743 1384 1806 REX
1398 1745 1562 1780 Willielmo
1576 1748 1700 1789 Gauler,
1718 1751 1752 1781 &
1767 1751 1904 1783 omnibus
1916 1752 1974 1783 aliis
1988 1752 2116 1785 fidelibus
2129 1754 2181 1784 suis
2203 1754 2326 1787 Wasco-
2348 1750 2423 1783 ΑΠΠ-
2437 1752 2478 1784 D.

1340 1785 1395 1813 niae
1409 1785 1533 1817 salutem.
2368 1800 2452 1821 1220.

1303 1822 1401 1854 Sciatis
1421 1825 1499 1863 quod
1518 1826 1715 1859 commisimus
1736 1827 1843 1859 dilecto
1865 1830 1899 1860 δε
1922 1830 1996 1861 fideli
2015 1831 2117 1862 nostro
2138 1831 2272 1871 Philippo
2289 1834 2326 1865 de
2348 1834 2399 1858 Aa.
2414 1842 2443 1867 4·

1258 1859 1364 1905 ἱμαῖος
1378 1870 1470 1893 totam
1485 1872 1587 1894 terram
1600 1865 1727 1896 nostram
1741 1867 1923 1906 Wasconiae,
1942 1879 2011 1899 cuin
2026 1870 2161 1900 omnibus
2183 1874 2325 1908 pertinen-
2347 1874 2379 1896 H·
2402 1880 2428 1907 3·

1257 1900 1366 1968 ‹tiigsnsuis
1382 1911 1447 1939 quae
1461 1911 1514 1933 nos
1536 1905 1725 1944 contingunt,
1740 1905 1876 1942 quamdiu
1897 1908 1980 1937 nobis
2003 1908 2139 1945 placuerit
2161 1909 2325 1941 custodien-
2346 1912 2403 1935 ΡΜ·
2423 1918 2451 1944 4-

1295 1975 1334 2008 Et
1354 1977 1420 2009 ideo
1440 1979 1524 2010 vobis
1546 1979 1713 2011 mandamus
1727 2004 1736 2019 ,
1761 1983 1956 2022 praecipientes
1976 1993 2110 2023 quatenus
2132 1986 2169 2017 de
2190 1989 2325 2020 omnibus

1257 2016 1392 2055 exitibus,
1410 2019 1642 2055 provenientibus
1654 2018 1691 2049 de
1705 2027 1764 2050 tota
1777 2030 1851 2051 terra
1864 2022 1960 2052 nostra
1983 2023 2162 2063 WasconIae,
2181 2026 2246 2063 post
2263 2027 2327 2058 ulti-

1257 2065 1341 2086 mum
1364 2056 1504 2087 recessum
1525 2057 1646 2088 Galfridi
1669 2058 1706 2088 de
1727 2058 1836 2097 Nevil,
1855 2060 2000 2098 quondam
2022 2062 2170 2093 Senescalli
2183 2064 2271 2095 nostri
2291 2066 2327 2096 de

1256 2093 1457 2164 eag‘eirgtiisterra,
1474 2096 1526 2134 ipsi
1541 2095 1674 2135 Philippo
1687 2097 1893 2137 respondeatis,
1911 2100 1945 2131 ὃς
1966 2110 2031 2139 quae
2048 2101 2115 2132 inde
2137 2103 2280 2141 recepistis
2299 2106 2325 2136 ei

1257 2143 1289 2164 re
1295 2170 1335 2205 Et
1349 2157 1386 2203 in·
1394 2172 1475 2212 hujus
1488 2174 1550 2206 &c.

2347 1951 2479 1984 H.3.m.2.

1294 2251 1385 2284 Teste
1405 2252 1543 2285 Huberto
1561 2253 1598 2285 de
1617 2253 1712 2295 Burgo
1729 2253 1894 2293 Justiciario
1916 2256 2017 2287 nostro
2036 2255 2110 2295 apud
2131 2256 2267 2290 Winton.
2291 2259 2328 2291 16

1256 2290 1303 2323 die
1317 2292 1509 2332 Septembris,
1526 2302 1603 2324 anno
1616 2296 1696 2333 regni
1712 2293 1803 2324 nostri
1818 2303 1927 2333 quarto.

1293 2370 1314 2390 *¹
1332 2371 1435 2401 Eodem
1449 2371 1522 2401 modo
1529 2369 1662 2410 scribitur
1676 2373 1795 2401 Pannoc.
1815 2371 1928 2402 Archer
1938 2395 1947 2410 ,
1963 2370 2001 2407 &⁶
2016 2372 2139 2404 Ballivis
2167 2378 2209 2404 uis
2223 2375 2255 2405 de
2269 2378 2327 2405 Ru·
2349 2383 2361 2399 ⁸
2374 2383 2397 2411 1,
2413 2390 2478 2418 247.

1248 2408 1342 2448 pella,
1363 2408 1402 2444 ὠ·
1426 2409 1489 2439 aliis
1512 2409 1632 2439 omnibus
1655 2410 1780 2440 Ballivis
1795 2410 1854 2450 ficis
1875 2412 2032 2449 Pic‘laviae,
2050 2414 2092 2441 ad
2102 2424 2130 2442 re
2135 2414 2271 2481 lpondend.
2288 2417 2328 2444 ei-

1254 2448 1313 2479 dem
1336 2447 1428 2487 Philip
1445 2460 1460 2478 o
1475 2449 1508 2478 de
1528 2449 1647 2478 exitibus
1660 2449 1885 2488 provenientibus
1905 2451 1938 2480 de
1961 2449 2035 2481 villa
2049 2454 2123 2491 Rupe
2145 2463 2185 2490 ae,
2204 2450 2243 2488 ὦ·
2262 2451 2324 2483 aliis

1254 2486 1373 2517 omnibus
1386 2491 1418 2517 vi
1430 2486 1462 2517 lis
1475 2489 1633 2527 Piffaviae,
1652 2487 1691 2524 ὠ
1705 2489 1737 2519 de
1751 2494 1812 2518 tota
1827 2495 1904 2518 terra
1920 2486 1979 2519 illa.

1293 2564 1384 2595 Teste
1400 2573 1431 2597 ut
1449 2564 1536 2604 supra.

1431 2688 1628 2725 Mandatum
1643 2693 1732 2739 Regis
1741 2691 1834 2739 fitper
1857 2694 1970 2740 negotio
1986 2693 2133 2739 praedifz‘o.

1253 2776 1377 2839 REX
1391 2777 1488 2816 probis
1502 2776 1667 2809 hominibus
1682 2777 1854 2823 Burdegaliae
1866 2778 1989 2810 salutem.
2343 2782 2421 2814 Arm,
2435 2784 2478 2815 D,

1356 2815 1529 2847 Mandarnus
1550 2817 1651 2855 vobis,
1670 2819 1864 2856 praecipientes
1885 2816 1964 2855 quod
1978 2816 2015 2846 de
2026 2816 2175 2856 Teloniis,
2194 2819 2319 2859 Paagiis,
2372 2831 2457 2853 1220„

1252 2856 1287 2886 &
1307 2856 1363 2886 aliis
1385 2853 1645 2886 Consuetudinibus
1668 2855 1741 2886 villae
1761 2856 1866 2886 nostrae
1881 2880 1890 2893 ,
1917 2855 2105 2893 respondeatis
2127 2857 2260 2896 Philippo
2283 2858 2320 2889 de
2346 2867 2397 2890 An.
2412 2874 2440 2899 4.

1252 2894 1375 2932 Uletot,
1393 2903 1527 2931 tanquam
1542 2893 1701 2927 Senescallo
1716 2894 1834 2933 nostro,
1853 2895 1922 2925 sicut
1936 2894 2104 2932 respondere
2118 2896 2152 2926 &
2173 2896 2321 2927 intendere
2344 2904 2378 2927 H.
2401 2913 2426 2939 3.

1253 2932 1438 2964 consuevistis
1451 2932 1614 2964 Senescallis
1627 2932 1730 2964 nostris
1745 2934 1794 2972 qui
1808 2942 1873 2965 ante
1887 2942 1954 2965 eum
1970 2941 2064 2971 erant,
2084 2935 2118 2965 &
2138 2935 2165 2965 ei
2183 2935 2250 2967 inde
2268 2936 2324 2967 sitis
2344 2939 2449 2970 Ibidem.

1252 2971 1444 3009 intendentes,

1287 3009 1327 3042 Et
1343 3011 1372 3040 in
1386 3010 1483 3049 hujus,
1500 3010 1561 3042 &e.

1291 3085 1383 3119 Teste
1396 3096 1427 3118 ut
1440 3086 1527 3126 supra.

1274 3221 1386 3255 Eidem
1404 3219 1555 3265 commiffiz
1571 3217 1609 3261 est
1635 3217 1775 3262 Custodia
1794 3222 1901 3254 Totins
1921 3222 2065 3256 Pistam
2083 3226 2120 3261 cir·
2138 3225 2185 3256 Va
2200 3224 2293 3255 coniae.

1313 3305 1372 3337 EX
1389 3303 1514 3336 Custodi
1527 3303 1563 3335 de
1577 3304 1756 3336 Herbefaure
1768 3306 1892 3337 salutem.
2227 3345 2231 3350 ,
2248 3345 2252 3350 ι
2336 3318 2413 3349 ΑΜ,
2427 3317 2472 3351 1)⁴

1350 3345 1448 3375 Sciatis
1469 3343 1550 3382 quod
1570 3344 1768 3375 commisimus
1789 3344 1896 3376 dilecto
1919 3346 1953 3377 ὃς
1976 3344 2050 3375 fideli
2065 3343 2163 3386 nostro
2180 3343 2313 3382 Philippo
2359 3366 2444 3388 1220·

1245 3382 1282 3413 de
1303 3383 1408 3415 Uletot
1428 3392 1520 3413 totam
1543 3391 1645 3412 terram
1667 3382 1794 3414 nostram
1816 3384 1951 3414 pictaviae
1972 3384 2006 3414 &
2028 3383 2192 3413 Waiconiae
2207 3407 2216 3420 ,
2243 3393 2313 3414 cum
2338 3401 2390 3425 An.
2408 3407 2439 3433 4,

1244 3423 1380 3452 omnibus
1402 3421 1575 3460 pertinentiis
1594 3420 1664 3460 suis,
1690 3432 1756 3461 quae
1775 3421 1810 3452 ad
1832 3432 1885 3452 nos
1907 3422 2073 3460 pertinent,
2097 3420 2313 3453 custodiendam
2337 3440 2371 3462 H.
2395 3445 2421 3472 3·

1246 3460 1383 3498 quamdiu
1395 3461 1479 3490 nobis
1491 3459 1634 3497 placuerit.
2335 3474 2444 3505 Ibidem.

1283 3498 1322 3529 Et
1335 3499 1402 3529 ideo
1417 3499 1500 3529 vobis
1515 3498 1680 3529 mandamus
1694 3497 1772 3537 quod
1788 3497 1923 3528 Castrum
1943 3496 2072 3527 nostrum
2091 3496 2128 3527 de
2149 3497 2315 3530 Herbefau-

1244 3547 1291 3575 re,
1310 3547 1379 3568 cum
1395 3539 1568 3576 pertinentiis
1586 3538 1638 3568 suis
1674 3536 1753 3574 quod
1767 3536 1809 3566 est
1823 3538 1853 3566 in
1866 3535 1993 3566 custodia
2008 3535 2116 3574 vestra,
2133 3537 2226 3568 eidem
2244 3538 2314 3569 Phi-

1242 3575 1322 3614 lippo
1335 3577 1475 3615 liberetis,
1491 3577 1525 3608 &
1540 3576 1633 3606 eidem
1646 3560 1794 3618 i³hi1ippq‚
1810 3582 1943 3618 tanquam
1963 3574 2122 3604 Senescallo
2143 3575 2260 3615 nostro,
2279 3577 2313 3608 si-

1243 3615 1278 3644 tis
1292 3615 1321 3644 in
1334 3615 1487 3654 omnibus,
1506 3625 1572 3653 quae
1590 3614 1625 3645 ad
1639 3622 1692 3643 nos
1712 3621 1869 3652 pertinent,
1885 3612 2063 3644 intendentes
2083 3613 2117 3644 δε
2139 3614 2312 3653 responden-

1244 3660 1399 3731 tesVosque
1420 3701 1553 3735 rogamus
1573 3691 1703 3729 quatinus
1724 3691 1754 3719 in
1774 3688 1847 3728 fide,
1863 3697 1918 3729 qua
1945 3689 2030 3720 nobis
2043 3692 2197 3731 tenemini,
2216 3693 2311 3724 eidem

1242 3729 1377 3769 Philippo
1390 3731 1540 3762 conissium
1555 3730 1589 3760 ὃς
1604 3727 1738 3758 auxilium
1773 3728 1852 3766 quod
1867 3730 2009 3767 poteritis,
2026 3729 2061 3759 ad
2080 3730 2224 3762 honorem
2244 3742 2311 3762 nos-

1242 3776 1337 3807 tium,
1363 3771 1397 3801 &
1419 3767 1663 3800 conservationem
1681 3767 1714 3797 &
1754 3767 1928 3797 efenfionem
1948 3775 2029 3798 terrae
2048 3768 2169 3808 nostrae,
2188 3770 2309 3807 faciatis,

1242 3807 1284 3837 Ita
1298 3808 1377 3846 quod
1391 3807 1424 3837 ad
1441 3814 1530 3846 grates
1542 3805 1626 3836 vobis
1642 3803 1709 3835 inde
1731 3805 1886 3836 referendas
1906 3814 2070 3846 teneamur,
2085 3808 2120 3840 &
2138 3807 2226 3839 fidem
2248 3819 2314 3841 ves-

1243 3853 1317 3877 tram
1332 3848 1420 3885 magis
1431 3846 1583 3874 habeamus
1595 3843 1836 3876 commendatam.

1280 3883 1371 3916 Teste
1384 3893 1416 3914 ut
1428 3884 1514 3921 supra.

1321 3959 1424 3990 Eodem
1436 3956 1647 3998 modofiribitur

1285 4032 1392 4114 0(ίῇαέ
1404 4034 1493 4077 castri
1504 4035 1536 4069 de
1549 4033 1698 4068 Rorhelam
1712 4036 1745 4067 de
1758 4036 1847 4066 eodem
1868 4037 1962 4078 Castro
1980 4037 2119 4070 liberando
2138 4037 2223 4069 eidem
2242 4037 2311 4067 Phi.

1763 4111 1789 4144 L
1807 4123 1826 4144 2
2250 4114 2317 4145 Μ.-
