2570 4261
0 297 60 330 lnn'.
74 293 116 326 D.

5 343 90 374 1291.

0 377 51 404 htv.
71 383 95 400 1.

0 497 61 530 &nn
75 495 116 527 D.

7 545 92 574 1291.

0 579 38 604 (η.
60 585 100 610 ¹7·

42 623 100 679 Lu-

2 700 52 727 ogr.

0 1079 129 1115 '‘H-505·

6 1821 134 1857 Ann.D.

25 1874 109 1903 1291.

4 1908 57 1932 An.
74 1914 117 1939 ¹9·

5 1947 35 1970 Ε.
61 1952 84 1969 1.

4 1985 46 2010 Ex
63 1983 121 2009 Au-

3 2027 68 2056 togr.

26 3461 156 3495 'AnnD.

50 3512 135 3541 1291.

29 3545 83 3570 An.
101 3551 142 3576 19.

30 3584 61 3607 Ε.
86 3589 110 3607 ι.

31 3622 72 3645 Ex
86 3620 144 3645 Au-

31 3663 97 3693 togr.

36 4065 173 4106 ¹tt11·506.

609 180 742 226 ET
824 181 1145 225 ACTA

131 360 221 393 Bulla
239 362 332 407 Regi,
352 371 408 407 pro
424 356 618 393 Liberatione
635 357 781 391 Gulielmi
797 355 991 392 Marchionis
1011 354 1196 400 Montisfer-

637 416 711 440 ratt-

218 494 328 526 Icolaus
340 494 514 533 Episcopus,
531 493 624 525 servus
638 491 786 523 fervorum
800 492 877 530 Dei,
895 491 1038 522 carissimo
1051 492 1081 520 in
1096 489 1197 520 Chris-

227 542 260 564 to
274 533 347 564 Filio
360 533 526 572 Edwardo,
541 532 618 571 Regi
630 530 743 570 Angliae
758 530 854 562 illustri
864 554 873 569 ‚
891 531 1006 561 salutem
1018 531 1052 561 &
1069 527 1197 567 Aposto-

131 575 218 608 licam
230 572 474 604 benedietionem.

172 612 335 650 Captione,
354 621 388 643 ac
404 610 566 642 detentione
581 608 677 640 dile&
699 608 779 646 Filii,
797 607 916 639 Nobilis
939 607 1020 645 Viri,
1039 605 1198 648 Guillielrni

135 650 318 682 Marchionis
333 649 552 685 Montisferrati,
572 646 779 686 Consanguinei
794 647 832 677 tui
855 647 872 676 a
893 645 1013 676 Civibus
1033 643 1198 675 Alexandri-

136 691 195 728 nis,
219 699 280 720 non
303 688 359 720 fine
378 686 470 718 multa
488 687 643 717 temeritate
666 685 838 723 praesumptis
853 707 864 722 ,
884 685 1016 714 haetenus
1038 682 1199 720 infflleffis,

137 729 240 760 turbati
254 736 315 759 non
329 725 482 758 modicum
495 726 617 762 fuimus,
635 724 770 762 nobisque
793 723 875 755 valde
897 722 1053 760 displicuit,
1072 719 1150 759 quod
1170 721 1200 749 in

139 766 289 806 personam
302 764 359 802 ejus
373 765 456 795 fuerit
468 771 665 800 attemptatum
673 786 682 801 ,

176 804 215 836 Et
237 803 366 835 volentes
386 803 417 833 in
437 802 494 833 hoc
516 801 615 833 efficax
638 800 798 832 remedium
818 799 950 830 adhibere
963 822 973 837 ,
1003 797 1202 830 Venerabilem

139 843 266 873 Fratrem
285 841 418 873 nostmm
678 840 900 870 Urbevetanum
923 837 1116 875 Episcopum,
1134 845 1203 866 cum

138 881 241 913 nostris
254 880 367 918 litteris,
386 880 424 911 de
436 880 536 918 quibus
551 878 641 910 visum
657 879 747 909 extitit
758 877 889 915 expedire
908 878 1041 915 negotio,
1058 875 1093 906 ad
1113 883 1203 912 partes

141 919 199 989 {llas
217 918 348 950 duximus
367 918 582 956 destinandum,
601 917 650 955 qui
668 916 759 948 adhuc
780 925 927 957 propterea
940 916 1010 946 inibi
1022 924 1135 945 moram
1149 921 1204 943 tra-

163 967 191 989 it.

180 996 262 1027 Cum
276 998 388 1035 itaque,
405 1005 463 1027 tam
476 996 625 1026 temeraria
639 994 672 1025 &
692 993 808 1031 superba
827 993 953 1023 detentio
975 991 1155 1022 Mareliionis
1176 1000 1206 1019 e·-

138 1035 249 1073 jusdem
262 1034 382 1066 molesta
394 1034 426 1064 sit
441 1034 598 1065 admodum
611 1033 686 1064 votis
701 1032 801 1063 nostris
810 1053 819 1069 ‚
837 1032 871 1063 &
886 1032 996 1062 idcirco
1010 1031 1204 1061 liberationem

142 1074 242 1113 ipsius,
260 1084 345 1112 quam
361 1074 444 1103 etiarn
458 1082 539 1103 terra:
553 1073 571 1091 *²
587 1072 698 1103 Sandiae
710 1072 842 1110 negotio,
859 1070 893 1100 ad
909 1079 1011 1108 quam,
1029 1077 1113 1106 prout
1125 1077 1207 1098 acce-

144 1114 256 1152 pimus,
274 1111 413 1151 proficisci
428 1111 581 1150 desiderat,
599 1110 774 1148 profuturam
787 1109 946 1148 credimus,
965 1109 1081 1138 libenter
1093 1115 1124 1137 ut
1141 1115 1207 1145 pos-

144 1152 237 1183 sumus
252 1160 453 1189 procuremus;

178 1190 366 1221 Serenitatem
383 1188 507 1229 Regiam
526 1186 681 1227 rogandam
701 1187 807 1217 attente
826 1185 958 1216 duximus
971 1185 1005 1216 &
1019 1182 1206 1229 hortandam,

146 1231 294 1268 quatinus,
334 1239 366 1258 ro
377 1227 494 1266 divina,
509 1228 542 1258 ὃς
558 1225 733 1264 Apostolicae
750 1224 844 1262 Sedis,
862 1235 895 1254 ac
919 1223 1015 1253 nostra
1034 1229 1207 1265 reverentia,

145 1267 182 1298 ad
196 1268 278 1305 ipsius
295 1238 467 1297 liberationis
488 1264 644 1301 effectum,
661 1273 750 1300 opem
770 1264 804 1294 &
825 1272 958 1300 operam,
977 1269 1061 1300 prout
1080 1261 1132 1290 tibi
1154 1269 1209 1288 mi-

145 1306 276 1337 nistrabit
287 1304 449 1342 altiffimus,
466 1304 604 1343 largiaris,
621 1312 654 1332 ac
667 1301 774 1331 dilecto
788 1300 861 1331 Filio
874 1300 981 1330 Nobili
1000 1300 1090 1342 Viro,
1101 1297 1209 1336 johan-

146 1345 179 1375 ni
194 1344 278 1375 Nato
290 1343 471 1374 Marchionis
485 1342 626 1380 ejusdem,
643 1341 722 1378 super
736 1347 817 1369 terrae
842 1339 1020 1369 Marchionis
1042 1339 1124 1375 ipsius
1146 1346 1210 1366 cus-

147 1383 226 1414 todia
237 1381 424 1414 favorabiliter
439 1381 477 1411 sic
489 1379 593 1411 assistas
601 1403 610 1417 ,
620 1387 650 1409 ut
662 1378 766 1409 crescas
780 1377 882 1408 exinde
895 1377 999 1408 meritis
1012 1376 1087 1415 apud
1100 1375 1211 1412 Deum,

147 1428 233 1460 penes
246 1430 299 1451 nos
316 1419 418 1461 gratia,
433 1420 467 1451 &
480 1418 554 1457 apud
568 1418 700 1449 homines
715 1415 790 1447 clara
802 1415 886 1446 fama.

177 1497 255 1542 Dat.
263 1496 337 1536 apud
351 1496 470 1527 Urbem
481 1504 609 1528 veterem
623 1505 651 1526 2.
668 1492 809 1526 Kalendas
824 1490 1133 1530 Martii,Pontificatfis
1145 1499 1212 1520 nos-⁷

149 1544 269 1568 trianno
284 1544 394 1575 quarto.

821 1607 875 1638 Sub
885 1605 939 1649 filo
958 1605 1081 1636 canabeo.

240 1738 332 1771 Bulla
346 1736 383 1770 de
402 1748 483 1770 nova
502 1740 648 1770 creatione
665 1734 799 1769 Abbatis
817 1734 854 1768 de
873 1735 980 1770 Sanflo
997 1733 1132 1767 Albano.

237 1821 347 1854 Icolaus
361 1822 536 1891 Episcopus,
555 1821 646 1854 servus
658 1821 805 1852 servorum
821 1819 896 1859 Dei,
914 1820 1055 1852 cariffimo
1068 1822 1098 1851 in
1117 1820 1217 1852 Chris-

247 1869 280 1891 to
293 1861 370 1899 filio,
416 1860 533 1892 dwardo
544 1860 623 1898 Regi
637 1860 749 1899 Angliae
760 1858 873 1898 illustri,
891 1859 1004 1891 salutem
1028 1861 1062 1891 &
1082 1859 1217 1897 apostoli-

153 1910 218 1932 cam
232 1900 473 1931 benedietionem.

188 1937 437 1969 Praedecessorum
455 1946 589 1977 tuorum,
615 1937 733 1977 Regum
756 1935 802 1966 An
823 1936 882 1974 liae,
906 1936 1059 1967 recolenda
1079 1938 1220 1968 memoria

155 1976 226 2008 illud
236 1976 352 2016 posteris
389 1978 461 2008 inter
474 1985 575 2008 caetera
586 1985 689 2007 eorum
702 1975 803 2006 laudan
824 1985 839 2005 a
859 1985 961 2014 opera,
976 1975 1140 2006 memoriale
1158 1975 1222 2006 reli-

154 2017 234 2055 quit,
251 2015 330 2054 quod
348 2002 504 2053 Elecleffis,
524 2014 717 2052 Monasteria,
735 2014 769 2044 &
790 2013 841 2043 alia
857 2015 903 2051 pia
923 2014 1003 2052 loca,
1021 2015 1099 2054 regio
1119 2013 1218 2044 favore

153 2055 300 2093 foventes,
318 2054 374 2093 ipsa
387 2055 481 2085 multis
492 2054 662 2084 libertatibus
677 2053 856 2088 munierunt,
875 2052 1086 2091 multarumque
1107 2052 1220 2083 liberta-

153 2102 217 2125 tum
229 2093 378 2133 largitione
387 2092 510 2124 ditarunt
518 2115 527 2131 ‚
541 2092 664 2131 personis
676 2090 867 2122 ecclesiasticis
880 2091 910 2121 in
921 2091 972 2122 suis
984 2091 1220 2130 oportunitatibus

158 2131 349 2163 favorabiliter
361 2131 522 2162 assistentes.

194 2169 271 2200 Haec
283 2171 384 2210 igitur,
401 2171 435 2201 &
451 2169 549 2200 similia
563 2179 665 2205 eorum
679 2168 829 2199 recolenda
849 2167 979 2208 vestigia,
998 2177 1078 2200 tuam
1098 2168 1222 2209 Regiam

159 2208 365 2240 Excellentiam
374 2233 383 2248 ,
401 2219 461 2239 non
473 2208 565 2239 solum
576 2208 652 2246 sequi
664 2206 851 2244 laudabiliter,
862 2207 901 2236 set
914 2206 1050 2238 excedere
1063 2207 1224 2238 laudabilius

156 2248 319 2288 cupientes,
345 2256 373 2278 te
392 2247 426 2277 ad
447 2246 624 2285 fovendum,
642 2248 672 2276 in
698 2245 846 2276 visceribus
866 2246 1005 2284 caritatis,
1028 2246 1224 2278 ecclesiasticas

155 2286 303 2356 ffrsonas,
327 2287 362 2317 ὃς
383 2285 446 2316 loca
465 2284 644 2324 hujusmodi,
668 2293 826 2323 eorumque
847 2283 924 2314 bona
944 2285 978 2316 &
995 2285 1072 2323 jura,
1096 2285 1226 2322 potentia

180 2325 255 2369 ‘egia
274 2324 467 2366 protegenda,
484 2324 602 2355 libenter
621 2324 730 2355 attentis
750 2322 880 2362 precibus
901 2324 935 2354 &
948 2324 1169 2356 exortationibus
1184 2326 1227 2355 in-

156 2373 289 2396 vitamus.

196 2402 278 2434 cum
299 2402 385 2442 igitur
425 2401 595 2433 raesentatam
616 2400 699 2432 nobis
720 2399 892 2430 electionem
912 2399 948 2430 de
968 2400 1115 2440 Religioso
1139 2402 1227 2440 viro,

160 2440 246 2471 fratre
254 2440 387 2480 johanne
403 2412 439 2470 ge
451 2438 684 2478 Berkharnstede,
699 2438 813 2468 Abbate
827 2435 998 2468 Monasterii
1010 2439 1098 2470 sanffl
1113 2438 1228 2478 Albani,

161 2479 198 2510 ad
213 2478 379 2510 Romanam
393 2478 568 2517 Ecclesiam,
586 2477 666 2508 nullo
683 2475 800 2514 medio,
817 2477 997 2516 pertinentis,
1015 2477 1122 2508 ordinis
1141 2478 1227 2508 sandii

162 2517 329 2556 Benedicti,
351 2517 557 2548 Lincolniensis
572 2515 720 2555 Diocesis‚
737 2522 806 2545 tunc
826 2514 908 2552 ipsius
929 2515 1098 2547 Monasterii
1119 2516 1228 2548 Mona-

162 2556 222 2587 cho
236 2579 246 2595 ,
277 2556 468 2587 invenerimus
485 2556 656 2586 canonicam
670 2577 680 2592 ,
709 2553 746 2584 de
766 2553 883 2622 persona
903 2553 1014 2593 ydonea
1034 2555 1205 2586 celebratam
1218 2578 1228 2594 ‚

161 2604 283 2633 eamque
303 2593 464 2625 duxerimus
481 2591 726 2632 confirmandam,
745 2591 765 2622 fi
786 2592 852 2630 ique
870 2601 940 2624 tunc
958 2593 1051 2624 electo
1075 2593 1227 2625 fecerimus

163 2642 266 2663 munus
278 2632 485 2663 benediffionis'
506 2632 648 2670 impendi,

198 2670 386 2701 Serenitatem
406 2671 529 2709 Regiam
548 2679 680 2710 rogamus
700 2670 734 2701 δε
760 2669 908 2700 hortamur
935 2671 1040 2701 attente
1057 2693 1067 2709 ‚
1100 2671 1229 2709 quatinus

164 2709 288 2740 eundem
296 2709 481 2741 Abbatem&
490 2709 719 2746 Monasterium,
737 2708 787 2738 fibi
799 2708 1002 2747 commissum,
1019 2718 1073 2748 pro
1085 2709 1183 2739 nostra
1197 2710 1230 2740 &

165 2747 330 2786 apostolicae
348 2746 417 2778 sedis
431 2748 601 2785 reverentia,
619 2747 719 2778 habeat
733 2746 949 2784 Magnificentia
962 2747 1052 2792 Regia
1067 2747 1229 2786 propensius

165 2785 402 2824 commendatos,
421 2787 456 2817 ita
493 2785 552 2816 uod
565 2786 643 2816 idem
660 2784 773 2823 Abbas,
791 2793 843 2815 tuo
855 2785 940 2815 fultus
954 2787 1074 2824 auxilio,
1094 2786 1124 2815 in
1145 2796 1230 2816 corn-

164 2825 244 2856 missa
266 2824 317 2855 fibi
336 2833 403 2855 cura
424 2825 486 2863 ejus
500 2835 548 2855 ern
571 2823 740 2854 Monasterii
779 2822 861 2862 offit,
879 2823 975 2855 divina
994 2824 1150 2862 opitulante
1171 2826 1230 2856 cle-

166 2864 271 2901 mentia
280 2886 290 2901 ,
308 2863 478 2902 prosperari,
497 2864 531 2894 ὅ(
546 2862 598 2895 tibi
613 2862 714 2893 exinde
728 2862 744 2892 a
793 2872 829 2893 eo
844 2864 972 2900 perennis
985 2865 1053 2895 vitae
1067 2864 1230 2902 praemium,

166 2902 200 2933 &
216 2902 232 2932 a
246 2902 330 2932 nobis
343 2900 486 2938 condigna
500 2902 650 2940 proveniat
662 2901 739 2932 adtio
756 2901 913 2941 gratiarum.

205 2977 274 3009 Dat.
294 2977 368 3047 athd
379 2977 499 3009 Urbem
511 2986 654 3018 veterem,
675 2988 702 3019 3.
718 2977 787 3010 Idus
802 2978 919 3017 Martii,
937 2977 1125 3010 Pontificatiis
1145 2979 1234 3010 nostri

167 3026 244 3047 anno
256 3025 323 3055 quar
336 3026 364 3045 o.

839 3095 893 3126 Sub
905 3094 959 3138 filo
977 3095 1103 3127 canabeo.

169 3220 261 3252 Bulla
286 3217 433 3254 Nicholai
460 3222 541 3265 Papae
564 3220 629 3253 IV.
657 3217 748 3265 super
778 3225 944 3268 arreptione
976 3225 1092 3254 itineris
1133 3220 1236 3266 versus

217 3269 350 3301 Terram
363 3268 508 3301 Sanstam
519 3294 528 3310 ‚
543 3271 573 3300 in
591 3279 652 3313 qua
669 3271 834 3303 continetur
847 3274 953 3304 tertius
968 3273 1128 3304 'Terminus
1136 3284 1146 3301 .·
1161 3273 1237 3303 Con-

217 3319 352 3348 tinentur
367 3320 460 3349 etiam
476 3316 668 3362 quamplures
684 3317 790 3359 literae,
813 3321 939 3352 Summo
957 3319 1091 3364 Pontifici
1104 3330 1160 3365 per
1178 3321 1238 3352 Re-

214 3375 288 3411 gem
303 3364 419 3411 Angliae
436 3364 538 3410 miffie,
563 3367 600 3403 ὠ·
618 3364 803 3412 rcspousiones
818 3366 862 3399 ad
879 3366 1007 3413 easdem.

176 3448 254 3512 N
263 3448 372 3481 Icolaus
388 3448 562 3488 Episcopus,
571 3448 664 3481 servus
679 3449 827 3482 servorum
836 3450 913 3491 Dei,
930 3450 1083 3484 Cariffimo
1098 3454 1126 3484 in
1141 3451 1241 3483 Chris-

179 3487 424 3558 beneditgfig'tillgpn,
449 3486 594 3521 Edwardo
618 3487 695 3529 Regi
717 3488 840 3529 illustri,
863 3490 981 3522 salutern
996 3493 1030 3524 ὃς
1044 3491 1242 3531 Apostolicam

217 3565 287 3597 Post
304 3566 435 3597 tractatus
450 3565 542 3596 varios
557 3565 629 3596 inter
644 3564 748 3596 Sedem
764 3565 962 3605 Apostolicam
975 3594 986 3608 ,
1010 3571 1044 3602 δε
1060 3568 1243 3609 magnificen-

180 3605 250 3636 tiam
266 3612 362 3643 tuatn,
378 3604 469 3635 felicis
483 3604 703 3642 recordationis,
722 3602 856 3644 Martini,
873 3606 1019 3647 Honorii,
1037 3608 1243 3639 Romanorum

182 3643 377 3682 Pontificum,
393 3641 638 3673 Praedecefforum
652 3641 831 3682 nostrorum,
840 3646 875 3676 &
889 3645 989 3677 nostro
1005 3646 1181 3686 temporibus
1194 3646 1244 3676 ha-

182 3682 258 3713 bitos
282 3682 361 3720 super
381 3680 501 3712 subsidio
522 3681 623 3712 Terrae
639 3680 751 3712 Sanetae
791 3691 840 3719 per
854 3692 884 3714 te
897 3684 1092 3724 personaliter,
1108 3694 1245 3724 tuamque

182 3722 341 3757 potentiam
362 3718 556 3759 impendendo
573 3732 579 3737 ·
608 3719 726 3750 demum
781 3720 917 3752 elsitudini
938 3722 1038 3763 Regiae
1062 3734 1112 3763 per
1156 3724 1245 3754 bonae

183 3760 334 3790 memoriae
493 3743 698 3789 Giolsetanum
722 3756 898 3796 Episcopum
911 3760 1010 3792 litteras
1025 3748 1246 3801 destina'vimus‚

183 3796 307 3840 modum
322 3821 332 3836 ,
356 3807 406 3836 pet
429 3806 516 3836 quern
537 3805 565 3827 te
580 3797 629 3834 ipsi
646 3806 728 3827 tetrae
744 3797 894 3836 volumus,
911 3800 1025 3838 nosque
1034 3802 1086 3832 tibi
1102 3802 1137 3832 ad
1151 3801 1246 3842 prose-

184 3842 332 3866 cunonem
355 3836 424 3867 tanti
446 3837 553 3876 negotii
572 3835 754 3874 disposuimus
776 3835 940 3876 subvenire,
957 3838 1082 3871 seriosius
1098 3842 1248 3872 continen-

183 3880 244 3911 tes,
266 3874 300 3904 &
315 3875 457 3913 exigentes
470 3874 616 3913 explicite,
635 3873 716 3912 quod
732 3873 855 3905 modum
871 3875 994 3906 eundem
1030 3888 1060 3908 er
1076 3887 1136 3910 tuas
1151 3888 1248 3916 paten-

185 3918 227 3940 tes
235 3911 358 3955 litteras,
383 3913 481 3952 Regio
502 3913 633 3952 pendenti
652 3912 748 3952 Sigillo
764 3914 903 3952 munitas,
921 3914 991 3945 infra
1007 3887 1125 3948 gestum
1141 3917 1247 3949 Purifi-

185 3957 304 3994 cationis
324 3951 412 3982 beatae
434 3938 557 3993 Virginis
578 3951 746 3983 transadtum
769 3951 921 3982 novissime
934 3975 945 3990 ,
969 3953 1047 3991 quod
1069 3956 1121 3986 tibi
1136 3955 1171 3986 ad
1187 3956 1246 3987 hoc

186 3995 342 4033 terminum
356 3990 570 4030 praestituimus,
588 4000 760 4030 acceptam,
781 3992 815 4022 &
827 3989 958 4028 quasdam
973 3994 1116 4024 cautiones
1132 4017 1142 4033 ,
1160 3995 1190 4024 in
1204 3995 1248 4033 ip-

188 4026 221 4058 sis
237 4026 333 4057 litteris
349 4027 451 4059 nostris
466 4031 602 4069 expreffis
658 4040 688 4061 er
703 4027 803 4061 similes
819 4028 924 4067 Regias
939 4029 1041 4062 litteras
1055 4033 1209 4064 exhiberes.

223 4064 244 4087 ²¹²
262 4064 372 4107 Tuque
384 4065 519 4103 laudabile
535 4054 629 4110 propi)
641 4078 714 4105 itum
729 4068 764 4105 ed
779 4076 859 4103 terae
872 4067 997 4109 praefatae
1016 4068 1188 4111 subsidium,
1205 4070 1249 4108 di.-

1229 175 1811 225 PUBL1cA.
2242 192 2295 238 79

1234 263 1318 302 vina,
1345 274 1380 310 ut.
1397 267 1580 298 verisimiliter
1601 268 1678 300 credi
1700 268 1811 306 potest,
1829 268 2006 307 inspiratione
2019 278 2213 309 conceptum,
2231 278 2293 302 tan-
2306 273 2382 304 Anii„
2398 275 2431 306 D

1232 312 1320 339 quam
1336 303 1468 342 Princeps
1479 305 1648 351 xCatholicus
1663 330 1672 345 ,
1699 308 1883 351 laudabilioris
1896 310 1993 350 ,operis
2014 312 2182 339 executione
2198 309 2291 347 prose·
2328 322 2414 352 1291,
2429 305 2439 316 ⁶

1233 350 1320 378 quens
1354 353 1413 372 non
1430 344 1520 374 solum
1537 345 1704 381 praetaftum
1721 346 1841 376 modum
1858 349 1927 376 intra
1941 346 2051 377 dierum
2073 350 2227 378 terminum
2245 358 2292 378 ac-
2309 357 2372 381 Ειιυ,
2396 364 2421 382 ι.

1235 379 1316 422 cepta
1344 381 1369 419 i,
1386 381 1431 425 sed
1449 383 1482 412 ὃς
1501 384 1644 413 cautiones
1660 384 1806 421 praedictas
1822 386 1851 413 in
1867 385 1959 414 forma
1975 387 2026 415 tibi
2041 385 2137 416 tradita
2150 386 2291 424 praestitis-

1234 426 1275 456 ti,
1294 422 1364 462 licut
1384 430 1412 449 in
1433 421 1486 450 tuis
1507 422 1662 458 patentibus
1678 422 1791 460 litteris,
1810 422 1913 453 eodem
1930 423 2063 460 pendenti
2080 424 2178 461 Regio
2192 425 2292 463 Sigillo

1234 466 1365 500 munitis,
1384 468 1451 502 quas
1464 460 1545 489 nobis
1556 460 1583 488 in
1602 459 1699 498 Vigilia
1714 460 1783 490 dieti
1801 460 1874 490 Festi
1892 471 1940 498 per
1957 461 2076 493 dilecios
2099 463 2202 502 filios,
2224 462 2291 492 Ma-

1234 494 1352 534 gistrum
1370 496 1562 539 Willielnium
1579 496 1614 527 de
1632 497 1822 535 Monteforti,
1845 509 1921 529 nunc
1939 499 2123 537 Capelianum
2141 504 2290 539 nostrum,

1235 534 1389 564 Decanum
1406 534 1539 565 Eccleliae
1556 535 1651 566 Sancii
1668 536 1746 566 Pauli
1761 537 1983 575 London‘evisis,
2002 540 2035 569 &
2053 539 2159 569 Fratres
2176 540 2290 570 [zober-

1235 580 1295 602 turn
1313 572 1349 603 de
1363 573 1459 616 Novo
1476 573 1610 604 Mercato
1627 574 1849 604 Praedicatoruin
1865 597 1874 611 ,
1894 577 1926 606 ὃς
1941 576 2101 612 johannem
2118 578 2154 608 de
2170 578 2292 615 Belting-

1235 610 1301 640 ham
1326 610 1479 642 Minorum
1511 612 1638 643 Fratrum
1669 613 1803 643 ordinum
1821 637 1829 650 ,
1857 614 1955 652 Regiae
1979 614 2154 645 Celiitulinis
2180 618 2294 647 nuntios

1236 649 1405 691 praesentatas
1418 652 1578 688 accepimus
1596 653 1728 688 (quarum
1744 660 1873 681 tenerem
1882 652 1917 681 de
1934 652 2024 682 verbo
2041 653 2074 682 ad
2091 656 2210 685 verbum
2220 664 2294 692 pne-

1238 688 1357 718 sentibus
1372 688 1564 719 mandavimus
1580 690 1668 724 inseri)
1684 689 1790 729 plenius
1807 691 1975 720 continetur.

1277 725 1342 756 Nos
1358 727 1441 763 igitur
1459 727 1538 758 modi
1556 727 1659 764 praefati
1676 729 1872 766 acceptionem
1887 753 1896 766 ,
1920 730 1953 759 &
1969 731 2131 760 cautionum
2148 731 2293 767 praedicta-

1238 774 1303 794 rum
1324 764 1528 795 exhibitionem
1553 767 1568 795 Ξι
1590 765 1723 807 ῐεῆξαὸῒαε
1740 768 1865 805 legitime
1880 768 2053 805 intempore
2067 767 2240 806 prestituto,
2259 770 2295 800 de

1240 803 1369 847 Fratrum
1381 803 1546 837 'nostrorum
1559 804 1677 834 conlilio
1692 827 1701 842 ,
1725 814 1790 834 ratas
1813 806 1846 835 ὅ(
1867 814 1952 842 gratas
1966 806 2113 844 habentes,
2132 808 2164 837 &
2183 816 2294 844 expres-

1241 841 1293 871 s1us
1309 850 1500 884 acceptantes,
1518 853 1551 872 ac
1568 842 1711 879 praesentes
1725 843 1840 879 litteras,
1860 844 1938 881 super
1952 845 2025 883 hoc,
2043 846 2071 874 in
2088 846 2205 875 veritatis
2219 846 2296 875 testi·

1241 889 1371 922 monium
1387 903 1396 917 ,
1423 880 1522 919 chioe.
1543 880 1707 911 Cellitudini
1728 882 1932 918 concedentes,
1950 882 2060 913 devotis
2072 885 2171 913 animis
2186 885 2218 914 ὃ(
2236 884 2295 921 ple-

1240 927 1283 947 nis
1306 917 1454 961 assec'tibus
1473 928 1617 949 exoramus
1637 918 1811 949 Altiffimum
1828 942 1837 957 ,
1862 929 1893 950 ut
1914 920 2136 960 Magnificentiae
2151 930 2207 952 tuae
2221 925 2296 953 circa

1241 955 1357 986 Servitia
1379 955 1424 985 sua
1447 957 1591 987 fervorem
1605 981 1613 994 ,
1642 967 1728 995 quem
1754 958 1898 987 manifeste
1913 959 2051 996 praemilsa
2065 959 2215 998 testantur,
2236 969 2297 990 non

1241 993 1332 1024 solum
1348 996 1529 1033 continuare,
1548 996 1650 1026 verum
1668 997 1753 1025 etiam
1777 1005 1955 1034 augmentare
1972 1000 2124 1036 continue,
2143 1003 2298 1036 tecumque

1243 1033 1272 1062 in
1286 1040 1344 1062 tarn
1360 1032 1541 1063 laudabilibus
1562 1035 1685 1071 actibus,
1705 1033 1739 1063 ad
1753 1041 1808 1063 tuae
1820 1033 1909 1063 l‘alutis
1924 1044 2122 1074 augmentum,
2141 1037 2299 1067 misericor-³

1243 1070 1313 1100 diter
1329 1071 1482 1109 prosperari
1499 1071 1544 1102 sua
1557 1073 1695 1102 immensa
1709 1073 1811 1109 pietate
1825 1071 1963 1111 dignetur.
2297 1070 2299 1073 ’

1266 1150 1361 1182 Tenor
1385 1159 1486 1182 autem
1508 1148 1718 1195 praedicffiarum
1743 1150 1902 1182 literarum
1931 1149 1966 1182 de
1985 1147 2074 1182 verbo
2090 1150 2133 1183 ad
2151 1151 2279 1186 verbum

1604 1208 1658 1244 per
1675 1202 1775 1232 omnia
1790 1199 1860 1231 talis
1875 1196 1931 1241 esti

1248 1276 1470 1344 SAnffissimo
1494 1284 1522 1313 in
1547 1282 1666 1324 Christo
1689 1282 1763 1313 Patri
1788 1283 1922 1314 Domino
1939 1283 2081 1322 Nicolao,
2099 1284 2192 1316 divina
2209 1286 2304 1322 provi*

1308 1321 1419 1360 dentia,
1436 1322 1618 1352 sacrosanctae
1633 1321 1777 1351 Romanae
1793 1322 1826 1352 ὃ(
1842 1322 2014 1352 Univeri‘ali's
2040 1323 2173 1353 Ecclesiae
2189 1323 2303 1353 summo

1249 1359 1400 1398 Pontifici,
1420 1361 1538 1391 devotus
1555 1360 1625 1390 filius
1642 1359 1804 1397 Edvardus,
1823 1360 1880 1391 Dei
1895 1362 1998 1399 grstia,
2019 1361 2083 1391 Rex
2097 1362 2222 1401 Angliae,
2242 1361 2305 1391 Do-

1248 1399 1340 1429 minus
1356 1398 1513 1436 Hyberniae
1529 1399 1561 1429 ὃς
1577 1398 1647 1428 Dux
1662 1398 1820 1436 Aquitaniae
1835 1423 1846 1437 ,
1872 1409 1941 1429 cum
1958 1401 2038 1429 omni
2052 1399 2310 1437 recommendatio-v

1248 1447 1285 1468 ne
1299 1437 1401 1469 devota
1417 1436 1523 1475 pedum
1539 1437 1633 1467 oscula
1649 1437 1808 1468 beatorum.

1303 1517 1425 1549 Literas
1440 1515 1617 1549 Sanffltatis
1629 1513 1726 1558 vestrae
1742 1518 1901 1562 recepimus
1918 1516 2102 1563 infrascripti
2119 1520 2224 1550 tenoris
2234 1531 2245 1549 e

1251 1598 1447 1662 NIcolaus
1462 1599 1634 1638 Episcopus,
1652 1600 1743 1631 servus
1758 1600 1904 1631 servorum
1920 1601 1995 1640 Dei,
2014 1602 2156 1632 carisfimo
2169 1604 2197 1632 in
2212 1602 2312 1634 Chris-³

1347 1648 1379 1670 to
1394 1639 1482 1677 Filio,
1501 1638 1636 1669 Edvardo
1651 1638 1727 1678 Regi
1741 1638 1853 1676 Angliae
1867 1639 1980 1678 illustri,
2001 1640 2114 1670 salutem
2131 1644 2163 1672 ὃς
2182 1641 2310 1678 Aposto-

1250 1678 1335 1709 licam
1348 1677 1588 1708 benedistionem.

1291 1716 1458 1746 Gaudcmus
1474 1717 1503 1745 in
1522 1716 1655 1746 Domino
1671 1738 1680 1753 ,
1704 1716 1738 1746 ὃς
1754 1725 1806 1746 cor
1821 1715 1950 1746 nostrum
1967 1717 2046 1746 uberi
2060 1717 2231 1748 exultatione
2247 1717 2309 1748 refi-

1253 1756 1340 1794 citur,
1358 1765 1426 1785 cum
1441 1755 1515 1785 circa
1529 1755 1575 1784 'illa
1590 1762 1618 1784 te
1634 1753 1784 1784 sollicitum
1800 1754 1862 1784 fore
1876 1754 2073 1792 perpendimus
2088 1779 2097 1793 ,
2123 1766 2186 1792 quie
2208 1757 2236 1785 in
2254 1757 2311 1786 lau-

1253 1795 1320 1826 dem
1345 1794 1378 1824 &
1402 1793 1520 1833 gloriam
1541 1793 1645 1823 summi
1662 1792 1765 1831 Regis,
1785 1801 1842 1822 tuae
1856 1793 1943 1822 salutis
1959 1802 2160 1832 augmentum,
2177 1795 2211 1824 &
2225 1796 2313 1825 totius

1254 1831 1467 1864 Christianitatis
1480 1832 1639 1868 honorem,
1657 1830 1758 1861 cedere
1769 1830 1960 1862 dinoscuntur.

1291 1871 1379 1909 Sane,
1392 1870 1478 1900 felicis
1495 1869 1865 1907 recordationis,Mai-tin0,
1883 1871 1915 1899 ὃ(
1929 1868 2135 1907 postmodum,
2154 1871 2315 1901 recolendae

1255 1910 1402 1941 memoriae
1412 1931 1421 1947 ,
1439 1908 1593 1946 Honorio,
1612 1907 1752 1938 Romanis
1767 1907 2234 1946 Pontificibus,Praedecessbribus
2247 1920 2316 1940 iios-

1256 1949 1321 1987 tris,
1340 1957 1373 1978 ac
1387 1947 1488 1985 nobis,
1507 1956 1558 1977 tuo
1580 1946 1703 1987 salubri,
1722 1945 1846 1984 Deoque
1861 1956 1981 1984 accepto
1999 1946 2164 1985 proposito,
2181 1948 2260 1985 quod
2277 1949 2314 1978 ab

1256 1987 1328 2017 olim
1343 1987 1418 2016 circa
1434 1993 1515 2016 terrae
1524 1985 1635 2015 Sanctae
1649 1985 1795 2024 negotium
1810 1985 1983 2023 concepisti,
2003 1994 2051 2022 per
2067 1985 2166 2015 litteras
2181 1987 2214 2016 &
2228 1986 2262 2016 N
2266 1997 2317 2016 un-

1258 2027 1313 2057 tios
1328 2033 1392 2055 tuos
1411 2024 1554 2062 exposito:
1573 2023 1651 2053 Tam
1669 2022 1922 2054 Praedecessbribus
1939 2024 2018 2061 ipsis,
2036 2033 2121 2060 quam
2139 2025 2220 2054 nobis
2234 2048 2244 2063 ,
2264 2035 2318 2055 vo-

1256 2063 1376 2096 lentibus
1393 2062 1460 2093 illud
1475 2063 1623 2101 oportunis
1637 2061 1736 2092 fovere
1751 2062 1872 2100 auxiliis,
1891 2072 1923 2093 ac
1939 2062 2061 2101 ejusdem
2077 2070 2155 2092 terrae
2171 2062 2250 2094 statui
2266 2065 2321 2093 uti-

1257 2103 1319 2135 liter
1338 2100 1487 2140 providere
1504 2124 1514 2140 ,
1540 2102 1611 2131 inter
1633 2100 1832 2138 Apostolicam
1848 2101 1970 2139 Sedem,
1993 2101 2025 2131 ὃς
2051 2108 2078 2130 te
2092 2125 2101 2139 ,
2119 2101 2219 2131 diversi
2234 2102 2322 2132 habiti

1258 2141 1321 2172 sunt
1342 2140 1471 2171 tranatus
1489 2150 1538 2178 per
1558 2139 1680 2170 diversos
1704 2138 1881 2169 Cellitudinis
1899 2149 1955 2169 tuce
1976 2138 2107 2169 Nuntios
2120 2163 2130 2177 ,
2150 2139 2242 2170 eidem
2256 2140 2322 2170 Sedi

1259 2181 1314 2211 tuis
1329 2178 1510 2218 petitionibus
1524 2177 1705 2218 praesentatis,
1723 2176 1758 2207 ad
1775 2188 1840 2216 quas
1857 2177 1941 2208 Sedes
1965 2177 2018 2214 ipsa
2040 2176 2164 2208 noscitur
2183 2188 2257 2208 certa
2271 2178 2324 2208 de-

1261 2219 1331 2249 disse
1348 2217 1491 2255 responsa,
1510 2224 1595 2254 prout
1609 2218 1639 2246 in
1655 2217 1779 2254 ipsorum
1794 2214 2054 2254 praedecessorum,
2073 2225 2105 2246 ac
2123 2215 2321 2255 nostris,c0n-

1262 2258 1343 2289 festis
1357 2256 1474 2293 exinde,
1489 2255 1584 2286 litteris
1600 2255 1707 2293 plenius
1723 2256 1893 2286 continetur.

1301 2296 1405 2333 Nuper
1429 2303 1523 2325 autem
1537 2318 1547 2333 ,
1595 2303 1624 2323 er
1646 2293 1767 2324 &ledros
1778 2293 1866 2331 filios,
1885 2293 2031 2324 Nobilem
2045 2292 2148 2324 Virum
2162 2293 2325 2324 Galfridurn

1263 2335 1299 2366 de
1315 2333 1450 2365 Genevill
1463 2357 1473 2371 ‚
1500 2334 1533 2364 ὃς
1590 2331 1704 2371 agistros
1718 2332 1919 2362 Guillielmuin
1934 2332 1969 2362 de
1986 2331 2155 2362 Grenofend
2165 2356 2174 2370 ,
2193 2334 2226 2364 &
2240 2333 2330 2362 Tho-⁹

1266 2373 1384 2404 masium
1401 2371 1546 2409 Clericos,
1565 2370 1762 2409 magnitudinis
1776 2379 1833 2401 tuae
1846 2370 1993 2408 Nuntios,
2011 2370 2045 2400 &
2059 2370 2157 2400 litteras
2167 2393 2176 2408 ,
2192 2381 2258 2408 quas
2273 2381 2327 2401 no⁴

1265 2413 1306 2443 bis
1322 2421 1374 2450 pro
1395 2419 1472 2448 parte
1490 2409 1580 2449 Regia
1595 2409 1792 2447 praesentarunt
1805 2434 1815 2447 ,
1832 2411 1927 2446 aperte
1944 2408 2159 2447 perpendimus,
2178 2409 2256 2446 quod
2272 2409 2326 2440 vo-'

1264 2450 1338 2482 lebas
1352 2451 1382 2479 in
1396 2448 1654 2487 Responsionibus,
1672 2449 1723 2479 tibi
1739 2448 1833 2486 rastis,
1853 2447 1943 2485 aliqua
1957 2448 2109 2477 immutari.

1301 2488 1414 2526 Porro,
1434 2486 1486 2516 Fili
1507 2485 1646 2517 cariffime
1663 2509 1673 2524 ,
1699 2486 1767 2517 licet
1789 2487 1884 2517 dilatio
1906 2486 2015 2516 morola
2031 2487 2154 2524 negotii,
2172 2485 2327 2516 diversitas-

1265 2537 1322 2565 que
1337 2526 1506 2557 traQatuum
1520 2550 1530 2564 ,
1555 2525 1698 2563 praedietae
1715 2533 1796 2555 terrae
1810 2525 1927 2564 negotio
1942 2526 2148 2562 permaximum
2163 2523 2264 2554 afferre
2279 2535 2329 2555 va-

1265 2566 1340 2596 leant
1362 2563 1564 2594 detrimentum
1579 2575 1589 2601 3
1616 2573 1668 2594 nos
1691 2572 1786 2594 tamen
1803 2563 1951 2593 affestibus
1967 2563 2063 2602 Regiis
2081 2562 2305 2593 condescendere
2316 2587 2327 2601 ‚

1268 2611 1352 2643 prout
1373 2602 1519 2641 poffumus
1531 2627 1540 2641 ,
1558 2600 1736 2640 affectantes,
1754 2602 1788 2632 ad
1803 2603 1932 2631 notitiam
1947 2611 2041 2638 tuam,
2057 2601 2234 2639 praesentium
2246 2609 2330 2631 teno-

1267 2653 1296 2673 re
1331 2642 1496 2672 deducimus
1509 2641 1626 2679 qualiter
1640 2640 1691 2670 tibi
1707 2642 1736 2670 in
1752 2640 1806 2671 hac
1823 2649 1900 2678 parte
1916 2639 2088 2677 disponimus
2104 2639 2258 2670 subvenire.

1304 2666 1431 2711 Noverit
1443 2680 1524 2719 igitur
1540 2679 1632 2717 Regia
1647 2679 1829 2718 magnitudo,
1851 2679 1931 2716 quod
1948 2688 1999 2708 nos
2013 2679 2167 2708 terniuium
2185 2677 2332 2708 Generalis

1268 2719 1380 2759 passagii
1389 2742 1399 2758 ,
1418 2718 1533 2749 Festum
1542 2717 1706 2748 Nativitatis
1715 2718 1810 2748 Sandti
1823 2716 1960 2756 johannis
1978 2716 2121 2755 Baptistae,
2141 2718 2272 2754 proximo
2287 2717 2332 2746 fu-

1268 2767 1381 2796 turum,
1398 2759 1428 2788 in
1452 2765 1504 2787 tres
1525 2766 1631 2794 annos,
1647 2756 1725 2794 quod
1740 2757 1791 2786 erit
1807 2766 1883 2786 anno
1902 2755 2024 2785 Domini
2040 2755 2206 2791 millesimo,
2225 2755 2332 2784 duceri-⁴

1269 2797 1389 2835 tesimo‚
1410 2805 1469 2825 non
1505 2795 1611 2832 esimo,
1629 2795 1731 2832 tertio,
1745 2794 1782 2825 de
1795 2794 1925 2825 Fratrum
1940 2794 2105 2824 nostrorum
2122 2794 2240 2824 consilio
2250 2816 2261 2832 ,
2276 2792 2332 2823 du-

1270 2838 1361 2866 ximus
1375 2835 1481 2865 statuen
1503 2844 1570 2871 um,

1306 2873 1483 2904 Intendentes
1508 2872 1659 2910 postquam
1681 2872 1778 2902 omnia
1793 2894 1802 2910 ,
1817 2871 1914 2901 inserta
1930 2870 2123 2908 praesentibus,
2141 2880 2190 2910 per
2205 2878 2263 2900 tuas
2280 2879 2329 2907 pa-

1271 2920 1359 2944 tentes
1381 2912 1479 2942 litteras
1499 2910 1661 2947 infrascripti
1676 2912 1801 2948 tenoris,
1819 2910 1927 2940 duxeris
1941 2909 2128 2947 acceptanda,
2147 2918 2264 2939 crucem
2280 2917 2332 2946 per

1271 2961 1371 2983 omnes
1390 2949 1603 2980 Christianitatis
1623 2957 1713 2987 partes
1730 2949 1821 2989 facere
1840 2948 1998 2986 praedicari,
2018 2956 2102 2985 prout
2120 2946 2271 2978 viderimus
2284 2955 2335 2976 ex-

1272 2990 1385 3029 pedire,

1310 3028 1348 3059 Et
1362 3027 1556 3059 mandabimus
1579 3025 1630 3056 tibi
1645 3025 1787 3056 decimam
1802 3024 1846 3055 sex
1861 3034 2018 3062 annorum,
2039 3024 2190 3055 colledhzm
2207 3025 2235 3054 in
2249 3023 2334 3054 subli-

1274 3067 1353 3098 dium
1368 3066 1452 3097 dietae
1467 3065 1632 3101 Teri‘ae,.in
1649 3063 1760 3104 Angliae
1775 3064 1807 3094 &
1825 3064 1929 3094 Scotiae
1945 3064 2051 3102 regnis,
2069 3063 2102 3094 δε
2119 3064 2150 3093 in
2167 3064 2245 3094 terris
2252 3063 2296 3093 W
2298 3062 2337 3092 al-

1274 3106 1320 3136 liae
1335 3107 1368 3137 ὃς
1384 3104 1559 3144 Hyberniae,
1577 3104 1606 3132 in
1622 3101 1733 3133 duobus
1749 3103 1874 3133 terminis
1891 3101 2018 3139 affignari
2052 3102 2108 3131 viz.

1314 3143 1498 3174 Medietatem
1524 3143 1532 3170 i
1554 3141 1604 3171 sius
1628 3141 1659 3170 in
1682 3140 1767 3171 Festo
1789 3140 1953 3171 Nativitatis
1974 3140 2006 3171 B.
2021 3124 2158 3178 johannis
2179 3139 2335 3178 Baptistaej

1274 3183 1340 3214 anni
1356 3182 1477 3212 Domini
1492 3181 1530 3210 mi
1543 3179 1646 3216 lemni,
1664 3178 1865 3218 ducentesimi,
1883 3179 2073 3219 nonagesimi,
2092 3180 2192 3216 primi:

1315 3221 1334 3240 *²
1354 3219 1392 3251 Et
1414 3219 1592 3250 medietatem
1615 3217 1697 3247 aliam
1717 3219 1746 3248 in
1770 3217 1855 3248 Festo
1880 3218 2045 3249 Nativitatis
2067 3217 2193 3256 ejusdem
2215 3215 2313 3246 Sandri
2328 3237 2338 3253 ‚

1276 3258 1378 3290 deinde
1394 3259 1523 3297 proximo
1538 3257 1683 3287 secuturo:
2162 3263 2166 3266 ·

1314 3297 1355 3328 Ita
1378 3306 1474 3327 tamen
1497 3294 1574 3334 quod
1590 3318 1601 3333 ,
1618 3294 1654 3324 de
1670 3293 1846 3325 restitutione
1862 3295 1992 3333 illorum,
2013 3304 2076 3332 quae
2090 3294 2125 3323 de
2139 3293 2249 3324 decima
2262 3302 2338 3322 rece-

1277 3337 1347 3376 peris
1361 3335 1513 3374 supradiCta
1522 3359 1531 3372 ,
1550 3333 1569 3363 si
1585 3341 1613 3363 te
1625 3332 1744 3364 deficere
1756 3334 1786 3363 in
1800 3333 2004 3364 transfretando
2016 3333 2183 3370 contigerit,
2201 3331 2338 3368 facienda,

1278 3376 1441 3406 cautionem
1465 3371 1574 3411 praestes
1592 3394 1601 3410 ‚
1631 3372 1701 3401 infra
1724 3371 1830 3402 festum
1860 3371 2064 3402 Purificationis
2094 3372 2182 3400 beata:
2213 3369 2337 3408 Virginis

1280 3414 1414 3452 proximo
1432 3420 1583 3443 venturum
1619 3409 1648 3439 in
1665 3410 1757 3440 forma
1774 3410 1921 3449 subscripta
1959 3420 2023 3448 quae
2039 3410 2096 3440 talis
2112 3407 2161 3438 est.

1319 3451 1501 3483 Sanetiffimo
1520 3452 1548 3480 in
1572 3433 1691 3479 dhristo
1706 3448 1798 3487 Patri,
1817 3450 1876 3480 &c.
1896 3435 2059 3485 Edvardus,
2077 3448 2137 3478 &0
2156 3445 2340 3476 Praesentium

1281 3491 1364 3523 vobis
1386 3499 1486 3521 tenore
1500 3512 1509 3526 ,
1534 3487 1712 3518 Sanetiffime
1735 3487 1818 3518 Pater
1830 3511 1840 3525 ,
1857 3486 2007 3526 vestrisque
2024 3484 2237 3516 Succelsoribus
2274 3484 2342 3515 Ro-

1284 3530 1372 3561 manis
1386 3526 1590 3563 Pontificibus,
1609 3526 1642 3557 ὃς
1657 3525 1792 3557 Ecclesiae
1806 3526 1949 3557 Romame
1968 3525 2105 3563 promitto
2122 3522 2218 3561 quod,
2247 3535 2256 3553 1
2272 3533 2339 3561 me,

1282 3569 1382 3607 sponte
1399 3568 1444 3599 vel
1461 3566 1541 3603 culpa
1558 3574 1637 3603 mea,
1655 3564 1775 3595 deficere
1788 3565 1815 3594 in
1833 3563 2034 3595 transfretando
2050 3564 2079 3591 in
2092 3561 2242 3592 subsidium
2257 3569 2340 3592 terrae:

1283 3607 1385 3638 sancitae
1399 3605 1563 3644 contigerit,
1582 3603 1627 3633 seu
1643 3613 1692 3640 per
1705 3613 1752 3633 me
1769 3603 1873 3634 steterit
1886 3628 1896 3641 ,
1922 3613 1981 3641 quo
1997 3601 2091 3632 miuus
2109 3601 2138 3630 in
2153 3599 2269 3638 praefixo
2286 3610 2337 3638 ge«

1282 3645 1381 3677 neralis
1395 3643 1506 3685 passagii
1522 3642 1646 3673 termino
1660 3642 1851 3680 transfretem3

1322 3684 1431 3714 Omnia
1449 3691 1512 3720 qua:
1535 3680 1571 3710 de
1590 3679 1700 3710 decima
1713 3705 1723 3719 ,
1749 3681 1838 3710 michi
1861 3678 1992 3710 concessa
2013 3678 2041 3707 in
2063 3676 2172 3717 Angliae
2187 3677 2221 3708 ὅ(
2237 3677 2345 3708 Scotiae

1285 3723 1393 3761 Regnis
1408 3747 1417 3760 ,
1439 3731 1471 3751 ac
1489 3720 1566 3750 terris
1581 3718 1697 3748 Walliae
1712 3719 1746 3750 &
1763 3719 1938 3757 Hyberniae,
1963 3726 2011 3746 me
2028 3716 2162 3754 recepille
2177 3717 2345 3758 contigerit,

1286 3761 1428 3792 restituam
1443 3759 1475 3789 ad
1494 3757 1637 3795 vestrum,
1655 3756 1855 3795 dictorumque
1870 3755 2072 3787 Successorum
2088 3757 2122 3786 &
2137 3754 2272 3786 Eccleiiae
2281 3754 2347 3796 Ro-

1286 3809 1378 3831 manae
1401 3797 1564 3829 mandatum
1581 3818 1591 3833 ,
1617 3796 1723 3825 etiarnsi
1747 3806 1806 3834 pars
1826 3795 1950 3833 ipsorum
1971 3802 2170 3832 receptorum,
2187 3793 2234 3824 vel
2249 3802 2348 3823 omma

1286 3839 1340 3877 ipsa
1352 3845 1479 3875 recepta,
1497 3837 1525 3865 in
1541 3835 1742 3872 praeparatione
1757 3834 1983 3865 transfretationis
1997 3832 2113 3862 fuiffent
2124 3832 2257 3870 expensa:

1323 3875 1471 3916 Qiodque
1488 3897 1496 3913 ,
1526 3873 1545 3903 si
1561 3883 1620 3903 non
1636 3872 1851 3904 transfretavero
1866 3874 1895 3902 in
1911 3871 1970 3909 ipso
1981 3872 2123 3908 termino,
2139 3869 2348 3909 impedimento

1287 3917 1382 3954 aliquo
1404 3911 1568 3952 praepeditus
1582 3934 1592 3949 ,
1616 3911 1742 3949 expensae
1758 3936 1767 3949 ,
1791 3921 1856 3949 qua:
1879 3910 1962 3940 ihetae
1983 3910 2087 3940 fuerint
2101 3911 2130 3939 in
2147 3909 2348 3950 praeparatione

1287 3953 1436 3993 praedietfi,
1446 3962 1498 3990 pro
1513 3950 1663 3981 medietate
1677 3951 1824 3987 imputabo
1840 3949 1946 3987 michi,
1963 3949 1998 3979 ὃς
2012 3958 2064 3986 pro
2080 3948 2226 3978 medietate
2243 3946 2349 3988 reliqua

1285 3993 1434 4032 imputabo
1458 3989 1600 4028 praedietae
1620 3987 1759 4027 decimae,
1774 3990 1808 4020 ὃς
1822 3996 1856 4018 ex
1870 3997 1947 4019 nunc
1963 3987 2126 4025 consentio,
2144 3984 2223 4024 quod
2238 3984 2275 4014 de
2289 3983 2345 4021 ipsa

1287 4033 1398 4064 decima
1413 4029 1594 4060 deducantur.
2287 4061 2291 4065 ι

1324 4070 1363 4108 Et
1383 4069 1520 4110 promitto
1540 4065 1620 4106 quod
1635 4089 1646 4105 ,
1671 4065 1761 4106 siquid
1773 4089 1784 4104 ,
1801 4064 1876 4098 faeta
1889 4066 2077 4104 imputatione
2091 4088 2101 4103 ‚
2118 4063 2164 4094 scu
2178 4060 2353 4135 deduiiffigse

2359 3222 2490 3256 *115qu
