2570 4261
223 90 276 139 56

67 166 145 199 Arm.
159 168 200 198 D·
217 175 260 201 A.
280 166 494 201 Archidiaconm
506 167 692 209 Arelatmfis,

97 208 181 245 1289.
220 210 353 249 fllagister
372 214 406 240 G.
427 212 550 239 Nuntius
571 211 648 245 Regis
660 211 727 236 An-

68 247 136 273 Ed'v.
159 256 180 274 Ι.
256 249 373 285 glorum³

222 289 333 316 Domini
347 288 385 314 H.
405 286 436 314 de
448 287 567 321 Baucio,

220 327 255 354 R.
271 325 302 354 de
314 326 430 360 Bam-io,

220 366 263 392 A.
283 363 314 391 de
328 361 465 398 Sabrano,

220 404 254 429 R.
274 398 445 436 Portelletti,

220 441 254 466 P.
273 438 305 466 de
318 439 429 465 Laven.

218 478 252 504 P.
271 476 302 504 de
319 477 452 504 Pontever
464 474 583 513 Junior,

218 516 253 543 R.
274 516 380 551 Durgi,

766 171 800 198 G.
820 169 852 198 de
865 169 1034 207 Barbaran,

765 210 799 236 R.
817 208 849 236 de
862 207 975 238 Burlon.

765 248 800 274 G.
822 249 932 284 Amici,

765 286 800 313 G.
819 285 850 313 de
864 287 985 322 Simiam,

765 325 800 352 G.
818 322 1009 360 Aldermarii,

765 365 800 390 G.
822 361 854 389 de
869 360 1024 401 Baffrufis,

764 403 865 429 Frater
879 399 1010 428 Robertus
1027 401 1106 428 Prior
1129 397 1161 427 de
1182 395 1277 426 Ulma-

803 441 857 476 tis,
869 439 918 475 qui
931 438 1073 475 praediffls
1087 436 1221 466 omnibus
1235 435 1278 463 in-

804 476 901 507 terfuit
937 486 970 506 ac

767 518 803 545 G.
823 498 938 554 Sacrtsta
953 517 1051 551 Regen.

256 588 388 657 ls³raesenti
403 589 526 629 scripto,
550 590 607 621 una
625 598 694 621 cum
714 589 804 629 sigillis
824 590 942 629 nostris,
957 589 1003 620 sua
1022 588 1106 629 sigilla
1128 587 1279 628 pendentia

217 637 257 665 po
269 636 378 658 uerunt.

255 704 295 735 Et
309 715 364 745 ego
379 704 505 743 Taffurus
518 706 549 735 de
563 708 673 742 capua,
687 704 820 736 Publicus
832 705 997 736 auetoritate
1018 703 1185 741 Apostolica
1208 702 1279 733 No-

217 745 317 782 tarius,
338 745 477 781 praedic'kis
490 744 624 774 omnibus
639 743 770 779 interfui,
789 745 823 775 &
837 754 869 774 ea
882 753 992 784 rogatus
1008 743 1116 781 scripsi,
1136 743 1169 774 δε
1185 741 1280 780 publi-

216 784 293 820 cavi,
312 792 439 821 meoque
451 782 587 812 consueto
602 781 682 821 signo
697 782 810 822 signavi.

253 856 291 888 Et
304 867 359 897 ego
370 857 516 896 Johasmes
528 858 560 887 de
576 861 685 896 Capua,
703 858 836 889 Publicus
852 858 1017 896 Apostolica
1028 858 1194 889 auctoritate
1208 857 1280 888 No-

214 900 296 926 tarius
315 897 457 937 praediffis
477 897 613 927 omnibus
631 897 760 936 interfui,
785 898 818 929 &
837 906 949 936 rogatus
968 897 1133 936 subscripsi,
1155 906 1280 935 meoque

215 934 353 966 consueto
367 935 448 974 signo
462 935 575 975 signavi.

214 1061 304 1094 Bulla
328 1060 365 1094 de
391 1065 558 1109 quietantia
575 1063 634 1108 fix
659 1074 806 1095 annorum
825 1061 860 1095 de
872 1063 930 1108 fix
946 1060 1070 1095 milibus
1086 1064 1278 1095 Alai-carum

253 1114 348 1143 annui
365 1111 464 1157 cenfics
483 1111 599 1157 Angliae
615 1114 651 1149 (ῤ’
667 1110 819 1144 Hibernia
834 1113 962 1152 Ecclefiae
978 1114 1114 1144 Romane
1135 1109 1238 1144 debiti.

63 1190 144 1223 Arm·
154 1191 195 1222 D·
301 1195 408 1227 {colans
421 1196 594 1237 Episcopus,
612 1196 704 1227 servus
716 1196 862 1228 servorum
877 1197 951 1234 Dei,
969 1196 1121 1228 Carissimo
1136 1198 1165 1226 in
1180 1195 1278 1227 Chris·

91 1231 177 1269 1289.
311 1243 343 1266 to
359 1236 431 1266 Filio
445 1235 588 1267 Edwardo
602 1235 678 1275 Regi
693 1236 805 1276 Angli-ae
819 1235 933 1275 illustri,
951 1235 1065 1266 salutem
1078 1237 1111 1267 &
1132 1233 1279 1273 Apostoli-

61 1273 115 1297 An.
136 1280 176 1305 ¹7·
218 1283 281 1303 cam
299 1274 540 1305 benediffionem.

61 1312 93 1336 Ε·
114 1318 137 1335 ¹·
252 1312 355 1350 Nuper
377 1313 471 1342 diletsii
492 1313 557 1350 filii,
576 1312 657 1343 frater
677 1312 859 1343 Guillielmus
879 1312 915 1343 de
931 1312 1058 1351 Hodon,
1076 1312 1180 1343 ordinis
1201 1311 1280 1342 Prae-

61 1350 102 1372 Ex
119 1349 177 1373 Ακ-
215 1348 390 1387 dicatorum,
409 1352 442 1382 &
457 1352 560 1381 nobilis
575 1352 626 1381 Vir
641 1352 715 1382 Otto
729 1351 765 1382 de
780 1351 977 1389 Grandisono,
996 1352 1109 1382 Nuncii'
1123 1352 1164 1381 tui
1181 1351 1215 1381 ad
1237 1351 1278 1381 se-

61 1392 125 1421 togr.
214 1387 281 1418 dem
305 1389 502 1427 Apostolicam
523 1389 689 1420 accedentes
702 1415 711 1428 ,
736 1390 773 1420 de
791 1400 887 1421 annuo
909 1390 992 1420 censu
1014 1391 1091 1421 mille
1113 1389 1276 1420 Marc-arum

215 1426 432 1467 sterlingorum,
450 1429 479 1458 in
493 1439 552 1466 quo
566 1428 701 1458 Ecclesiae
715 1428 858 1459 Romanae
871 1430 988 1467 teneris,
1007 1439 1060 1467 pro
1074 1429 1119 1459 sex
1132 1430 1209 1458 annis
1221 1438 1277 1459 ter-

213 1466 322 1496 minatis
337 1467 364 1496 in
379 1465 464 1497 Festo
481 1467 554 1497 beati
570 1467 720 1497 Michaelis
734 1468 867 1505 proximo
879 1467 1090 1507 praeterito,sex
1105 1467 1181 1497 milia
1198 1466 1277 1497 Mar-

213 1514 310 1534 carum
323 1504 539 1544 sterlingorum,
557 1515 607 1542 per
622 1515 721 1535 manus
736 1505 906 1537 dilectorum
923 1506 1046 1536 filiorum
1067 1506 1152 1536 Labri
1172 1505 1277 1543 Wpel-

142 1556 163 1578 2
213 1542 258 1581 lv,
278 1542 357 1581 Dyni
372 1543 530 1582 Todolini,
549 1546 582 1574 ὅ(
598 1543 682 1573 Vanti
695 1543 837 1583 Honesti,
855 1544 890 1574 de
904 1544 1045 1575 Societate
1065 1544 1276 1575 Riccardorum

210 1581 248 1611 de
264 1582 345 1612 Luci
359 1582 493 1613 Camerae
507 1582 611 1612 nostrae
626 1581 827 1613 Mercatorum
836 1607 846 1622 ‚
861 1585 980 1614 nomine
995 1591 1045 1614 tuo
1059 1583 1153 1614 eidem
1169 1582 1276 1614 Came-

210 1629 248 1649 rae
260 1621 461 1658 persolverunt,

252 1658 320 1689 Nos
334 1660 477 1699 igitur,de
490 1659 573 1690 censu
587 1659 731 1690 dictorum
746 1659 790 1690 sex
805 1669 965 1699 annorum,
983 1660 1044 1691 fore
1058 1660 1139 1690 nobis
1154 1661 1188 1691 &
1203 1669 1276 1698 prae-

209 1696 295 1728 disse:
317 1698 461 1729 Romanae
480 1698 614 1729 Ecclesiae
635 1699 743 1737 integre
762 1699 949 1736 satisfaetum‚
975 1707 1075 1730 tenore
1096 1698 1276 1736 praesentium

212 1735 392 1775 profitentes,
406 1738 453 1767 has
468 1737 568 1767 litteras
579 1737 653 1767 bulla
666 1736 760 1767 nostra
775 1738 910 1776 munitas,
923 1738 973 1768 tibi
987 1738 1021 1768 ad
1034 1738 1171 1769 cautelam
1185 1746 1275 1776 tuam,

211 1775 245 1805 ὃ(
259 1774 345 1814 ςείὶιῑ
360 1777 398 1806 rei
411 1778 598 1814 memoriam,
615 1775 744 1806 duximus
762 1776 966 1807 concedendas.

248 1849 314 1880 Dat.
334 1851 443 1882 Roma:
456 1852 528 1890 apud
544 1852 675 1882 Sanc‘iam
693 1851 813 1882 Mariam
831 1853 975 1892 Majorem
991 1862 1010 1884 2
1031 1853 1117 1884 Non.
1137 1851 1275 1883 Novem-

210 1889 264 1918 bris
272 1913 281 1927 ,
298 1889 483 1921 Pontificatus
499 1891 586 1922 nostri
598 1901 674 1921 anno
687 1891 819 1922 secundo.

890 1969 944 1999 Sub
951 1968 1003 2011 filo
1017 1966 1140 1999 canaheo.

349 2097 398 2129 De
417 2094 587 2138 Custodibm
603 2099 701 2129 Scotiae
716 2093 889 2128 intendendo
905 2098 942 2133 (ῤ’
962 2092 1128 2128 obediendo.

54 2171 130 2202 Ann-
143 2170 184 2202 D·
208 2178 348 2239 REX,
368 2179 503 2218 Praelatis,
522 2180 720 2220 lNiagnatibus,
739 2191 771 2211 ac
784 2181 837 2211 toti
851 2179 1060 2212 Communitati
1074 2179 1171 2221 Regni
1197 2179 1271 2212 Sco-

82 2211 165 2248 1239·
287 2219 349 2256 tiae,
367 2219 527 2250 salutem&
540 2219 724 2250 dilcc‘sionem
743 2220 886 2249 sinceram.

53 2254 105 2277 Ad·
127 2260 168 2284 ι7-
245 2256 323 2295 Qua
343 2259 472 2296 negotia,
490 2268 554 2296 quae
574 2260 743 2298 contingunt
761 2257 930 2288 karissimam
954 2259 1189 2289 consanouinearn
1204 2268 1271 2289 nos-

52 2293 82 2315 Ε·
106 2298 128 2316 ¹·
206 2301 294 2332 tram,
314 2295 506 2331 Margaretam
519 2296 679 2326 Dominam
693 2298 726 2326 ἃ
741 2296 883 2326 Reoinam
897 2296 993 2340 Regni
1008 2283 1144 2336 ejusdem,
1162 2296 1196 2326 ad
1216 2297 1270 2327 ho-

50 2330 109 2353 Par.
128 2337 157 2362 ¹7
163 2351 169 2355 -
207 2343 308 2363 norem
325 2328 430 2364 Deis&
442 2335 657 2373 tranquilitatem
671 2336 755 2365 totius
771 2321 994 2365 &ommuiiitatis
1007 2335 1139 2374 ejusdem.
1151 2335 1268 2374 Regni,

53 2369 84 2392 Ε·
104 2375 126 2392 ¹·
142 2376 180 2394 ²7³·
205 2373 438 2403 accommodum
451 2373 483 2404 &
497 2373 657 2411 profestum
670 2373 750 2411 ipsius
766 2373 980 2413 consanguineae
996 2374 1100 2405 nostrae
1113 2373 1267 2415 praedi&ae,

56 2412 82 2440 3·
206 2411 280 2440 bene
292 2412 325 2442 &
336 2411 454 2442 feliciter
468 2411 619 2450 prosperari
633 2413 698 2443 tetis
712 2412 851 2443 desideriis
866 2421 1062 2451 peroptamus,

242 2449 301 2479 Vos
316 2452 481 2487 requirimus
497 2451 530 2481 &
544 2460 674 2490 rogamus
691 2453 812 2490 attente,
831 2460 964 2488 quatenus
978 2451 1160 2490 custodibus,
1174 2450 1209 2481 ad
1225 2461 1268 2481 re-

204 2488 299 2526 gimen
313 2488 380 2519 dieti
395 2489 490 2529 Regni
522 2492 641 2520 nomine
655 2490 797 2527 praedffiae
813 2490 917 2520 nostrae
930 2490 1164 2528 consanguineae,
1179 2489 1268 2528 depu—

205 2527 283 2563 tatis,
301 2528 389 2558 taliter
409 2513 585 2558 intendentes
606 2528 658 2558 sitis
679 2529 711 2559 &
732 2528 914 2566 obedientes,
934 2529 1011 2567 quod
1025 2539 1077 2559 nos
1089 2530 1123 2560 &
1138 2528 1268 2559 Domina

205 2564 296 2594 vestra
316 2565 453 2596 antedic‘ta
468 2566 603 2603 possimus
622 2569 655 2598 &
670 2566 821 2598 debeamus
843 2566 1003 2598 fidelitatem
1023 2567 1144 2599 vestram
1165 2567 1269 2598 habere

203 2604 307 2634 merito
323 2605 562 2634 commendatam.

243 2640 432 2679 proponimus
447 2643 599 2681 siquidem,
609 2643 701 2673 statim
717 2643 780 2681 post
793 2643 894 2674 instans
905 2644 1124 2675 parliamentum
1137 2644 1267 2675 nostrum

206 2679 344 2711 London.
363 2681 397 2711 ad
408 2691 495 2719 partes
511 2681 614 2712 vestras
627 2682 749 2719 Scotiae,
768 2682 874 2720 aliquos
891 2682 928 2712 de
946 2682 1045 2713 nostro
1059 2682 1197 2713 Concilio
1217 2682 1268 2713 de—

204 2718 321 2756 stinare,
338 2730 386 2757 per
401 2731 489 2759 quos,
506 2731 539 2751 ac
552 2722 635 2751 etiam
648 2730 697 2758 per
711 2721 792 2758 ipsius
807 2730 887 2751 terrae
901 2720 1092 2759 custodes,de
1107 2720 1178 2751 statu
1194 2724 1266 2762 ejus-

204 2757 271 2799 dem
288 2758 382 2794 Regni
397 2760 496 2796 (quem
511 2760 666 2799 appetimus
680 2759 860 2797 tranquillum
874 2760 907 2791 &
924 2759 1075 2799 pacificum
1093 2759 1202 2798 semper
1223 2770 1266 2791 es-

205 2798 244 2833 se)
262 2796 404 2828 certificati
417 2799 539 2837 erimus,
557 2797 627 2828 Deo
641 2796 732 2828 dante.

242 2870 310 2903 Dat.
329 2875 400 2911 apud
417 2873 590 2905 Clarendon.
607 2874 684 2906 sexto
696 2874 741 2905 die
755 2874 944 2912 Novembris.

53 3000 186 3035 511446.
207 2993 234 3020 *ἔ
256 2997 304 3029 De
314 2995 421 3039 forma
439 2997 615 3030 concordata
631 2997 713 3044 apud
731 2996 933 3031 Saresberiam
944 3000 1036 3046 fhper
1052 3004 1262 3047 Margareta‚

325 3046 438 3091 Regina
454 3048 551 3078 Scotir
563 3072 573 3087 ,
594 3050 624 3077 in
634 3046 806 3092 praedic'lum
827 3050 960 3094 Regnum
976 3048 1136 3082 mittenda.

56 3119 132 3150 Assn-
148 3120 188 3152 D·
208 3128 353 3190 CUM
376 3132 502 3169 egregius
516 3131 666 3170 Princeps,
684 3132 811 3176 Erykus,
829 3133 894 3164 Rex
911 3134 1087 3174 Norweyae,
1103 3135 1137 3167 &
1155 3135 1263 3168 Domi-

76 3160 162 3197 1239·
284 3178 318 3212 na
333 3168 492 3213 Margareta
507 3178 570 3212 nata
584 3170 670 3209 Regis
691 3172 813 3210 ejusdem
857 3172 986 3204 Domina
1000 3173 1111 3213 Regina
1125 3175 1158 3205 &
1174 3175 1263 3206 haeres

55 3201 110 3224 Aa.
130 3207 170 3233 ¹7-
206 3203 301 3244 Regni
315 3206 437 3251 Sconae,
456 3208 657 3246 requisivissent
673 3220 721 3246 per
741 3210 802 3240 suos
817 3197 973 3249 solempnes
988 3212 1126 3243 Nuncios
1142 3212 1263 3250 (Domi-

56 3240 87 3262 E.
111 3245 133 3263 ¹·
204 3253 291 3283 num,
310 3245 457 3284 Videlicet,
475 3247 631 3277 Tetricum
649 3246 686 3278 de
698 3249 814 3286 Campis
834 3250 923 3288 Ludi,
942 3251 1059 3281 Petrum
1075 3251 1207 3290 Algothi‚
1226 3254 1260 3284 δε

57 3277 116 3304 PM‘
136 3284 176 3309 ¹7·
204 3281 402 3315 Guthorinum
422 3284 459 3314 de
482 3285 606 3325 Aseleya)
629 3286 811 3323 magnificum
826 3288 1004 3328 Principem,
1021 3288 1186 3320 Dominum
1202 3290 1262 3322 Ed-

58 3315 89 3337 E.
107 3321 130 3338 ¹·
144 3322 179 3341 ''²-
205 3322 347 3361 wardum,
367 3322 424 3353 Dei
445 3323 548 3365 gratis,
567 3324 703 3355 illustrem
722 3325 834 3364 Regem
855 3327 982 3367 Angliae,
1001 3327 1080 3366 quod
1101 3329 1157 3366 ipse
1171 3339 1259 3367 opem

60 3358 86 3384 3·
205 3369 357 3402 apponeret
371 3362 404 3392 &
418 3362 566 3392 consilium
576 3386 585 3401 ,
599 3363 714 3401 qualiter
728 3364 859 3401 praedicta
873 3366 1001 3405 Regina,
1016 3367 1107 3404 neptis
1121 3367 1262 3405 sua,obe-

205 3397 326 3437 diretur,
344 3409 374 3443 ut
396 3400 527 3430 Domina
546 3401 657 3440 Regina
672 3424 682 3440 ‚
705 3403 738 3432 &
760 3402 847 3432 haeres
863 3403 959 3444 Regni
977 3405 1082 3435 Scotiae
1095 3404 1260 3446 supradie'ti3

207 3435 247 3478 ὃς
257 3437 332 3472 quod
353 3438 406 3475 ipsa
428 3438 493 3469 inde
512 3439 641 3470 ordinare
663 3440 747 3478 possit
761 3443 861 3478 pariter
875 3444 907 3473 ὃς
922 3443 1058 3482 gaudere,
1075 3453 1161 3482 prout
1173 3445 1218 3475 alii
1232 3447 1261 3476 in

210 3473 261 3503 suis
276 3474 377 3507 faciunt
389 3477 484 3516 Reges
500 3476 624 3518 Regnis,

249 3510 376 3554 Praejfatus
398 3516 545 3546 Dominus
558 3541 567 3554 ,
595 3516 707 3556 Angliae
721 3517 787 3547 Rex
801 3518 927 3558 illustris,
942 3530 995 3558 pro
1006 3521 1088 3551 bono
1101 3522 1177 3558 pacis
1189 3521 1262 3553 dirisi

210 3547 307 3591 Regni
321 3551 438 3591 Scotiae,
457 3555 489 3585 &
501 3555 701 3585 reformatione
716 3555 800 3586 status
816 3557 869 3587 suae
885 3560 991 3597 neptis,
1012 3560 1066 3589 'arn
1078 3558 1179 3598 distre,
1197 3570 1262 3591 cus·

211 3585 324 3617 todibus
338 3588 433 3629 Regni
447 3593 553 3636 Scotiae
567 3594 657 3624 literas
680 3594 736 3624 suas
754 3595 827 3625 misit
841 3620 850 3633 ,
866 3597 943 3634 quod
956 3569 1088 3628 cusiodes
1100 3598 1151 3635 ipsi
1167 3600 1262 3629 mitte-

211 3632 285 3666 rent·
296 3626 419 3661 personas
441 3640 597 3662 nominatas
618 3633 652 3663 δε
670 3641 758 3662 certas
771 3657 780 3670 ,
801 3635 848 3671 qui
861 3635 1028 3671 potestatem
1041 3636 1176 3666 haberent
1187 3645 1261 3667 trac-

212 3661 288 3704 tandi
302 3663 422 3706 formam
437 3668 556 3706 aliquam
570 3680 622 3708 pro
635 3670 662 3701 se
676 3671 709 3701 ὃς
724 3671 844 3708 αἰίἰε,ὶαά
860 3673 1089 3705 emendationem
1102 3673 1259 3715 dietiReg-

210 3709 242 3730 ni
257 3699 374 3742 Scotiae,
394 3704 426 3733 ὃς
439 3706 671 3739 reformationem
686 3708 771 3739 statsts
785 3709 903 3749 Reginae
914 3713 971 3749 jam
987 3712 1079 3743 diestae.

249 3736 341 3780 Iidem
361 3750 473 3784 quoque
493 3745 623 3777 custodes
638 3772 647 3785 ,
672 3747 705 3776 ad
724 3748 931 3785 requisitionem
958 3750 1119 3789 hujusmodi
1137 3749 1263 3781 Domini

212 3774 303 3818 ,Reglss
320 3776 426 3815 Allgllae
440 3783 572 3827 praelibati
586 3808 595 3822 ,
620 3786 754 3816 miserunt
768 3809 778 3824 ,
789 3786 866 3823 juxm
879 3788 1017 3818 effesttim
1032 3788 1217 3827 requisitionis
1232 3799 1263 3819 e-

208 3813 319 3852 jusdem
362 3819 531 3858 'venerabiles
553 3832 581 3851 in
596 3822 715 3854 Christo
730 3824 824 3854 Patres
837 3825 933 3857 Sancti
946 3827 1070 3858 Andreae
1083 3828 1117 3858 &
1128 3827 1165 3856 de
1179 3826 1263 3856 Glas-

213 3861 297 3881 Cuen·
314 3836 466 3895 E'piscopos
480 3878 488 3892 2
511 3859 543 3887 &
564 3861 671 3892 nobiles
690 3863 765 3892 viros
784 3861 930 3894 Dominos
945 3865 1111 3897 Robertum
1125 3864 1162 3894 de
1176 3864 1262 3903 Brus,

214 3888 308 3919 Dom.
329 3889 413 3919 Vallis
435 3891 469 3921 de
491 3893 610 3927 Anaunt.
630 3901 661 3930 ὃ(
679 3900 842 3937 johannem
864 3901 982 3942 Comyn
997 3927 1006 3942 ,
1021 3904 1056 3934 ad
1069 3903 1264 3939 traetandum,

213 3927 576 3999 ffiqatsesxgpgffigffieffijam
596 3935 729 3987 dietum,
754 3940 802 3976 qui
822 3940 894 3976 apud
906 3941 1048 3973 Saresbur.
1067 3942 1212 3975 venientes
1226 3940 1261 3971 ad

510 3969 617 4000 ichaelis
631 3983 762 4010 proximo
777 3986 853 4008 nunc
867 3978 998 4017 elapsum:

650 80 1456 129 CONVENTIONES‚

1511 78 1907 131 LITERAE,

1352 166 1399 197 Ad
1422 177 1511 211 quern
1529 167 1631 199 locum
1648 168 1799 209 praedi&us
1819 168 1968 200 Dominus
1989 167 2056 199 Rex
2073 168 2185 209 Angliae
2197 160 2376 201 honorabiles
2394 164 2471 199 Anti.
2483 165 2526 198 D.

1313 207 1343 236 in
1358 205 1474 236 Christo
1489 205 1584 236 Patres
1598 231 1608 245 ,
1626 207 1773 238 Dominos
1789 207 1983 238 Godefridum
1999 207 2060 247 Wy
2081 217 2144 238 orn.
2163 209 2197 239 &
2215 209 2378 240 Antonium
2421 208 2508 245 1289.

1313 244 1539 274 Dunelmensern
1559 245 1716 284 Episcopos
1729 270 1739 284 ,
1762 256 1795 276 ac
1815 247 1942 285 egregios
1963 246 2041 276 viros
2090 247 2204 276 ominos
2218 246 2378 277 Guillielm.
2395 247 2462 274 Edv.
2482 255 2506 273 i.

1312 281 1349 312 de
1364 282 1469 313 Valenc
1484 283 1640 314 Pembrok.
1659 284 1865 323 &Johannem
1879 285 1915 314 de
1930 283 2081 315 Garenum
2101 283 2191 315 Com.
2210 295 2264 323 pro
2278 286 2380 316 tracta>

1314 329 1344 350 tu
1365 321 1503 358 praediCto
1524 322 1692 361 transmisit,
1718 324 1767 361 qui
1785 323 1908 353 similiter
1923 324 2067 353 venientes
2084 322 2192 353 ibidem
2207 323 2241 353 ad
2257 324 2379 355 tradsan-

1314 358 1386 388 dum
1409 368 1444 389 ex
1465 368 1543 397 parte
1564 361 1645 398 ipsius
1664 361 1753 401 Regis
1777 361 1886 400 Angliae
1907 370 1976 391 cum
1998 361 2124 391 Nunciis
2144 361 2303 401 Norweyae
2319 386 2329 401 ,
2347 363 2382 393 δε

1314 397 1465 440 nominatis
1483 398 1639 429 Scotorum
1660 399 1818 437 supradietis
1831 423 1841 438 ,
1863 399 1926 437 post
1944 399 2156 439 disceptationes
2181 401 2253 431 inter
2268 411 2317 431 eos
2328 410 2379 432 va-

1315 444 1366 502 ‘¹335
1381 437 1414 503 {c
1434 437 1566 467 trac‘iatus
1579 461 1590 475 ,
1615 439 1644 467 in
1664 438 1789 468 formam
1805 439 1920 468 tandem
1934 437 2020 468 talem
2035 439 2136 476 pariter
2150 439 2380 476 concordarunt,

1316 483 1344 503 vi
1366 483 1382 503 e
1402 482 1448 504 cet

1355 512 1446 551 Qod
1455 498 1574 550 ’praefata
1588 512 1718 544 Domina
1733 513 1843 554 Regina
1856 515 1890 546 δε
1908 514 1996 544 haeres
2016 515 2044 544 in
2060 513 2197 554 Regnum
2210 517 2303 547 veniat
2316 515 2380 547 An-

1314 549 1377 588 gliae
1393 558 1438 580 aut
1450 551 1571 589 Scotiae,
1589 552 1658 582 citra
1672 552 1786 582 Festum
1799 553 1932 583 omnium
1952 553 2124 584 Sancstorum
2139 576 2148 591 ‚
2177 556 2310 592 proximo
2319 556 2382 594 jam

1316 589 1444 619 futurum
1458 614 1467 627 ,
1493 590 1528 619 ab
1549 591 1631 620 omni
1652 591 1800 621 contraesu
1822 590 1964 630 Maritagii
1985 592 2019 623 &
2039 591 2217 629 sponsalium
2237 592 2325 623 libera
2345 595 2381 625 δε

1316 627 1427 664 quieta;
1447 628 1480 658 δε
1499 628 1557 658 hoc
1579 628 1685 666 praefati
1706 629 1820 659 Nuncii
1838 628 1999 668 Norweyae
2013 653 2023 668 ,
2048 639 2187 668 quantum
2201 631 2231 660 in
2245 631 2307 669 ipsis
2323 631 2382 671 est,

1316 665 1395 695 bona
1407 665 1463 696 fide
1478 667 1681 706 promiserunt,
1699 668 1725 698 se
1737 667 2139 706 procuraturos‚faeturos‚&
2152 677 2296 700 curaturos
2309 672 2380 701 citra

1318 705 1473 735 terminum
1496 706 1548 734 'am
1569 706 1739 743 praedietutn
1754 729 1764 744 ,
1789 705 1840 736 nisi
1865 705 1976 746 Regina
1996 708 2161 738 rationabile
2181 708 2214 739 &
2236 707 2383 740 allocabile

1319 741 1470 773 Essonium
1508 744 1588 774 abeat
1601 745 1630 774 in
1644 744 1698 775 hac
1712 752 1797 782 parte.

1356 780 1487 812 Promisit
1508 782 1618 820 insuper
1632 807 1642 820 ,
1668 782 1744 813 bona
1766 781 1822 812 fide
1837 804 1848 820 ,
1863 782 1923 820 jam
1935 782 2027 813 di&us
2041 783 2107 814 Rex
2120 784 2247 824 Angliae,
2267 785 2345 824 quod
2360 786 2382 818 fi

1320 820 1433 858 praefata
1453 820 1583 851 Domina
1604 821 1640 850 ab
1658 822 1742 851 omni
1761 821 1912 851 contraehi
1932 820 2034 852 Marita
2056 823 2072 852 'i
2099 823 2133 854 &
2153 824 2328 862 Sponsalium
2350 827 2381 856 in

1319 868 1438 889 manum
1458 859 1534 889 suam
1555 867 1602 889 aut
1625 858 1785 890 custodiam
1806 859 1892 889 libera
1912 860 2007 890 veniat
2082 862 2175 899 quieta
2189 886 2198 900 ,
2217 863 2251 893 &
2265 863 2382 902 quando

1318 896 1457 936 Regnum
1473 897 1578 928 Scotiae
1591 897 1778 928 assecuratum
1795 897 1869 928 bene
1881 897 1964 928 fuerit
1975 899 2009 930 &
2024 899 2054 928 in
2064 908 2152 938 pace,
2169 901 2206 931 ita
2220 902 2298 940 quod
2313 901 2381 934 Do-

1319 937 1395 966 mina
1409 936 1463 974 ipsa
1478 936 1575 967 secure
1587 938 1685 967 venire
1700 936 1803 974 valeat,
1821 937 1855 968 &
1870 936 1900 966 in
1911 945 1948 966 eo
1962 939 2067 967 morari
2079 961 2089 975 ,
2106 938 2254 978 ipsumque
2266 940 2295 970 R
2332 951 2382 972 em

1319 974 1430 1014 Angliae
1450 985 1501 1012 per
1522 984 1640 1012 gentem
1660 974 1758 1014 Regni
1776 974 1882 1005 Scotiae
1905 976 2007 1013 requiri
2029 977 2203 1016 continget,
2224 978 2301 1009 idem
2346 988 2380 1010 ex

1320 1013 1432 1052 Angliae
1443 1013 1562 1044 eandem
1576 1013 1738 1044 Dominam
1761 1013 1790 1042 in
1806 1012 1943 1052 Regnum
1963 1013 2069 1043 Scotiae
2083 1015 2193 1054 mittet,
2210 1016 2248 1046 ita
2261 1017 2381 1050 liberam

1317 1052 1351 1082 &
1370 1052 1493 1096 quietam
1515 1053 1531 1082 a
1553 1052 1763 1090 conti-aesibus,
1781 1051 1818 1082 de
1833 1051 1934 1090 quibus
1945 1051 2069 1089 superius
2084 1052 2126 1083 est
2139 1053 2290 1094 locutum,
2308 1056 2380 1090 sicut

1316 1090 1611 1174 reclsglttaesnnliesiemuod
1631 1130 1707 1161 bona
1727 1139 1794 1175 gens
1815 1128 1936 1174 Scotiae,
1954 1137 2105 1168 antequam
2119 1128 2206 1168 ipsam
2220 1130 2381 1175 Dominam

1317 1176 1467 1206 recipiant,
1486 1140 1675 1200 sufficientem
1695 1169 1797 1199 faciant
1814 1167 1990 1211 securitatem
2005 1169 2039 1212 ὃς
2053 1168 2160 1198 bonam
2175 1167 2252 1209 Regi
2266 1170 2380 1211 Angliae

1318 1215 1490 1245 praenotato,
1509 1208 1586 1246 quod
1605 1206 1770 1246 praedid'mm
1784 1206 1964 1244 Dominam,
1983 1210 2038 1249 nisi·
2047 1216 2097 1244 per
2110 1206 2320 1239 ordinationem
2335 1211 2380 1248 ip-

1317 1245 1369 1275 sius
1382 1270 1391 1284 ,
1416 1245 1593 1277 voluntatem
1616 1248 1650 1278 &
1670 1245 1821 1277 consilium
1834 1269 1844 1284 ,
1871 1255 1904 1275 ac
1924 1255 1974 1284 per
1991 1245 2129 1275 assensum
2151 1245 2276 1278 Domini
2289 1248 2379 1289 Regis

1317 1283 1476 1323 Norweyae
1488 1283 1575 1316 Patris
1588 1285 1670 1324 ipsius
1684 1284 1841 1322 Dominae,
1855 1283 2011 1314 nullatenus
2025 1285 2205 1316 maritabunt.

1353 1321 1556 1354 Praenominati
1577 1326 1651 1354 vero
1671 1322 1746 1354 missi
1767 1322 1872 1353 Scotiae
1884 1322 2072 1361 promiserunt
2086 1322 2230 1362 similiter,
2249 1324 2328 1356 boni
2341 1324 2376 1356 fi—

1316 1360 1368 1399 de,
1386 1371 1440 1400 pro
1459 1362 1485 1393 se
1506 1363 1540 1393 &
1559 1362 1615 1392 aliis
1634 1362 1731 1401 Regni
1753 1361 1876 1400 Scotiae,
1894 1360 1973 1398 quod
1987 1360 2037 1398 ipsi
2057 1360 2253 1394 assecurabunt
2273 1372 2378 1395 terrain

1316 1400 1424 1431 Scotiae
1442 1409 1594 1439 antequam
1615 1399 1690 1431 dieta
1704 1400 1834 1431 Domina
1855 1400 1947 1431 veniat
1961 1400 1991 1429 in
2002 1399 2137 1438 eandem,
2157 1401 2192 1432 &
2206 1401 2285 1440 quod
2297 1402 2378 1434 secu-

1315 1439 1426 1470 ritatem
1447 1439 1498 1470 fibi
1519 1439 1638 1477 facient,
1657 1437 1736 1477 quod
1752 1439 1821 1468 inibi
1834 1446 1866 1469 ut
1877 1439 1906 1468 in
1919 1437 2056 1478 Regnum
2070 1438 2152 1468 suum
2163 1439 2262 1470 secure
2277 1442 2376 1472 venire

1315 1479 1437 1515 poterit,
1454 1479 1488 1509 &
1504 1488 1557 1516 pro
1569 1478 1624 1508 suae
1635 1477 1787 1509 voluntatis
1800 1477 1882 1507 libito
1893 1477 2085 1512 commorari,
2102 1485 2188 1514 prout
2199 1478 2282 1516 ipsius
2295 1487 2377 1511 terrae¹

1314 1526 1380 1546 vera
1393 1515 1523 1547 Domina
1538 1516 1651 1557 Regina
1665 1541 1675 1555 ,
1692 1517 1726 1547 &
1740 1515 1846 1554 haeres;
1864 1514 2000 1553 quodque
2011 1513 2048 1544 de
2060 1514 2205 1552 praemissis
2217 1526 2318 1548 omnes
2332 1518 2375 1550 se-

1313 1556 1442 1586 curitates
1455 1555 1643 1596 praestabunt,
1662 1564 1725 1594 quae
1739 1554 1914 1585 rationabiles
1927 1553 2048 1592 fuerint,
2064 1554 2099 1585 &
2114 1563 2181 1592 quas
2200 1553 2270 1587 dieti
2285 1556 2321 1587 N
2323 1567 2378 1588 un-

1313 1594 1350 1624 cii
1370 1593 1531 1635 Norweyae
1544 1593 1616 1633 ipsos
1630 1594 1722 1624 facere
1734 1593 1814 1631 posse
1826 1592 1930 1637 dicent.
2009 1631 2015 1637 .
2039 1631 2044 1637 .
2088 1631 2094 1637 .

1387 1632 1445 1663 uod
1461 1657 1470 1671 ,
1495 1633 1515 1663 si
1532 1632 1625 1663 forsan
1638 1656 1648 1672 ‚
1671 1633 1708 1663 de
1730 1630 1895 1662 custodibus
1913 1639 1960 1662 aut
1975 1630 2109 1661 ministris
2120 1630 2218 1671 aliquis
2229 1632 2276 1664 vel
2290 1633 2378 1673 aliqui

1314 1670 1384 1701 disti
1431 1673 1496 1702 euni
1509 1671 1631 1709 Scotiae,
1650 1671 1712 1709 ipsis
1724 1670 1761 1701 de
1771 1669 1925 1710 Norweya
1936 1692 1946 1709 ,
1962 1670 2018 1713 ,vel
2032 1669 2154 1709 Reginae
2169 1671 2315 1709 praedi&ae
2331 1674 2377 1704 in·-

1313 1709 1402 1748 utilis,
1417 1696 1466 1741 veel
1486 1710 1612 1748 inutiles,
1629 1709 1789 1748 suspiciosus
1807 1716 1854 1739 aut
1871 1708 2008 1746 suspiciosi
2023 1709 2144 1752 eittiterit
2155 1709 2203 1753 yel
2217 1711 2376 1751 extiterint,

1314 1749 1418 1779 totiens
1438 1748 1566 1779 Ministri
1585 1750 1618 1780 δε
1633 1748 1762 1779 custodes
1783 1747 1991 1778 amovebuntur
2003 1746 2178 1786 huJusmodi,
2195 1750 2326 1787 quotiens
2339 1760 2375 1781 o-

1311 1795 1363 1824 pus
1385 1787 1453 1826 erit,
1470 1788 1503 1819 &
1523 1787 1653 1818 meliores
1666 1787 1710 1817 alii
1724 1786 1761 1817 de
1773 1785 1879 1826 Regno
1894 1785 2000 1830 Scotiae
2014 1785 2083 1816 loco
2097 1794 2240 1824 ponentur
2252 1797 2373 1826 eorum,

1315 1825 1470 1856 secundum
1491 1825 1747 1857 considerationem
1768 1826 1801 1856 δε
1823 1824 2033 1863 providentiam
2050 1825 2210 1864 proborum
2223 1825 2378 1858 hominum

1313 1872 1450 1895 terrarum
1473 1865 1577 1896 Scotiae
1598 1865 1631 1896 &
1650 1864 1811 1903 Norweyae
1825 1888 1836 1902 ,
1859 1864 1893 1894 &
1913 1863 2029 1893 illorum
2041 1861 2151 1906 insuper
2187 1873 2237 1894 uos
2258 1864 2293 1895 ad
2317 1866 2377 1896 hoc

1311 1902 1471 1940 praelibatus
1484 1903 1549 1934 Rex
1564 1903 1676 1943 Angliae
1689 1903 1798 1933 duxerit
1811 1901 1999 1932 destinandos·
2018 1900 2048 1932 Si
2062 1910 2157 1944 autem
2172 1903 2178 1908 '
2201 1902 2259 1933 ide
2273 1903 2375 1935 Scotifi.

1311 1942 1345 1972 δε
1360 1941 1396 1972 de
1409 1941 1574 1980 Norwegia
1586 1943 1615 1972 in
1627 1943 1680 1973 bac
1691 1950 1768 1980 parte
1782 1940 1957 1972 concordare
1977 1949 2039 1970 non
2051 1940 2173 1979 possint,
2191 1941 2210 1960 *
2225 1941 2374 1974 medianti-
2391 1945 2525 1984 *114475

1310 1980 1363 2010 bus
1377 1991 1434 2021 ope
1454 1982 1488 2013 &
1508 1981 1628 2012 consilio
1642 1982 1770 2020 gentium
1786 1980 1872 2019 Regis
1888 1978 2002 2017 Angliae
2015 1977 2179 2018 supradisti,
2197 1987 2266 2011 tunc
2281 1991 2323 2012 res
2337 1991 2372 2012 ex

1308 2018 1355 2049 illa
1378 2028 1455 2057 parte
1473 2019 1499 2050 se
1517 2028 1609 2050 teneat
1633 2021 1681 2050 cui
1700 2027 1797 2059 gentes
1819 2018 1901 2057 ipsius
1914 2018 1944 2048 R
1983 2018 1988 2023 '
2015 2017 2126 2062 Angliae
2141 2018 2289 2049 consilium
2303 2030 2376 2052 con-

1309 2057 1502 2089 cordaverint:
1523 2058 1561 2089 Et
1574 2058 1633 2089 hoc
1648 2058 1754 2088 nedum
1769 2057 1802 2088 sit
1819 2056 1951 2088 attenden
1972 2065 2023 2086 um
2039 2066 2069 2086 ln
2090 2056 2221 2094 expressis
2234 2058 2263 2089 su
2284 2060 2374 2098 erius3

1308 2095 1346 2127 set
1361 2097 1394 2128 &
1407 2098 1436 2127 in
1450 2098 1585 2128 omnibus
1599 2096 1858 2135 disceptationibus,
1877 2105 1941 2134 quae
1954 2096 2027 2126 inter
2041 2105 2108 2133 eos,
2123 2096 2152 2125 in
2166 2095 2246 2126 disto
2291 2107 2369 2135 egno

1311 2135 1433 2173 Scotiae,
1451 2136 1638 2174 resultabunt,
1653 2135 1774 2174 ejusdem
1784 2134 1880 2174 Regni
1894 2134 1998 2165 statum
2013 2133 2047 2164 &
2061 2134 2294 2165 reformationem
2302 2146 2375 2166 con-

1307 2174 1479 2213 tingentibus
1496 2174 1723 2213 quoquomodo:
1743 2173 1839 2204 Placet
1853 2174 1929 2202 enim
1943 2172 2067 2213 partibus
2104 2172 2182 2210 quod
2198 2173 2265 2204 dieti
2279 2173 2376 2214 Regni

1310 2212 1417 2243 Scotiae
1430 2212 1512 2243 status
1533 2212 1690 2251 hujusmodi
1706 2211 1817 2252 Angliae
1840 2212 1873 2242 ὃς
1887 2211 2052 2249 Norweyae
2065 2194 2194 2255 Regibus
2208 2221 2376 2250 reportetur.

1345 2251 1419 2281 Item
1428 2276 1437 2289 ,
1456 2251 1671 2282 concordarunt
1685 2260 1773 2290 partes
1787 2250 1928 2289 praedid’tae
1941 2274 1951 2288 ,
1977 2248 2055 2287 quod
2069 2248 2103 2279 ad
2118 2249 2241 2292 mediam
2258 2253 2375 2288 quadra-

1327 2290 1441 2320 efimam
1457 2313 1466 2329 ,
1490 2291 1623 2328 proximo
1640 2291 1698 2328 jam
1720 2289 1840 2319 futuram
1856 2312 1866 2327 ,
1890 2289 1942 2318 erit
1965 2297 2033 2327 gens
2055 2287 2160 2318 Scotiae
2172 2289 2246 2327 apud
2259 2289 2372 2321 Rokes-

1308 2329 1509 2407 ιὲἕέᾕᾈῇἓιῖἓ
1527 2327 1983 2405 {Jiffffgssii‘tiffneeffiiffmkgei‘?
1998 2327 2098 2394 §isa
2107 2328 2372 2406 (ὲὲῗῧὲἶῗξέῑῖἓ

1306 2405 1431 2443 panibus
1452 2405 1488 2436 de
1508 2405 1614 2435 Warks
1636 2406 1670 2436 ὃς
1683 2405 1720 2435 de
1735 2404 1853 2436 Karhin.
1870 2402 1974 2434 eodem
1989 2404 2035 2433 die
2047 2403 2113 2434 erit:
2134 2403 2182 2434 Ad
2195 2414 2281 2443 quem
2295 2391 2372 2437 diem

1308 2444 1495 2482 promiserunt
1509 2444 1548 2474 illi
1561 2443 1598 2474 de
1611 2443 1726 2482 Scotifi,
1743 2442 1820 2474 bona
1835 2442 1908 2481 fide,
1923 2441 1960 2472 de
1971 2441 2142 2472 affirmandis
2153 2443 2299 2480 praemiffis
2305 2454 2373 2476 om-

1308 2483 1391 2513 nibus
1410 2484 1443 2514 &
1463 2482 1641 2524 complendis
1654 2506 1664 2521 ,
1687 2491 1746 2514 tam
1765 2481 1801 2512 de
1813 2481 2002 2512 securitatibus
2037 2480 2124 2524 quam
2136 2481 2245 2512 cunetis
2259 2483 2314 2513 aliis
2327 2484 2371 2515 su-

1306 2521 1477 2560 prascriptis,
1494 2531 1557 2560 quae
1571 2522 1740 2561 contingunt
1754 2520 1985 2551 emendationem
1998 2505 2028 2549 R
2067 2528 2096 2548 ni
2109 2518 2215 2551 Scotiae
2229 2530 2372 2555 memora-

1306 2561 1344 2590 ti:
1365 2559 1402 2590 Et
1424 2560 1482 2590 hoc
1503 2562 1532 2590 in
1554 2560 1668 2590 illorum
1692 2559 1835 2597 praesentia
1851 2582 1861 2598 ,
1883 2568 1956 2597 quos
1974 2568 1994 2597 p
2061 2566 2104 2588 tus
2122 2557 2190 2588 Rex
2211 2558 2258 2590 An
2291 2561 2322 2591 'ae
2335 2561 2371 2593 ad

1305 2597 1489 2667 dcileiosldiem
1503 2599 1668 2630 transmittet
1683 2600 1717 2630 &
1733 2598 1814 2637 loca,
1831 2607 1862 2629 ut
1873 2596 1970 2629 videre
1989 2595 2093 2636 possint
2106 2596 2239 2635 praedieta
2272 2600 2371 2632 rrniter'

1304 2646 1320 2666 a
1342 2646 1380 2666 im
1412 2647 1459 2668 eri.

1340 2647 1433 2706 Etpin
1460 2675 1659 2707 testimonium
1687 2676 1917 2714 praescriprorum
1937 2673 2044 2712 praefati
2062 2673 2262 2706 Procuratores
2282 2675 2372 2716 Regis

1303 2713 1462 2753 Norweyae
1478 2739 1487 2752 ,
1517 2715 1551 2745 &
1572 2714 1646 2744 miffi
1668 2714 1705 2743 de
1725 2713 1823 2744 Scotia
1844 2713 1911 2743 huic
1927 2714 2046 2752 scripto,
2062 2713 2123 2741 ciro
2144 2713 2259 2750 raphato
2271 2714 2300 2744 in
2314 2722 2370 2745 tres

1339 2753 1394 2782 cias
1408 2753 1539 2790 (quarum
1553 2751 1618 2782 duae
1633 2753 1663 2782 in
1677 2751 1792 2782 Gallico
1807 2773 1817 2790 ,
1834 2760 1919 2788 penes
1933 2749 2048 2789 Regem
2063 2750 2130 2787 Ang
2144 2751 2196 2788 'ae,
2210 2752 2244 2782 &
2257 2752 2319 2783 illos
2331 2752 2368 2784 de

1323 2790 1417 2829 cotia,
1435 2791 1469 2821 &
1491 2792 1570 2821 tertia
1589 2792 1619 2820 in
1642 2790 1777 2820 Latinum
1795 2792 1921 2820 transsam
1933 2811 1944 2827 ,
1968 2798 2054 2826 penes
2067 2787 2267 2821 Procuratores
2280 2791 2367 2822 Nor-

1301 2839 1347 2861 we
1366 2839 1391 2859 ae
1404 2828 1534 2865 resident)
1550 2828 1595 2859 sua
1609 2827 1796 2867 apposuerunt
1808 2828 1898 2868 sigilla.

1368 2876 1395 2906 t,
1411 2867 1446 2898 ad
1457 2867 1668 2905 requisitionem
1674 2866 1892 2897 Procuratorum
1907 2864 2084 2904 Norweyae,
2102 2865 2136 2897 &
2148 2868 2366 2899 nominatorum

1301 2907 1408 2938 Scotiae
1420 2905 1639 2945 praedictorum,
1655 2905 1762 2944 praefati
1774 2904 1898 2935 Domini
1910 2904 2056 2944 Wygom.
2073 2904 2107 2936 &
2123 2904 2299 2936 Dunelmen.
2325 2906 2368 2937 E-

1301 2946 1408 2985 piscopi
1420 2970 1430 2984 ,
1455 2954 1489 2975 ac
1510 2944 1546 2975 de
1568 2944 1724 2975 Pembrok.
1741 2945 1775 2975 &
1793 2943 1830 2974 de
1843 2942 1948 2974 Garen.
1970 2942 2102 2987 Comites
2118 2943 2303 2983 suprascripti,
2320 2945 2366 2976 sua

1303 2984 1427 3016 similiter
1440 2983 1620 3023 praesentibus
1634 2982 1818 3022 apposuerunt
1832 2981 1933 3021 sigilla,
1950 2982 1979 3012 in
1998 2981 2194 3014 testimonium
2209 2983 2367 3023 praemiffo-

1300 3033 1375 3055 rum.

1334 3100 1402 3131 Dat.
1420 3097 1494 3137 apud
1506 3098 1651 3139 Salesbury
1665 3098 1837 3137 Dominica‚
1854 3099 1884 3128 in
1899 3097 1985 3129 Festo
1998 3097 2095 3129 Sancti
2107 3098 2268 3137 Leonardi,
2284 3107 2361 3130 armo

1296 3138 1422 3172 Domini
1435 3137 1583 3168 millesimo
1593 3137 1789 3169 ducentesimo
1803 3137 1982 3177 ocsogesimo
1994 3146 2085 3168 nono.

1581 3284 1694 3315 Forma
1705 3284 1779 3328 jam
1798 3282 1879 3316 dista
1895 3285 1926 3315 in
1945 3281 2072 3315 Gallico.

1303 3367 1450 3430 CUme
1464 3365 1491 3396 le
1504 3365 1591 3397 noble
1605 3365 1724 3407 Prince,
1742 3367 1827 3407 Erik,
1845 3367 1916 3407 Roy
1932 3367 1968 3398 de
1980 3366 2149 3406 Norweye,
2167 3376 2184 3397 e
2201 3364 2361 3405 Margarete
2378 3362 2503 3394 Ann.D.

1375 3406 1401 3437 sa
1415 3404 1487 3442 fille,
1505 3404 1600 3435 Dame
1617 3405 1736 3446 Reyne,
1756 3407 1789 3437 &
1804 3406 1936 3437 Heritere
1949 3405 1985 3435 de
1998 3405 2124 3443 Escoce,
2142 3404 2238 3436 eusent
2252 3414 2300 3442 par
2315 3403 2358 3434 so-
2397 3403 2483 3440 1289.

1299 3444 1425 3484 lempnes
1444 3443 1580 3480 messages
1602 3444 1683 3481 (c’est
1702 3445 1718 3474 a
1741 3445 1817 3476 saver
1838 3446 1899 3476 Sire
1918 3444 2004 3474 Terri
2024 3443 2061 3474 de
2082 3443 2219 3481 Chaump
2241 3442 2358 3485 deJeq,
2374 3444 2428 3469 An.
2445 3451 2486 3476 17-

1300 3482 1367 3512 Pers
1381 3481 1476 3520 Algod
1513 3483 1546 3513 &
1562 3481 1699 3512 Guthorn
1714 3483 1750 3513 de
1765 3484 1906 3522 Asseleye)
1922 3483 2015 3521 requis
2028 3481 2155 3513 le'noble
2168 3481 2272 3512 Prince
2285 3504 2294 3518 ,
2312 3479 2356 3509 Si-
2375 3483 2404 3506 Ε.
2429 3489 2451 3507 1.

1299 3531 1330 3550 re
1345 3519 1466 3552 Edward
1485 3505 1555 3558 Roy
1574 3519 1766 3559 d'Engleterre
1779 3545 1789 3561 ,
1814 3522 1850 3552 ke
1871 3522 1890 3552 il
1909 3520 1993 3551 meist
2012 3520 2083 3558 eyde
2104 3521 2139 3552 &
2153 3518 2282 3557 conseyl,
2301 3526 2355 3547 co-
2374 3521 2405 3544 L.
2419 3522 2448 3545 B.
2456 3517 2485 3555 f.

1300 3568 1381 3589 ment
1398 3558 1577 3596 lavauntdyte
1598 3559 1701 3598 Reyne
1714 3581 1728 3597 ,1
1748 3561 1774 3590 sa
1795 3561 1883 3591 Nece
1897 3583 1908 3598 ,
1932 3558 1988 3589 first
2009 3559 2067 3589 obe
2086 3568 2119 3596 e,
2146 3567 2233 3588 corne
2247 3556 2358 3592 Darne,
2380 3564 2442 3589 ¹52·
2454 3566 2483 3583 a.

1303 3596 1407 3635 Reyne
1425 3599 1459 3628 &
1474 3596 1607 3626 Heritere
1625 3597 1661 3627 de
1675 3597 1785 3629 Escoce
1798 3598 1932 3636 desusdit,
1949 3598 1983 3628 &
1996 3596 2033 3627 ke
2048 3606 2064 3626 e
2075 3606 2091 3626 e
2105 3595 2180 3635 puist
2191 3593 2320 3631 ordiner,
2338 3603 2355 3623 e
2375 3597 2447 3621 Penes
2503 3634 2508 3641 1

1294 3636 1352 3674 joir
1365 3635 1421 3665 ausi
1435 3644 1522 3665 come
1534 3643 1623 3665 autres
1638 3635 1719 3674 Roys
1732 3637 1796 3668 funt
1809 3648 1845 3668 en
1860 3637 1924 3667 lour
1938 3635 2099 3673 Reaumes,
2373 3635 2506 3660 Camerar„

1337 3673 1498 3711 Levantdyt
1513 3673 1581 3713 Roy
1593 3674 1630 3704 de
1643 3674 1822 3714 Engleterre,
1840 3685 1893 3713 pur
1907 3675 1934 3704 le
1949 3674 2015 3704 bien
2028 3674 2063 3704 &
2077 3673 2102 3702 la
2115 3681 2179 3710 pees
2193 3669 2353 3700 del'Reau-
2374 3674 2437 3699 Par.
2456 3679 2497 3704 17.

1297 3720 1346 3741 me
1367 3711 1404 3741 de
1418 3710 1528 3741 Escoce
1541 3734 1551 3750 ,
1576 3722 1592 3742 e
1607 3723 1659 3750 pur
1670 3713 1757 3744 l’estat
1776 3713 1812 3743 de
1824 3714 1850 3744 sa
1865 3713 1954 3743 Nece
1965 3710 2132 3750 avauntdyte
2143 3709 2285 3747 adresoer,
2303 3718 2354 3738 en-
2375 3712 2404 3735 E.
2424 3717 2446 3736 1.
2460 3717 2496 3736 m.

1298 3759 1350 3780 vea
1369 3749 1408 3778 ses
1427 3749 1519 3780 lettres
1535 3761 1550 3780 a
1565 3750 1712 3790 Gardeyns
1733 3752 1770 3782 de
1783 3751 1908 3790 Escoce,
1927 3751 1962 3781 ke
1973 3761 2021 3781 eus
2034 3747 2194 3780 enveassent
2209 3754 2353 3785 certaynes
2375 3756 2403 3775 2.

1297 3786 1426 3824 persones
1449 3798 1550 3818 nomes
1562 3812 1572 3826 ,
1597 3789 1633 3820 ke
1652 3791 1747 3821 eusent
1768 3800 1838 3827 poer
1852 3813 1863 3829 ,
1887 3799 1939 3828 pur
1957 3798 2005 3818 eus
2025 3788 2060 3818 &
2072 3795 2126 3824 pur
2140 3784 2179 3814 les
2192 3793 2299 3824 autreS‚
2317 3784 2354 3816 de

1296 3834 1382 3856 treter
1393 3835 1429 3854 en
1444 3826 1538 3856 forme
1553 3826 1588 3856 ke
1601 3828 1656 3858 fust
1669 3829 1702 3859 al’
1716 3827 1917 3858 amendement
1933 3826 1969 3856 de
1983 3825 2113 3855 Reaume
2125 3821 2161 3853 de
2175 3821 2302 3863 Escoce,
2319 3824 2354 3856 ὃς

1296 3863 1332 3893 al'
1345 3863 1535 3895 adrescement
1547 3865 1601 3895 del’
1615 3867 1685 3898 estat
1698 3867 1722 3897 la
1737 3866 1845 3904 Royne
1857 3862 2034 3899 avauntdyte.

1335 3901 1391 3931 Les
1409 3912 1477 3940 ques
1499 3902 1647 3943 Gardeyns
1662 3928 1673 3943 ,
1696 3915 1712 3934 a
1729 3905 1754 3934 la
1775 3904 1904 3942 requeste
1918 3901 1955 3932 du
1968 3900 2017 3945 dyt
2032 3898 2102 3937 Roy
2115 3897 2153 3929 de
2167 3898 2352 3939 Engleterre,

1297 3949 1474 4018 5335&ss
1483 3951 1523 4011 32
1530 3937 2247 4016 sssfflaffir'equffliguffssetsgfissuiss'eiasssssmssbig
2256 3938 2357 4007 3313?ss

1726 4005 1736 4019 ³
2129 3998 2139 4015 2

2285 4015 2360 4054 biesg
