2570 4261
700 263 808 304 ET
891 266 1157 308 ACTA

0 376 123 413 Ann.D.

16 426 100 457 1297·

0 459 62 488 Edv.
84 467 93 484 1
100 478 108 485 .

0 520 124 555 ΛΜΗ),
143 515 406 576 MEmorandum
419 518 504 557 quod,
522 518 564 547 die
578 518 682 558 Jovis,
701 520 845 560 videlicet,
863 531 910 552 22.
929 524 971 553 die
994 524 1127 565 Augusti,
1145 535 1197 554 an·-

19 570 105 600 1297,
237 566 287 594 no,
315 554 375 588 &a
394 556 520 596 Viceflwo
537 561 648 596 quinto,
672 561 802 589 Dominus
823 560 967 598 Johanner
985 563 1016 592 de
1038 567 1196 602 Langeton,

0 604 47 628 dn.
63 609 109 635 25,
143 594 253 621 Domim
273 596 351 631 Regis
370 594 566 632 Cancellariur,
584 598 613 624 ia
630 601 707 626 wari
721 606 801 637 prope
822 601 864 627 W
863 599 987 639 incheleft’
994 624 1004 639 ,
1028 605 1057 631 in
1079 604 1196 642 quadam

0 644 25 667 Ε.
48 648 73 666 1.
143 633 228 670 navi,
248 642 306 670 quae
329 640 446 662 vocatur
466 637 540 663 COG
559 636 762 674 EDWARD,
781 640 809 666 in
826 647 881 676 qua
902 639 970 667 idem
989 642 1049 669 Rex
1063 641 1197 681 tuncfuit

0 681 55 705 pas*
66 686 79 703 2
83 684 110 712 5,
139 677 258 707 paratus
271 671 311 700 ad
323 671 558 712 transfretandum
571 674 600 700 ill
615 672 770 704 Flana'riam
778 699 788 714 ,
805 675 936 706 liberavit
949 677 1031 706 eidem
1044 681 1109 715 Regi
1123 691 1197 715 mag-

0 719 24 742 Ε,
36 724 59 743 1,
66 721 92 752 p,
102 723 128 742 2,
144 718 208 737 num
221 709 341 746 Sigillum
350 711 446 749 suum,
464 710 534 750 quod
542 710 610 739 idem
622 714 682 740 Rex
688 712 786 751 statim
801 718 913 755 recepit,
931 714 970 750 ὠ·
995 715 1064 748 illud
1081 718 1196 747 tradidit

0 761 31 781 m,
53 761 76 788 7,
142 749 259 777 Domino
272 747 307 787 J.
326 749 358 778 de
371 748 500 789 Benstede
512 749 552 778 ad
561 748 757 788 custodiendum.

503 434 722 479 Tranffretatio
738 439 836 483 Regis.

180 825 250 854 Haec
255 823 295 864 fic
298 823 384 863 fabia
392 823 511 865 fuerunt
525 824 705 865 inpraefintia

182 899 303 931 Walteri
315 900 347 929 de
361 900 437 931 Bello
450 905 547 941 Campo
559 901 699 942 Senescalli
710 904 826 944 Hospitii
838 907 933 944 Regis,

182 975 295 1005 Roberti
310 977 342 1006 de
355 976 507 1016 Burghqlbe
520 979 638 1018 Militis,

183 1016 228 1044 W
227 1013 329 1044 illielmi
342 1016 374 1044 de
390 1016 545 1046 Hamelton.

181 1052 327 1082 Malculmi
338 1054 370 1082 de
379 1054 504 1092 Harlegh
512 1078 521 1092 ,

180 1091 294 1132 Radulfi
306 1092 337 1121 de
349 1093 485 1134 Stanford
495 1093 634 1132 capellani
645 1096 722 1132 Regis
730 1117 740 1134 ,
758 1095 796 1130 ᾤ’

183 1130 314 1170 Magistri
328 1134 406 1162 Petri
419 1137 557 1172 Aymerici
572 1132 664 1163 clerici.

242 1259 293 1291 De
311 1258 469 1292 Edwardo
485 1260 562 1293 Filio
584 1262 669 1305 Regis
691 1261 918 1294 Locumtenente
933 1264 965 1294 in
983 1261 1108 1309 Anglia.

3 1341 131 1374 Ann.D.
150 1341 248 1403 ET,
265 1346 320 1373 Dei
343 1347 463 1382 Martis,
480 1347 549 1373 circa
570 1343 636 1372 Solis
654 1342 784 1382 oscafirm,
804 1344 929 1382 proxim&
940 1343 1083 1385 fiqueme,
1108 1345 1207 1375 »videli-

23 1390 109 1420 1297.
229 1387 283 1419 cet,
303 1390 349 1417 27.
367 1385 423 1411 Die
434 1380 568 1421 Augusti,
581 1380 638 1421 post
650 1381 903 1421 transfretationem
916 1384 980 1425 ᾅίῐῖέ
995 1387 1071 1421 Regis
1081 1387 1110 1412 in
1122 1383 1208 1413 Flan-

3 1425 57 1449 An.
73 1430 118 1456 25.
152 1420 259 1457 driam,
276 1420 452 1459 Edwurdus,
470 1420 545 1461 ipsius
558 1423 635 1456 Regis
649 1419 739 1458 filius,
761 1420 842 1449 locum
864 1421 975 1460 ejusdem
995 1425 1072 1459 Regis
1094 1425 1121 1450 in
1143 1427 1209 1452 An-

1 1463 33 1489 Ε,
56 1469 79 1486 1.
149 1457 207 1495 glia
226 1465 335 1497 tenens,
360 1461 389 1488 in
410 1459 502 1499 Castro
524 1459 555 1488 de
577 1457 772 1498 Tannebrigge,
796 1462 825 1489 in
845 1463 959 1490 Camera
973 1460 1030 1499 fita
1048 1460 1160 1500 ibidem,
1179 1464 1209 1491 in

4 1499 109 1528 Ibidem.
144 1495 284 1535 prqftntia*

189 1575 366 1603 Dominarum
378 1572 520 1612 Reginaldi
533 1573 564 1603 de
577 1575 646 1612 Grqy
653 1596 665 1613 ,

189 1610 283 1641 Alani
296 1611 444 1653 Plukenet,

189 1651 318 1681 Guidonis
332 1654 413 1681 Ferre
422 1674 432 1690 ,
447 1648 486 1685 (9-

189 1688 331 1718 Guncelini
343 1690 375 1718 de
387 1689 557 1728 Badlesmere
572 1687 698 1718 Militum
706 1699 715 1717 .·
734 1698 767 1718 ac

188 1730 301 1757 Domini
315 1730 358 1758 W
355 1727 458 1758 illielmi
470 1728 502 1757 de
515 1726 659 1757 Hamilton
674 1726 778 1757 Clerici.

188 1803 333 1836 Liberavit
344 1804 462 1842 praefato
478 1804 614 1835 Domino
625 1803 752 1841 Johanni
767 1803 803 1834 de
815 1802 980 1843 Langeron,
998 1803 1129 1843 praedic‘ti
1152 1803 1213 1835 Re-

152 1842 194 1881 gis
215 1841 412 1882 Cancellario,
430 1842 553 1880 sigillum
573 1841 666 1879 Regis
687 1852 762 1880 quo,
777 1843 847 1872 dum
864 1843 928 1873 Rex
945 1852 1001 1874 erat
1013 1846 1041 1873 in
1056 1843 1214 1882 vasconia,

153 1881 194 1910 uti
209 1881 239 1910 in
255 1881 360 1920 Anglia
373 1882 536 1912 consuevit:
557 1881 605 1918 qui
621 1879 892 1919 quidemJohannes
909 1882 1027 1920 sigillum
1041 1882 1108 1911 illud
1123 1883 1139 1911 a
1153 1892 1214 1912 ma-

152 1919 236 1987 nibuss
258 1918 329 1964 dieti
346 1919 480 1952 Edwardi
499 1919 596 1950 statim
616 1920 723 1957 recepit
736 1941 747 1958 ,
779 1920 813 1951 ὃς
835 1921 866 1950 in
887 1920 1011 1951 crastino
1033 1920 1099 1951 inde
1117 1922 1213 1952 brevia

151 1966 212 1988 con
224 1965 338 1997 ignavit.

188 2105 285 2150 [Bulla
307 2106 455 2152 Bonifacii
476 2110 559 2153 Papae
569 2105 661 2153 fhper
678 2110 755 2140 Pace
776 2109 854 2139 inter
870 2110 960 2154 Reges
974 2106 1180 2153 refhrmanda.

13 2209 141 2244 Anti-D.
158 2188 359 2251 BOnifacius
372 2191 528 2232 Episcopus
528 2192 653 2261 f<servus
665 2191 809 2222 servorum
822 2190 897 2229 Dei,
915 2192 1056 2223 carissimo
1078 2193 1108 2222 in
1130 2192 1217 2222 Chri-

229 2239 260 2260 to
279 2230 355 2268 filio,
374 2230 508 2262 Edvardo
560 2231 604 2270 egi
627 2230 743 2268 Angliae
758 2229 874 2268 illustri,
891 2230 1007 2262 salutem
1021 2233 1055 2263 &
1070 2231 1219 2269 Apostoli⁴

34 2258 119 2290 ¹²97·
159 2276 224 2298 carn
241 2269 482 2299 benedictionem.

12 2294 66 2319 An.
82 2299 126 2325 ²5·
195 2305 304 2344 Nosti,
329 2307 366 2337 fili
387 2307 541 2345 cariffime,
567 2306 665 2345 quod,
684 2306 835 2345 postquam
856 2306 890 2336 ad
910 2307 1084 2345 apostolatus
1106 2309 1218 2346 apicem

13 2333 44 2356 E.
68 2337 92 2354 ¹·
158 2353 211 2373 nos
235 2347 321 2381 gratia
341 2345 436 2376 divina
455 2346 589 2384 vocavit,
613 2345 814 2385 benignitatem
835 2345 903 2376 sedis
924 2347 1100 2384 Apostolicae
1124 2347 1218 2385 prose-

13 2371 55 2395 ⁵³⁶
69 2369 128 2393 ΑΨ
159 2391 274 2421 quentes
286 2384 380 2423 (quae,
394 2385 496 2422 pietate
508 2384 605 2422 plena,
623 2385 735 2414 caritate
749 2394 809 2414 non
825 2394 933 2422 vacua,
951 2387 980 2415 in
996 2385 1120 2416 filiorum
1140 2387 1217 2416 laeta-

12 2412 134 2480 ‘4⁰{1'792
160 2429 205 2451 tur
226 2422 246 2441 *
268 2422 421 2461 prosperis,
439 2422 614 2461 perturbatur
632 2422 762 2458 adversis)
788 2422 916 2452 laborum
932 2425 1092 2460 ingentium
1105 2425 1220 2461 pertuli-

158 2469 222 2490 mus
243 2460 393 2499 sarcinam,
411 2462 445 2491 &
464 2461 606 2491 continuis
626 2460 700 2498 quasi
723 2460 839 2499 vigiliis,
859 2460 954 2490 studiis
973 2462 1007 2492 δε
1029 2462 1220 2492 sollicitudini—

160 2498 228 2566 tsms,
246 2508 345 2567 opemd
351 2500 511 2530 curavimus
525 2499 558 2530 &2
571 2507 687 2536 operam
700 2497 969 2537 adhibere,divers1s
984 2499 1018 2530 ad
1032 2499 1062 2529 id
1076 2501 1126 2531 viis
1141 2510 1219 2539 quae-

174 2537 216 2566 itis
228 2537 261 2567 &
276 2547 326 2567 mo
349 2538 370 2567 is

199 2574 263 2612 Ut,
275 2561 416 2606 discordiis
429 2577 463 2608 ὃς
477 2575 607 2606 scandalis
621 2575 767 2617 amputatis
783 2575 861 2613 (quae
876 2576 949 2606 inter
961 2583 990 2606 te
1003 2577 1037 2608 ὃς
1046 2576 1220 2607 cariffimum

162 2613 193 2643 in
213 2612 332 2644 Christo
352 2613 442 2645 filiurn
465 2614 594 2644 nostrum
616 2614 652 2644 A.
672 2615 877 2645 Romanorum
898 2615 1012 2652 Regem
1031 2614 1165 2646 illustrem
1186 2625 1220 2646 ex

184 2660 241 2682 arte
255 2652 328 2691 uns,
342 2663 375 2683 ac
391 2652 562 2684 carissimum
576 2653 606 2682 in
621 2652 738 2682 Christo
750 2651 839 2682 filium
853 2653 984 2683 nostrum
998 2652 1030 2682 P.
1045 2653 1221 2685 Francorum

161 2661 277 2728 {egem
289 2691 425 2722 illustrem
438 2701 472 2721 ex
487 2691 571 2722 altera
584 2692 714 2722 inimicus
735 2691 852 2721 humani
875 2693 983 2729 generis
1003 2691 1153 2730 suscitavit)
1180 2703 1223 2723 re-

161 2728 297 2760 formatio
312 2731 387 2768 pacis
401 2731 435 2761 &
450 2729 616 2761 concordiae
630 2730 698 2760 hinc
713 2730 746 2760 &
759 2729 841 2768 inde,
855 2740 924 2760 cum
937 2730 1039 2760 auxilio
1053 2730 1158 2762 divinae
1171 2742 1224 2770 po-

164 2769 279 2806 tentiae,
297 2770 476 2806 proveniret:
496 2769 530 2799 ὃς
551 2778 601 2806 per
620 2778 706 2806 quam
725 2768 797 2807 tibi,
814 2769 848 2799 ὃς
862 2768 926 2806 ipsis
941 2768 1090 2807 Regibus,
1108 2780 1142 2801 ac
1155 2779 1223 2810 tuo,

164 2806 199 2836 &
221 2817 324 2837 eorum
344 2807 452 2847 Regnis
494 2808 652 2837 animarum
671 2806 755 2844 salus,
780 2807 858 2845 quies
875 2816 1048 2847 corporum,
1073 2808 1107 2838 ὅτ
1129 2809 1225 2840 bono-

163 2854 231 2875 rum
246 2845 402 2876 commoda
415 2829 611 2884 redderentur,
628 2855 661 2876 ac
676 2845 797 2876 aliorum
811 2845 917 2876 Christi
933 2846 1059 2876 fidelium
1073 2846 1157 2878 status
1179 2849 1224 2887 (&

162 2885 306 2922 praecipue
328 2893 409 2915 terrae
426 2884 540 2921 sandiae)
564 2893 596 2914 ex
618 2883 779 2922 hujusmodi
798 2885 922 2915 turbatus
942 2884 1093 2924 scandalis,
1119 2895 1224 2924 optatae

163 2923 365 2961 tranquillitatis
377 2922 527 2960 dulcedine
541 2923 688 2953 laetaretur.

202 2960 257 2998 Et,
273 2969 304 2991 ut
322 2961 385 2992 haec
407 2961 520 2999 possent
537 2961 668 2992 salubrius
690 2961 723 2992 &
742 2959 888 2992 efficacius
904 2962 1067 3001 provinere,
1085 2962 1145 2993 duo
1166 2963 1224 2995 Ec-

162 2997 254 3029 clesiae
269 3000 399 3029 membra
419 2999 557 3038 Nobilia,
574 2999 724 3038 videlicet,
741 3000 828 3030 bonae
846 3001 1012 3039 memoriae,
1030 3000 1061 3030 Β.
1081 3000 1225 3032 Albanen-

163 3037 239 3106 Ἐπὶ,
259 3038 293 3068 &
305 3038 334 3069 S.
355 3037 572 3077 Penestrinum,
589 3038 762 3077 Episcop05,
776 3038 905 3069 duximus
918 3038 1071 3077 specialiter
1083 3039 1226 3072 destinan-

188 3085 229 3105 os.

204 3114 284 3153 Qii,
302 3114 462 3152 hujusmodi
482 3114 678 3153 prosequendo
695 3117 862 3154 negotium,
881 3123 924 3146 tot
944 3117 1094 3147 anxietates
1113 3118 1226 3149 animo-

166 3162 232 3183 rum
254 3154 287 3184 &
306 3152 413 3183 labores
433 3162 589 3190 corporum
611 3153 769 3192 subierunt,
785 3154 864 3193 quod
877 3155 960 3192 alter,
979 3156 1007 3184 in
1022 3155 1069 3186 via
1080 3156 1225 3187 redeundo

165 3190 201 3221 ad
221 3201 289 3230 nos,
313 3191 397 3229 alter,
421 3191 572 3232 postquam
594 3191 629 3221 ad
649 3192 774 3223 nostram
795 3195 922 3231 pervenit
941 3193 1131 3232 praesentiam,
1155 3195 1226 3226 infra

167 3239 274 3268 paucos
289 3230 363 3268 dies,
381 3239 486 3261 naturae
499 3230 629 3260 debitum
643 3230 844 3268 persolverunt.

205 3267 318 3298 Eorum
331 3277 426 3299 tamen
439 3269 584 3307 prudentia
593 3269 817 3309 circumspecta,
834 3269 910 3309 quasi
924 3270 1036 3308 praescia
1049 3269 1210 3302 futurorum
1219 3295 1229 3311 ,

167 3315 319 3344 antequam
334 3307 418 3347 Alpes
431 3307 464 3337 ad
477 3317 529 3337 nos
542 3308 710 3338 revertendo
723 3309 885 3346 transirent,
903 3309 1066 3348 processuS,
1082 3311 1229 3350 metatus,

169 3345 309 3382 proposita
329 3346 363 3376 &
384 3345 531 3383 responsa,
547 3355 628 3384 quae,
648 3346 834 3377 mediantibus
854 3347 934 3388 ipsis,
952 3349 1023 3378 inter
1046 3356 1074 3378 te
1086 3358 1119 3379 ac
1134 3349 1229 3388 Reges

171 3382 285 3413 eosdem
299 3384 523 3422 intervenerunt,
540 3383 657 3415 fideliter
670 3384 757 3423 redigi
772 3384 900 3416 fecerunt
915 3387 944 3416 iri
959 3386 1080 3424 scriptis,
1100 3388 1133 3418 ὃς
1158 3388 1230 3427 sigil-

169 3421 203 3451 lis
225 3423 342 3458 propriis
363 3423 537 3461 consignari,
557 3431 587 3453 ut
609 3423 736 3453 revocari
756 3432 816 3453 non
837 3423 949 3462 possent
967 3426 997 3454 in
1010 3425 1144 3464 dubium,
1163 3437 1228 3465 quae

171 3459 247 3490 faeta
261 3460 370 3490 fuerant
386 3460 543 3490 ministerio
557 3461 736 3491 eorumdem.

211 3498 326 3537 Qibus
340 3508 389 3536 per
402 3497 600 3529 Penestrinum
614 3499 782 3535 praedictum
791 3521 801 3537 ,
818 3500 847 3529 in
863 3499 913 3530 illis
926 3502 1021 3539 paucis
1035 3501 1149 3540 diebus,
1169 3503 1232 3541 qui—

172 3536 225 3566 bus
250 3546 363 3567 morans
380 3538 408 3566 in
430 3535 520 3567 Curi&
541 3537 706 3576 supervixit,
724 3537 758 3567 ad
781 3539 911 3568 notitiam
933 3540 1058 3570 nostram
1082 3540 1230 3580 deductis,

171 3575 371 3613 perpendimus
381 3574 470 3614 ipsos,
487 3584 557 3605 curn
572 3575 662 3607 multa
673 3575 798 3614 cautela,
812 3575 954 3616 diligentia
973 3579 1007 3610 &
1029 3578 1232 3619 sollicitudine,

172 3615 202 3644 in
218 3613 277 3651 ipso
292 3615 410 3653 negotio
424 3613 593 3652 proceffisse.

211 3652 257 3682 Ex
270 3654 372 3691 quibus
384 3651 468 3690 plena
480 3652 684 3682 informatione
696 3651 841 3691 percepta,
849 3652 886 3684 de
899 3655 1004 3694 negotii
1017 3655 1145 3694 qualitate
1160 3666 1233 3687 con-

173 3690 320 3721 fiderantes
341 3689 434 3729 quod,
454 3691 518 3728 quia
537 3698 567 3722 tu
588 3690 622 3721 &
643 3690 712 3721 dicti
734 3690 827 3730 Reges
842 3692 995 3729 plurimum
1008 3693 1111 3724 distatis
1126 3694 1234 3726 adinvi-

172 3739 257 3768 cem,
282 3730 316 3761 &
335 3730 409 3761 varia
430 3738 638 3767 nonnunquam
657 3729 860 3766 impedimenta
879 3730 1069 3770 succrescunt,
1095 3734 1132 3763 ita
1152 3734 1232 3772 quod

174 3766 334 3800 desideratae
348 3769 421 3807 pacis
435 3768 532 3799 votiva
544 3767 720 3798 consumatio
735 3767 920 3808 praepeditur,
937 3770 983 3802 vel
995 3770 1093 3802 debito
1105 3771 1166 3811 plus
1178 3772 1232 3803 dif-
1277 3779 1280 3781 '

174 3805 264 3837 fertur
269 3832 278 3845 ,

213 3843 394 3876 Providimus
407 3845 535 3883 expedire
547 3845 655 3877 votivae
668 3844 878 3876 consumationi
897 3847 1020 3885 negotii,
1039 3847 1120 3885 quod
1142 3848 1233 3886 ipsum

175 3881 212 3911 ad
224 3882 352 3915 nostram
367 3884 540 3922 praesentiatn
559 3883 728 3921 deducatur,
745 3883 925 3914 tractandum
940 3886 1013 3915 inter
1033 3885 1234 3918 Procuratores

173 3921 313 3961 partium,
331 3924 364 3953 &
376 3923 510 3961 feliciter,
527 3924 623 3953 ac‘tore
638 3922 789 3961 Domino,
808 3922 1026 3953 terminandum.

215 3959 397 3999 Quapropter
431 3963 601 3993 continuatis
624 3960 788 3999 affectibus,
806 3962 840 3991 &
860 3959 982 3992 sollicitis
996 3961 1090 3993 studiis
1103 3963 1234 3996 observa-

175 3996 227 4035 tis,
245 4007 280 4027 ex
295 3999 343 4036 pia
356 3985 461 4031 nostrie
474 4001 577 4031 mentis
590 3998 763 4036 affeffione,
781 3998 837 4037 qua
850 3998 980 4030 ducimur
1000 4001 1076 4031 circa
1094 4009 1177 4032 tuum
1198 4003 1233 4034 δε

174 4035 346 4067 eorumdem
368 4038 486 4076 Regum
504 4039 625 4076 statum,
647 4047 734 4076 quem
753 4038 826 4069 votis
845 4046 975 4075 optamus
995 4038 1154 4070 ardentibus
1174 4039 1234 4070 fieri

175 4073 344 4113 pacificum,
362 4078 525 4115 prosperum
540 4078 574 4108 ὃς
589 4076 768 4115 tranquillum
777 4099 787 4115 ,
802 4084 882 4106 tanto
894 4077 1082 4115 propensioris
1106 4079 1235 4109 conside-

175 4113 290 4142 rationis
303 4114 483 4145 exrendentes
494 4116 628 4159 intuitum
639 4138 648 4154 ,
666 4122 772 4153 quanto
787 4115 954 4153 peramplius
967 4114 995 4145 id
1010 4117 1120 4154 exigere
1143 4117 1235 4147 nosci-

174 4156 219 4193 tur
247 4153 369 4192 urgentis
388 4152 553 4186 necessitatis
574 4154 704 4185 articulus
717 4178 727 4191 ,
751 4153 785 4187 &
807 4154 944 4193 temporis
967 4154 1081 4192 qualitas
1103 4155 1235 4194 ingrueri-

176 4196 228 4226 ΠΒ,

1239 266 1715 317 PUBLICA.
2214 281 2292 333 189-

1271 352 1456 386 Serenitatem
1477 357 1598 402 Regiam
1623 371 1757 398 rogamus
1779 363 1812 395 &
1835 363 1981 396 hortamur
2009 367 2135 405 attente,
2164 369 2290 405 quatinus
2305 360 2432 396 Anfi=De

1240 399 1367 422 mentem
1383 402 1459 424 tuam
1473 406 1579 442 erigens
1594 408 1751 431 reverenter
1763 402 1796 431 ad
1812 401 1994 442 Dominum,
2012 406 2046 435 ὃς
2060 405 2141 442 plene
2162 407 2289 437 conside-
2323 413 2408 443 1297,

1237 439 1298 473 rans
1314 440 1483 479 quantana(
1497 444 1544 478 tua
1558 437 1591 467 ὃς
1606 439 1771 469 eorumdem
1788 440 1901 480 Regum
1917 441 2099 481 dissensione,
2116 443 2221 474 nedum
2236 446 2289 475 tibi
2308 445 2374 471 Eu'v·
2392 453 2416 472 1·

1237 468 1271 498 &c
1285 471 1362 507 iplis,
1380 481 1482 502 verum
1497 482 1580 504 ctiam
1595 477 1726 506 universis
1740 478 1799 508 fere
1815 479 1979 511 christicolis
1989 504 1998 518 ,
2016 482 2047 511 ὃ(
2064 483 2205 520 praecipue
2213 483 2288 513 Ter-

1236 515 1275 536 rae
1290 507 1410 552 sancire,
1429 511 1619 555 turbationes,
1636 514 1835 553 impedimenta
1847 519 1880 548 ἃς
1896 518 2019 548 scandula
2031 529 2236 559 provenerunt,
2253 522 2288 552 ὅ(

1237 545 1332 588 quod,
1352 549 1400 589 nisi
1416 549 1494 593 super
1507 550 1556 580 lius
1569 552 1659 581 celere
1679 562 1712 583 ac
1735 553 1839 585 salubre
1858 557 2016 587 remedium
2036 568 2208 598 apponatur,
2226 569 2291 598 gra<

1234 593 1314 613 vrora
1327 585 1443 622 possunt
1457 596 1541 617 etiam
1555 589 1714 628 formidari,

1271 621 1406 666 Solennes
1422 625 1455 655 ὃς
1469 626 1596 665 ydoneos
1610 628 1743 659 Nuncios
1757 638 1838 669 tUOS,
1856 641 1992 662 amatores
2007 635 2099 671 pacis,
2117 645 2185 665 cum
2203 636 2288 673 pleno

1234 659 1268 689 δε
1282 659 1429 693 sufficienti
1444 664 1593 703 mandato,
1609 666 1758 698 voluntatis
1775 677 1831 699 tuae
1850 670 1994 709 conscios,
2009 682 2042 701 ac
2065 672 2223 712 diligentius
2245 676 2290 704 in-

1234 698 1389 737 formatos,
1406 700 1439 730 ad
1454 703 1626 739 praesentiam
1639 704 1781 744 nostram,
1800 706 1937 738 dilationis
1951 709 1983 739 ὃς
2004 709 2174 742 difficultatis
2194 712 2290 744 obsta-·

1234 736 1301 766 culo
1316 737 1438 780 sublato,
1458 741 1639 779 transmittas,

1257 774 1402 818 'QuLex
1421 787 1496 821 parte
1517 779 1579 817 tui,
1600 781 1712 817 plenam
1735 782 1856 814 habeant
1878 783 2046 821 potestatem
2065 785 2143 823 super
2157 788 2290 819 omnibus

1235 811 1394 857 discordiis,
1418 816 1528 855 litibus,
1555 820 1770 858 controversiis,
1797 821 1896 860 causis,
1922 822 2138 862 quaestionibus,
2164 826 2292 865 dampnis

1235 851 1269 881 &
1284 860 1406 896 injurus,
1417 855 1532 885 realibus
1548 858 1581 887 &
1597 858 1802 897 personalibus,
1821 870 1883 897 quae
1896 860 2026 899 fuerunt,
2041 862 2075 892 &
2087 861 2165 900 sunt,
2184 864 2228 892 vel
2251 875 2293 894 es-

1236 888 1263 918 se
1275 889 1386 928 possent·
1399 902 1469 923 inter
1484 902 1513 924 te
1526 904 1558 925 ac
1574 894 1683 926 dietum
1696 895 1809 936 Regem
1826 899 1966 937 Franciae‚
1983 900 2134 930 occasione
2155 911 2292 939 quacum⁴

1238 937 1312 965 que)

1262 965 1446 1009 ‘Tractandss
1471 971 1683 1009 componendi,
1708 973 1880 1011 paciscendi,
1907 975 2088 1015 transigendi,
2117 980 2292 1008 conveniens

1239 1003 1284 1040 di,
1304 1008 1574 1051 compromittendi,
1593 1011 1626 1039 ὃς
1647 1010 1825 1041 submittendi
1846 1013 1874 1041 in
1896 1023 1997 1052 quern,
2016 1014 2061 1044 seu
2082 1025 2169 1054 quos,
2193 1016 2226 1046 δε
2242 1016 2292 1046 sub

1240 1041 1350 1081 forma,
1374 1044 1419 1075 seu
1442 1046 1549 1083 modo,
1576 1047 1612 1076 de
1630 1049 1729 1085 quibus
1750 1049 1869 1080 viderint
1891 1052 2035 1089 expedire,
2055 1063 2087 1083 ac
2109 1053 2238 1084 firmandi
2259 1055 2292 1084 &

1240 1081 1411 1124 roborandi,
1429 1084 1462 1113 ὃς
1482 1085 1579 1114 omnia
1598 1085 1631 1115 ὃῑ
1652 1086 1755 1125 singula
1769 1087 1909 1125 faciendi,
1928 1099 1991 1125 quae
2011 1090 2070 1120 sunt
2085 1093 2157 1128 pacis
2170 1093 2203 1123 &
2221 1102 2294 1123 con*

1239 1118 1363 1157 cordiae,
1381 1130 1413 1150 ac
1426 1121 1460 1151 ad
1472 1121 1585 1158 plenam
1600 1133 1699 1160 pacem
1713 1126 1746 1156 ὃς
1760 1126 1945 1156 concordiam
1960 1127 2067 1158 valeant
2078 1131 2225 1167 pertinere.

1276 1157 1426 1195 speramus
1444 1161 1520 1189 enim
1543 1162 1571 1191 in
1594 1161 1726 1193 Domino
1749 1164 1843 1202 quod,
1867 1164 1948 1201 ipsius
1968 1166 2050 1195 nobis
2070 1167 2207 1198 ailistente
2229 1167 2297 1198 Cle-

1241 1196 1347 1227 mentia
1362 1221 1372 1235 ,
1396 1198 1592 1235 providebitur
1614 1200 1652 1230 sic
1672 1201 1811 1233 salubriter
1828 1203 1907 1240 super
1931 1203 1981 1233 hiis
1999 1226 2009 1240 ,
2035 1204 2111 1240 quod
2133 1206 2167 1235 ad
2186 1206 2298 1237 laudem

1242 1233 1315 1272 Dei,
1333 1235 1367 1265 &
1389 1244 1461 1274 tuce,
1480 1247 1512 1267 ac
1533 1238 1701 1269 eorumdem
1724 1239 1859 1279 Regum,
1875 1240 1963 1271 salutis
1984 1243 2018 1272 &
2031 1242 2212 1279 prosperitatis
2231 1254 2298 1283 aug-

1245 1281 1373 1304 mentum
1389 1297 1399 1312 ,
1425 1275 1568 1307 honorem
1584 1299 1594 1314 ,
1616 1277 1650 1308 &
1670 1278 1866 1309 exaltationem
1887 1278 1998 1309 Sanctae
2022 1279 2123 1310 Mati-is
2144 1281 2277 1312 Eccleliae
2290 1305 2300 1320 ‚

1242 1311 1405 1381 prosperum
1421 1312 1522 1345 statum
1538 1315 1657 1354 mundi,
1674 1317 1708 1347 ὃς
1723 1319 1864 1356 praecipue
1876 1317 1977 1347 Terrae
1992 1317 2113 1357 sanifiae,
2131 1321 2234 1358 poterit
2258 1329 2301 1350 re-

1264 1360 1301 1380 un
1322 1360 1376 1381 are.

1281 1388 1319 1419 Et
1334 1388 1417 1420 ecce!
1437 1389 1555 1422 dileetos
1570 1390 1650 1428 filios,
1746 1392 1918 1432 Magistrum
1930 1393 2172 1434 Praedicatorum,
2190 1396 2225 1427 «Sc

1245 1424 1417 1458 Generalem
1434 1428 1600 1460 Ministrum
1617 1429 1771 1461 Minorum
1785 1433 1915 1462 Fratrum
1940 1434 2091 1471 ordinum,
2109 1435 2185 1464 viros
2205 1436 2301 1472 utique

1246 1475 1356 1504 magnae
1370 1466 1542 1498 discretionis
1555 1469 1589 1499 &
1603 1469 1787 1506 providentiae
1802 1471 2013 1507 circumspecte
2022 1494 2030 1510 ,
2049 1473 2082 1502 ad
2097 1481 2141 1510 te,
2159 1482 2191 1502 ac
2204 1473 2234 1503 R
2254 1482 2300 1502 ves

1246 1505 1360 1535 eosdem
1377 1505 1489 1543 (quibus
1503 1507 1530 1535 in
1544 1506 1623 1537 simili
1644 1507 1736 1538 forma
1755 1509 1913 1546 scribimus)
1932 1510 2062 1540 duximus
2083 1519 2227 1549 propterea
2273 1521 2302 1541 e-

1247 1542 1408 1581 stinandos3
1436 1545 1483 1581 qui
1503 1553 1629 1575 mentem
1650 1546 1773 1576 nostram
1793 1547 1873 1585 super
1891 1548 1942 1577 hiis
1955 1572 1965 1585 ,
1996 1557 2080 1585 prout
2098 1550 2135 1578 eis
2158 1550 2302 1579 commisi-

1247 1591 1327 1650 ῐηιέε,
1345 1581 1395 1612 tibi
1407 1582 1440 1613 ὃς
1455 1581 1535 1613 dietis
1550 1583 1690 1623 Regibus,
1709 1585 1728 1604 ²*
1744 1586 1818 1617 vivae
1833 1587 1914 1617 vocis
1935 1587 2063 1625 oraculo,
2082 1587 2190 1625 plenius
2211 1588 2299 1626 expli-
2317 1589 2454 1627 *IL-793.

1248 1630 1281 1651 ca
1303 1628 1360 1651 unt.

1288 1696 1357 1727 Dat.
1375 1696 1449 1735 apud
1468 1693 1586 1728 Urbem
1604 1697 1737 1730 Veterem
1759 1700 1866 1732 orstavo
1880 1699 2001 1732 Kalend.
2020 1701 2211 1741 Septembris,
2229 1702 2309 1734 Pon-

1250 1734 1370 1767 tificatus
1384 1734 1473 1766 nostri
1487 1746 1563 1767 anno
1575 1739 1667 1769 tertio.

1930 1815 1983 1846 Sub
1992 1814 2046 1856 filo
2057 1817 2182 1848 canabeo.

1252 1939 1301 1970 De
1318 1935 1448 1980 custodia
1462 1948 1544 1971 terrae
1567 1936 1724 1972 Galwediae
1746 1940 1895 1986 commifflt
1909 1939 2054 1987 Johanm'
2077 1941 2114 1975 de
2135 1942 2235 1977 Hodle
2259 1956 2304 1978 on.

1308 2021 1383 2059 EX,
1401 2021 1560 2062 Episcopis,
1580 2023 1752 2062 Abbatibus,
1770 2023 1932 2064 Prioribus,
1944 2026 2125 2065 Comitibus,
2142 2027 2309 2068 Batonibus,
2332 2033 2459 2067 ΑῃῃᾸ),

1328 2061 1483 2099 Militibus,
1503 2061 1730 2093 Vicecomitibus
1766 2064 1799 2093 &
1812 2065 1948 2095 omnibus
1963 2066 2020 2096 aliis
2033 2065 2158 2105 Ballivis,
2176 2068 2209 2098 &
2225 2067 2311 2098 fideli·
2350 2083 2436 2114 1297,

1254 2098 1306 2128 bus
1321 2099 1389 2137 suis,
1408 2109 1457 2137 per
1470 2108 1561 2130 totam
1574 2110 1676 2131 tei-ram
1688 2087 1813 2131 noiiram
1829 2102 1985 2135 Galwediae
2001 2105 2035 2136 &
2058 2104 2238 2137 Comitarum
2259 2115 2313 2136 no-
2329 2118 2380 2142 An.
2398 2124 2444 2150 ²5⁶

1254 2136 1344 2168 strum
1358 2137 1394 2168 de
1410 2138 1468 2168 Are
1481 2138 1654 2177 constitutis,
1671 2140 1796 2170 salutem.
2328 2158 2357 2180 E.
2382 2162 2405 2180 ι,

1293 2175 1389 2206 Sciatis
1404 2176 1481 2213 quod
1492 2177 1687 2208 constituimus
1702 2175 1839 2208 dileffimm
1855 2179 1888 2209 δε
1909 2179 2020 2211 fidelem
2043 2181 2191 2219 nostrum,
2205 2181 2310 2220 Johan-
2329 2195 2382 2218 Rot.
2395 2194 2462 2219 scoti

1255 2223 1324 2243 nem
1345 2214 1381 2244 de
1404 2214 1566 2246 l-lodlcston
1579 2240 1588 2253 ,
1617 2215 1778 2246 Custodem
1799 2216 1967 2248 Castrorum
1986 2218 2151 2249 nostrorum
2171 2221 2209 2250 de
2230 2221 2309 2259 Are,
2331 2238 2373 2263 ²5⁷
2389 2233 2418 2255 E.
2439 2237 2464 2256 ι,

1255 2252 1433 2291 Wiggeton,
1450 2252 1642 2300 Cruggelton,
1659 2255 1692 2285 &
1708 2254 1805 2292 Botel,
1823 2265 1855 2286 ac
1866 2258 1952 2287 totius
1967 2265 2048 2287 terrae
2064 2258 2226 2296 przcdidtae,
2243 2269 2311 2290 nec-
2331 2277 2367 2295 m,
2389 2276 2413 2295 ι,

1256 2300 1317 2320 non
1330 2292 1363 2322 &
1379 2290 1543 2322 Comitatus
1555 2292 1701 2330 praedidti,
1717 2293 1852 2331 quamdiu
1866 2295 1948 2324 nobis
1963 2295 2095 2333 placuerit
2108 2306 2114 2326 :

1293 2328 1334 2359 Ita
1350 2329 1428 2367 quod
1443 2329 1649 2369 Vicecomites,
1667 2332 1697 2361 in
1712 2341 1836 2370 quorum
1854 2332 1962 2363 Ballivis
1983 2333 2082 2365 Castra
2104 2334 2237 2372 praedi&a
2256 2337 2314 2365 exi-

1256 2366 1350 2406 stunt,
1368 2367 1403 2398 de
1419 2369 1536 2398 exitibus
1551 2368 1716 2399 Castrorum
1730 2370 1915 2409 eorumdem,
1930 2372 1964 2402 ὃ(
1978 2372 2236 2403 Vicecomitatuum
2251 2374 2314 2404 suc<

1255 2415 1321 2436 rum
1338 2415 1506 2444 onerentur,
1525 2407 1558 2438 ἃ
1574 2407 1639 2437 inde
1652 2408 1734 2437 nobis
1748 2408 1930 2446 respondeant
1944 2409 1978 2440 ad
1992 2410 2162 2442 scaccarium
2182 2410 2313 2442 nostrum

1257 2444 1332 2481 apud
1344 2443 1536 2483 Berewycum.

1295 2481 1332 2512 Et
1345 2482 1411 2512 ideo
1426 2484 1507 2514 vobis
1522 2483 1686 2513 mandamus
1700 2483 1778 2523 quod
1791 2483 1884 2514 eidem
1894 2484 2015 2523 Johanni
2050 2494 2184 2525 tanquam
2206 2486 2314 2518 Custo-

1256 2519 1285 2550 di
1299 2520 1398 2550 nostro
1413 2521 1616 2557 praedictorum
1631 2521 1812 2560 Castrorum,
1830 2523 1946 2561 Terrae,
1965 2524 1998 2554 ὅτ.
2043 2524 2191 2563 omitatsis,
2205 2527 2234 2555 in
2247 2536 2314 2557 orn-

1257 2559 1357 2596 nibus,
1376 2569 1439 2596 quae
1452 2559 1486 2588 ad
1502 2559 1660 2590 custodiam
1675 2560 1748 2590 illam
1773 2563 1927 2599 pertinent,
1953 2563 2126 2594 intendentes
2148 2564 2199 2594 sitis
2219 2565 2252 2595 δε
2274 2575 2319 2596 re-

1258 2596 1440 2635 spondentes,
1459 2597 1527 2627 sicut
1543 2598 1710 2635 praedicium
1721 2597 1770 2628 est.

1297 2634 1332 2665 In
1348 2637 1444 2674 cujus,
1464 2636 1525 2666 &c.

1298 2711 1388 2742 Teste
1398 2710 1539 2744 Edwardo
1554 2711 1613 2744 filio
1626 2713 1715 2752 Regis
1728 2713 1799 2754 apud
1814 2714 1974 2755 Tunbrigg.
1990 2715 2037 2747 28.
2056 2715 2102 2747 die
2116 2715 2243 2756 Augusti.

1333 2838 1382 2869 De
1393 2834 1531 2882 potestate
1546 2835 1741 2882 praestntandi
1755 2835 1799 2869 ad
1814 2837 1956 2883 Ecclefias
1970 2841 2002 2869 in
2022 2840 2119 2884 Regno
2139 2841 2248 2873 Scotiae.

1261 2918 1374 2979 REX
1386 2920 1537 2960 omnibu5‚
1553 2920 1589 2951 ad
1604 2930 1692 2960 quos,
1710 2922 1771 2953 &c.
1793 2921 1915 2953 salutem.
2341 2919 2417 2951 Ann.
2427 2916 2468 2951 Di

1353 2960 1452 2990 Sciatis
1466 2960 1560 2997 quod,
1577 2959 1613 2989 de
1627 2960 1882 2998 circumsperftione
1897 2961 1930 2991 &
1945 2958 2076 2991 industria
2090 2960 2184 2992 dilecti
2200 2963 2234 2993 &¹
2251 2960 2321 2993 fide·
2341 2964 2448 2998 5-1297·

1261 2997 1293 3028 lis
1307 2997 1410 3036 nostri,
1430 2997 1520 3027 Briani
1533 2996 1580 3027 filii
1594 2997 1693 3037 Alani,
1711 2998 1846 3029 Custodis
1860 2998 1949 3029 nostri
1963 2999 2057 3039 Regni
2076 3000 2109 3030 ὅ(
2128 3000 2230 3031 Terrae
2247 3000 2320 3032 Sco·
2339 3002 2390 3026 An.
2408 3007 2454 3033 25·

1262 3037 1326 3074 tiae,
1342 3036 1448 3074 plenius
1465 3035 1654 3074 confidentes,
2339 3041 2370 3064 E.
2392 3045 2415 3064 ι.

1264 3100 1267 3101 ⁷
1300 3075 1360 3105 Sibi
1375 3075 1486 3112 plenam
1500 3073 1689 3105 concessimus
1703 3076 1738 3106 &
1751 3075 1946 3106 commisimus
1960 3075 2142 3115 potestatem,
2162 3076 2239 3115 quod
2254 3078 2320 3117 ipsc,
2338 3079 2392 3102 Rot.
2406 3078 2473 3101 scot,

1263 3112 1300 3144 de
1312 3114 1429 3143 consilio
1444 3112 1614 3143 dileiftorum
1629 3112 1809 3143 Clericorum
1825 3114 2004 3150 nostrorum,
2024 3114 2142 3145 Walteri
2157 3115 2194 3145 de
2211 3116 2321 3155 Agmo-
2341 3122 2385 3148 25·
2401 3116 2430 3139 E.
2447 3119 2471 3139 ¹¹

1263 3152 1380 3183 delham
1401 3151 1584 3188 Cancellarii,
1602 3153 1635 3182 &
1657 3150 1791 3189 Hugonis
1810 3151 1846 3183 de
1866 3151 2062 3191 Cresfingham
2082 3153 2259 3185 Thesaurarii
2277 3155 2321 3185 di-
2338 3161 2374 3179 m·
2397 3158 2420 3179 ¹·

1265 3191 1381 3221 &orum
1395 3190 1488 3229 Regni
1504 3192 1537 3221 &
1550 3190 1650 3220 Terrae

1303 3228 1472 3259 Praesentare
1485 3227 1585 3266 poffit,
1603 3227 1636 3257 ad
1648 3213 1802 3266 licclefias,
1819 3229 1852 3259 ὃς
1867 3228 1916 3270 alia
1930 3238 2108 3268 quaecunque
2121 3228 2272 3269 beneficia,
2289 3228 2324 3261 ad

1265 3267 1449 3298 collationem
1471 3267 1516 3298 seu
1533 3266 1718 3296 donationem
1741 3267 1865 3297 nostram
1886 3268 2034 3305 spectantia
2047 3292 2057 3306 ,
2085 3278 2148 3306 quae
2169 3278 2269 3299 vacant
2289 3269 2324 3299 ad

1266 3306 1403 3345 praesens,
1423 3306 1457 3335 δε
1472 3314 1551 3343 quae,
1569 3305 1598 3334 in
1614 3304 1753 3342 praedie'iis
1769 3304 1876 3342 Regno
1897 3307 1930 3336 &
1950 3306 2040 3344 terra,
2057 3307 2086 3336 iri
2108 3305 2255 3343 posterum
2276 3317 2325 3338 va-

1268 3354 1332 3376 care
1346 3345 1512 3383 cont‘gerit,
1529 3343 1614 3381 usque
1626 3343 1660 3373 ad
1676 3342 1802 3373 valorem
1815 3343 1994 3383 quadraginta
2010 3344 2174 3374 Marcarum
2183 3366 2192 3382 ,

1305 3382 1438 3413 Personas
1452 3382 1579 3419 idoneas,
1595 3383 1623 3411 in
1634 3381 1745 3411 servitio
1759 3381 1875 3420 nostro,
1893 3383 2022 3413 videlicet
2036 3381 2182 3412 existentes
2194 3379 2320 3422 ibidem,

1266 3421 1314 3452 seu
1329 3420 1458 3459 personas
1471 3420 1548 3457 alias,
1567 3418 1693 3456 praedicti
1706 3418 1814 3457 Briani,
1829 3420 1862 3450 &
1878 3420 2001 3458 ipsorum
2015 3419 2180 3450 Cancellarii
2191 3421 2224 3451 &
2238 3421 2320 3451 The-

1267 3460 1400 3497 samarii,
1423 3459 1594 3489 discretionis
1614 3458 1752 3496 arbitrio,
1775 3458 1937 3489 dummodo
1955 3458 2068 3497 Anglici
2089 3458 2189 3489 suerint
2205 3480 2215 3497 ‚
2240 3459 2274 3491 &
2294 3460 2323 3489 in

1268 3497 1377 3535 Regno
1393 3504 1608 3528 commorentur
1621 3496 1743 3533 eodem,
2133 3534 2138 3540 .

1306 3536 1363 3567 Seu
1381 3537 1464 3566 etiam
1486 3534 1622 3564 Ecclesias
1645 3535 1678 3565 ὃς
1699 3532 1834 3564 beneficia
1853 3533 2011 3571 huiusmodi
2032 3533 2154 3571 personis
2177 3533 2322 3573 conferre,

1268 3575 1298 3606 in
1315 3575 1408 3605 forma
1421 3573 1570 3612 praedicta,
1584 3571 1678 3603 donec
1690 3572 1764 3603 aliud
1779 3573 1856 3613 super
1870 3573 1927 3603 hoc
1942 3572 2100 3603 duxerimus
2121 3571 2320 3604 ordinandum.

1305 3613 1341 3644 In
1352 3613 1445 3651 cujus,
1461 3613 1524 3643 &c.

1306 3689 1395 3722 Teste
1410 3687 1549 3719 Edwardo
1563 3685 1621 3717 silio
1632 3686 1720 3727 Regis
1734 3685 1807 3725 apud
1821 3685 1984 3725 Tunbrigg.
2002 3685 2050 3717 28.
2069 3685 2114 3717 die
2127 3684 2255 3726 Augusti.

1314 3835 1363 3868 De
1380 3831 1500 3865 Oetam
1515 3827 1648 3867 levanda
1660 3855 1670 3872 ‚
1694 3832 1730 3868 ὠ*
1750 3833 1874 3876 Magna
1893 3824 2010 3861 charta
2022 3837 2142 3875 propter
2156 3826 2279 3863 eandem

1681 3876 1896 3923 confirmanda.

2344 3850 2422 3882 Arm.
2432 3849 2475 3881 D,'

2370 3897 2454 3927 1297.

2341 3932 2394 3955 An.
2411 3937 2457 3963 25.

1271 3961 1487 4025 EDwarduS,
1505 3960 1562 3992 Dei
1583 3961 1687 4001 gratia,
1706 3961 1772 3992 Rex
1793 3960 1919 3999 Angliae,
1936 3960 2081 3993 Dominus
2101 3961 2266 4001 Hiberniae,
2289 3962 2323 3994 δε
2342 3971 2371 3993 E.
2399 3976 2421 3993 ι.

1351 4002 1420 4032 Dux
1433 4001 1608 4039 Aquitaniae,
1626 4001 1690 4031 Vic.
1710 3999 1777 4030 Bed.
1793 4000 1826 4030 δε
1842 3999 1951 4038 Bucks,
1965 4000 2090 4031 salutern.
2249 4039 2255 4044 ι
2340 4004 2476 4040 clausas,

1308 4041 1402 4079 Qia,
1421 4041 1449 4069 in
1465 4039 1662 4069 relevationem
1676 4039 1810 4069 omnium
1821 4036 1985 4068 Incolarum
1998 4037 2032 4070 &
2045 4039 2148 4078 Populi
2162 4039 2257 4078 Regni
2270 4047 2325 4068 no-
2342 4047 2371 4069 Ε.
2392 4051 2414 4068 i.
2437 4048 2473 4067 m,

1272 4079 1338 4116 stri,
1355 4088 1408 4115 pro
1420 4077 1523 4108 octava
1536 4079 1670 4107 omnium
1684 4078 1831 4107 bonorum
1855 4076 1892 4106 sin
1914 4076 2025 4107 ulorum
2044 4077 2196 4114 laicorum,
2214 4086 2264 4115 per
2282 4085 2327 4106 to-
2345 4084 2370 4106 ό,
2388 4080 2414 4106 A.

1272 4126 1334 4148 turn
1357 4116 1433 4145 idem
1453 4115 1483 4145 R
1539 4125 1588 4145 um
1603 4139 1612 4154 ,
1635 4125 1688 4153 pro
1709 4113 1903 4152 urgentifsuna
1925 4124 2003 4147 nunc
2025 4115 2096 4148 dicii
2117 4116 2211 4155 Regni
2231 4122 2329 4146 contra

1273 4155 1404 4187 Gallicos
1418 4164 1488 4185 nece
1512 4162 1593 4193 itate,
1611 4153 1746 4191 levanda,

1766 4189 1793 4221 A
1802 4200 1816 4220 a
1832 4199 1847 4230 3
2252 4187 2334 4220 Con<
