2570 4261
266 117 316 160 13
698 105 1968 166 CONVENTIONE8,L1TERAE‚

110 287 128 306 e
142 288 163 316 1,
181 287 245 314 601¹
266 269 294 297 ᾖ
318 269 539 304 Archidiacono
559 267 761 302 Richmundiae
772 293 782 309 ‚
809 267 891 315 quod
903 266 1053 300 decimam
1071 263 1276 311 beneficiorum
1296 269 1328 298 in

312 316 573 353 Archidiaconasu
587 317 643 363 sito
660 343 670 359 ,
695 316 863 362 secundum
894 313 1026 349 debitam
1051 313 1297 358 existlmationem
1315 340 1325 355 ,

307 371 415 399 taxari
426 367 529 411 faciat
546 369 582 404 ὠ
602 366 717 409 levari,
742 369 779 404 ὠ*
805 365 921 411 colligi,
948 367 984 402 ὠ-
1011 361 1159 410 Magistro
1185 361 1329 406 Rostanno

310 415 465 460 Capellam
483 418 564 461 Papae
579 412 720 462 affignari
729 441 739 458 ‚
759 426 813 462 pro
819 412 948 460 fitbfidio
961 414 1056 446 Tbrrae
1074 412 1195 445 sanstae.

111 517 190 551 Am·
206 515 246 547 D·
264 502 468 566 ALeitander
479 503 649 549 Episcopus,
663 503 754 549 servus
767 503 910 548 servorum
926 501 1002 538 Dei,
1019 500 1125 542 (111εᾶ9
1142 499 1200 529 silio
1275 499 1332 530 Ar-

330 542 500 573 chidiacono
516 542 738 574 Richemundiae
747 566 758 582 ,
774 553 804 573 in
817 540 941 573 Ecclesia
954 539 1142 577 Eboracenii,
1161 537 1275 568 salutem
1296 539 1330 569 &

116 556 199 595 125&

113 599 220 629 An.40.

111 637 149 662 H.
168 641 196 669 3.

267 580 463 620 Apostolicam
479 581 718 613 benedictionem.

263 659 377 689 aliarum
392 667 526 690 terrarum
541 658 672 689 carissimi
686 659 716 688 in
729 656 848 687 Christo
861 655 908 686 filii
923 654 1011 685 nostri

263 697 393 736 Angliae,
411 697 504 729 eidem
520 697 593 735 Regi
608 697 692 735 usque
705 695 739 726 ad
759 704 868 725 certum
889 702 997 731 tempus
1013 715 1023 730 ,
1033 701 1099 735 ‘pro
1118 691 1217 721 Terrae
1230 691 1332 722 sanetae

263 736 382 767 sublidio
398 758 407 774 ,
433 747 449 766 a
470 735 531 766 sede
545 735 712 778 Apostolica
731 734 763 764 sit
778 732 907 777 concessa
921 743 931 770 ·,
944 741 991 775 ¹ne
1005 731 1103 774 aliqua
1115 730 1189 774 fraus
1201 730 1284 775 possit
1302 732 1332 760 in

265 774 424 813 hujusmodi
436 775 556 804 decimae
569 774 705 804 iolutione
719 780 880 810 committi,
899 781 929 800 in
943 771 1022 810 ipsius
1032 768 1117 809 Regis
1125 769 1334 808 praejudicium,

266 813 300 844 &
313 813 487 850 dispendium
500 812 585 843 dietae
598 821 695 850 terrae,

301 851 458 890 Volumus,
477 851 511 882 &
524 851 702 891 praesentium
716 849 767 879 tibi
781 848 962 885 audioritate,
980 847 1010 876 in
1029 846 1132 876 virtute
1145 846 1334 885 obedientiae,

265 890 300 922 ὅ(
315 890 364 920 sub
378 900 464 928 poena
479 888 793 923 excommunicationis,
811 886 935 917 distrie'oe
956 885 1149 925 praecipiendo
1169 886 1334 916 mandamus

267 930 397 966 quatinus
411 929 508 959 onmia
523 928 658 959 beneficia
673 929 701 958 in
710 924 946 956 Arcliidiaconatu
961 933 1011 954 tuo
1025 922 1220 962 consistentia,
1236 923 1335 955 secun-

266 966 337 998 dum
349 967 473 997 debitam
488 968 521 998 δε
532 966 632 1004 iustam
646 965 859 996 extimationem
875 964 1024 999 (taxatione
1035 963 1146 1002 antiqua
1158 972 1337 1001 nequaquam

265 1005 404 1042 obstante)
423 1015 471 1043 per
484 1013 529 1044 te,
552 1005 598 1036 vel
614 1015 662 1045 per
675 1006 760 1036 alium
769 1027 779 1043 ,
793 1003 838 1034 seu
860 1003 925 1033 alios
938 1002 1085 1040 discretos,
1100 1002 1134 1033 &
1148 1001 1204 1032 fide
1219 1002 1336 1042 dignos,

263 1053 356 1075 taxare
370 1053 516 1081 procures:

304 1082 349 1113 Ac
368 1082 569 1113 nichilominus
586 1080 745 1121 hujusmodi
766 1081 905 1111 decimam
927 1080 957 1110 in
978 1078 1081 1110 eodem
1097 1078 1334 1110 Archidiaconatu

266 1121 348 1155 (cum
361 1130 411 1159 per
424 1121 559 1152 dilect-um
572 1120 661 1152 filium
678 1119 848 1160 Magistrum
869 1117 1053 1149 Rostannum
1067 1140 1077 1155 ,
1100 1117 1284 1154 Capellanum
1300 1118 1333 1148 ὃς

265 1159 422 1190 Nuncium
443 1159 571 1190 nostrum
591 1161 618 1190 in
643 1159 746 1199 Anglia
765 1158 845 1196 super
863 1158 920 1188 hoc
943 1157 1083 1196 requisitus
1104 1156 1197 1191 suerit)
1217 1155 1333 1187 fideliter

264 1199 415 1237 colligens,
432 1198 564 1238 quicquid
577 1198 611 1229 de
626 1198 680 1239 ipsa
696 1197 840 1236 collegeris
854 1219 864 1233 ,
889 1195 981 1226 eidem
998 1194 1153 1235 Capellano
1174 1194 1333 1232 (cujussibet

264 1237 374 1268 alterius
393 1235 471 1276 super
490 1237 547 1267 hoc
569 1247 630 1267 non
651 1235 826 1276 expectando
847 1233 1027 1270 mandatum)
1050 1232 1157 1264 studeas
1177 1232 1333 1272 assignare,

263 1274 484 1306 contradicim&
497 1286 546 1314 per
557 1275 700 1306 censuram
715 1272 955 1312 Ecclesiasticam,
971 1271 1154 1312 appellatione
1164 1272 1332 1313 postposita,

265 1313 481 1352 compescendo.

290 1353 435 1392 *Alioquin
451 1351 542 1382 eidem
556 1350 711 1391 Capellano
725 1351 819 1381 litteris
833 1349 933 1381 nostris
952 1350 1123 1388 injungimus
1143 1356 1175 1379 ut
1190 1357 1219 1379 te
1234 1349 1269 1380 ad
1285 1348 1332 1387 id,

264 1392 428 1422 monitione
441 1389 578 1431 praemissa
586 1413 596 1429 ,
614 1400 663 1428 per
677 1389 821 1422 censuram
843 1388 960 1419 eandem
976 1411 986 1427 ,
1010 1388 1194 1428 appellatione
1207 1396 1334 1426 remota,

261 1429 423 1469 compellat.

303 1509 371 1541 Dat.
386 1510 540 1550 Anagniae,
556 1508 671 1541 decimo
686 1509 750 1542 Kal.
763 1509 952 1550 Septembris,
971 1506 1155 1539 Pontificatus
1174 1504 1263 1535 nostri
1282 1516 1332 1537 an-

262 1559 305 1581 no
317 1549 447 1581 secundo.

742 1585 870 1617 Plumbeo
885 1584 977 1625 sigillo
987 1583 1064 1626 asilo
1076 1584 1201 1615 canabeo.

266 1723 315 1757 Dc
331 1718 412 1754 bonis
429 1717 635 1764 intestatorum
658 1718 826 1766 colligendis
845 1718 889 1751 ad
907 1729 976 1765 opus
998 1719 1087 1764 Regis
1104 1718 1240 1766 Angliae‚
1266 1720 1331 1756 &st

111 1816 189 1851 Ann.
204 1816 246 1849 D.

115 1857 200 1896 1256.

110 1901 165 1925 An.
178 1906 225 1931 40.
270 1896 329 1919 tem
344 1888 377 1918 &
393 1887 587 1928 Apostolicam
600 1887 837 1917 benedictionem.

110 1940 146 1963 H.
163 1944 189 1971 3,
310 1925 449 1956 Volumus
467 1927 500 1957 &
520 1926 591 1964 tibi,
613 1926 792 1995 praesentium
811 1924 975 1968 auctoritate
989 1947 998 1962 ,
1023 1922 1188 1954 mandamus
1207 1922 1336 1962 quatinus

647 1963 778 1995 intestato
792 1962 989 1994 decedentium
999 1985 1009 1999 ,
1026 1962 1084 1992 five
1101 1961 1138 1992 de
1153 1961 1337 2030 Regnlcfussg}

300 2044 356 2081 egis
371 2042 417 2073 An
437 2042 481 2072 liae
496 2041 614 2081 fuerint,
633 2052 686 2086 pro
700 2041 745 2072 illa
759 2041 908 2080 portione,
924 2048 989 2078 quae
1006 2040 1084 2078 juitta
1104 2039 1199 2077 patriae
1218 2010 1336 2070 donsue-

110 1977 151 2002 Ex
170 1976 228 2000 Au-
269 1966 365 1995 omnia
380 1965 455 1995 bona
469 1964 584 1995 mobilia
598 1975 613 1994 a

109 2018 176 2050 ngr.
267 2004 350 2073 filiae,
369 2004 425 2034 sive
438 2003 473 2034 de
486 2003 542 2033 aliis
554 2004 631 2034 terris
645 2002 775 2034 cariffimi
788 2003 817 2032 in
831 2001 950 2032 Christo
970 2000 1019 2031 filii
1030 1999 1119 2031 nostri

265 2081 412 2126 tudinem,
434 2080 580 2126 ecedentes
597 2081 760 2125 contingit,
785 2081 956 2124 integre-per
970 2086 1014 2122 tel,
1035 2077 1081 2123 vel
1095 2088 1143 2119 per
1155 2078 1240 2122 alium
1253 2100 1264 2122 ,
1288 2077 1336 2108 seu

265 2120 334 2150 ahos
346 2120 497 2160 colligens,
515 2119 649 2159 quicquid
664 2119 699 2150 de
712 2120 762 2149 hiis
774 2118 918 2157 collegeris
930 2127 959 2147 in
973 2116 1108 2156 aliquibus
1122 2125 1186 2148 tutis
1202 2115 1335 2185 locisspe-

267 2197 356 2236 Regis
369 2196 482 2237 Angli-ae
499 2196 541 2235 (ut
555 2205 657 2227 votum
674 2195 754 2226 suum
772 2195 914 2226 efficacius
935 2193 1155 2264 exeffiiii‘dvglgat)
1173 2155 1337 2264 εοῑὲὲιτιγεῗὲ

994 2245 1003 2264 ι
1055 2243 1071 2264 c
1125 2256 1134 2271 ,
1152 2242 1223 2274 appe
1242 2242 1336 2264 atione

266 2168 374 2196 ponere
386 2181 395 2197 ‚
420 2168 454 2188 ac
471 2158 506 2188 ad
525 2167 596 2198 opus
617 2157 746 2188 carissimi
761 2158 789 2187 in
808 2156 927 2187 Christo
944 2155 993 2186 filii
1007 2154 1097 2186 nostri

266 2245 417 2274 procures,
437 2234 656 2266 contradictores
668 2243 717 2275 per
737 2234 881 2266 censuram
896 2233 983 2265 Eccle

269 2273 421 2343 POIQPOfi‘a
432 2298 441 2312 ,
457 2273 680 2314 compescendo:

344 2322 384 2342 on
395 2311 526 2344 obstante
539 2313 558 2343 si
572 2312 693 2351 personis
704 2311 840 2356 aliquibus
851 2321 867 2342 a
880 2309 942 2342 sede
950 2309 1124 2379 Apostol‘icas
1131 2309 1162 2341 fit
1176 2309 1316 2354 indultum
1326 2334 1336 2348 ,

264 2350 1163 2433 sslfffidiz‘issssnsusssffffgff²0Yffi¹m²¹ss²05555es20253st2³1303ss5
1178 2348 1336 2428 {lsslznvgss

266 2428 421 2466 expressam
435 2439 495 2459 non
509 2428 639 2459 facientes
674 2439 689 2459 e
704 2427 814 2458 indulto
834 2427 991 2466 hujusmodi
1012 2435 1209 2465 mentionem,
1225 2427 1259 2458 &
1275 2428 1337 2465 qui-

267 2466 388 2498 bussibet
401 2467 457 2497 aliis
470 2466 661 2506 indulgentiis,
681 2467 727 2497 seu
739 2466 834 2496 litteris
853 2465 1044 2504 Apostolicis,
1062 2475 1112 2503 per
1132 2474 1198 2505 quas
1220 2465 1337 2496 effectus

267 2506 463 2547 praesentium,
482 2507 527 2536 seu
542 2507 670 2536 executio
690 2506 797 2544 negotii
816 2504 918 2535 Crucis
938 2505 1067 2543 impediri
1089 2503 1200 2542 valeat,
1223 2504 1270 2534 vel
1282 2504 1337 2535 dif-

266 2545 350 2584 ferri,
368 2545 402 2576 δε
416 2543 623 2576 constitutione
636 2544 671 2575 de
685 2544 793 2574 duabus
803 2543 881 2574 dietis
892 2543 965 2574 edita
979 2544 1009 2573 in
1024 2543 1149 2574 concilio
1163 2543 1292 2583 generali.

302 2621 371 2654 Dat.
386 2624 541 2666 Anagniae,
557 2625 574 2657 8
589 2625 656 2657 Kal.
671 2625 747 2665 Sept.
764 2624 947 2657 Pontificatus
959 2623 1049 2655 nostri
1062 2634 1138 2655 anno
1152 2623 1283 2655 secundo.

914 2704 1003 2743 sigillo
1017 2703 1122 2742 avulsa.

112 2837 130 2851 '¹
146 2834 241 2861 1·⁶³²·
265 2836 286 2857 '¹‘
310 2836 408 2885 οΟχιιοά
435 2838 555 2871 Praelati
575 2838 693 2885 Angliae
713 2838 927 2884 compellantur
950 2837 994 2870 ad
1016 2836 1151 2870 dandam
1170 2840 1201 2869 in
1219 2835 1341 2882 firiptis

313 2890 500 2920 taxationem
524 2885 668 2920 bonorum
679 2887 828 2933 suorum,
854 2890 891 2926 ὠ·
918 2886 962 2920 ad
983 2885 1165 2933 sblvendam
1189 2884 1341 2918 decimam

315 2934 351 2968 de
363 2935 521 2981 praediHis.

114 3030 192 3091 “³5¹¹''
207 3029 251 3061 D,
274 3023 477 3087 ALexander
491 3024 660 3064 Episcopus,
679 3025 769 3056 servus
783 3026 928 3057 servorum
947 3025 1023 3063 Dei,
1038 3024 1146 3055 dilecto
1164 3023 1222 3054 filio
1244 3022 1342 3064 Magi—

118 3072 201 3108 1„56,
342 3062 400 3094 stro
415 3062 582 3102 Rostanno,
600 3064 755 3101 Capeliano
768 3088 778 3103 ,
802 3066 835 3096 &
850 3064 975 3095 Nuncio
996 3063 1095 3094 nostro
1117 3065 1145 3094 in
1165 3063 1284 3103 Anglia,
1303 3064 1343 3094 la-

116 3113 145 3136 A.
149 3121 168 3136 2*
182 3119 229 3145 40⁴
275 3102 365 3132 lutem
378 3102 412 3133 ὃ(
427 3101 623 3144 Apostolicam
638 3103 876 3134 benedictionem.

113 3149 152 3173 F:
167 3157 191 3183 3,
314 3140 393 3170 Cum
403 3162 412 3178 ,
429 3142 497 3170 {icut
511 3141 673 3171 intellexeris
687 3163 696 3179 ‚
719 3142 795 3171 bona
811 3142 1012 3172 venerabilium
1026 3142 1143 3171 fratrum
1162 3139 1343 3179 nostrorum,

119 3188 157 3211 Es<
170 3189 226 3213 Aa·
275 3178 574 3217 Archiepiscoporum,
592 3180 625 3210 &
642 3178 864 3219 Episcoporum,
884 3181 978 3224 Regni
994 3180 1104 3219 Angliae
1118 3202 1128 3218 ,
1147 3179 1181 3210 &
1196 3179 1341 3219 religioso-

117 3232 181 3259 ugr.
276 3228 359 3257 rum,
377 3218 567 3255 iubjeecorum
578 3217 698 3256 eisdem,
717 3221 800 3248 taxari
815 3219 1024 3257 mandavimus,
1039 3228 1087 3257 ut,
1101 3218 1255 3249 secundum
1269 3226 1342 3248 taura-

276 3258 366 3288 tiones
380 3255 555 3295 hujusmodi,
572 3255 607 3286 de
620 3256 703 3285 bonis
716 3257 776 3293 ipsis
789 3257 899 3288 decima
914 3258 1100 3295 persolvatur3

311 3294 426 3325 Eisdem
440 3294 681 3332 Archiepiscopis,
697 3295 730 3325 ὃς
744 3295 905 3334 Episcopis,
923 3298 953 3326 in
972 3298 1075 3326 virtute
1090 3295 1279 3334 obedientiae,
1297 3294 1340 3324 di-

275 3333 371 3363 stricte-
382 3334 511 3363 duximus
526 3333 746 3371 injungendum,
766 3343 796 3363 ut
811 3336 960 3365 taxationes
977 3333 1137 3374 hujusmodi
1151 3334 1202 3364 tibi
1216 3334 1245 3364 in
1257 3334 1340 3371 scrip-

274 3373 308 3415 tis
321 3371 472 3411 affignare,
495 3371 597 3402 sublata
610 3372 732 3409 qualibet
749 3371 928 3411 difficultate,
942 3381 1116 3412 procurent,
1137 3372 1280 3410 praefatam
1293 3373 1343 3402 de-

276 3418 382 3439 cimam
410 3410 494 3441 etiam
520 3409 555 3440 de
581 3408 716 3441 Maneriis
737 3420 838 3440 eorum
852 3435 861 3449 ,
885 3420 942 3442 tam
969 3422 1020 3449 pro
1043 3412 1161 3441 biennio
1184 3410 1343 3449 praeterito,

276 3457 361 3484 quam
377 3458 428 3486 pro
442 3458 517 3479 amio
531 3447 672 3488 praesenti,
690 3448 844 3479 secundum
855 3451 1005 3481 taxationes
1019 3449 1142 3488 easdem,
1160 3450 1267 3489 integre
1281 3459 1344 3487 per—

277 3485 412 3517 solvendo
421 3497 427 3516 :

322 3524 467 3569 Qoeirca
480 3525 639 3570 discretioni
661 3532 718 3569 tuae
732 3535 780 3563 per
802 3524 969 3571 Apostolica
988 3527 1085 3566 scripta
1101 3526 1263 3557 mandamus
1276 3534 1345 3562 qua-

282 3566 415 3628 ῐᾶἓὶῗίἰπξ
426 3561 766 3633 ᾓιὲἶιιεὲἕὲὴιερὲξεῃῖρίεὸζ
781 3563 1006 3634 Etpiscopidsiffer
1018 3566 1076 3597 hoc
1094 3565 1255 3610 mandatum
1263 3563 1345 3631 Api}

286 3635 328 3672 sa,
342 3610 673 3679 auetoriragte‘nofflrtaaper
686 3613 793 3679 &fiel
808 3612 956 3679 {cioglilim
968 3612 1347 3681 jecsdundligtjopueblartssuclii-

283 3672 396 3712 jussibet
408 3677 595 3712 appellationis
609 3679 814 3717 impedimento
822 3703 831 3718 ,
846 3681 1014 3719 compellas*

318 3710 402 3754 ‘Non
414 3712 541 3745 obstante
554 3717 572 3745 si
588 3718 691 3748 eisdem
708 3718 932 3757 Archiepiscopis
947 3720 980 3750 ὃς
995 3704 1140 3757 Episcopis
1186 3717 1232 3749 vel
1246 3726 1348 3748 eorum

288 3748 389 3787 alicui,
404 3759 418 3778 a
432 3750 493 3794 sede
505 3753 667 3796 Apostolica
681 3758 713 3786 fit
731 3757 870 3787 indultum
885 3757 961 3797 quod
981 3758 1125 3795 interdici,
1144 3741 1287 3794 suspendi,
1305 3755 1350 3786 vel

290 3797 546 3831 excommunicari,
564 3792 609 3823 seu
621 3804 694 3825 extra
708 3795 832 3833 ipsorum
844 3795 1004 3835 Diocaeses,
1023 3797 1069 3827 vel
1084 3796 1136 3826 alia
1154 3804 1229 3826 certa
1242 3794 1306 3825 loca
1319 3795 1349 3824 in

293 3825 401 3856 causam
416 3827 555 3871 trahrnon
567 3831 670 3867 poffint
682 3843 730 3871 per
742 3834 842 3864 litteras
856 3834 1050 3873 Apostolicas,
1068 3834 1180 3874 plenam
1199 3834 1233 3864 &
1244 3842 1277 3863 ex
1298 3831 1350 3862 res-

293 3864 350 3894 sam
365 3873 425 3893 non
437 3864 566 3896 facientes
580 3868 615 3897 de
632 3871 741 3901 indulto
760 3872 918 3909 hujufinodi
938 3874 1115 3903 mentionem
1126 3896 1138 3911 ,
1161 3873 1194 3904 &
1214 3881 1252 3904 co
1298 3871 1352 3901 itu-

296 3904 375 3933 ti'one
388 3902 424 3932 de
438 3902 544 3934 duabus
557 3905 635 3936 dietis
646 3909 718 3940 edita
731 3910 761 3939 in
773 3910 899 3940 concilio
909 3911 1038 3950 generali.

334 3981 401 4012 Dat⁴
416 3983 568 4025 Anagniae,
581 3994 680 4026 quarto
689 3988 776 4019 Non.
788 3989 947 4028 Septembr.
968 3989 1152 4022 Pontificati'is
1169 3989 1260 4022 nostri
1277 3997 1355 4021 anno

295 4020 430 4053 secundo.

744 4062 870 4094 Plumbeo
879 4063 967 4106 figillo
982 4075 1001 4093 a
1008 4063 1061 4107 fila
1077 4064 1200 4096 canabw.

301 619 379 650 Cum
396 620 508 651 decima
528 619 788 651 Ecclesiasticorum
806 625 997 654 proventuum
1018 613 1333 692 Regnissssiagrlssaefiegcis

331 1809 476 1840 Lexander
489 1809 662 1850 Episcopus,
675 1808 765 1839 servus
777 1807 919 1839 servorum
935 1807 1011 1845 Dei,
1029 1807 1136 1838 dileeto
1158 1806 1218 1837 silio
1237 1805 1334 1846 Magi-

338 1848 396 1880 stro
409 1848 573 1886 Rostanno,
593 1848 748 1889 Capellano
764 1849 796 1879 &
818 1847 943 1878 Nuncio
962 1844 1062 1877 nostro
1082 1847 1112 1876 in
1127 1845 1247 1886 Angiia,
1265 1845 1335 1876 salu-

1401 296 1451 328 De
1469 292 1617 339 Epifiopis
1632 294 1777 328 taxandis
1790 307 1845 342 per
1863 306 1960 329 totum
1976 299 2128 343 Regnum,
2153 307 2209 328 non
2223 293 2402 339 obstantibus

1715 345 1885 392 privilegiis
1899 348 1936 383 ό*
1956 342 2090 378 indultis.

1373 430 1580 493 ALexander
1593 431 1764 473 Episcopus,
1781 434 1872 465 servus
1884 434 2026 465 servorum
2040 433 2116 473 Dei,
2130 433 2330 465 venerabilibus
2343 434 2431 466 fratri-
2451 433 2528 466 Ann.
2542 436 2570 469 D

1442 470 1491 513 bus
1503 472 1634 514 universis
1647 471 1871 511 Archiepiscopis
1885 474 1918 505 &
1930 473 2091 511 Episcwis,
2110 482 2158 510 per
2172 472 2308 512 Regnum
2318 472 2431 514 Angliae
2452 477 2536 513 1256.

1374 506 1546 554 constitutis,
1563 508 1675 540 {alutem
1690 511 1723 541 &
1738 510 1933 549 Apostolicam
1947 511 2184 542 benedictionem.
2448 516 2502 541 Aa.
2511 524 2558 550 40.

1409 545 1507 585 Cum,
1526 547 1595 578 ficut
1606 548 1807 588 intelleximus,
1821 550 1939 580 dileetus
1949 550 2019 580 filius
2032 547 2167 589 Magister
2180 546 2344 582 Rostannus
2373 551 2432 583 Ca·
2448 556 2481 578 H·
2498 561 2524 589 3·

1374 584 1513 628 pellanus,
1524 585 1563 629 ·&
1578 585 1713 618 Nuncius
1725 587 1819 618 noster
1831 589 1861 618 in
1874 588 1989 628 Anglia,
2006 589 2082 618 bona
2093 586 2182 619 vestra
2194 588 2228 618 δε
2240 575 2430 622 reliviosorum
2450 593 2556 628 13qu

1375 623 1458 666 vobis
1472 623 1658 668 sublestorum
1672 636 1721 664 per
1733 637 1785 657 vos
1799 628 1882 657 taxari
1898 628 2090 665 mandaverit,
2114 634 2146 657 ut
2160 650 2170 665 ,
2194 611 2347 657 secundiim
2361 636 2434 660 taxa·
2450 636 2517 666 tog?-

1376 668 1486 706 tionem
1499 662 1672 706 hujusmodi,
1689 664 1725 695 de
1739 665 1822 695 bonis
1839 666 1901 703 ipsis
1914 665 2024 696 decima
2038 664 2222 704 persolvatur,
2239 665 2388 705 volumus,
2399 669 2437 699 ἃ

1374 700 1538 745 fraternitati
1549 700 1648 745 vestrae
1663 712 1712 740 per
1725 703 1889 741 Apostolica
1901 703 2015 743 scripta,
2032 705 2063 734 in
2074 704 2177 734 virtute
2195 703 2365 735 obedientiae
2383 704 2439 737 dis-

1376 739 1459 770 tricte
1474 739 1680 778 praecipiendO,
1698 742 1861 773 mandamus
1873 744 1999 782 quatinus
2010 744 2160 773 taxationes
2172 741 2330 780 hujusmodi
2344 744 2437 776 eidem

1377 777 1533 816 Capellano
1547 778 1691 823 inscriptis
1703 780 1834 820 assignare
1854 781 1967 815 (sublata
1981 781 2105 822 qualibet
2124 781 2299 819 difficultate)
2320 785 2436 823 curetis,

1376 817 1520 861 praefatam
1534 817 1674 848 decimam
1689 820 1772 849 etiam
1783 819 1819 849 de
1835 818 1968 850 Maneriis
1981 819 2077 850 vestris
2093 819 2150 850 tiim
2164 829 2216 857 pro
2235 820 2350 851 biennio
2365 831 2438 860 prae-

1377 864 1477 894 terito,
1494 865 1581 925 qualn
1597 866 1649 924 pdo
1661 866 1737 888 anno
1758 857 1900 897 praesenti,
1919 858 2071 890 secundum
2086 859 2235 889 taxationes
2249 858 2377 899 easdem,
2393 861 2438 891 in-

1378 901 1454 925 te⁰re
1491 905 1505 924 e
1529 903 1612 924 oven
1633 905 1661 924 o.
1788 916 1794 921 -

1406 905 1552 973 ‘hligquin
1565 933 1704 972 praedfflio
1715 933 1869 977 Capeliano
1885 905 1979 966 lderis
1996 935 2097 966 nostris
2112 935 2280 974 injungimus
2291 942 2323 964 ut
2336 945 2388 966 vos
2400 935 2436 967 ad

1377 971 1459 1010 haec,
1477 973 1634 1003 monitione
1646 973 1782 1011 praemissa
1793 996 1803 1011 ,
1827 971 1992 1004 auctoritate
2002 974 2095 1004 nostra
2110 996 2120 1012 ,
2146 983 2194 1011 per
2215 973 2258 1012 se,
2273 973 2318 1004 vel
2333 974 2438 1014 alium,

1377 1009 1424 1040 seu
1437 1011 1520 1050 alios,
1538 1011 1647 1042 sublato
1659 1011 1805 1050 cujussibet
1822 1021 1857 1049 ap
1878 1011 2011 1042 ellationis
2029 1012 2235 1050 impedimento
2267 1013 2438 1052 compellat;

1378 1059 1439 1079 non
1450 1049 1580 1081 obstante
1593 1050 1611 1080 si
1631 1050 1729 1088 vobis,
1746 1050 1791 1081 vel
1811 1060 1847 1080 ve
1875 1060 1938 1080 rum
1954 1050 2037 1081 alicui
2051 1061 2066 1081 a
2086 1050 2148 1081 sede
2166 1034 2332 1087 Apostolica
2345 1051 2376 1082 sit
2391 1053 2436 1082 in-

1375 1087 1486 1118 dultum
1507 1088 1585 1127 quod
1605 1088 1733 1120 interdici
1779 1088 1928 1128 suspendi,
1953 1089 2000 1118 vel
2013 1089 2252 1119 excommunicari
2266 1112 2276 1126 ,
2302 1098 2348 1120 aut
2363 1098 2438 1122 extra

1375 1126 1478 1157 vestras
1492 1126 1653 1166 Diocaeses,
1667 1127 1713 1159 vel
1726 1111 1777 1158 alia
1790 1136 1865 1158 certa
1877 1127 1940 1158 loca
1953 1128 1982 1157 in
1997 1127 2106 1157 causam
2119 1126 2190 1156 trahi
2202 1135 2261 1156 non
2273 1127 2378 1164 possitis
2390 1139 2440 1167 per

1373 1165 1476 1196 litteras
1491 1165 1684 1204 Apostolicas,
1699 1166 1813 1204 plenam
1828 1166 1861 1197 &
1883 1165 2036 1203 expressam
2054 1175 2114 1196 non
2134 1164 2264 1195 facientes
2277 1164 2314 1194 de
2328 1166 2438 1198 indulto

1374 1203 1534 1241 hujusmodi
1554 1205 1754 1244 mentionem;
1777 1205 1810 1236 ὃ(
1831 1203 2035 1237 constitutione
2055 1204 2091 1235 de
2104 1203 2209 1234 duabus
2221 1203 2302 1234 dietis
2320 1204 2393 1236 edita
2409 1207 2439 1236 in

1372 1243 1499 1274 concilio
1513 1243 1641 1284 generali.

1409 1322 1477 1354 Dat.
1493 1323 1647 1364 Anagniae,
1661 1333 1762 1366 quarto
1775 1325 1861 1356 Non.
1883 1324 2041 1363 Septembr.
2057 1321 2242 1357 Pontificatfis
2262 1323 2352 1355 nostri
2363 1321 2439 1356 anno

1374 1361 1506 1393 secundo.

1895 1401 2020 1433 Plumbeo
2026 1402 2099 1445 figil.
2115 1414 2134 1432 a
2138 1402 2192 1446 filo
2205 1401 2330 1432 canabeo.

1371 1532 1395 1555 *
1419 1533 1510 1566 Bulla
1531 1533 1669 1581 Epiftopo
1686 1535 1860 1568 Mrwicen.
1877 1537 1915 1573 (ῥ’
1929 1533 2050 1570 Abbati
2064 1533 2247 1578 Monasterii
2260 1535 2366 1568 Sanl'li
2383 1536 2440 1567 Pe·
2454 1539 2473 1558 ὕ
2484 1533 2509 1562 1·
2523 1534 2570 1573 603

1419 1587 1463 1614 tri
1479 1581 1517 1614 de
1539 1584 1638 1630 Burgo
1656 1610 1667 1626 ‚
1698 1583 1780 1630 quod
1796 1584 1934 1632 colligant
1956 1583 2106 1619 decimam
2124 1611 2135 1628 ,
2170 1586 2207 1622 ά·
2228 1584 2344 1630 Legata
2359 1608 2370 1626 ,
2401 1584 2439 1621 Θ·

1420 1628 1597 1676 hujusmodi
1614 1630 1659 1664 ad
1675 1642 1744 1679 opus
1761 1635 1832 1679 Reg.
1846 1632 1942 1679 Angl.

1376 1718 1586 1776 ALexander
1607 1720 1712 1765 Episco
1778 1745 1788 1760 ,
1810 1721 1902 1766 servus
1921 1720 2064 1766 servorum
2090 1720 2149 1766 Dei
2195 1719 2346 1764 venerabili
2364 1720 2439 1753 ftatri
2457 1704 2570 1757 Anat*

1463 1797 1469 1803 ῃ
1553 1759 1701 1804 'Episcopo
1714 1730 1889 1804 Qrvvicen.
1902 1761 1936 1792 δε
1951 1760 2058 1791 dilecto
2073 1759 2134 1803 filio
2152 1742 2257 1790 Abbati
2270 1757 2440 1803 Monasterii
2457 1764 2541 1802 1256.

1374 1795 1470 1828 Sanc‘h
1484 1797 1560 1828 Petri
1574 1800 1610 1829 de
1623 1798 1733 1838 Burgo,
1748 1797 1853 1830 ordinis
1866 1798 1962 1830 Sanffi
1976 1797 2120 1830 Benedicti
2138 1797 2273 1829 Lincoln.
2293 1797 2383 1830 Dioc.
2398 1798 2439 1830 sa-
2454 1806 2508 1830 Aa.
2520 1812 2570 1840 40·

1374 1835 1464 1866 lutem
1479 1836 1512 1867 &
1526 1836 1723 1876 Apostolicam
1737 1837 1976 1868 benedietionem.
2452 1848 2487 1872 H.
2504 1851 2532 1879 3.
2567 1838 2570 1842 ’

1398 1873 1492 1918 *Cum
1510 1885 1562 1906 nos
1581 1876 1730 1907 venerabili
1750 1876 1826 1907 fratri
1844 1875 1944 1907 nostro
1965 1873 2190 1914 Archiepiscopo
2207 1873 2389 1906 Cantuarien.
2405 1875 2440 1912 &
2455 1883 2566 1910 Exau-

1374 1912 1483 1957 dilecto
1496 1913 1556 1945 filio
1564 1913 1704 1955 Magistro
1718 1914 1888 1954 Rostanno,
1905 1914 2062 1953 Capellano
2074 1912 2194 1951 nostre,
2211 1915 2359 1953 negotium
2366 1913 2442 1945 Cru-
2453 1928 2520 1959 mgr.

1375 1961 1415 1983 cis
1427 1962 1456 1982 in
1469 1952 1577 1998 Regno
1589 1953 1720 1994 Angliae,
1737 1953 1772 1984 &
1790 1954 1847 1984 aliis
1865 1954 1942 1984 terris
1960 1952 2092 1985 cariffimi
2106 1953 2135 1982 in
2149 1950 2268 1982 Christo
2289 1952 2339 1983 filii
2351 1952 2441 1984 nostri
2519 1956 2522 1958 ’

1433 2028 1439 2035 .
1481 1991 1591 2022 illustris
1604 1991 1633 2022 R
1671 1993 1676 1998 '
1704 1991 1817 2032 Angliae
1834 1992 2037 2033 crucesignati,
2062 2000 2177 2022 necnon
2191 1991 2225 2021 &
2239 1991 2442 2022 collectionem

1376 2028 1498 2060 decimae
1520 2029 1629 2062 Ecclesi
1671 2031 1782 2062 icorum
1805 2040 1997 2070 proventuum
2017 2029 2175 2060 eorundem
2194 2029 2290 2068 Regni
2306 2030 2390 2070 usque
2406 2030 2442 2061 ad

1376 2075 1487 2099 certum
1502 2075 1612 2107 tempus
1623 2069 1764 2101 concess'ae
1776 2071 1812 2101 ab
1827 2069 1992 2108 Apostolica
2006 2068 2084 2107 sede,
2103 2077 2136 2099 ac
2151 2067 2374 2105 redemptionem
2387 2079 2443 2100 vo-

1377 2114 1474 2137 torum
1488 2108 1592 2139 crucesi
1632 2116 1743 2139 atorum
1758 2109 1792 2139 &
1806 2109 1962 2148 legatorum
1973 2106 2154 2144 indistinete,
2169 2115 2218 2144 per
2232 2105 2339 2138 nostras
2350 2107 2443 2139 diver-

1377 2144 1415 2176 sas
1428 2145 1545 2185 litteras,
1563 2117 1736 2178 sugndiverfis
1749 2146 1863 2186 formis,
1881 2143 2278 2189 duxerimuscommittend23

1391 2223 1396 2228 ·
1415 2183 1554 2228 Volumus
1598 2185 1632 2217 &
1647 2185 1824 2224 praesentium
1837 2185 1919 2217 vobis
1937 2184 2102 2215 amiternae
2114 2206 2124 2221 ,
2147 2193 2177 2213 in
2191 2191 2295 2214 Virtute
2307 2184 2447 2215 obedien-

1377 2230 1425 2254 tiae
1437 2246 1446 2262 ,
1473 2208 1599 2254 districi&
1618 2224 1809 2263 praecipiendo
1823 2247 1833 2263 ,
1859 2222 2023 2254 mandamus
2042 2223 2168 2262 quatinus
2192 2221 2350 2265 hujusmodi
2369 2222 2449 2254 deci-

1378 2271 1474 2300 mam,
1494 2263 1714 2302 redemptiones,
1732 2263 1766 2294 &
1781 2263 1903 2306 Legata,
1923 2271 2038 2293 necnon
2053 2261 2086 2292 &
2101 2261 2290 2291 obventiones
2303 2283 2314 2298 ,
2334 2269 2368 2291 ex
2377 2271 2445 2305 qua—

1378 2310 1494 2339 cunque
1508 2300 1586 2332 causa
1604 2303 1817 2341 provenientes,
1834 2301 1954 2332 subridio
1974 2300 2075 2331 Terrae
2094 2299 2197 2330 sanctae
2212 2299 2320 2339 integre
2333 2299 2448 2340 collige-

1377 2348 1424 2409 ἴε,
1442 2349 1475 2370 ac
1491 2339 1611 2408 adsopus
1623 2341 1705 2378 ipsius
1719 2340 1807 2384 Regis
1819 2363 1830 2380 ,
1853 2348 1885 2372 ut
1904 2348 2008 2372 votum
2023 2338 2104 2371 suum
2124 2336 2267 2369 efficacius
2279 2338 2380 2376 exequi
2397 2348 2448 2370 va-

1389 2386 1453 2448 ealtE't
1467 2388 1767 2456 ffirpffgdrigocgffilgi}
1782 2417 1915 2486 neffiotio,
1926 2417 2005 2456 juxta
2021 2413 2144 2447 formam
2158 2424 2389 2456 quarumcunque
2400 2415 2447 2460 lit-

1376 2463 1498 2487 terarum
1511 2455 1686 2496 nostrarum,
1704 2456 1808 2487 eisdem
1846 2455 2000 2494 rehiepiseo
2047 2478 2058 2494 ,
2077 2455 2110 2486 &
2124 2454 2280 2493 Capeliano
2295 2455 2375 2493 super
2393 2454 2448 2485 hiis

1377 2495 1546 2526 directarum
1556 2518 1565 2534 ,
1579 2505 1635 2540 per,
1647 2505 1699 2528 vos
1729 2495 1839 2540 vel-per
1854 2495 1940 2539 alium
1955 2518 1966 2534 ,
1989 2465 2040 2525 sgr?
2049 2493 2142 2538 alios',
2165 2492 2335 2539 efficaciter,
2352 2492 2450 2523 fecim-

1377 2533 1449 2578 dum
1461 2532 1554 2578 datam
1567 2535 1648 2565 vobis
1660 2545 1676 2565 a
1692 2518 1823 2566 bomino
1835 2542 1968 2575 gratiam,
1986 2531 2140 2572 procedatis
2153 2543 2163 2570 ς
2186 2540 2224 2563 ita
2245 2532 2325 2571 quod
2339 2532 2446 2564 cresca-

1377 2581 1411 2604 tis
1425 2572 1527 2617 exinde
1540 2575 1647 2604 meritis
1661 2574 1734 2612 apud
1756 2574 1855 2618 Deum
1869 2596 1879 2612 ,
1903 2573 1937 2604 &
1957 2582 2041 2611 penes
2055 2581 2126 2610 nOS,
2144 2571 2179 2602 &
2197 2571 2366 2610 praedictum
2385 2570 2450 2602 Re-

1377 2611 2159 2694 gegogirtaigdi’isticrgpggekt'gffissffnssltrilaiasspellatione
2180 2647 2246 2687 post
2285 2648 2349 2688 fita,
2364 2659 2451 2680 com-

1377 2687 1537 2756 pegctlendo3
1555 2688 1768 2757 nogirobstapte
1786 2692 1805 2719 11
1826 2687 2000 2755 pgrsonislali
2021 2685 2216 2754 mffls'agffle
2231 2658 2398 2730 ffiostofica
2415 2689 2449 2719 fit

1378 2736 1608 2810 {ffmup‘ssssnfit‘gggs
1621 2738 1649 2795 Ἠ
1663 2734 1954 2809 ῗᾎᾶἐῇἓιξῗρῖεἰηῖτῗ
1971 2735 2005 2794 ἒς
2019 2734 2174 2806 grysii-m
2187 2733 2452 2808 ῐέῗῗὲἓὲἶῗεξῖιῖ

1380 2803 1491 2834 indulto
1512 2775 1689 2841 hujusmodl?
1686 2812 1864 2834 mentionem
1879 2814 1890 2841 3
1913 2802 1948 2833 &
1967 2800 2172 2833 constitutione
2189 2799 2225 2830 de
2242 2800 2348 2832 duabus
2365 2801 2448 2834 dietis

1381 2843 1453 2874 edita
1467 2843 1497 2873 in
1510 2843 1636 2874 concilio
1649 2842 1776 2883 generali.

1382 2962 1400 2994 s
1419 2923 1487 2993 Da‘ti.
1504 2923 1658 2966 Anagniae,
1672 2930 1772 2965 quarto
1785 2901 2043 2960 Non.33epte1nbr.
2067 2918 2252 2951 Pontificati'is
2270 2919 2360 2952 nostri
2372 2929 2450 2951 anno

1393 2973 1465 2994 ecun
1484 2973 1514 2994 ο.

1882 3028 2009 3060 Plumbeo
2016 3026 2104 3070 figillo
2119 3039 2138 3059 a
2144 3026 2198 3071 filo
2210 3028 2336 3059 canabeo.

1429 3164 1521 3198 Bulla
1531 3191 1542 3207 ‚
1566 3163 1649 3212 quod
1661 3164 1821 3211 colligatur
1837 3166 1953 3196 nomine
1969 3162 2099 3206 Ecclgsiae
2114 3160 2250 3195 Romanae
2268 3145 2400 3193 decima.

1387 3251 1587 3310 ALexander
1600 3252 1772 3291 Episcopus,
1785 3252 1876 3285 servus
1896 3251 2040 3284 servorum
2059 3251 2134 3290 Dei,
2152 3250 2258 3282 dilecto
2276 3248 2336 3292 filio
2352 3247 2389 3278 M
2425 3247 2446 3271 ‘-
2464 3246 2541 3279 Ann.
2554 3248 2570 3280 1

1448 3292 1507 3322 stro
1519 3291 1688 3330 Rostanno,
1705 3291 1875 3330 Capellano,
1892 3293 1926 3323 ὃ(
1941 3291 2064 3322 Nuncio
2078 3289 2178 3322 nostro
2190 3290 2220 3320 in
2233 3287 2334 3327 Anglia
2348 3310 2359 3326 ,
2415 3296 2446 3316 u·
2468 3288 2551 3325 1256.

1384 3339 1444 3364 tem
1458 3332 1492 3362 &
1506 3330 1702 3368 Apostolicam
1716 3331 1953 3362 benediffloriem.
2466 3330 2518 3354 Aa.
2529 3336 2570 3362 40.

1420 3368 1499 3400 Cum
1518 3364 1659 3398 declinam
1673 3368 1932 3401 Ecclesiasticorum
1950 3376 2141 3408 proventuum
2161 3366 2257 3410 Regni
2271 3364 2398 3410 Angliae,
2413 3363 2446 3407 ὃς
2467 3369 2502 3391 Η.
2520 3375 2547 3402 3·

1387 3408 1501 3439 aliarum
1514 3415 1649 3438 terrarum
1662 3408 1792 3439 cariffimi
1806 3410 1835 3438 in
1850 3407 1970 3438 Christo
1984 3407 2034 3438 filii
2048 3406 2137 3436 nostri
2239 3404 2346 3434 illustris
2360 3402 2446 3441 Regis
2468 3408 2508 3429 Ex
2522 3405 2570 3433 Aa

1386 3447 1415 3479 A
1436 3446 1499 3476 ‹111ae
1508 3446 1702 3485 crucefignati,
1719 3447 1770 3477 tibi
1785 3446 2009 3478 commiserimus
2019 3443 2228 3483 colligendam3
2467 3449 2533 3479 togr.

1415 3457 1577 3522 Illolumuffi
1596 3485 1629 3515 &
1644 3485 1820 3523 praesentium
1835 3487 1885 3516 tibi
1901 3486 2065 3516 auctoritate
2078 3482 2241 3513 mandamus
2252 3481 2377 3521 quatinus
2393 3477 2448 3509 hu-

1388 3523 1504 3554 'usmodi
1517 3523 1676 3563 decimam,
1694 3525 1791 3556 nostro
1808 3525 1841 3555 &
1863 3524 1996 3554 Ecclefiae
2015 3522 2160 3552 Romanae
2181 3521 2314 3556 nomine,
2330 3526 2382 3557 pro
2400 3526 2448 3561 ex-

1406 3562 1568 3605 oneratione
1581 3562 1741 3593 debitorum
1755 3564 1835 3601 ipsius
1849 3562 1982 3594 Ecclefiae
1994 3585 2005 3601 ,
2028 3561 2063 3591 ad
2096 3569 2140 3604 uae
2160 3559 2236 3604 idern
2252 3557 2317 3604 Rex
2333 3554 2446 3598 Anghae

1387 3609 1514 3671 anisii
1531 3600 1688 3670 sess?
1703 3609 1746 3670 ἴθ’
1757 3602 1809 3670 ei
1825 3611 1874 3640 Μ
1887 3569 2160 3669 immensis>
2177 3605 2235 3665 ma
2255 3592 2448 3663 ecelsis

1389 3677 1506 3722 fideliter
1517 3648 1958 3722 qonsprvaureisprooccizoegportigred}
1977 3650 2033 3716 ipsa
2053 3647 2148 3715 posgm
2189 3682 2238 3704 um
2255 3669 2447 3709 disponamus,

1390 3717 1506 3755 qualiter
1519 3717 1700 3748 creditoribus
1714 3718 1834 3756 ejusdem
1851 3716 1983 3748 Ecclesiae
1999 3716 2185 3755 personatum

1427 3755 1503 3786 Non
1518 3755 1688 3787 obstantibus
1704 3758 1723 3788 si
1735 3757 1947 3796 quibuscunque
1964 3755 2084 3786 Praeiatis
2102 3749 2287 3793 Ecclesiarum
2297 3770 2307 3786 ,
2324 3747 2369 3790 seu
2384 3757 2449 3793 per-

1392 3793 1464 3824 sonis
1479 3794 1535 3824 aliis
1549 3805 1565 3825 a
1576 3795 1636 3826 sede
1651 3796 1815 3840 Apostolica
1827 3796 1858 3826 sit
1878 3795 2017 3826 indultum
2034 3791 2110 3832 quod
2130 3787 2257 3819 interdici
2272 3809 2281 3824 ,
2305 3786 2447 3829 suspendi,

1392 3831 1440 3862 vel
1453 3836 1692 3865 excommunicari
1704 3857 1715 3872 ,
1738 3843 1785 3867 aut
1797 3833 1875 3875 quod
1889 3842 1965 3865 extra
1980 3833 2037 3863 suas
2054 3826 2198 3860 Diocaeses
2212 3848 2222 3869 ,
2246 3825 2291 3856 vel
2301 3825 2356 3868 ,alia
2371 3834 2447 3868 certa

1393 3870 1457 3901 loca
1469 3871 1499 3900 in
1513 3871 1622 3902 causam
1636 3872 1706 3902 trahi
1719 3883 1780 3903 non
1794 3871 1896 3910 poffint
1911 3881 1960 3909 per
1979 3871 2078 3912 litteras
2090 3863 2280 3908 Apostolica5‚
2298 3874 2327 3893 in
2346 3865 2448 3902 quibus

1393 3909 1474 3950 plena
1492 3910 1526 3939 &
1545 3910 1665 3947 expressa
1684 3911 1720 3941 de
1739 3910 1849 3940 indulto
1868 3907 2024 3946 hujusmodi
2042 3911 2151 3935 mentio
2165 3912 2229 3946 'non
2251 3901 2388 3939 habetur,
2412 3902 2448 3932 &

1394 3947 1561 3986 quibussibet
1576 3948 1632 3978 aliis
1646 3948 1841 3984 iiidultrentiis,
1867 3955 1913 3976 aut
1927 3945 2021 3976 litteris
2042 3940 2226 3979 Apostolicis,
2245 3951 2294 3979 per
2333 3950 2378 3984 uas
2395 3939 2450 3969 hu-

1394 3985 1513 4023 jusmodi
1528 3985 1675 4016 subventio
1696 3974 1742 4016 v&
1762 3985 1911 4015 subfidium
1925 3980 2052 4019 impediri
2070 3978 2152 4018 poffit
2172 3951 2389 4018 quomodolibet
2405 3976 2452 4007 vel

1395 4023 1517 4062 differri,
1535 4023 1613 4059 &de
1624 4025 1740 4066 quibus,
1758 4024 1792 4055 &
1805 4030 1924 4062 quarum
1940 4028 2039 4052 tenore
2051 4018 2086 4049 de
2100 4019 2190 4050 verbo
2208 4018 2244 4050 ad
2258 4017 2379 4050 verbum
2374 4015 2455 4084 ἐξῇ-ι

2355 4064 2374 4088 ς
