2570 4261
727 184 842 226 ET
924 187 1194 229 ACTA

21 260 152 330 Alnssoll
172 267 277 337 {iiiique
304 267 430 307 Johanni
455 268 592 307 praedie‘to
617 270 784 301 remandetis
808 270 908 301 vestrae
934 273 1105 310 beneplacita
1130 274 1233 305 volun-

21 339 88 367 Edv·
105 347 130 365 1·
211 344 288 376 Bene
303 347 336 377 &
350 346 400 377 diu
412 346 530 377 valeatis.

208 420 277 453 Dat.
293 421 408 453 Parisius
420 421 466 452 die
485 423 594 453 veneris
608 421 672 462 post
687 422 812 453 oetabas
826 421 988 456 Nativitaris
1004 426 1076 457 beati
1085 425 1232 465 Johannis.

21 543 78 570 011.
91 550 152 578 ¹55.
172 542 200 571 δὲ
219 545 269 578 De
296 545 443 591 Colloquio
466 549 544 578 inter
570 548 678 591 Regem
702 548 853 589 Franciae,
875 551 912 586 (ῥ’
941 549 1104 595 Alfonfitm
1124 552 1230 595 Regem

218 590 344 635 castella
385 591 546 630 habendo,·
587 597 636 626 cui
659 597 752 626 etiam
783 598 848 628 Rex
874 599 1004 629 Francia
1035 596 1230 631 Edwardnm

217 643 327 688 Regem
351 642 466 688 Angliae
490 640 582 687 adesse
596 652 692 688 rogat.

21 727 99 759 Ami.
112 726 154 758 D.

41 766 125 796 1280.

19 810 72 834 An.
89 806 117 832 8.

19 848 50 872 Ε.
73 853 97 870 ι.

20 885 77 910 aot.

19 922 98 948 Liter.

18 956 102 993 Regal-

19 999 104 1023 Mem-

18 1034 91 1062 bran.
111 1041 138 1068 4·

172 725 377 787 PHilippus,
393 725 459 769 Dei,
470 722 558 765 gratia
591 726 615 756 F
617 728 719 757 tanciae
732 727 815 766 Rex,
834 730 948 768 egregio
964 729 1108 768 principi,
1126 730 1229 761 cariffi-

204 803 208 808 ,
239 775 291 795 1110
310 764 413 796 consan
435 774 536 809 011160,
555 749 588 794 Ε.
628 775 656 795 61
678 766 795 796 eandem
815 768 950 806 gratiam,
966 768 1062 798 illustri
1079 769 1155 808 Regi
1171 770 1231 799 An-

171 801 252 846 ghae,
267 803 400 833 Domino
453 803 542 833 ibern.
566 804 598 834 &

172 842 282 871 intimae
292 841 450 871 dilectionis
465 841 611 871 affe&um.

206 879 349 917 Scripsiffe
370 889 421 910 nos
443 880 525 909 vobis
537 890 625 918 nuper
641 882 822 911 meminimus
837 881 967 920 qualiter,
987 884 1016 912 in
1030 883 1170 922 quindena
1185 884 1228 913 in-

170 916 265 948 stantis
285 917 359 948 Festi
382 918 479 948 Samen
500 917 664 956 Michaelis,
681 929 732 949 nos
752 920 825 957 apud
841 929 970 950 montem
985 920 1157 951 Martianum
1172 921 1228 952 effe

168 956 320 995 debemus,
342 956 377 987 &
396 956 561 1024 01αῇ0111605
583 956 717 995 Princeps
739 957 803 988 Rex
825 957 954 989 Castellae
973 959 1027 989 effe
1048 958 1134 989 debet
1152 960 1226 996 apud

167 994 318 1033 Baionam,
335 1004 390 1032 pro
409 996 437 1025 vi
465 1005 494 1033 a,
506 995 555 1037 [eu
576 994 748 1033 Colloquio,
768 997 840 1027 inter
858 1007 909 1027 nos
929 997 1065 1035 &ipsum
1079 997 1227 1035 habendo,

166 1033 247 1077 super
254 1043 335 1102 dpace
352 1032 501 1074 perpetus,
518 1034 551 1064 &
572 1034 697 1065 amicitia
713 1034 781 1066 veri
792 1058 801 1073 ‚
819 1045 852 1066 ac
866 1035 974 1066 foedere
987 1036 1225 1073 conjunctionum

166 1080 253 1102 meun
274 1082 304 1102 is.

206 1109 335 1149 Qaliter
353 1113 438 1141 etiam
460 1120 538 1141 carus
556 1109 776 1151 consmiguineus
790 1111 901 1149 noster,
920 1111 1055 1149 Princeps
1069 1111 1152 1142 Saler.
1173 1122 1228 1142 no-

167 1145 228 1216 gergi
237 1152 270 1179 ὅτ.
292 1148 379 1188 Regis
398 1149 521 1187 ejusdem
541 1149 694 1188 mediator,
711 1150 767 1181 esse
790 1150 873 1181 debet
898 1150 984 1189 Aquis
1007 1151 1131 1181 termino
1154 1160 1227 1188 prae-

190 1197 199 1216 i
229 1197 257 1217 0.

204 1225 272 1256 Νο5
289 1234 399 1264 autem,
419 1226 454 1256 de
472 1224 572 1257 vestrae
585 1226 715 1256 amicitiae
728 1227 859 1265 puritate,
878 1236 942 1264 quse
957 1236 1017 1256 non
1033 1226 1126 1256 solum
1140 1228 1226 1256 ratio-

165 1273 203 1294 ne
221 1266 433 1304 propinquitatis
453 1264 606 1304 sanguinis,
623 1274 677 1302 qua
697 1265 822 1294 invicem
843 1265 1060 1302 conjungimur,
1079 1265 1179 1294 verum
1193 1264 1227 1293 fi-

164 1302 281 1333 delitatis
296 1303 331 1333 &
349 1303 538 1333 familiaritatis
557 1310 682 1339 mutuae,
699 1312 732 1332 ac
752 1303 808 1332 aliis
821 1303 906 1333 causis
919 1303 1138 1341 multiplicibus,
1155 1304 1226 1333 inter

166 1350 218 1371 nos
234 1342 311 1378 viget
325 1342 358 1372 &
372 1341 479 1379 viguit,
498 1339 671 1371 confidentes
680 1340 714 1370 ad
730 1340 860 1377 plenum·

202 1379 248 1410 Ac
267 1380 332 1409 ideo
350 1389 401 1409 nos
436 1378 486 1418 qui
504 1377 676 1417 praesentiam
694 1378 832 1416 vestram,
845 1364 1012 1409 succedente
1026 1379 1108 1409 vobis
1120 1389 1227 1419 oppor-

165 1419 296 1455 tunitate,
315 1419 345 1447 in
366 1426 394 1446 ar
415 1417 455 1447 uis
474 1417 575 1447 nostris
593 1415 720 1456 agendis,
739 1426 803 1455 quae
823 1416 968 1456 personam
991 1417 1115 1447 nostram
1130 1427 1226 1456 tange-

165 1464 244 1495 rent,
261 1456 294 1486 &
307 1455 341 1485 ad
353 1455 495 1485 honorem
507 1454 636 1485 nostrum
649 1455 830 1493 respicerent,
847 1456 953 1492 semper
967 1455 1161 1486 affeetaremus
1176 1458 1226 1486 ha-

164 1495 248 1532 bere,
265 1494 416 1524 amicitiam
438 1493 558 1524 vestram
577 1494 741 1532 requirimus
762 1503 795 1523 ac
817 1503 945 1533 rogamus
957 1502 1078 1531 attente,
1097 1496 1225 1532 quatinus

164 1532 237 1572 apud
256 1531 395 1562 Montem
413 1530 607 1569 Mattianum,
625 1533 654 1561 in
673 1532 732 1569 jam
747 1532 826 1562 dieto
841 1534 982 1570 termino,
1000 1531 1149 1562 nobiscum
1164 1543 1226 1571 per-

162 1570 307 1607 sonaliter,
325 1570 359 1600 ad
373 1569 503 1600 transtatus
520 1569 607 1600 nostri
622 1571 655 1601 &
672 1570 740 1600 dieti
756 1570 857 1609 Regis,
875 1571 977 1601 curetis
991 1571 1132 1601 intereffe:

199 1608 238 1639 Et
258 1608 440 1638 nihilominus
464 1608 623 1639 Alexandro
645 1608 680 1639 de
700 1608 801 1646 Loise,
818 1609 924 1640 (1116ἂο
939 1609 1018 1641 militi
1032 1609 1132 1640 nostro
1146 1609 1225 1640 latori

164 1646 362 1685 praesentium,
379 1647 409 1676 in
430 1647 481 1676 hiis
500 1647 588 1677 velitis
608 1646 722 1677 credere
741 1656 806 1687 quae
827 1646 904 1688 super
925 1646 1069 1686 praemisfis
1091 1648 1172 1678 vobis
1193 1657 1228 1679 ex

165 1694 243 1725 pane
257 1686 351 1717 nostra
364 1685 473 1716 duxerit
486 1685 636 1717 referenda.

645 805 691 834 uci
707 803 883 844 Aquitaniae,
899 805 972 836 fideli
985 806 1034 837 suo
1047 806 1178 845 salutem,
1196 808 1229 838 ὃς

166 1761 438 1833 ΡῙῖὶᾳτέζητΡΡῖᾒίὶὶε
451 1785 462 1803 ,
485 1762 532 1794 die
550 1761 631 1802 Jovis
653 1762 715 1803 post
737 1763 832 1795 oetab.
852 1762 999 1795 beatorum
1020 1762 1227 1802 Apostolorum

192 1811 207 1832 e
220 1811 241 1832 11
328 1812 361 1833 30
371 1811 390 1832 i.

164 1943 359 1978 Mandatum
375 1942 527 1978 edwardi
548 1946 633 1991 Regis
650 1943 811 1989 Seneftallo
830 1946 1019 1992 Aquitaniae‚
1044 1946 1081 1983 (ῤ’
1102 1947 1228 1991 Majori

213 1995 251 2032 ώ-
271 1993 400 2040 Juratis
420 1995 550 2036 Baionae,
574 1991 655 2039 quod
671 1995 780 2040 Regem
797 1991 922 2036 castella
933 1991 1052 2040 benigne
1070 1996 1106 2031 (sy
1119 1994 1225 2040 pacifi-

208 2053 240 2075 ce
253 2041 431 2076 admittant.

9 2130 90 2162 Arm.
103 2129 145 2162 D.

31 2169 115 2200 1280.

9 2212 63 2237 An.
78 2210 106 2236 8.

10 2251 40 2275 E.
65 2256 88 2275 1.

7 2289 63 2314 Rot.

10 2325 89 2352 Lirer⁸

9 2365 68 2399 Rog.

9 2409 47 2428 m.
66 2408 94 2436 4.

164 2126 365 2188 EDwardus
379 2151 390 2166 ,
415 2127 475 2158 Dei
495 2127 597 2168 gratia,
616 2127 682 2158 Rex
702 2127 832 2167 Angli-ae,
856 2127 1001 2158 Dominus
1022 2126 1170 2160 Hiberniae
1190 2131 1224 2162 &

243 2166 312 2196 Dux
335 2167 511 2206 Aquitaniae,
528 2166 635 2196 dileetis
652 2167 685 2197 &
709 2167 834 2197 fidelibus
847 2165 898 2197 suis
911 2166 1087 2197 Seneschallo
1099 2167 1148 2199 suo
1161 2169 1228 2200 Vas-

165 2203 276 2243 coniae,
295 2204 401 2244 Majori
414 2206 448 2235 &
459 2204 562 2243 Juratis
576 2204 690 2235 Baionae
704 2204 826 2236 salutem.

199 2242 394 2274 serenissimus
415 2242 563 2282 Princeps,
583 2243 729 2274 Dominus
741 2244 775 2274 &
789 2242 1020 2282 Consanguineus
1031 2243 1141 2283 noster,
1157 2244 1226 2276 Phi-

164 2280 274 2322 lippus,
289 2281 348 2312 Dei
369 2280 472 2321 gratis,
491 2281 665 2312 Francorum
683 2281 749 2312 Rex
762 2281 888 2320 illustris,
907 2282 989 2312 nobis
1004 2282 1165 2314 mandando
1178 2294 1226 2314 ro-

163 2321 264 2359 gavit,
287 2320 382 2359 quod,
411 2330 480 2351 cum
502 2319 611 2351 illustris
631 2320 698 2351 Rex
715 2320 846 2351 Castellae
860 2343 870 2358 ,
893 2321 922 2350 in
943 2320 1082 2357 quindena
1102 2323 1224 2362 proximi

162 2358 273 2389 venturi
294 2358 358 2389 festi
373 2358 471 2389 Sancti
487 2358 652 2397 Michaelis,
667 2369 721 2396 pro
734 2359 865 2390 habendo
880 2358 1035 2398 Colloquio
1046 2360 1091 2390 seu
1104 2361 1222 2392 tractatu

161 2395 241 2435 super
264 2397 427 2435 quibusdam
447 2398 580 2436 negotiis,
594 2405 641 2427 tan
660 2398 770 2427 entibus
781 2406 933 2434 utrumque
948 2396 1062 2436 Regum
1080 2399 1222 2438 ipsorum,

160 2445 176 2465 a
198 2435 234 2465 ud
254 2435 393 2466 Baionam
412 2435 589 2474 personaliter
608 2436 644 2466 de
696 2443 707 2464 t
724 2435 867 2471 intereffe,
882 2435 1004 2465 eundem
1015 2437 1176 2467 venientem
1190 2438 1225 2468 ad

177 2475 318 2542 divitatem
340 2473 461 2503 eandem
479 2474 617 2512 benigne,
637 2471 755 2511 pacifice
774 2474 808 2505 ὃς
829 2473 1010 2504 amicabiliter
1030 2474 1224 2507 mandaremus

160 2521 177 2542 a
198 2520 270 2542 mitti
289 2522 295 2541 :

197 2550 236 2580 Et
255 2549 321 2580 ideo
336 2550 419 2581 vobis
432 2549 548 2580 firmiter
563 2550 729 2589 iniungimus
743 2549 775 2580 &
790 2549 952 2580 mandamus
961 2573 970 2588 ,
987 2559 1120 2590 quatenus
1132 2553 1224 2590 supra-

159 2587 272 2619 dffkum
294 2588 408 2628 Regem
431 2587 562 2618 Castellae
581 2588 616 2618 ad
638 2587 804 2627 praedictam
824 2587 996 2626 Civitatem,
1011 2598 1041 2619 ut
1055 2590 1223 2626 praedictum

159 2626 219 2664 est,
237 2628 415 2662 venientem,
436 2627 501 2656 beni
522 2636 573 2664 ne,
594 2626 710 2664 pacifice
728 2627 762 2656 &
775 2627 955 2657 amicabiliter
966 2626 1130 2668 admittatis,
1145 2630 1224 2667 juxta

160 2665 243 2705 ipsius
264 2665 386 2695 Domini
403 2664 448 2694 Re
469 2665 490 2694 is
528 2666 631 2694 ranciae
646 2665 853 2702 beneplacitum
867 2666 900 2695 &
917 2665 1090 2696 mandatum.

198 2703 233 2734 In
254 2705 330 2742 cujus
351 2704 390 2734 rei
410 2711 437 2734 te
462 2704 605 2733 imonium
622 2703 669 2733 has
691 2701 797 2733 nostras
817 2704 905 2735 literas
927 2703 984 2735 fieri
994 2704 1113 2735 fecimus
1125 2714 1224 2745 paten-

162 2750 210 2773 tes.

159 2818 284 2888 odgeste
303 2817 410 2857 meipso
427 2817 500 2858 apud
522 2817 663 2859 Langeley
688 2826 731 2857 15-
754 2817 801 2849 die
817 2817 902 2857 Julii,
919 2829 995 2851 anno
1017 2818 1113 2859 Regni
1133 2820 1224 2852 nostri

226 2867 272 2888 vo.

160 2994 269 3026 Litera
295 2991 340 3025 ad
364 2991 532 3038 Philippum
550 2996 655 3040 Regem
674 2996 825 3036 francia,
851 2993 888 3027 de
907 2997 1004 3038 Pace,
1029 2998 1107 3029 inter
1128 2997 1222 3042 ipfitm

207 3044 244 3079 ω’*
272 3044 382 3088 Regem
407 3039 531 3083 Castellae
560 3043 711 3085 trassata,
736 3046 772 3081 (ῥ’
795 3042 831 3077 de
852 3046 930 3091 Rege
948 3042 1072 3088 Castellae
1088 3049 1120 3077 in
1137 3048 1223 3078 Civi-

209 3099 272 3122 tate
293 3091 409 3138 Bayonae
417 3089 539 3135 pacfice
558 3089 754 3125 admittendo.

11 3179 89 3210 Ann.
103 3177 145 3208 D.

31 3218 117 3248 1280.

10 3261 62 3286 Aa.
78 3257 105 3284 3.

11 3300 40 3323 Ε.
62 3305 85 3322 i.

10 3333 100 3370 Trans-

10 3374 83 3408 cript.

11 3413 89 3438 Liter.
110 3408 136 3437 8.

164 3173 379 3236 SEreniffimo
391 3173 532 3214 Principi,
552 3174 703 3223 Domino,
720 3177 753 3206 ὃ(
769 3177 989 3218 Consanguineo
1001 3179 1050 3210 suo
1066 3178 1224 3218 kariffimo,

220 3212 355 3243 Domino
373 3211 521 3252 Philippo,
540 3212 598 3243 Dei
617 3215 720 3253 gratia,
738 3216 914 3246 Francorum
936 3218 1010 3257 Regi
1031 3218 1143 3256 illustri,
1162 3218 1221 3248 Ed-

163 3251 273 3281 wardus
293 3250 391 3281 eadem
412 3250 517 3290 gratis,
533 3251 598 3281 Rex
615 3252 743 3291 Angliae‚
762 3254 906 3285 Dominus
928 3256 1075 3287 Hiberniae
1099 3258 1131 3287 ὃς
1152 3256 1221 3287 Dux

165 3289 324 3325 Aquitaniae
332 3311 342 3328 ,
361 3289 474 3319 salutem
486 3299 554 3320 cum
568 3292 746 3322 incremento
757 3294 853 3332 gratiae
867 3294 900 3324 &
914 3295 1037 3326 honoris.

199 3327 331 3368 Exposita
359 3327 442 3357 nobis
466 3328 566 3358 vestrae
588 3328 744 3359 Serenitatis
761 3331 914 3362 transmiffa
933 3333 1021 3364 littera
1039 3333 1221 3372 continebat,

163 3365 240 3405 quod
262 3376 329 3404 vos,
347 3374 381 3395 ex
399 3375 477 3405 purae
497 3366 655 3396 dileffionis
674 3368 862 3408 confidentia,
881 3381 934 3408 qua
945 3373 1072 3403 invicem
1086 3372 1105 3391 ²¹¹
1121 3372 1220 3402 astrin-

163 3406 273 3444 gimur,
289 3405 371 3434 nobis
392 3403 483 3434 vestra
504 3405 733 3436 communicabat
752 3408 865 3438 consilia
883 3411 917 3439 &
936 3409 1095 3449 processus,
1113 3410 1221 3440 habitos

12 3452 41 3476 Ε.
66 3457 90 3475 i.
164 3445 235 3474 inter
249 3453 300 3473 vos
313 3452 346 3472 ex
359 3441 416 3472 0113
430 3450 522 3480 parte,
541 3442 718 3473 &illustrem
732 3444 845 3476 Reoem
859 3446 992 3478 Castellae
1003 3458 1037 3478 ex
1048 3448 1148 3487 altera,
1161 3458 1221 3478 me-

11 3496 48 3514 m.
65 3496 93 3521 4.
164 3482 257 3512 diante
273 3480 417 3511 karissimo
429 3480 637 3519 consanguineo
650 3481 749 3512 nostro
765 3469 872 3514 Karolo
884 3485 1057 3518 Salernitano
1073 3487 1219 3526 Principe,

13 3525 72 3552 ⁸11.
85 3525 148 3561 156,
164 3520 342 3561 pandebatis,
360 3528 483 3558 quorum
512 3519 610 3563 Pi‘ssffll
625 3520 805 3558 processuum
819 3522 915 3553 seriem
929 3525 1026 3556 eadem
1042 3525 1128 3555 littera
1141 3535 1221 3555 enar-

165 3560 255 3590 rabat:
276 3558 365 3597 Super
380 3567 438 3595 quo
449 3557 499 3587 sub
511 3566 610 3587 imitati
623 3557 723 3600 vestrae
735 3568 823 3598 grates
835 3562 979 3594 referimus
995 3563 1221 3601 speciales,scru-

165 3599 260 3629 tatoris
279 3596 412 3627 cordium
434 3595 627 3626 testimonium
649 3606 826 3638 invocantes,
846 3601 923 3639 quod
942 3603 972 3632 in
985 3601 1051 3640 hiis,
1068 3604 1101 3632 &
1116 3602 1171 3632 aliis
1184 3600 1219 3632 de

165 3637 249 3667 nobis
263 3634 377 3675 potestis
389 3634 531 3664 confidere
539 3657 548 3672 ,
566 3642 597 3664 ut
608 3634 645 3664 de
657 3634 760 3665 vestris.

202 3674 241 3706 Et
263 3682 293 3704 ut
317 3673 447 3712 negotia,
459 3674 600 3713 tangentia
621 3682 673 3703 vos
693 3675 728 3704 &
750 3673 862 3713 Regem
882 3678 1004 3709 eundem
1037 3686 1167 3716 optatum
1184 3679 1217 3709 &

161 3713 343 3751 tranquillum
359 3711 521 3741 sortirentur
544 3718 693 3748 eventurn,
719 3712 749 3741 in
771 3714 885 3752 propris.
906 3717 1038 3754 persona,
1065 3726 1095 3747 ut
1116 3717 1219 3755 nostiS,

161 3751 374 3782 desideravimus
394 3749 534 3787 laborare,
560 3750 593 3780 ὃ(
615 3748 725 3788 adhuc,
743 3749 821 3788 super
845 3752 918 3791 hoc,
941 3755 977 3784 ab
997 3755 1101 3785 eodem
1122 3756 1220 3794 Rege,

161 3798 212 3826 per
232 3789 341 3820 nostros
359 3788 494 3825 nuncios,
510 3797 581 3827 quos
603 3797 657 3825 pro
679 3796 718 3831 rer
738 3788 796 3818 hoc
809 3789 843 3819 ad
854 3790 933 3827 ipsius
948 3793 1121 3830 praesentiam
1135 3794 1220 3824 desti-

160 3828 304 3865 navimus,
321 3827 366 3858 res
379 3827 526 3856 ontionem
544 3826 627 3855 nobis
667 3837 706 3856 eri
727 3827 929 3866 credebamus,
943 3832 999 3868 set,
1018 3841 1048 3861 ut
1063 3833 1220 3870 credimus,

161 3864 236 3894 idem
256 3865 339 3904 Rex,
373 3865 457 3895 esides
477 3865 510 3895 &
531 3864 701 3894 dormientes
721 3875 773 3894 nos
787 3873 932 3905 reputans,
948 3879 998 3898 nos
1011 3871 1047 3899 ab
1061 3869 1220 3908 hujusmodi

161 3902 301 3933 laboribus
319 3905 464 3940 relevavit,
484 3902 581 3933 volens
603 3902 680 3942 quod
702 3912 751 3943 per
771 3903 882 3933 dierum
902 3905 1030 3937 nostrum
1053 3909 1223 3949 consangui-

163 3950 249 3970 neum
259 3942 334 3972 dista
348 3943 459 3981 negotia
471 3941 617 3981 sopiantur.

198 3979 286 4017 Super
308 3979 365 4009 hoc
385 3982 472 4018 vero,
498 3980 575 4018 quod
596 3980 678 4009 vobis
698 3979 806 4017 placer,
822 3979 900 4019 quod
922 3980 1034 4021 Regem
1054 3984 1163 4023 ipsum,
1189 3987 1219 4015 in

162 4015 285 4046 Civitate
301 4017 394 4048 nostra
408 4019 537 4055 Baionae,
550 4018 686 4048 curialiter
705 4018 869 4048 mandemus
881 4020 965 4058 recipi
979 4021 1012 4051 &
1026 4023 1150 4060 tratstari3
1170 4024 1222 4054 Se-

161 4055 566 4124 ηεᾶς3110111ἳ111ἳιν316011116
573 4080 583 4096 ,
602 4057 634 4089 ὃς
654 4056 777 4096 Majori,
795 4057 829 4089 ὃς
849 4056 967 4097 JuratiS,
984 4061 1030 4099 qui
1049 4062 1168 4099 praesunt
1184 4064 1223 4092 ei-

218 4103 266 4123 om.
301 4117 307 4124 ,
351 4116 358 4123 .
411 4118 418 4124 .

1277 190 1763 238 PtissLicA.
2255 205 2332 256 187

1271 275 1338 306 dem
1361 276 1492 321 Civitati,
1511 291 1560 318 per
1581 282 1686 325 nostras
1705 283 1898 315 mandavimus
1910 292 2031 322 patentes
2045 285 2160 324 litteras,
2178 296 2244 326 quas
2258 289 2328 319 lator
2344 278 2418 311 Anh—
2431 281 2472 313 D·

1271 315 1450 381 Fraesentlum
1464 319 1557 348 secum
1572 321 1675 358 dererr,
1695 322 1771 359 quod
1786 323 1876 366 ipsum
1891 323 2000 390 Reffiem
2016 323 2135 367 pacifice
2150 326 2183 369 ὃς
2197 328 2330 358 amicabi-
2364 319 2452 349 1280·

1283 361 1334 382 iter
1350 354 1513 394 admittant,
1528 358 1680 390 secundum
1694 360 1772 398 quod
1786 361 1889 391 endem
1903 361 1937 391 da
1958 370 1999 391 itis
2012 371 2042 391 in
2058 362 2202 393 mandatisi
2343 359 2409 386 ΕΜ·
2433 368 2456 387 Ιι

1308 430 1376 463 Dar.
1392 434 1464 473 apud
1483 434 1638 476 Langeleye
1661 446 1705 477 15.
1723 438 1768 468 die
1782 439 1849 478 Julii
1869 450 1943 470 anno
1963 440 2058 484 Regni
2074 442 2164 472 nostri
2184 441 2210 474 8⁶

1271 569 1378 600 Lirera
1403 569 1534 615 Princtpi
1558 570 1695 603 Salerniae
1714 571 1910 616 respwsbria,
1936 572 1971 604 de
1990 571 2123 606 Gnidone
2146 573 2182 606 de
2205 576 2326 607 Monte-

1310 616 1408 661 forri,·
1435 617 1470 649 de
1496 621 1570 664 Rege
1599 618 1722 661 Castellae
1747 618 1900 664 honorifice
1917 620 2094 665 recipiendo3
2115 634 2222 655 necnon
2239 623 2327 655 Petro

1318 663 1354 696 de
1371 667 1466 698 Cotini
1485 665 1686 711 Theflzurario
1705 666 1837 712 ejusdem
1859 670 2013 714 Principis.

1273 749 1327 806 A
1345 752 1448 784 Prince
1465 755 1501 784 de
1520 754 1630 785 Salerne
1647 754 1739 785 Saluz.
1975 790 1978 792 v

1381 792 1440 822 Sire
1459 803 1509 822 nus
1522 803 1621 824 avonis
1637 803 1719 823 receu
1735 804 1784 824 vos
1799 794 1905 832 lettres,
1923 804 1957 824 en
1973 794 2010 824 les
2023 792 2113 834 queles
2126 807 2175 827 vus
2188 807 2239 828 nus
2251 799 2323 835 pria-
2341 790 2415 823 Arm·
2431 790 2473 824 D-

1271 828 1324 859 stes
1345 829 1382 860 du
1407 831 1446 860 fet
1464 830 1535 869 Guy
1553 831 1588 861 de
1610 830 1772 870 Montfort,
1786 833 1857 863 dont
1880 832 2047 863 souentefiez
2061 845 2111 865 nus
2126 837 2204 865 aviez
2218 838 2275 875 prie
2291 837 2326 867 ke
2359 833 2442 862 1230·

1269 878 1320 897 nus
1339 878 1376 898 en
1394 869 1515 899 feiss'ums
1529 878 1604 908 tant,
1622 869 1658 899 ke
1674 880 1723 901 vus
1737 880 1752 900 e
1768 873 1820 901 tuit
1835 881 1880 901 ces
1893 881 1981 902 autres
2005 874 2071 903 amis
2094 884 2144 904 nus
2165 882 2199 904 cri
2219 875 2325 905 seussez
2338 874 2390 898 An.
2404 868 2433 899 3·

1290 916 1335 943 “33
2161 913 2163 915 ’
2341 913 2369 935 Ε.
2391 918 2414 935 1.

1269 914 1287 945 g
1305 942 1332 973 A
1353 943 1377 973 la
1395 944 1474 983 quele
1495 944 1595 983 chose,
1613 945 1690 985 Sire,
1709 957 1760 976 nus
1780 957 1829 978 vus
1843 947 2009 986 responum,
2027 948 2061 979 ke
2076 959 2126 978 nus
2141 950 2252 981 n'auion
2267 952 2326 981 mie
2339 945 2430 983 Trans-

1268 981 1370 1012 conseil
1389 985 1424 1011 de
1442 992 1543 1012 enveer
1560 994 1609 1013 ore
1627 994 1664 1013 en
1683 985 1754 1014 celes
1771 987 1883 1024 parties,
1902 996 1952 1025 pur
1970 995 2053 1016 treter
2070 997 2125 1017 ove
2143 988 2169 1017 le
2186 989 2226 1018 dit
2244 989 2323 1028 Guy,
2342 987 2413 1021 cript.
2428 985 2472 1011 Li-

1269 1019 1311 1049 sur
1330 1020 1354 1049 la
1371 1019 1458 1050 seurte
1475 1021 1511 1051 ke
1527 1021 1546 1050 il
1565 1032 1616 1052 nus
1632 1022 1695 1052 dust
1711 1023 1784 1061 fere,
1804 1023 1852 1055 kar
1871 1034 1925 1054 ceo
1943 1034 1979 1054 ne
1996 1025 2072 1055 sereit
2090 1035 2136 1066 pas
2162 1027 2256 1057 nostre
2274 1027 2326 1057 ho-
2341 1030 2387 1087 3227·
2404 1021 2473 1065 iffi*

1268 1068 1338 1088 fleur
1359 1067 1364 1085 ζ
2361 1069 2453 1086 urrlm.

1305 1096 1476 1134 Nekedent,
1493 1106 1545 1136 pur
1567 1096 1591 1126 la
1610 1097 1723 1127 volente
1742 1097 1778 1127 ke
1802 1108 1852 1128 nus
1867 1109 1952 1130 veum
1970 1099 2005 1130 ke
2019 1111 2068 1131 vus
2083 1111 2152 1132 avez.
2167 1102 2216 1133 ala
2232 1100 2325 1133 bosoi-
2341 1107 2378 1125 m·
2399 1106 2424 1135 ³·

1267 1143 1337 1173 gne,
1357 1135 1375 1164 il
1398 1145 1450 1164 nus
1468 1136 1538 1172 plest
1561 1136 1627 1165 bien
1648 1135 1682 1165 ke
1700 1136 1840 1167 l'avantdit
1854 1136 1904 1166 Gu
1936 1148 1975 1168 ou
1989 1138 2026 1167 ses
2041 1141 2109 1168 arnis
2122 1140 2146 1170 la
2159 1141 2246 1170 seurte
2260 1153 2275 1172 e
2287 1141 2325 1172 les

1267 1173 1449 1210 condicions,
1464 1173 1499 1204 ke
1519 1174 1537 1203 il
1557 1183 1608 1203 nus
1622 1173 1746 1204 vodereit
1761 1174 1831 1211 fere,
1850 1147 1949 1205 11161116
1964 1187 1978 1206 3
1991 1176 2085 1206 nostre
2101 1178 2151 1207 feel
2167 1180 2199 1209 ὃς
2215 1179 2264 1209 1661
2279 1179 2326 1209 0-

1268 1219 1307 1240 tes
1329 1212 1364 1241 de
1387 1210 1532 1242 Gruntson
1556 1209 1596 1247 (ki
1610 1211 1651 1241 est
1666 1223 1701 1241 en
1717 1213 1786 1242 celes
1803 1214 1899 1253 parties
1913 1223 1964 1253 pur
1979 1214 2003 1244 la
2019 1215 2150 1253 bosoigne
2165 1218 2259 1248 nostre
2271 1218 2326 1247 fre-

1268 1249 1308 1285 re)
1327 1250 1394 1280 einsi
1416 1252 1451 1279 ke
1476 1251 1501 1280 le
1514 1248 1568 1279 dist
1584 1249 1654 1280 Ores
1669 1261 1719 1280 nus
1731 1261 1766 1280 en
1782 1251 1859 1288 pusse
1872 1252 1972 1290 aviser,
1991 1262 2069 1282 enus
2084 1264 2119 1283 611
2134 1254 2244 1290 pussom
2259 1266 2325 1286 aver

1268 1287 1326 1325 plus
1345 1287 1451 1318 certein
1470 1288 1573 1318 conseil
1591 1298 1646 1319 ove
1660 1298 1726 1319 ceus
1744 1289 1771 1318 ki
1786 1290 1810 1319 13
1825 1289 1908 1320 chose
1922 1290 2024 1327 toche,
2043 1300 2074 1328 e,
2091 1290 2148 1321 sant
2163 1292 2193 1322 ki
2206 1294 2325 1332 conffiil,

1266 1335 1318 1355 nus
1332 1336 1368 1355 ne
1379 1326 1510 1356 vodriom
1525 1327 1678 1366 enprendre
1694 1327 1712 1356 si
1727 1336 1806 1365 grant
1821 1327 1956 1367 bosoigrie
1969 1329 2034 1358 fere.

1303 1363 1328 1393 E
1347 1364 1439 1432 slacshet
1460 1365 1527 1395 bien
1547 1365 1582 1395 ke
1596 1375 1647 1395 nus
1661 1375 1761 1396 avoms
1775 1374 1838 1396 tous
1848 1366 1924 1404 jours
1938 1367 2053 1398 volunte
2066 1365 2101 1397 de
2116 1365 2173 1398 fere
2189 1367 2272 1399 chose
2285 1368 2322 1400 ke

1269 1413 1320 1433 vus
1363 1413 1412 1432 ee.

1307 1413 1420 1480 Apcm,
1438 1440 1514 1479 Sire,
1533 1440 1568 1471 ke
1584 1451 1635 1472 vus
1652 1452 1704 1472 nus
1720 1439 1831 1480 priastes
1870 1453 1897 1473 ar
1915 1444 1952 1473 les
1969 1443 2119 1474 avantdites
2138 1443 2228 1475 lettres
2244 1454 2260 1475 e
2276 1455 2323 1483 par

1262 1478 1357 1517 Johan
1383 1480 1419 1510 de
1444 1476 1602 1518 Malregard
1627 1479 1721 1510 vostre
1747 1477 1846 1511 Cheva
1859 1492 1887 1511 er
1903 1504 1913 1520 ,
1936 1492 1951 1512 a
1976 1482 2004 1512 ki
2022 1493 2072 1512 vus
2090 1482 2199 1520 priastes
2222 1483 2256 1514 ke
2277 1491 2328 1514 nus

1267 1517 1406 1560 creulsom
1424 1518 1466 1547 sur
1484 1519 1521 1548 les
1535 1518 1630 1548 choses
1649 1519 1683 1548 ke
1703 1520 1721 1549 il
1738 1530 1788 1549 nus
1805 1520 1885 1550 direit
1903 1520 1986 1557 depar
2007 1531 2073 1560 vus,
2092 1522 2126 1551 ke
2142 1531 2192 1550 nus
2205 1532 2324 1552 coman-

1266 1556 1355 1586 diiom
1377 1557 1411 1586 ke
1429 1556 1455 1585 le
1468 1556 1530 1594 Rey
1544 1556 1579 1587 de
1595 1556 1734 1588 Chastelle
1751 1557 1804 1588 fust
1822 1558 2054 1589 honorablement
2073 1569 2156 1590 receu
2174 1570 2210 1590 en
2228 1561 2321 1592 nostre

1269 1594 1336 1624 Cite
1353 1594 1389 1625 de
1409 1594 1520 1633 Baone,

1305 1632 1431 1671 Sachez,
1457 1633 1533 1671 Sire,
1557 1633 1592 1664 ke
1611 1644 1663 1665 nus
1678 1635 1702 1664 le
1721 1642 1820 1664 teriom
1838 1634 1857 1665 fi
1874 1645 1926 1675 pur
1945 1635 2038 1665 nostre
2055 1638 2125 1675 ami,
2151 1636 2186 1666 ke
2205 1646 2256 1667 nus
2273 1636 2323 1667 de-

1269 1680 1340 1701 vom
1357 1672 1452 1709 voler,
1470 1682 1486 1702 e
1503 1672 1602 1702 volom
1616 1673 1651 1702 ke
1669 1673 1690 1702 il
1708 1672 1756 1702 seit
1776 1682 1890 1711 receuz,
1909 1684 1925 1704 e
1941 1673 2067 1704 honor-ez
2081 1685 2117 1705 en
2133 1684 2202 1705 touz
2217 1675 2252 1705 les
2264 1675 2321 1706 leus

1268 1720 1307 1740 ou
1325 1720 1376 1740 ntis
1394 1720 1479 1740 avom
1499 1720 1583 1748 poet,
1608 1721 1624 1741 e
1643 1720 1826 1741 nomeement
1846 1722 1880 1741 en
1898 1711 1955 1742 cest
1973 1722 2033 1750 cas,
2051 1713 2116 1743 kant
2137 1714 2154 1742 11
2175 1715 2250 1743 vient
2270 1723 2322 1753 pur

1269 1748 1289 1777 11
1307 1758 1386 1789 grant
1401 1750 1483 1787 bien,
1498 1759 1566 1779 com
1585 1749 1640 1780 sera
1653 1759 1669 1779 3
1689 1757 1746 1779 tote
1764 1749 1787 1780 la
1807 1749 1976 1788 Cristiente,
1994 1751 2013 1781 si
2031 1751 2093 1781 Diu
2110 1751 2196 1789 plest,
2215 1753 2239 1782 la
2257 1762 2325 1791 pees.

1270 1787 1306 1817 de
1328 1787 1346 1816 11
1372 1797 1388 1817 6
1411 1787 1445 1817 (16
1467 1787 1562 1817 1101116
1576 1789 1696 1818 trescher
1711 1787 1845 1826 Seigneur
1863 1798 1878 1818 e
1897 1788 1984 1819 Cosin
2002 1788 2028 1819 le
2048 1789 2111 1829 Rey
2131 1789 2166 1820 de
2182 1791 2325 1829 Fraunce,

1269 1835 1287 1855 e
1301 1835 1386 1856 avom
1400 1827 1496 1857 enuint
1510 1836 1525 1856 3
1539 1825 1634 1856 nostre
1649 1826 1794 1857 Seneschal
1812 1827 1847 1857 de
1865 1826 2032 1867 Gascoyrie,
2047 1838 2084 1858 eri
2101 1829 2125 1858 la
2144 1829 2273 1867 presence
2290 1829 2326 1859 de

1271 1864 1366 1894 vostre
1393 1863 1532 1895 Chevaler
1580 1864 1645 1904 qu‘il
1667 1865 1692 1895 le
1710 1865 1770 1896 face
1792 1865 1848 1896 fere
1869 1865 1954 1896 selum
1972 1865 1997 1896 la
2014 1866 2131 1898 volunte
2153 1866 2247 1897 nostre
2266 1867 2326 1898 Sei-

1270 1911 1358 1942 gneur
1373 1902 1398 1932 le
1414 1902 1478 1942 Rey
1496 1903 1531 1933 de
1572 1912 1681 1934 raunce.

1309 1941 1457 1972 D'endreit
1472 1941 1508 1972 de
1524 1951 1578 1972 ceo
1592 1964 1602 1980 ,
1629 1941 1663 1971 ke
1682 1951 1731 1972 vus
1747 1952 1799 1972 nus
1816 1941 1943 1980 priastes,
1965 1941 2000 1972 ke
2018 1950 2070 1972 nus
2084 1953 2099 1972 a
2118 1941 2226 1974 Mestre
2245 1943 2327 1976 Peres

1270 1978 1307 2009 de
1332 1979 1453 2018 Cotini,
1480 1979 1574 2011 vostre
1596 1979 1731 2010 Tresorer
1745 2003 1755 2019 ,
1779 1979 1912 2011 voliffom
1930 1980 2018 2011 doner
2036 1981 2063 2011 le
2081 1980 2207 2012 benefice
2220 1981 2256 2012 ke
2274 1993 2326 2014 nus

1268 2019 1363 2048 aviom
1382 2018 1458 2049 done
1474 2029 1490 2048 a
1509 2017 1616 2048 Mestre
1631 2018 1760 2049 Nichole
1778 2018 1878 2057 Boce13

1307 2056 1432 2096 Sachez,
1457 2056 1535 2095 Sire,
1553 2056 1589 2087 ke
1605 2067 1620 2086 3
1638 2057 1658 2086 11
1675 2058 1798 2088 n'aviom
1819 2067 1871 2087 nus
1888 2056 1997 2088 onkore
2012 2058 2070 2088 rien
2085 2056 2177 2096 done,
2201 2068 2260 2089 mes
2275 2069 2327 2090 nus

1269 2094 1289 2125 li
1306 2097 1405 2126 aviom
1423 2096 1545 2133 promis,
1561 2105 1578 2125 e
1595 2094 1705 2125 esteom
1723 2105 1758 2125 en
1776 2095 1852 2125 bone
1872 2096 1985 2127 volente
2003 2096 2038 2126 de
2058 2097 2076 2126 li
2094 2096 2182 2126 doner
2197 2099 2251 2128 ausi
2264 2097 2322 2128 tost

1267 2143 1338 2202 lcom
1357 2134 1479 2202 6611116111,
1496 2144 1513 2164 6
1527 2133 1583 2164 3011
1600 2133 1676 2164 from
1697 2143 1749 2164 nus
1766 2134 1903 2166 volenters
1919 2133 2043 2168 avandist
2055 2133 2164 2166 Mestre
2177 2134 2259 2166 Peres
2272 2145 2324 2177 pur

1279 2173 1366 2203 ’amur
1405 2182 1421 2202 e
1440 2182 1502 2204 vus.

1493 2307 1553 2341 Pro
1578 2304 1807 2341 Mercatoribus
1826 2309 1949 2340 Comitis
1969 2304 2101 2341 Selland.

1267 2390 1394 2446 REX
1412 2392 1545 2423 omnibus
1564 2392 1672 2424 Baiiivis
1695 2393 1729 2424 ει
1747 2391 1872 2424 fidelibus
1893 2392 1944 2424 suis
1959 2417 1970 2431 ,
1993 2391 2027 2423 ad
2050 2399 2119 2431 quos
2135 2414 2145 2429 ,
2174 2392 2236 2423 ecc.
2257 2390 2325 2423 3111-
2341 2379 2473 2451 ἦτζτέ-οῑ),

1341 2438 1409 2461 tem.
2379 2445 2396 2451 -
2441 2443 2447 2450 ·

1304 2467 1383 2499 Cum
1402 2479 1506 2508 nuper,
1547 2478 1641 2508 ropter
1660 2468 1790 2508 quasdam
1813 2468 2045 2509 transgressiones,
2062 2478 2127 2508 quas
2143 2466 2320 2499 Mercator&
2338 2464 2391 2488 Aa.
2411 2461 2438 2488 3·

1268 2505 1392 2537 Comitis
1405 2507 1514 2539 Seiland
1567 2509 1737 2540 creatoribus
1754 2507 1854 2538 nostris
1865 2508 2031 2546 intulerunt,
2045 2506 2267 2537 mandaverimus
2278 2506 2322 2537 di·
2338 2502 2366 2526 E.
2391 2508 2414 2526 ¹·

1265 2546 1346 2576 versis
1363 2545 1471 2577 Ballivis
1491 2546 1586 2586 Regni
1602 2546 1709 2584 nostri,
1733 2545 1769 2576 de
1788 2545 1868 2576 Villis
1885 2547 1936 2577 suis
1949 2547 2026 2584 juxra
2045 2555 2138 2583 mare,
2161 2545 2237 2584 quod
2255 2555 2320 2575 om·
2337 2541 2356 2564 P
2357 2536 2435 2565 ‘³²23-

1266 2584 1312 2613 nia
1329 2584 1405 2614 bona
1423 2584 1619 2616 Mercatorum
1639 2583 1766 2622 Seiland,
1786 2585 1805 2604 ²*
1820 2594 1884 2625 quae
1902 2586 1931 2614 in
1953 2584 2030 2614 Villis
2043 2583 2198 2621 hujusmodi
2212 2582 2320 2614 inveni·
2337 2579 2366 2603 E.
2389 2583 2412 2601 ¹·

1266 2630 1376 2660 rentur,
1395 2623 1439 2652 vel
1459 2624 1585 2653 venirent
1603 2622 1637 2653 ad
1650 2622 1772 2661 easdem,
1791 2622 1947 2654 arestari&
1959 2623 2036 2653 salvo
2051 2621 2186 2652 custodiri
2198 2622 2319 2652 facerent
2338 2623 2375 2668 '5¹-
2394 2623 2423 2647 9·

1266 2659 1358 2691 donec
1380 2661 1453 2691 aliud
1468 2661 1533 2692 inde
1553 2662 1636 2699 praeci
1658 2670 1784 2698 eremuS‚
1801 2661 1834 2692 ὃ(
1852 2661 1942 2691 dietus
1956 2660 2062 2691 Comes
2076 2661 2158 2690 nobis
2170 2661 2225 2697 jam
2242 2670 2323 2690 maii-
2361 2652 2399 2679 Π·
2413 2659 2473 2687 ¹57·

1266 2698 1387 2737 daverit,
1408 2699 1484 2738 quod
1505 2671 1725 2739 transgresfiones
1743 2697 1799 2729 11135
1811 2699 1894 2729 nobis
1907 2700 1940 2730 &
1956 2698 2163 2730 Mercatoribus
2177 2697 2275 2728 nostris
2288 2698 2324 2730 ad

1266 2737 1440 2768 voluntatem
1460 2737 1584 2768 nostram
1605 2738 1686 2769 faciet
1707 2738 1865 2776 emendari,
1881 2738 1913 2768 &
1933 2738 2008 2768 diem
2024 2736 2219 2775 praefixerimus
2232 2736 2325 2768 eidem

1266 2776 1300 2807 ad
1313 2776 1445 2807 emendas
1459 2777 1514 2808 illas
1530 2777 1611 2807 nobis
1624 2777 1657 2807 &
1673 2775 1880 2807 Mercatoribus
1896 2776 1995 2806 nostris
2009 2775 2161 2806 faciendas:

1303 2814 1392 2851 Nos,
1423 2815 1457 2846 ad
1487 2816 1696 2855 requisitionem
1719 2814 1842 2853 ejusdem
1865 2813 1989 2845 Comitis
2003 2837 2013 2853 ,
2041 2815 2122 2845 vobis
2142 2813 2322 2851 mandamus,

1266 2854 1344 2891 quod
1360 2853 1440 2884 dietis
1459 2852 1665 2884 Mercatoribus
1680 2851 1802 2884 Comitis
1815 2853 1896 2893 ipsius
1912 2863 1960 2891 per
1970 2861 2058 2892 partes
2069 2851 2186 2891 vestras,
2206 2852 2261 2882 sive
2274 2862 2324 2889 per

1267 2900 1383 2930 tetram,
1401 2892 1458 2923 sive
1490 2903 1519 2922 er
1535 2902 1627 2931 mare,
1641 2901 1709 2922 cum
1723 2891 1898 2922 mercandisis
1910 2892 1976 2930 suis,
1995 2901 2043 2930 per
2055 2891 2245 2930 quascumque
2264 2900 2326 2927 par-

1267 2938 1306 2961 tes
1320 2930 1416 2970 Regni
1431 2902 1518 2961 1101111
1534 2931 1724 2968 venientibus,
1742 2940 1800 2961 non
1819 2929 1953 2968 inferatis,
1971 2929 2033 2968 vel,
2047 2938 2183 2970 quantum
2199 2930 2227 2958 in
2243 2928 2327 2972 vobis

1267 2969 1326 3008 est,
1343 2970 1436 3000 inferri
1456 2970 1621 3010 permittatis
1641 2969 1769 3007 injuriam
1781 2992 1790 3006 ,
1811 2967 1986 3006 molestiam,
2007 2968 2163 3005 dampnum
2175 2990 2184 3004 ,
2206 2966 2328 3010 impedi-

1268 3017 1414 3047 mentum,
1433 3008 1477 3038 seu
1517 3017 1664 3046 ravamen,
1679 3007 1717 3038 set
1728 3007 1799 3046 ipsos
1812 3008 1904 3046 potius
1924 3007 1960 3037 de
1973 3006 2129 3044 hujusmodi
2146 3005 2329 3036 Mercandilis

1266 3045 1317 3076 suis
1331 3048 1466 3086 negotiari
1498 3017 1531 3077 {c
1549 3046 1740 3076 commodum
1755 3046 1835 3075 suum
1853 3045 1918 3075 inde
1935 3045 2025 3076 facere
2039 3046 2218 3083 permittatis,
2239 3051 2326 3083 prout:

1264 3084 1317 3115 sibi
1330 3086 1417 3124 magis
1431 3086 1460 3116 vi
1481 3086 1551 3115 erint
1565 3084 1709 3122 expedire,
1728 3084 1820 3114 donec
1834 3084 1906 3114 aliud
1919 3084 1984 3114 inde
2017 3084 2217 3121 raeceperimus.

1302 3122 1357 3163 Et,
1376 3125 1394 3155 li
1411 3124 1500 3162 forte,
1557 3122 1582 3152 st
1595 3123 1763 3159 praedietum
1777 3121 1938 3152 mandatum
1953 3092 2081 3153 nossrum
2095 3121 2131 3152 de
2144 3121 2227 3151 bonis
2243 3119 2325 3150 Mer-

1264 3170 1393 3192 catorum
1415 3162 1507 3193 Seilan
1539 3160 1714 3199 arrestandis,
1732 3170 1783 3191 vos
1793 3160 1840 3191 vel
1854 3160 1937 3201 aliqui
1949 3160 1985 3191 de
1999 3160 2093 3191 vestris
2104 3160 2205 3199 aliquid
2220 3160 2254 3189 de
2270 3159 2324 3188 bo-

1264 3201 1306 3230 nis
1321 3199 1518 3231 Mercatorum
1534 3199 1699 3230 eorumdem
1712 3198 1920 3238 arrestaveritis,
1938 3199 1984 3229 vel
1998 3200 2060 3239 capi
2076 3207 2124 3238 per
2138 3208 2212 3228 mare
2226 3197 2323 3227 feceri-

1264 3239 1315 3276 tis,
1331 3239 1479 3269 occalione
1501 3237 1621 3268 mandati
1642 3236 1733 3267 nostri
1750 3237 1913 3276 supradisti,
1938 3237 1983 3275 id,
2002 3237 2056 3267 sine
2078 3236 2255 3267 distractione
2275 3235 2325 3265 ali-

1263 3287 1319 3315 qua
1340 3277 1406 3308 inde
1423 3276 1547 3308 facienda
1568 3277 1605 3306 ita
1624 3276 1702 3313 quod
1723 3275 1809 3307 nichil
1831 3286 1882 3313 pro
1901 3275 2012 3306 defeetu
2024 3274 2176 3311 custodiae,
2195 3272 2260 3315 inde
2274 3282 2323 3310 pe·

1264 3323 1335 3384 gent,
1355 3315 1429 3346 salvo
1451 3313 1584 3346 custodiri
1604 3313 1725 3354 faciatis,
1742 3313 1835 3345 donec
1849 3314 1922 3345 aliud
1935 3314 2001 3345 inde
2015 3313 2173 3344 duxerimus
2187 3310 2318 3343 ordinan-

1287 3363 1344 3383 um.

1302 3391 1335 3422 In
1351 3393 1444 3431 cujus,
1463 3392 1522 3423 &c.

1297 3467 1386 3499 Teste
1401 3468 1482 3508 Rege
1497 3466 1569 3506 apud
1582 3467 1697 3508 Langel.
1708 3468 1825 3500 decimo
1837 3468 1954 3507 septimo
1968 3468 2012 3499 die
2022 3466 2097 3506 Julii·

1296 3597 1345 3628 De
1365 3590 1564 3639 Compromissb
1584 3591 1717 3638 Epiftopi
1733 3594 1770 3630 6⁵·
1792 3593 1934 3624 Civitatis
1954 3592 2084 3631 Bas'onae,
2104 3587 2150 3622 ad
2168 3591 2286 3638 Regem.

1263 3678 1483 3740 EDwardus,
1509 3675 1566 3707 Dei
1587 3676 1687 3716 gratis,
1705 3676 1771 3706 Rex
1793 3675 1840 3706 An
1862 3677 1920 3714 lire,
1939 3674 2083 3705 Dominus
2105 3674 2265 3713 Hiberniae,
2284 3675 2318 3706 ὃς
2339 3680 2415 3711 Αηῃ,
2431 3679 2472 3712 Ι),

1341 3717 1409 3748 Dux
1434 3716 1591 3753 Aquitania:
1611 3715 1718 3744 (11166115
1738 3716 1771 3745 &
1787 3714 1842 3744 fide
1853 3716 1914 3744 ibus
1927 3713 1993 3750 suis,
2015 3712 2137 3751 Majori,
2158 3712 2316 3753 &Juratis,
2360 3720 2444 3749 1280,

1261 3766 1294 3787 ac
1309 3764 1425 3786 centum
1440 3753 1570 3791 Paribus,
1584 3754 1617 3784 &
1630 3753 1683 3783 toti
1696 3752 1907 3783 Communitati
1923 3750 2018 3781 Baion.
2033 3751 2155 3782 salutem.
2339 3762 2390 3786 An.
2419 3759 2448 3787 8.

1300 3794 1441 3833 Qiamvis
1460 3792 1542 3821 nobis
1562 3791 1657 3821 existat
1678 3791 1755 3821 valde
1793 3800 1855 3820 rave
1876 3791 1948 3819 inter
1963 3790 2063 3829 aliquas
2079 3789 2205 3829 personas
2219 3791 2247 3820 in
2265 3800 2315 3820 nos
2339 3800 2368 3822 Ε.
2392 3806 2415 3822 i.

1264 3834 1387 3872 recipere
1409 3828 1638 3869 Compromissa,
1655 3839 1691 3859 eo
1705 3839 1742 3867 qu
1801 3829 1882 3858 variis
1904 3827 2015 3858 diversis
2029 3829 2146 3867 negotiis
2158 3827 2214 3858 allis
2229 3830 2319 3858 1111611-
2338 3837 2369 3861 L.
2385 3832 2450 3870 11.Ῑί

1263 3873 1328 3902 dere
1342 3880 1394 3900 rios
1408 3876 1520 3907 oportet
1533 3868 1583 3897 hiis
1596 3867 1712 3904 diebus,
1731 3875 1840 3902 tamen,
1858 3874 1970 3906 propter
1984 3866 2209 3909 tranquillitatem
2223 3867 2318 3908 &lpa—
2341 3881 2402 3906 311.
2423 3872 2449 3902 b,

1264 3920 1345 3946 cem,
1364 3917 1448 3946 quam
1469 3908 1541 3935 inter
1561 3915 1629 3943 1105,
1643 3906 1676 3936 &
1694 3904 1881 3936 venerabilem
1902 3913 2009 3941 patrem
2029 3903 2200 3942 Epilcopum
2221 3903 2316 3933 Baion.
2338 3913 2409 3936 Penes

1265 3950 1327 3980 totis
1348 3947 1451 3978 viribus
1470 3943 1647 3981 affectamus,
1667 3944 1700 3974 &
1715 3951 1828 3983 propter
1841 3943 1934 3981 gravia
1949 3944 2084 3980 pericula,
2100 3953 2162 3981 quae
2178 3942 2257 3971 vobis
2272 3952 2319 3971 ac·
2339 3950 2472 3974 Camerat-

1265 3987 1357 4019 cidere
1379 3983 1488 4022 possent
1525 3982 1545 4012 si
1568 3984 1638 4012 inter
1656 3991 1724 4019 VOS,
1740 3982 1773 4012 &
1794 3981 1941 4019 praesatum
1962 3980 2151 4021 Episcopum,
2169 3990 2201 4011 ac
2216 3978 2318 4010 Eccle-
2338 3983 2469 4020 Vastan-8.

1266 4027 1332 4057 siam
1346 4023 1436 4060 suam,
1453 4021 1481 4052 di
1493 4020 1588 4051 cordia
1604 4029 1774 4060 remaneret,
2338 4026 2368 4049 Ε,
2386 4030 2409 4048 ι.

1304 4061 1370 4093 Nos
1392 4062 1463 4091 inter
1484 4059 1572 4099 ipsum
1595 4058 1785 4099 Episcopum,
1803 4057 1842 4128 gc
1863 4067 1933 4097 vos,
1951 4056 2026 4091 salvo
2048 4059 2105 4095 juie
2128 4054 2242 4094 nostro,
2261 4065 2321 4085 ves-
2341 4068 2416 4092 my,

1836 4106 1851 4127 a
1871 4106 1888 4127 2
2249 4102 2325 4124 trum
