2570 4261
691 154 802 204 ET
884 162 1150 205 ACTA

0 277 100 311 nn.D.

0 317 81 387 538?-
119 342 210 374 Bulla
240 341 275 375 de
301 337 522 387 responfionibus
542 338 638 383 fabiis
654 341 729 384 Regi
743 339 860 384 Angliae
872 339 963 385 fitper
983 336 1177 372 Petilionibus

8 419 11 421 .
167 389 293 423 Othonis
321 389 357 421 de
378 386 562 432 Grandisbno
577 412 586 427 ‚
613 386 708 430 fabiis
731 389 813 432 Papae
838 399 876 419 ex
893 399 981 434 parte
1000 390 1088 434 Regis
1105 389 1176 420 An-

162 439 250 486 gliae,
275 440 391 484 negotia
409 445 491 467 terra:
511 435 622 467 SanHae
639 432 837 480 tangentibus.

0 527 21 546 '¹-
38 523 81 551 ¹4·
121 522 329 584 HOnorius
359 519 514 558 Episcopus
529 541 540 557 ,
572 518 665 549 servus
694 519 846 550 servorum
875 520 934 551 Dei
949 544 959 560 ,
984 520 1127 551 carissimo
1147 521 1178 550 in

20 564 44 582 ¹·
68 594 73 599 ,
213 559 331 591 Christo
355 559 413 590 filio
428 557 582 596 Edvardo‚
599 556 676 595 Regi
692 557 805 596 Angliae
820 559 936 598 illustri,
955 560 1071 591 salutem
1085 560 1119 591 &
1134 559 1177 589 A-

0 603 12 622 *
27 597 99 629 07¹2·
117 598 290 638 postolicam
303 596 542 628 beneditstionem.

156 636 208 668 me
243 637 260 668 a
283 646 341 675 quo
363 635 454 666 saneta
476 633 608 664 desideria
622 656 632 671 ,
657 634 772 672 &justa
788 635 848 666 sunt
863 646 968 675 opera,
986 645 1088 674 tuum,
1107 636 1176 666 sicut

120 659 269 706 credusitas
292 674 396 705 devota
417 673 465 710 sup
487 674 567 710 onit,
584 673 724 716 inspiravit
744 673 900 713 affeifilum,
919 685 951 705 ut
970 675 1003 705 ad
1018 675 1099 712 ipsius
1114 674 1176 704 affi-

120 715 199 745 ciaris
215 714 365 751 obsequia,
384 721 452 749 gran
475 713 538 748 'que
560 720 616 748 ope
630 719 722 740 nitaris
744 722 832 749 opere
847 713 1032 751 prosequente
1047 713 1176 750 comple—

121 763 153 783 16
176 752 342 783 laudabilem
362 760 444 782 tuum
467 751 541 779 circa
556 749 599 779 illa
615 758 806 786 conceptum:
827 751 861 781 In
875 752 926 781 illis
942 752 1090 782 monitoris
1105 760 1176 788 prae-

121 792 237 822 veniens
257 799 392 828 operam,
412 790 453 827 (in
477 788 577 826 quibus
599 787 688 818 solent
709 788 753 818 alii
768 789 955 827 multiplicatis
971 790 1175 821 monitionibus

116 829 280 868 praeveniri)
305 835 390 865 prout
413 835 447 857 ex
465 835 517 857 tuo
540 826 686 863 proposito
709 827 784 856 circa
795 828 896 858 Terrae
910 828 1011 858 sanc'tae
1027 829 1176 865 negotium

121 867 205 897 nobis
220 877 271 904 per
285 865 414 896 nobilem
430 865 526 896 virum
541 864 694 895 Othonem
708 864 744 895 de
760 865 941 897 Grandisono
964 876 1046 898 tuum
1061 866 1177 897 familia-

119 903 184 936 'rem
207 906 242 936 ὃς
262 903 412 935 Nuntium
427 903 568 941 revelato,
586 903 619 933 &
635 904 815 940 petitionibus
829 904 863 934 ad
877 904 1063 936 efficatiorem
1071 915 1178 943 propo-

121 944 164 974 siti
184 944 383 974 executionem
395 941 615 980 hujusmodi,ex
631 950 707 979 parte
722 941 815 980 Regia
830 943 957 974 exhibitis
971 954 1023 982 per
1037 944 1179 982 eundem,

121 982 202 1014 'colle
223 982 295 1012 imus
311 980 463 1012 evidenter.

157 1019 192 1050 In
202 991 314 1051 {orum
329 1028 425 1050 autem
440 1017 664 1049 consideratione
677 1028 730 1055 pro
746 1028 782 1049 eo
799 1019 887 1050 multa
903 1020 1002 1058 repleti
1015 1020 1128 1059 laetitia,
1146 1022 1180 1053 ὃ(

121 1058 262 1089 immensa
279 1057 455 1097 jocunditate
477 1056 578 1095 repersi
593 1080 603 1095 ,
629 1056 709 1094 quod
723 1058 751 1086 in
767 1058 827 1095 ipsis
845 1057 987 1097 Regalem
1001 1061 1131 1090 animum
1145 1059 1180 1090 ad

123 1107 157 1127 ea
171 1097 361 1155 conspicimus
376 1096 475 1126 salubri
489 1095 607 1126 consilio
622 1094 721 1132 dirigi,
741 1106 805 1133 quit¹
820 1097 909 1128 salutis
922 1106 1036 1128 aetemae
1051 1098 1093 1128 tib
1107 1108 1180 1136 prae-

124 1136 217 1166 mium
283 1135 471 1173 pollicentur,
489 1136 545 1173 ejus
559 1134 741 1163 clementiani
750 1157 760 1172 ,
779 1134 794 1164 a
810 1146 869 1172 quo
884 1136 946 1166 sunt
961 1136 1037 1166 redta
1051 1137 1180 1175 consilia,

122 1174 268 1205 humiliter
283 1174 485 1212 imploramus,
503 1182 535 1203 ut
550 1171 755 1202 Celsitudinem
772 1172 896 1210 Regiam
911 1175 939 1203 in
954 1175 1012 1204 hoc
1033 1174 1134 1205 ardore
1148 1174 1181 1204 fi-

123 1211 187 1251 dei,
206 1213 235 1242 in
250 1211 304 1243 haic
320 1213 476 1243 devotione
490 1212 610 1248 mentis,
628 1210 657 1238 in
671 1210 728 1240 1106
743 1209 918 1242 defensandae
934 1211 1102 1243 Christianae
1117 1213 1180 1244 Re-

121 1251 233 1289 ligionis
248 1250 342 1282 studio
351 1275 360 1290 ,
378 1261 428 1287 per
442 1259 572 1287 tempora
587 1248 717 1291 longiora
732 1249 888 1291 conservet.

162 1290 236 1320 Sane
250 1290 316 1320 licet
331 1289 427 1319 nostra
441 1298 510 1318 curn
525 1288 595 1325 tuis2
613 1296 642 1314 in
658 1286 797 1323 praedidtis
818 1289 1019 1327 petitionibus,
1037 1289 1096 1319 satis
1112 1298 1183 1321 vota

123 1329 324 1365 consentiant·³
350 1328 416 1365 quia
437 1335 532 1356 tamen
555 1335 599 1355 eas
617 1324 695 1362 juxta
714 1323 845 1355 nostrum
868 1327 902 1357 ὃ(
918 1336 1000 1356 tuum
1015 1327 1182 1358 desiderium

122 1366 157 1397 ad
171 1367 288 1405 plenum
303 1365 423 1395 exaudiri
436 1365 520 1395 variae
533 1361 752 1393 circumstantiae
771 1373 830 1393 non
844 1366 1027 1403 permittunt,
1045 1366 1182 1398 delibera-

122 1407 216 1436 vimus
238 1405 288 1436 tibi
308 1404 375 1434 faeti
396 1403 545 1433 veritatem
567 1410 631 1432 tum
653 1399 782 1438 praedieti
802 1401 905 1432 nobilis
926 1404 1101 1443 ministerio,
1119 1414 1183 1436 turn

124 1442 226 1473 nostris
247 1443 342 1473 litteris
361 1439 575 1479 exprimendam
590 1462 599 1478 ,
617 1440 768 1477 petitiones
790 1440 856 1478 ipsas
872 1450 941 1472 cum
958 1442 1183 1480 responsionibus

127 1481 162 1512 ad
178 1480 287 1512 easdem
303 1480 482 1518 praesentibus
497 1478 578 1509 inseri
591 1477 729 1509 faciendo.

162 1519 200 1550 Et
223 1518 339 1558 quidem
354 1541 364 1557 ,
391 1517 536 1556 praemissis
559 1516 724 1555 quibusdam
740 1516 926 1556 suasionibus,
946 1528 1010 1557 quae
1025 1519 1112 1550 die‘tas
1135 1531 1185 1558 pe-

126 1559 239 1627 ttitiones
256 1556 455 1596 exaudiendas,
474 1556 495 1587 fi
510 1556 623 1587 facultas
641 1554 761 1594 adesset,
780 1555 840 1586 satis
853 1557 1038 1594 probabiliter
1053 1558 1187 1597 suggere-

151 1605 207 1627 ant.
336 1619 340 1622 .

167 1634 263 1665 Prima
276 1634 381 1665 Petitio
397 1633 578 1671 continebat,
593 1631 673 1671 quod
688 1632 870 1671 crucesignati
884 1644 1003 1673 omnes,
1020 1635 1050 1666 in
1065 1635 1189 1675 ejusdem

130 1682 213 1704 terrae
231 1673 382 1704 subsidium
397 1672 573 1702 transfretare
588 1680 735 1708 cogantur.

168 1711 215 1742 Ad
251 1711 310 1742 uod
324 1711 485 1749 responfi0;
504 1711 588 1740 variae
603 1709 826 1753 circumstantiae·
836 1710 1005 1753 suggerunt,
1024 1721 1055 1743 ut
1070 1722 1131 1743 non
1139 1713 1189 1743 ab·

130 1750 220 1782 solute
257 1751 362 1781 icamus
377 1774 386 1788 ,
421 1748 500 1788 quod
521 1758 622 1779 omnes
643 1748 827 1786 crucesignati
850 1752 901 1780 lint
922 1750 1084 1782 indistincte
1107 1762 1191 1782 com-

153 1788 255 1819 ellendi
269 1813 279 1827 ,
305 1788 350 1819 vel
373 1797 474 1818 omnes
494 1786 656 1817 indistinete
679 1787 852 1824 compellere
873 1789 1076 1828 intendamus,
1101 1790 1149 1821 sed
1172 1790 1193 1820 si

132 1798 281 1858 {Dominus
295 1825 420 1865 dederit,
440 1825 520 1865 quod
538 1825 692 1864 passagium
715 1825 850 1863 procedat
864 1851 874 1865 ,
891 1828 1063 1858 intendimus
1077 1828 1112 1858 ad
1125 1838 1193 1859 om-

134 1876 183 1896 nes
199 1865 405 1903 crucesignatos
420 1889 430 1903 ,
455 1873 487 1895 ut
506 1864 683 1895 transfretent
696 1887 705 1902 ,
723 1863 884 1895 efficacibus
899 1866 1117 1903 persuasionibus
1131 1869 1191 1905 uti,

136 1905 169 1935 ὃ(
185 1914 233 1934 eos
247 1903 435 1942 compellere,
454 1913 525 1941 quos
540 1903 653 1941 qualitas
665 1904 801 1942 temporis
815 1904 987 1943 persuaserit,
1004 1907 1038 1937 ὃς
1059 1904 1134 1936 sedes
1155 1905 1197 1936 A-

136 1942 276 1981 postolica
291 1943 392 1974 viderit
407 1941 630 1980 compellendos.

0 1151 105 1187 112322.

0 1650 70 1679 ‘rima

0 1691 82 1717 retitio.

0 1728 39 1765 :asp
43 1725 103 1763 onfi'o
108 1747 114 1753 .

0 1994 100 2022 secunda
174 1981 305 2012 Secunda
324 1981 428 2012 Petitio
464 1980 544 2019 quod
564 1980 698 2011 faciamus
720 1980 827 2019 ubique
846 1981 997 2019 praedicare
1018 1981 1146 2014 Crucem
1167 1984 1198 2014 in

0 2034 89 2059 amn-0,
136 2019 238 2050 ‘Perrae
249 2028 415 2050 memoratae
439 2019 595 2050 uccursum.

0 2056 120 2108 §sponso-
177 2058 335 2095 Responsio
345 2082 355 2096 ,
376 2057 454 2096 quod
468 2057 617 2096 postquam
631 2065 663 2087 tu
678 2057 804 2088 Crucem
816 2057 1007 2096 assumpseris,
1025 2060 1059 2091 &
1073 2070 1123 2098 per
1136 2070 1201 2091 ean-

72 2093 82 2108 *
138 2096 205 2127 dem
224 2097 318 2127 sedem
339 2096 466 2134 praefixus
489 2096 572 2126 fuerit
593 2095 705 2164 passagii
718 2098 868 2134 terminus,
887 2097 1057 2128 intendimus
1072 2098 1201 2129 Crucem

138 2144 188 2173 per
207 2145 308 2203 31111166
329 2134 531 2165 christianitatis
554 2144 643 2172 partes
680 2144 759 2165 acere
773 2135 933 2174 praedicari,
952 2145 1037 2174 prout
1050 2136 1203 2168 viderimus

137 2183 171 2204 ex
180 2183 208 2203 16
229 2184 237 2204 1
269 2197 275 2204 .

0 2223 76 2250 sertia
173 2184 275 2243 *Terffa
289 2212 412 2251 Petitio,
434 2211 514 2250 quod
527 2211 724 2242 subveniantur
738 2210 817 2242 dieto
832 2213 949 2251 negotio
963 2214 991 2243 in
1007 2213 1123 2250 person&
1137 2214 1203 2252 tusi,

0 2262 94 2289 pmtjo,
141 2249 177 2281 de
199 2251 260 2281 toti
281 2250 394 2282 decima
411 2251 444 2282 &
467 2251 521 2280 aliis
542 2250 772 2281 subventionibus
788 2261 841 2288 pro
855 2252 973 2287 negotio
987 2252 1045 2289 ipso
1060 2253 1204 2292 collectis,

142 2290 172 2320 in
189 2290 414 2328 quibuscumque
427 2289 535 2329 Regnis
549 2288 595 2319 seu
609 2289 722 2326 Terris,
741 2299 864 2327 quorum
885 2289 996 2330 Reges,
1014 2291 1071 2322 sive
1093 2290 1204 2322 Princi-

142 2338 206 2366 peS,
226 2328 270 2359 vel
285 2327 410 2359 Domini
423 2328 597 2358 transfretare
609 2328 759 2357 noluerint.

0 2380 123 2420 Responsio.
181 2366 355 2405 Responsio,
375 2367 448 2397 varia
468 2367 501 2398 ὃ(
523 2367 617 2403 gravia
636 2365 854 2403 impedimenta,
873 2376 936 2404 quae
950 2377 999 2404 per
1013 2376 1205 2398 memoratum

142 2404 298 2436 Nuncium
311 2406 361 2436 tibi
376 2405 593 2436 deliberavimus
607 2404 804 2442 exprimenda,
823 2404 922 2434 nostris
936 2406 969 2435 &
985 2407 1038 2435 tuis
1052 2407 1135 2436 vobis
1148 2407 1204 2436 ob-

143 2443 256 2482 sistunt,
277 2453 307 2474 ut
330 2443 364 2474 ad
385 2444 457 2473 hanc
478 2443 652 2473 Petitionem
672 2452 732 2472 non
758 2442 842 2479 poffit
855 2442 890 2472 ad
904 2442 1020 2480 praesens
1033 2445 1133 2474 certius
1147 2454 1203 2475 res-

144 2482 278 2522 ponderi,
297 2482 366 2512 sicut
380 2481 553 2512 Excellentia
567 2480 675 2519 Regia,
695 2479 902 2518 impedimentis
916 2481 978 2518 ipsis
991 2482 1040 2512 sibi
1055 2483 1203 2522 expositis,

144 2520 292 2550 manifeste
305 2521 467 2559 cognoscet.
506 2519 681 2550 Intendimus
695 2527 807 2556 tamen,
825 2519 1034 2557 impedimentis
1048 2521 1116 2559 illis,
1135 2521 1203 2551 Do-

144 2559 226 2588 mino
248 2559 376 2596 favente,
393 2558 515 2597 sublatis,
533 2558 583 2588 tibi
604 2557 640 2587 de
654 2555 710 2595 ipsa
724 2557 803 2588 totali
818 2557 946 2596 decima,
964 2559 1125 2597 caeterisque
1140 2560 1204 2590 sub-

144 2597 324 2627 ventionibus
345 2596 505 2637 supradic‘tis
523 2597 612 2627 taliter
631 2596 795 2634 subvenire,
814 2596 893 2634 quod
909 2597 1013 2627 merito
1029 2600 1132 2634 poteris
1147 2597 1204 2628 esse

143 2644 312 2674 contentus,
331 2636 364 2666 &
380 2635 455 2673 satis,
475 2635 545 2666 ficut
557 2634 714 2672 credimus,
732 2636 835 2665 erimus
849 2644 947 2666 tecum
963 2636 992 2665 in
1015 2636 1063 2669 tufi,
1085 2636 1206 2668 subven-

143 2675 221 2704 tione
235 2673 403 2705 concordes.
427 2705 431 2709 ,

217 2720 290 2743 uarta
301 2712 421 2750 Peritio,
441 2711 518 2750 quod
533 2713 561 2742 iii
578 2711 690 2751 Angliae
704 2712 737 2743 &
752 2711 858 2742 Scotiae
880 2711 1006 2752 Regnis,
1024 2711 1152 2743 Ybernizi
1172 2715 1206 2745 &

146 2749 213 2780 Gua
226 2751 274 2789 lis,
291 2752 342 2781 tibi
354 2751 465 2780 decima
478 2761 527 2788 per
542 2750 717 2787 septennium
731 2750 801 2780 ultra
813 2759 942 2788 tempus,
964 2761 1022 2789 quo
1037 2761 1101 2789 per,
1119 2752 1207 2782 felicis

142 2789 360 2828 recordationis,
380 2788 538 2819 Martinum
551 2789 657 2827 Papam
668 2788 903 2827 praedecessorem
921 2791 1052 2820 nostrum
1075 2791 1208 2821 concessa

147 2829 237 2859 extitit
273 2827 454 2859 concedatur.

183 2851 358 2905 Responsio,
374 2865 544 2897 intendimus
558 2867 587 2897 in
601 2865 741 2905 praedic‘tis
754 2865 862 2906 Regnis
876 2866 909 2898 &
923 2866 1021 2897 Terris
1036 2877 1086 2905 per
1099 2867 1144 2898 sex
1159 2877 1207 2897 an-

143 2915 197 2935 nos
211 2905 352 2935 decimam
366 2905 418 2935 tibi
431 2905 608 2944 concedere,
625 2913 756 2942 tempore
770 2913 938 2943 computato
960 2915 1009 2943 per
1030 2906 1109 2944 quod
1131 2905 1208 2936 deci-

145 2953 192 2973 ma
214 2945 265 2973 tibi
284 2944 337 2973 fuit
359 2945 388 2973 in
410 2943 461 2972 illis
480 2943 516 2973 ab
535 2943 594 2982 ipso
615 2943 820 2981 praedecessore
839 2943 971 2974 concessa
989 2955 995 2974 ;
1021 2944 1107 2983 Ipsius
1128 2946 1206 2975 enim

145 2981 354 3019 praedecessoris
374 2980 590 3012 conceffionem
612 2992 662 3020 per
680 2983 739 3013 hoc
757 2993 818 3013 non
837 2983 1007 3015 intendimus
1035 2985 1185 3014 immutare
1198 3008 1206 3021 ,

145 3019 191 3050 sed
214 3021 240 3049 ei
260 3020 384 3057 adicere,
402 3019 544 3057 ipsamque
563 3020 694 3052 volumus
715 3022 744 3051 in
763 3021 813 3052 suo
834 3022 940 3052 robore
960 3031 1137 3059 permanere:
1159 3022 1208 3052 De

146 3057 285 3095 praedictis
299 3067 393 3088 autem
407 3058 596 3098 intendimus,
615 3068 646 3090 ut
666 3061 860 3099 praemittitur,
877 3060 1025 3091 subvenire
1044 3061 1113 3099 tibi,
1132 3060 1208 3090 Cru-

146 3105 212 3126 cem
234 3097 262 3126 in
274 3096 411 3128 601166Πο
425 3098 474 3127 tibi
489 3096 523 3126 ad
536 3096 593 3127 hoc
608 3105 738 3137 tempore
751 3099 933 3138 solempniter
946 3097 1111 3137 assumenti,
1128 3099 1206 3129 defe-

147 3136 220 3165 renti
234 3136 362 3173 publice,
381 3136 414 3166 &
426 3143 458 3165 ut
471 3135 582 3172 expedit
595 3138 743 3175 negotium
755 3137 914 3176 hujusmodi
926 3137 1114 3178 prosequenti.

186 3172 306 3204 Ultimo
317 3174 370 3204 fuit
385 3182 418 3203 eir
432 3173 479 3204 ruzi
494 3183 571 3211 parte
584 3175 721 3213 petitum,
740 3177 862 3207 concedi
875 3177 926 3206 tibi
947 3176 1064 3208 liberam
1086 3175 1208 3215 potesta-

148 3219 208 3242 tem
229 3213 300 3243 infra
323 3213 549 3250 quinquennium
563 3213 768 3252 transfretandi,
786 3215 1016 3254 quandocunque
1030 3216 1082 3246 tibi
1097 3216 1207 3253 placue-

148 3251 201 3288 rit,
222 3250 257 3280 ita
279 3251 358 3289 quod
380 3250 445 3288 post
466 3251 692 3288 quinquennium
711 3252 795 3289 poffis
808 3254 841 3284 ad
854 3254 912 3284 hoc
927 3253 1043 3294 praecise
1057 3253 1207 3291 compelli,

147 3289 229 3326 licet,
249 3288 318 3319 sicut
339 3290 438 3327 petitio
458 3289 640 3326 continebat,
660 3289 797 3326 praedietis
819 3293 871 3322 tibi
884 3291 1040 3332 conceffis,
1055 3302 1109 3323 nec
1124 3301 1209 3322 coac-

147 3328 274 3365 tionem,
294 3337 347 3358 nec
362 3327 473 3357 dietum
486 3327 611 3358 intendas
623 3329 848 3366 quinquennium
863 3331 1018 3368 expeetare.

185 3365 365 3404 Responsio,
380 3366 482 3396 Terrae
495 3365 638 3396 necessitas
657 3374 762 3396 tantam
775 3367 938 3399 dilationem
954 3369 1064 3410 pallagii
1078 3369 1207 3407 61111εᾶ11-

148 3414 180 3434 re
201 3415 260 3435 non
282 3405 400 3442 sufficit,
420 3412 535 3448 propter
558 3403 636 3443 quod
658 3404 787 3444 expedit,
812 3407 892 3444 quod
911 3407 946 3437 ad
965 3417 1078 3449 tempus
1098 3409 1209 3438 brevius

148 3445 271 3473 omnino
287 3452 314 3473 te
327 3453 413 3480 artes,
428 3452 465 3473 ita
478 3442 557 3481 quod
568 3443 663 3473 saltem
680 3443 766 3481 usque
778 3443 812 3473 ad
826 3447 995 3485 triennium,
1004 3446 1210 3477 numerandum

149 3482 166 3511 ‘a
181 3481 267 3512 Festo
282 3480 464 3512 Pentecostes
475 3483 570 3519 primo
585 3490 722 3521 venturo,
740 3481 825 3520 poffis
839 3483 858 3513 si
881 3484 1019 3523 volueris,
1036 3495 1097 3515 non
1117 3494 1211 3515 tamen

150 3521 328 3558 compellaris
354 3521 466 3550 interim
485 3520 660 3550 transfretare
674 3543 683 3558 2
717 3520 764 3551 sed
783 3530 818 3551 ex
835 3530 905 3553 tunc
923 3523 958 3553 ad
978 3523 1211 3554 transfretandum

150 3559 285 3597 compelli
302 3558 385 3596 possis
403 3560 513 3589 invitus.

188 3597 364 3628 Intendirnus
386 3606 501 3635 quoque
521 3597 663 3627 decimam
683 3597 712 3626 in
733 3595 844 3638 Angliae
863 3599 897 3630 &
912 3599 1018 3630 Scotiae
1031 3600 1158 3641 Regnis‚
1176 3610 1210 3631 ac

152 3636 181 3665 in
203 3635 317 3666 Guallia
339 3637 371 3667 ὃ(
394 3635 522 3668 Ybernizi
543 3636 711 3673 collestam,
739 3645 787 3672 per
807 3636 954 3668 biennium
973 3648 1037 3669 ante
1058 3639 1212 3677 passagium

152 3673 210 3704 five
223 3676 377 3705 terminum
395 3674 475 3712 ipsius
490 3674 601 3712 passagii
618 3673 692 3712 praefi
714 3673 837 3712 endum,
855 3677 907 3706 tibi
921 3677 1014 3708 facere
1026 3678 1159 3718 assignari.

190 3711 338 3743 Caeterum
359 3714 471 3743 noverit
491 3706 663 3742 Excellentia
685 3683 775 3751 lgegia
790 3736 800 3750 ,
829 3714 907 3751 quod
930 3715 949 3744 si
967 3724 996 3745 te
1018 3716 1047 3745 in
1066 3714 1212 3754 praerniffis

154 3748 257 3792 Crucis
269 3752 474 3789 assumptione,
491 3751 648 3788 delatione,
665 3751 709 3780 vel
725 3753 873 3781 memorati
885 3755 993 3792 negotii
1008 3755 1216 3794 prosecutione,

149 3796 228 3826 Juxta
248 3789 332 3820 dietae
354 3790 421 3821 sedis
445 3790 607 3828 arbitrium,
626 3788 747 3819 deficere
766 3789 841 3819 forte
859 3793 1025 3831 contigerit,
1043 3794 1215 3824 intendimus

154 3825 236 3863 quod
243 3826 383 3866 dispositio
397 3827 598 3866 praedietomm
612 3828 745 3857 omnium
758 3827 793 3856 ad
809 3826 973 3858 Romanam
987 3829 1144 3862 Ecclesiam
1165 3833 1216 3862 de-

154 3863 300 3904 volvatur,
317 3867 351 3897 &
372 3868 458 3897 libera
478 3867 593 3904 perinde
613 3875 754 3896 remaneat
776 3866 849 3904 apud
862 3866 964 3907 ipsam,
981 3867 1014 3900 ac
1028 3868 1049 3899 fi
1062 3870 1145 3901 faeiae
1166 3881 1217 3909 per

154 3911 207 3932 nos
223 3902 412 3940 responsiones
428 3905 586 3944 hujusmodi
600 3915 659 3934 non
674 3904 795 3935 fuiffent.

186 3939 282 3984 'Super
302 3942 353 3972 hiis
372 3951 466 3974 autem
486 3945 619 3974 omnibus
633 3969 640 3980 ,
667 3943 737 3973 infra
759 3943 874 3974 Festum
898 3942 1103 3977 Purificationis
1123 3947 1216 3978 Beatae

154 3977 278 4017 Virginis
290 3981 382 4017 primo
396 3992 547 4012 venturum
558 4007 565 4020 ,
585 3982 666 4011 nobis
683 3982 698 4011 Ξι
714 3991 741 4012 te
761 3982 893 4012 volumus
915 3983 1142 4016 certitudinaliter
1161 3996 1219 4016 res-

114 4047 126 4077 3
154 4014 289 4054 ponderi,
304 4019 338 4061 ὃς
359 4026 442 4049 tuum
461 4021 542 4065 super
563 4020 655 4064 *illis
677 4020 757 4064 finale
771 4020 964 4061 propositum,
981 4031 1043 4054 non
1055 4033 1106 4062 per
1117 4024 1220 4056 litteras

133 4060 139 4066 ·
157 4054 194 4085 de
209 4054 365 4093 credentia,
384 4056 430 4086 sed
443 4059 573 4098 explicite
590 4067 717 4091 intimari:

156 4114 157 4117 =
194 4096 268 4125 Tem.
287 4096 314 4124 1.
333 4096 366 4124 P.
387 4097 446 4126 ΙΙΙ.

406 4144 440 4174 0

0 2716 107 2758 Quina

0 2758 93 2783 Petilio.

0 2876 114 2915 Responsio
119 2898 126 2905 .

0 3173 97 3208 birima

0 3219 99 3246 ventio.

0 3374 129 3414 insponfio.

14 4029 109 4075 *1132

1229 159 1261 200 P
1298 160 1344 201 U
1381 162 1414 202 B
1450 161 1484 202 L
1520 163 1538 203 Ῑ
1575 164 1614 205 C
1649 166 1698 205 A.
2212 196 2217 199 ,
2239 177 2267 214 9

1250 243 1318 275 Dat.
1337 243 1446 276 Rornae
1465 246 1538 284 apud
1560 248 1693 280 sannam
1712 246 1844 280 Sabinam
1859 253 1904 285 15.
1924 245 2045 278 Kalend.
2060 245 2145 286 julii,
2162 245 2270 278 Pontii.
2288 235 2414 270 Arm-D-

1215 282 1304 313 nostri
1318 293 1393 314 anno
1406 285 1539 316 secundo.
2286 275 2399 344 Εὲἷὸὅι·

1864 360 1919 392 Sub
1923 360 1977 403 filo
1991 360 2114 392 canabeo.

1216 484 1306 516 Bulla
1333 485 1496 532 responsiva
1523 490 1598 534 Regi
1622 487 1738 533 Angliae
1756 487 1847 533 fhper
1874 485 1931 520 hiis
1953 514 1963 530 ,
1994 485 2101 534 quibus
2125 486 2208 521 Otho
2234 487 2271 521 de

1266 535 1450 580 Grandisbno
1473 546 1611 568 oneratus
1636 539 1737 568 extitit
1755 562 1765 577 ,
1798 533 1894 567 eidem
1907 539 1989 582 Papae
2001 547 2055 582 per
2073 539 2182 582 Regem
2202 540 2272 570 An-

1257 581 1324 628 gliae
1343 583 1529 618 intimandis.

1217 665 1425 725 HOnorius
1440 668 1465 698 E
1487 669 1596 707 iscopus
1614 667 1706 699 servus
1724 668 1870 699 servorum
1883 667 1958 705 Dei,
1976 667 2115 699 carissimo
2128 670 2157 698 in
2172 668 2271 700 Chris·
2291 652 2420 720 Ann·6D·

1281 708 1282 711 ’
1309 712 1340 735 10
1361 706 1433 736 Filio
1468 707 1596 739 ,dwardo
1616 707 1694 745 Regi
1715 706 1825 746 Angliae
1839 705 1936 738 illustri
1948 706 2061 737 salutern
2076 707 2109 738 &
2124 707 2269 745 Apostoli-
2315 693 2369 722 ¹²8
2392 715 2399 721 ·

1215 752 1279 773 cam
1293 743 1531 775 benedictionem.
1678 766 1682 770 ›
2286 734 2338 759 An.
2361 740 2404 766 ¹4·

1254 781 1392 812 Processit
1412 793 1446 813 6)(
1466 785 1573 814 intimae
1590 782 1718 814 Caritatis
1731 782 1855 822 affedtu,
1872 793 1931 822 quo
1947 782 2041 813 sumus
2054 783 2090 813 ab
2103 783 2190 822 olim,
2205 792 2270 814 ante
2288 774 2317 796 E.
2335 778 2357 796 ¹·

1216 819 1322 863 nostrae
1339 823 1528 857 promotionis
1548 822 1666 862 auspicia
1677 846 1686 859 ,
1711 821 1857 858 personam
1876 822 1999 861 Regiam
2017 821 2171 861 prosecuti,
2190 822 2269 860 quod
2289 812 2320 835 L.
2336 805 2406 843 A'f’

1215 857 1352 888 dilectum
1366 858 1485 898 Filium,
1504 860 1648 891 Nobilem
1660 861 1773 898 virum,
1788 859 1927 891 Odonem
1944 860 1981 890 de
1994 859 2194 900 Grandisono,
2213 869 2269 892 tuae

1216 895 1412 936 magnitudinis
1428 898 1598 937 Nuncium,
1616 898 1651 929 ad
1664 897 1790 928 nostram
1805 899 1975 935 praesentiam
1990 898 2191 937 accedentem,
2209 899 2271 929 laeta

1216 934 1288 965 facie
1301 934 1437 973 vultuque
1455 937 1552 967 sereno
1565 938 1738 974 recepimus,
1756 938 1789 967 ὅ(
1805 936 1883 974 super
1895 937 1964 974 hiis,
1981 946 2045 974 quae
2061 947 2160 967 coram
2173 938 2273 976 nobis,

1217 982 1251 1002 ex
1269 981 1347 1011 parte
1362 973 1471 1012 Regia,
1489 985 1647 1013 proponere
1659 975 1766 1012 voluit,
1785 976 1922 1005 audientia
1935 975 1985 1004 sibi
2006 975 2127 1013 benigna
2143 977 2176 1006 &
2190 977 2274 1006 fami-

1217 1011 1275 1042 liari
1290 1012 1423 1042 concessa
1434 1036 1445 1050 ,
1469 1013 1629 1051 frequenter
1644 1014 1790 1050 petitiones
1804 1021 1861 1042 tuas
1878 1023 1926 1049 per
1941 1013 2030 1050 ipsum
2045 1014 2125 1043 nobis
2140 1014 2274 1044 exhibitas

1218 1049 1337 1080 libenter
1357 1049 1513 1082 audivimus
1526 1075 1536 1090 ,
1561 1052 1595 1082 ὅ(
1617 1050 1808 1081 exaudivimus
1830 1050 1963 1089 gratiose,
1980 1050 2099 1088 dignum
2112 1054 2276 1083 extimantes

1219 1088 1252 1118 ὃ(
1274 1097 1436 1128 congruum
1448 1114 1458 1127 ,
1481 1098 1512 1120 ut
1533 1098 1589 1119 tam
1608 1089 1727 1120 devotus
1740 1088 1825 1119 Filius
1839 1089 1873 1119 &
1888 1096 1947 1118 tam
1960 1088 2079 1119 sincerus
2094 1089 2144 1119 sibi
2156 1100 2277 1121 matrem

1219 1128 1343 1158 inveniat
1358 1127 1387 1156 in
1401 1128 1492 1167 gratiis
1502 1127 1654 1158 liberalem.

1256 1164 1312 1203 Et,
1330 1174 1361 1196 ut
1375 1165 1494 1196 sensibus
1508 1166 1605 1204 Regiis
1621 1166 1707 1196 Patris
1721 1165 1828 1203 plenius
1842 1164 1996 1195 innotescat
2010 1163 2125 1196 affectio
2135 1188 2144 1204 ,
2161 1167 2278 1196 noscere

1218 1210 1247 1232 te
1262 1205 1394 1234 volumus
1411 1205 1488 1243 quod
1503 1205 1650 1235 nonnullas
1664 1205 1715 1234 tibi
1731 1205 1878 1242 petitiones
1891 1202 2096 1241 conceffimus,
2112 1213 2231 1242 quarum
2245 1204 2279 1235 si-

1222 1241 1300 1272 miles
1318 1243 1448 1273 nondum
1461 1243 1542 1273 alicui
1559 1253 1612 1273 nos
1625 1243 1776 1273 recolimus
1788 1241 1962 1272 concessisse.

1261 1279 1344 1311 Licet
1365 1289 1460 1312 autem
1477 1281 1648 1312 excellentiae
1662 1281 1779 1321 Regiae,
1795 1283 1866 1311 inter
1880 1289 1999 1318 caetera,
2016 1289 2106 1317 nuper
2119 1279 2282 1310 duxerimus

1221 1318 1441 1358 indulgendum,
1460 1328 1491 1351 ut
1506 1320 1570 1350 Filii
1583 1321 1616 1351 &
1631 1319 1707 1350 Filiae
1721 1328 1793 1357 tuae,
1813 1329 1882 1349 cum
1893 1319 1967 1357 aliis,
1986 1327 2086 1356 quarto
2102 1319 2152 1348 sibi
2165 1319 2283 1349 consan-

1222 1357 1360 1396 guinitatis
1375 1359 1421 1390 vel
1435 1358 1571 1389 affinitatis
1585 1358 1674 1395 gradu
1687 1358 1846 1396 conjundtis
1860 1381 1870 1396 ,
1889 1357 2102 1388 matrimonium
2115 1357 2283 1388 contrahere

1222 1395 1348 1434 valeant,
1363 1397 1570 1434 impedimento
1588 1396 1748 1435 hujusmodi
1760 1406 1821 1426 non
1840 1395 1969 1426 obstante
1986 1405 1992 1424 2
2013 1394 2118 1426 nostrae
2129 1403 2226 1426 tamen
2238 1397 2282 1425 in-

1221 1435 1372 1472 tentionis,
1391 1435 1461 1466 sicut
1481 1445 1531 1473 per
1548 1435 1611 1465 alias
1631 1435 1738 1466 nostras
1759 1435 1860 1466 litteras
1873 1435 1924 1465 tibi
1942 1433 2138 1472 expressimus,
2156 1444 2218 1465 non
2233 1443 2282 1464 ex-

1223 1472 1308 1512 stitit,
1329 1473 1422 1511 quoad
1443 1474 1528 1505 Filios
1549 1474 1664 1505 Filiasve
1675 1498 1685 1511 ,
1710 1473 1842 1511 Nepotes
1856 1472 2004 1510 Neptesve
2018 1497 2027 1510 ,
2046 1472 2193 1510 quondam
2204 1472 2282 1503 Petri

1224 1511 1295 1541 olim
1308 1510 1397 1552 Regis
1411 1511 1596 1551 Aragonum,
1614 1512 1660 1544 vel
1673 1512 1741 1543 alios
1755 1512 1895 1550 quossibet
1907 1510 2056 1543 indevotos
2068 1510 2220 1549 Ecclesiae,
2237 1512 2285 1541 in-

1225 1550 1366 1589 dulgentia
1378 1551 1537 1589 hujusmodi
1551 1550 1578 1581 se
1593 1551 1740 1589 extendat,
1758 1552 1852 1581 immo
1868 1550 1942 1580 Filiis
1956 1551 1989 1580 &
2004 1549 2123 1580 Filiabus
2145 1552 2199 1581 tuis
2214 1560 2284 1581 cum

1226 1588 1277 1618 illis
1292 1590 1508 1620 matrimonium
1520 1590 1686 1620 contrahere
1700 1589 1882 1627 prohibemus
1895 1588 2029 1626 expresse.

1266 1627 1359 1666 Qiod
1378 1628 1486 1659 idcirco
1507 1629 1684 1667 praesentium
1705 1638 1805 1658 tenore
1826 1629 1976 1665 repetii-nus
1990 1651 2000 1665 ,
2025 1636 2056 1658 ut
2077 1626 2114 1658 de
2124 1626 2285 1666 hujusmodi

1225 1665 1323 1696 nostra
1341 1667 1499 1697 intentione
1521 1667 1629 1705 plenius
1651 1667 1703 1696 tibi
1725 1665 1856 1704 constet,
1881 1667 1915 1697 &
1928 1666 2006 1696 illam
2020 1665 2153 1698 observes
2166 1665 2286 1706 diligen-

1227 1705 1280 1734 tius
1289 1728 1299 1742 ,
1317 1706 1351 1736 &
1366 1706 1402 1735 ab
1417 1705 1521 1736 eisdem
1536 1707 1589 1736 tuis
1602 1706 1625 1736 F
1626 1705 1676 1736 iliis
1690 1706 1723 1736 &
1735 1705 1854 1735 Filiabus
1866 1704 1948 1735 facias
1963 1704 2112 1736 observari.

1267 1742 1357 1781 Super
1382 1746 1498 1784 negotio
1518 1754 1588 1776 vero
1603 1769 1613 1782 ,
1635 1754 1694 1782 quo
1708 1744 1856 1781 praefatum
1869 1743 2025 1774 Nuncium
2039 1742 2191 1782 specialiter
2202 1742 2287 1774 desti-

1229 1780 1319 1820 nasti,
1338 1783 1389 1812 tibi
1402 1793 1452 1820 per
1465 1783 1528 1813 alias
1540 1782 1649 1813 nostras
1663 1783 1763 1813 litteras
1783 1781 2007 1821 respondemus,
2026 1791 2080 1811 nec
2097 1783 2214 1812 miretur
2228 1782 2291 1812 Re-

1229 1820 1295 1859 galis
1313 1821 1462 1851 sublimitas
1484 1822 1502 1851 si
1524 1822 1598 1859 tibi,
1626 1821 1705 1859 super
1719 1822 1836 1860 negotio
1849 1820 1925 1859 ipso,
1943 1830 2004 1850 non
2015 1820 2145 1850 duximus
2158 1820 2292 1858 precisiiis

1230 1858 1479 1898 respondendum,
1503 1860 1645 1890 noluimus
1666 1861 1743 1889 enim
1756 1884 1765 1897 ,
1789 1860 1842 1890 hac
1862 1861 1943 1897 vice,
1961 1858 2109 1896 praefatum
2124 1860 2291 1898 negotium,

1233 1907 1286 1936 pro
1308 1898 1389 1929 bono
1409 1899 1491 1936 ipsius
1534 1900 1587 1929 toti
1604 1898 1721 1929 fratrum
1739 1898 1906 1929 nostrorum
1920 1898 2137 1928 communicare
2150 1897 2292 1936 collegio;

1233 1938 1326 1966 immo
1341 1947 1412 1968 cum
1425 1937 1476 1967 illis
1489 1922 1637 1975 d'untaxat,
1655 1946 1689 1967 ex
1706 1935 1808 1966 eisdem
1822 1936 1980 1974 Fratribus,
1997 1936 2077 1973 super
2092 1937 2210 1972 negotio
2223 1935 2293 1973 ipso,

1233 1975 1387 2018 deliberare
1400 1977 1575 2014 curavimus,
1593 1975 1630 2005 de
1645 1976 1746 2013 quibus
1760 1976 1864 2005 habere
1877 1984 1905 2006 te
1923 1974 2063 2005 credimus
2081 1973 2215 2005 fiduciam
2235 1974 2294 2011 ple-

1233 2023 1354 2044 morem.

1270 2051 1327 2082 Sed
1340 2061 1404 2083 ante
1417 2052 1571 2083 adventum
1584 2052 1697 2082 Nuncii
1706 2077 1715 2090 ,
1733 2051 1767 2083 ad
1782 2062 1834 2083 nos
1849 2052 1865 2081 a
1879 2058 1925 2090 te,
1943 2050 2014 2082 infra
2029 2051 2145 2082 Festum
2159 2050 2295 2082 Purifica-

1235 2091 1319 2121 tionis
1341 2092 1430 2122 beatae
1449 2091 1574 2128 Virginis
1590 2092 1722 2131 proximo
1741 2091 1917 2128 secuturum,
1938 2098 2022 2127 prout
2036 2091 2066 2120 in
2081 2089 2223 2128 praedietis
2236 2090 2295 2127 agi‹

1237 2137 1282 2159 tui·
1295 2129 1406 2169 litteris,
1421 2130 1622 2161 transmittendi
1635 2142 1645 2167 3
1671 2131 1746 2159 circa
1759 2130 1837 2159 idem
1850 2130 1998 2165 negotium
2033 2138 2152 2166 operam
2166 2127 2298 2167 adhibere

1237 2170 1424 2207 proponimus
1437 2177 1484 2207 ut,
1503 2179 1551 2206 per
1563 2167 1598 2197 N
1601 2169 1717 2198 uncium
1732 2168 1824 2205 ipsum
1836 2191 1846 2205 ,
1870 2168 1922 2197 tibi
1940 2177 1978 2204 po
2003 2175 2041 2204 it,
2058 2167 2175 2196 auc'tore
2190 2166 2298 2196 Domi-

1237 2216 1293 2244 no,
1312 2207 1518 2276 prsaediffomm
1533 2207 1667 2237 omnium
1684 2206 1814 2237 Fratrum
1833 2206 2053 2237 communicato
2073 2205 2192 2236 consilio
2206 2229 2216 2243 ,
2235 2214 2297 2235 cer-

1237 2254 1290 2276 tius
1301 2256 1332 2276 re
1362 2256 1402 2276 on
1423 2257 1471 2276 eri.

1277 2256 1398 2315 Morgm
1409 2295 1480 2316 vero
1494 2284 1601 2322 praefati
1614 2283 1749 2321 Nobilis,
1771 2293 1859 2321 quern
1871 2282 1994 2313 adhibita
2011 2283 2086 2313 circa
2101 2281 2251 2312 commiffa
2265 2281 2299 2312 fi-

1237 2323 1268 2352 bi
1283 2324 1397 2361 negotia
1411 2323 1526 2363 diligens
1540 2322 1689 2354 solicitudo
1703 2321 1906 2360 commendat,
1925 2321 2023 2351 habeat
2042 2320 2157 2358 Regalis
2171 2321 2299 2359 benigni-

1237 2370 1277 2391 tas
1291 2362 1466 2400 excusatam,
1486 2363 1549 2400 quia
1563 2362 1597 2392 &
1610 2362 1791 2400 negotiorum
1805 2361 1929 2397 ipsorum
1944 2359 2058 2397 qualitas
2071 2383 2082 2396 ,
2097 2359 2132 2389 &
2145 2359 2300 2396 occupatio

1237 2400 1346 2440 sedula,
1365 2401 1420 2439 qui
1429 2401 1532 2440 jugiter
1544 2400 1687 2438 angimur,
1706 2400 1763 2438 ejus
1777 2400 1900 2429 reditum
1914 2396 2095 2429 retardarunt.

1275 2477 1344 2508 Dat.
1363 2477 1472 2508 Rornae
1484 2475 1558 2515 apud
1572 2477 1704 2508 Sanctam
1715 2475 1848 2507 Sabinam
1865 2483 1908 2515 15.
1927 2474 1993 2506 Kal.
2007 2474 2095 2513 Julii,
2113 2471 2300 2506 Pontificatfis

1234 2515 1327 2546 nostri
1351 2526 1426 2546 anno
1439 2515 1572 2546 secundo.

2291 847 2334 873 86.
2343 856 2368 872 a.
2377 849 2423 871 Pe-

2289 894 2329 911 nes
2345 887 2401 910 Ca-

2292 930 2384 950 merar.

1240 2642 1290 2672 De
1316 2636 1464 2671 militibus
1492 2641 1528 2677 ὠ·
1547 2639 1617 2671 aliis
1643 2642 1674 2671 in
1683 2636 1852 2684 sitbfidium
1872 2639 1960 2683 Regis
1976 2638 2141 2683 Norwegiae
2155 2635 2303 2672 euntibus.

2324 2709 2400 2741 Ann.
2411 2708 2452 2740 D.

2350 2748 2436 2778 1286.

2322 2791 2374 2815 An.
2398 2797 2440 2823 14.

2323 2830 2353 2854 Ε.
2378 2836 2387 2853 1
2395 2848 2400 2853 .

2322 2864 2434 2892 Rundela

1243 2723 1449 2785 EDwardus
1463 2749 1473 2763 ,
1499 2723 1557 2754 Dei
1571 2723 1674 2764 gratia,
1693 2722 1759 2753 Rex
1775 2722 1902 2763 Angliae,
1921 2721 2067 2753 Dominus
2081 2721 2248 2761 Hiberniae,
2265 2723 2300 2754 &

1322 2763 1392 2794 Dux
1410 2762 1437 2793 A
1459 2763 1568 2793 uitaniae
1582 2787 1592 2801 ,
1615 2762 1722 2793 (1116ἃο
1737 2761 1958 2801 Consanguineo
1979 2762 2012 2792 &
2025 2760 2100 2791 fideli
2111 2761 2160 2792 suo
2173 2760 2303 2792 Edmun-

1242 2801 1282 2832 do
1318 2801 1430 2832 Comiti
1473 2801 1617 2839 omubiae,
1636 2801 1731 2840 Regni
1746 2801 1858 2840 Angliae
1869 2799 1992 2830 Custodi
2006 2800 2129 2830 salutem.

1261 2854 1263 2856 ·
1280 2827 1357 2871 Alias
1376 2839 1478 2870 nostris
1500 2840 1675 2877 temporibus
1697 2839 1833 2878 inauditi,
1857 2840 1887 2868 in
1902 2838 2015 2877 Regem
2029 2838 2175 2877 quondam
2188 2837 2304 2877 Daciae,

1243 2881 1349 2918 egregii
1363 2878 1517 2917 Principis,
1535 2878 1624 2908 affinis
1646 2879 1679 2909 ὅ(
1698 2879 1782 2909 amici
1794 2876 1883 2908 nostri
1898 2875 2047 2916 karissimi,
2063 2876 2097 2906 E.
2117 2876 2206 2916 Regis
2218 2876 2303 2907 Nor-

1243 2920 1346 2948 weeiae
1359 2927 1461 2955 avum,
1480 2927 1530 2954 per
1543 2926 1692 2957 germanos
1707 2917 1788 2955 ipsius
1804 2916 1892 2946 Reois
1907 2915 2022 2953 Daciae,
2041 2915 2148 2946 sceleris
2163 2923 2303 2953 perpetra-

1243 2958 1264 2987 ti
1286 2943 1421 2996 ssagitium
1437 2980 1446 2994 ,
1471 2956 1555 2985 nobis
1575 2965 1624 2993 per
1638 2955 1719 2993 ipfius
1731 2955 1820 2995 Regis
1834 2940 2004 2994 fforwegiae
2015 2955 2103 2986 literas
2115 2955 2149 2986 &
2163 2955 2302 2985 nuncium
2323 2951 2381 2986 ΨΜ

1243 2996 1421 3032 intimatum,
1440 2993 1521 3025 cordi
1534 2993 1634 3024 nostro
1648 2995 1799 3025 horrorem
1811 2992 1939 3031 incusfitg,
2323 2987 2379 3012 &¹⁶-
2398 2989 2424 3007 ω

2323 3020 2408 3045 Tum'.

1282 3072 1302 3092 ³¹³
1321 3071 1405 3102 Nam
1416 3072 1493 3112 juxta
1503 3070 1587 3110 illud,

2321 2907 2362 2931 Lu
2366 2911 2434 2930 tera·

2322 3060 2374 3084 An.
2393 3065 2436 3093 14.

2324 3099 2354 3122 Ε.
2377 3105 2399 3122 1.

1282 3146 1360 3177 Felix
1369 3172 1378 3186 ,
1398 3158 1474 3188 quem
1480 3146 1595 3187 faciunt
1608 3145 1699 3177 aliena
1706 3146 1828 3186 pericula
1842 3153 1960 3176 cautum.
2040 3143 2080 3177 Et
2091 3144 2176 3183 illud,
2325 3134 2456 3171 ‘1134‘

1282 3188 1360 3216 Nam
1373 3193 1424 3215 tua
1435 3197 1476 3217 res
1491 3190 1582 3225 agitur
1592 3210 1602 3225 ,
1614 3189 1706 3224 paries
1718 3187 1781 3216 dum
1790 3189 1930 3225 proximus
1944 3184 2034 3215 ardet.

1245 3263 1450 3294 Detestabilitas
1468 3262 1627 3298 huiusmodi
1645 3262 1779 3294 facinoris
1794 3262 1836 3293 est
1849 3263 1985 3294 omnibus
1998 3260 2174 3300 Principibus
2188 3261 2222 3291 δε
2235 3258 2305 3290 No-

1245 3303 1346 3333 bilibus
1360 3303 1388 3332 in
1403 3303 1584 3339 exemplum,
1602 3303 1636 3332 &
1650 3311 1752 3333 omnes
1768 3302 1873 3333 debent
1887 3301 2027 3341 assurgere
2040 3299 2074 3330 ad
2088 3298 2252 3331 vindieiam.

1284 3340 1322 3371 Et
1342 3340 1407 3372 ideo
1427 3342 1509 3372 vobis
1533 3340 1697 3371 mandamus
1710 3364 1720 3379 ,
1738 3340 1817 3378 quod
1831 3341 1966 3371 omnibus
1980 3339 2032 3369 illis
2046 3337 2082 3367 de
2102 3347 2192 3374 regno
2207 3335 2307 3379 nostro

1248 3380 1389 3410 Militibus
1404 3403 1413 3418 ,
1435 3380 1468 3410 &
1490 3379 1545 3409 aliis
1557 3403 1565 3416 ,
1585 3379 1633 3416 qui
1647 3382 1718 3409 cum
1732 3379 1821 3409 nobili
1836 3380 1899 3410 viro
1935 3377 2057 3408 Olivero
2070 3375 2106 3405 de
2123 3373 2306 3418 MomeSpi-

1247 3429 1299 3456 ne,
1318 3417 1439 3448 Comite
1459 3417 1630 3459 Saresburgh
1643 3439 1653 3455 ,
1678 3417 1760 3454 ipsius
1784 3417 1873 3455 Regis
1887 3403 2058 3459 Norwegiae
2074 3413 2213 3457 Nuncio,
2231 3421 2307 3455 ¹1¹9?

1243 3458 1353 3497 jusdem
1372 3457 1462 3494 Regis
1484 3455 1633 3487 subsidium
1652 3457 1691 3485 ire
1712 3455 1870 3494 voluerint,
1888 3455 2050 3493 praebeatls,
2068 3460 2132 3483 vice
2145 3450 2256 3489 nostra,
2274 3450 2308 3480 li-

1248 3497 1371 3527 centiam
1386 3497 1420 3527 &
1435 3496 1555 3526 liberum
1568 3502 1772 3525 commeatum.

1282 3571 1374 3642 dTeste
1389 3572 1496 3611 meipso
1511 3569 1583 3609 apud
1593 3569 1676 3601 Paris.
1699 3579 1747 3600 22.
1766 3569 1812 3600 die
1828 3569 1923 3608 Junii,
1940 3577 2016 3599 anno
2031 3566 2110 3606 regni
2123 3547 2213 3596 noi’tri
2227 3566 2310 3605 quarss

1248 3622 1281 3644 tO
1302 3621 1406 3642 CClmo.

1289 3687 1381 3726 Dorso.
1404 3686 1574 3724 Expeditum
1595 3684 1644 3715 est.
1664 3684 1823 3716 Licentiam
1841 3683 2000 3714 habuerunt
2013 3682 2092 3721 juxta
2111 3679 2185 3712 istud
2197 3680 2314 3712 mandass

1251 3738 1333 3766 tum,
1351 3726 1385 3756 ad
1401 3735 1502 3756 eorum
1515 3724 1684 3764 periculum.

2327 3823 2403 3855 Ann.
2418 3822 2459 3853 D.

2349 3862 2435 3893 1286.

2327 3905 2382 3929 Aa.
2401 3910 2443 3935 ¹4-

1256 3943 1462 4009 EDwardus
1477 3966 1486 3981 ,
1512 3941 1569 3971 Dei
1587 3940 1673 3981 gratia
1680 3944 1694 3979 “,
1719 3941 1786 3973 Rex
1804 3941 1916 3981 Angliae
1929 3963 1940 3979 ,
1957 3939 2105 3971 Dominus
2116 3939 2265 3970 Hibemiae
2279 3937 2313 3968 &
2332 3945 2360 3967 E.
2383 3948 2405 3965 ι.

1256 4005 1261 4009 -
1334 3984 1402 4014 Dux
1418 3981 1589 4020 Aquitaniae,
1607 3979 1716 4011 dileetis
1729 3980 1796 4019 sibi,
1814 3979 1942 4012 Ricardo
1961 3978 2148 4017 Guidiconis,
2166 3977 2200 4009 &
2221 3976 2312 4007 Sociis
2327 3982 2358 4006 L.
2372 3979 2400 4003 A
2414 3974 2442 4012 fi

1256 4023 1308 4055 suis
1324 4020 1532 4052 Mercatoribus
1543 4018 1579 4048 de
1594 4018 1674 4058 Luk,
1693 4018 1817 4050 salutem.
2337 4015 2397 4050 178.
2411 4015 2436 4039 b.

1294 4059 1376 4092 Cum
1397 4058 1496 4091 nobilis
1516 4055 1568 4089 Vir
1588 4056 1721 4090 Oliverus
1741 4057 1888 4127 die38pinit.
1906 4056 2017 4090 Comes
2030 4055 2067 4088 de
2080 4055 2212 4093 sarburg.
2228 4051 2319 4121 Νὲιιιὲ
2332 4054 2459 4118 &narca-

2279 4100 2288 4120 ι
2360 4100 2383 4117 er
2418 4107 2424 4113 η

1373 3862 1422 3893 De
1441 3860 1570 3892 Pecunia
1591 3860 1712 3891 Nuncio
1735 3859 1821 3904 Regis
1837 3858 2004 3904 Norwegise
2022 3852 2190 3889 liberanda.
