2570 4261
711 49 1352 104 CONVENTION

285 83 365 109 100

1382 47 1512 96 ES,
1567 46 1955 98 LITERAE‚

141 155 217 185 Anii.
230 153 269 183 D.
284 153 459 183 deditionem
479 151 596 188 accepit.
634 148 705 179 Hoc
727 147 866 177 invenitur
886 145 915 174 in
935 144 1073 175 Cronicis
1095 142 1216 172 Mariani
1235 140 1333 175 Scoti,
1371 133 1492 164 mundus
1507 133 1678 172 Yreneside,
1697 134 1782 166 Filius
1798 136 1872 179 ejusj
1891 137 1942 174 qui
1954 132 2161 179 primonRegni
2184 135 2224 167 sui
2246 145 2340 177 anno,
2356 140 2431 178 apud
2449 138 2525 174 Ann-
2539 138 2570 178 Ῐ)

170 202 252 230 1293.
286 192 395 230 Rossffl
409 194 444 220 de
456 190 634 224 Hovedffle7
651 188 683 217 ἃ
700 184 850 215 Wjfflelmi
863 182 900 213 de
913 183 1117 224 Malmesgyfe-
1129 189 1250 219 quorum
1257 186 1341 208 com-
1373 173 1534 210 Oxoniam,
1552 173 1569 202 a
1582 173 1654 203 Filio
1669 172 1764 205 Edrici
1778 174 1870 205 Ducis
1883 174 2037 212 proditiose
2051 173 2213 205 mterfestus
2228 175 2277 205 est.

140 236 208 259 Edu.
232 241 253 257 1.
288 231 431 267 {illationes
445 232 477 259 δε
489 229 550 257 libri
564 226 747 255 inveniuntur
760 224 791 252 in
803 222 896 252 multis
909 223 943 253 &
957 221 1071 252 divertis
1086 205 1276 249 Monasteriis.

143 311 217 342 Αηῃ,
233 311 274 340 D,
327 306 412 335 Anno
426 303 548 332 Domini
560 299 776 339 nongentesimo
788 297 925 328 vicesimo
941 298 1044 336 primo.
1083 296 1149 327 Rex
1164 294 1326 325 Scottorum
1336 314 1346 327 ,

178 360 244 387 921.
287 353 355 373 cum
369 341 428 372 tota
441 349 524 386 gente
535 339 594 369 suci:
614 342 647 370 ὃς
664 336 836 376 Reginaldus
850 336 915 366 Rex
932 336 1102 372 Danorum,
1121 343 1189 363 cum
1205 331 1292 361 Danis
1308 330 1341 359 ὃς

288 383 308 410 12
319 381 404 417 agiis,
423 378 651 409 horhumbriam
665 376 872 412 incolentibus,
890 375 956 404 Rex
971 376 1054 404 etiam
1077 370 1341 410 Stregewallorum,

288 428 356 448 cuin
376 418 426 447 suis
443 441 452 454 ,
478 416 600 446 eundem
623 415 736 453 Regem
757 412 929 443 Edwardum
952 412 1001 442 sibi
1020 413 1050 441 in
1077 411 1190 441 Patrem
1218 410 1250 438 δε
1281 406 1343 435 Do-

289 458 401 486 iizinum
421 455 584 493 elegerunt,
610 454 781 490 firmumque
800 452 892 481 soedus
911 460 979 481 cum
998 461 1034 480 eo
1057 449 1122 487 pepi
1143 454 1230 477 erunt.
1272 443 1343 487 Hoc

289 495 429 523 invenitur
449 494 479 521 in
494 492 626 522 Cronicis
640 491 762 522 Mariani
777 489 875 527 Scoti,
892 490 925 520 &
939 488 1052 526 Rogeri
1067 487 1102 517 de
1149 483 1295 520 ovedene,
1313 491 1342 511 in

289 532 384 562 multis
399 532 493 569 libris,
507 532 568 563 ἃς.

329 608 417 638 Anno
430 607 554 638 Domini
566 605 784 646 nongentesimo
796 603 933 635 vicesimo
948 609 1053 641 quarto.
1090 599 1173 630 Idem
1193 595 1345 628 Edwardus

291 646 355 676 Rex
376 647 503 684 cunctis,
521 645 690 676 Britanniam
712 643 905 673 incolentibus
920 666 929 680 ‚
949 639 1108 670 Anolorum
1124 662 1134 676 ,
1159 638 1346 678 Scottorum,

290 685 504 722 Cumbrorum,
519 684 687 720 Dasiorum,
705 684 739 713 &
760 681 908 711 Britonum
929 664 1039 717 populis
1062 677 1178 716 praefuit.
1215 674 1285 704 Hoc
1301 682 1344 717 in-

290 724 400 754 venitur
414 724 442 752 in
458 722 590 753 Cronicis
607 721 728 751 Mariani
743 720 842 758 Scoti,
860 720 894 750 ὅτ.
912 719 930 737 *
951 717 1061 756 Rogeri
1074 716 1109 746 de
1123 713 1344 749 Hovedene,in

291 762 384 792 multis
400 761 472 790 libris
480 784 490 799 ,
508 762 567 791 &c.

141 613 217 643 Ami.
233 610 273 641 D.

178 661 245 689 924.

141 737 274 771 ⁸11.56o.

326 838 414 868 Anno
429 836 552 867 Domini
567 836 784 874 nongentesimo
796 834 932 866 vicesimo
948 832 1034 863 sexto.
1072 829 1238 861 Adelstanus
1258 827 1345 865 filius,

290 878 322 908 ἃ
340 875 516 906 irsimediatus
530 875 682 905 Succelsor
695 874 815 913 ejusdem
830 872 962 903 Edwardi
968 871 1053 909 ,vicit
1062 870 1173 908 Regem
1182 869 1346 899 Scottorum

289 914 527 951 Constantinum,
546 913 717 952 Regemque
728 913 771 942 W
773 921 904 943 entorum
921 910 1018 948 praelio
1033 909 1101 939 vicit
1116 909 1150 938 ὃς
1172 907 1296 946 fugavit,
1313 905 1346 935 &

288 955 327 983 hii
349 953 468 990 devicti,
487 953 659 982 sacramento
678 952 760 990 dato,
779 961 845 982 cum
866 949 925 994 ipso
951 948 1043 978 foedus
1056 946 1262 985 pepigeruntin
1277 944 1346 973 loco

287 993 337 1029 qui
351 992 452 1022 dicitur
466 990 592 1021 Emothe
627 1000 725 1028 quarto
741 989 808 1020 Idus
818 988 896 1027 Julii.
932 987 1003 1017 Hoc
1018 987 1156 1015 invenitur
1174 982 1346 1013 inCronicis

288 1030 413 1061 Mariani
426 1029 522 1066 Scoti,
539 1031 573 1061 &
590 1015 698 1067 Rogeri
711 1028 747 1059 de
761 1026 940 1063 Hovedene,
959 1027 988 1055 in
1005 1024 1098 1055 multis
1114 1023 1197 1052 libris.

326 1069 362 1099 Et
377 1070 405 1098 in
423 1067 555 1098 Cronicis
569 1068 723 1097 Willielmi
740 1067 775 1097 de
795 1065 1004 1103 Malmesbyre,
1022 1062 1144 1092 Henrici
1158 1061 1193 1091 de
1208 1059 1345 1128 Hunxg-

289 1106 377 1146 dene,
396 1108 429 1138 &
444 1106 587 1144 Radulphi
602 1105 638 1136 de
652 1106 761 1136 Dizeto
776 1105 812 1135 sic
829 1105 985 1140 invenitur,
1004 1100 1184 1136 Adelstanus‚
1205 1098 1269 1128 Rex
1331 1115 1345 1120 -

289 1147 353 1185 glire
368 1144 534 1183 praedicitis,
553 1143 776 1175 Constantinum
788 1143 901 1182 Regem
915 1141 1079 1171 Scottorum
1094 1138 1278 1176 praedictum,
1299 1147 1348 1166 ce-

288 1187 354 1215 dere
377 1184 480 1223 Regno
500 1183 659 1221 compulit,
679 1192 766 1220 quem
786 1190 881 1212 tamen
902 1179 1000 1218 postea
1020 1178 1069 1208 sub
1091 1179 1116 1208 le
1138 1185 1251 1219 regnare
1277 1186 1350 1206 con—

289 1223 376 1253 stituit
391 1224 420 1252 in
416 1223 575 1300 ffantiquum
592 1221 711 1260 statum,
727 1221 842 1259 dicens,
847 1217 980 1259 gloriofius
995 1217 1031 1256 est
1044 1219 1139 1254 Regem
1145 1213 1348 1254 jacere,qudm

289 1265 385 1300 Regem
401 1273 416 1300 ς
436 1272 457 1291 e.

140 843 216 874 Ann.
227 841 266 871 D.

176 892 184 907 t
195 882 241 910 26.

327 1338 415 1369 Anno
435 1337 559 1369 Domini
578 1337 794 1377 nongentesimo
817 1335 958 1367 tricesimo
971 1341 1079 1372 quarto.
1116 1331 1198 1362 Idem
1216 1328 1343 1360 Adelsta-

291 1386 342 1407 nus
355 1400 363 1415 ,
385 1377 448 1407 Rex
468 1377 577 1415 Anglite
593 1401 602 1414 ,
621 1376 743 1406 eundem
766 1375 989 1405 Constantinum
1004 1395 1013 1410 ,
1032 1372 1145 1411 Regem
1165 1370 1348 1406 Scottorum,

290 1416 470 1445 rebellantem
492 1415 617 1452 devicit,
634 1416 666 1446 &
688 1414 816 1444 Scotiam
837 1413 922 1450 usque
943 1409 1124 1442 Dunfodiam
1146 1408 1273 1439 vastavit.
1310 1406 1348 1437 Et

289 1455 365 1484 idetn
381 1453 584 1484 Constantinus
601 1453 704 1482 Filium
720 1453 797 1482 suum
810 1451 892 1482 dicio
909 1449 1078 1486 Adelstano,
1097 1457 1166 1478 curn
1181 1446 1271 1486 dignis
1286 1456 1351 1475 mu-

289 1493 415 1530 neribus,
435 1494 463 1522 in
485 1492 615 1522 obsidem
636 1491 729 1529 dedit,
748 1492 781 1522 &
803 1490 841 1520 sic
863 1489 1000 1528 pacificati
1019 1488 1089 1518 sunt.
1125 1485 1197 1516 Hoc
1212 1485 1351 1514 invenitur

289 1533 317 1560 in
341 1530 475 1561 Cronicis
495 1530 616 1560 Mariani
634 1530 716 1559 Scoti
732 1551 741 1566 ,
770 1528 879 1568 Rogeri
901 1527 936 1557 de
958 1525 1120 1557 Hovedene
1133 1548 1142 1563 ‚
1176 1523 1297 1554 Henrici
1315 1521 1352 1553 de

289 1569 504 1608 Huntyiidone,
525 1570 558 1600 δε
573 1567 716 1606 Radulplii
730 1567 765 1597 de
781 1567 889 1597 Dizeto
904 1567 934 1596 in
948 1565 1041 1596 multis
1053 1564 1146 1601 libris,
1163 1564 1224 1594 &c.

140 1345 217 1376 Ann.
232 1344 273 1376 D.

179 1394 245 1423 934·

140 1647 216 1677 Ann.
234 1646 274 1677 D.

179 1695 244 1725 937-

330 1646 418 1678 Anno
434 1646 557 1677 Domini
572 1644 786 1685 nongentesimo
801 1643 943 1674 tricesimo
960 1642 1088 1680 septimo.
1108 1639 1250 1679 Eugenius
1260 1664 1269 1677 ,
1284 1639 1350 1669 Rex

293 1685 508 1724 Cumbrorum,
525 1686 558 1716 &
573 1684 777 1714 Constantinus
793 1683 858 1713 Rex
881 1682 1065 1718 Scottorum,
1083 1680 1113 1709 in
1140 1679 1208 1709 loco
1246 1679 1294 1716 qui
1309 1678 1351 1708 di-

291 1726 363 1755 citur
380 1724 498 1762 Dacor,
515 1724 675 1760 venientes,
692 1722 736 1760 se,
755 1731 824 1751 cum
846 1721 897 1751 suis
918 1720 1044 1757 Regnis,
1061 1717 1154 1748 eidem
1178 1703 1354 1754 Adelstano,

291 1763 401 1801 Angliae
418 1762 509 1801 Regi,
527 1761 675 1798 dedidere,
694 1761 722 1789 in
737 1762 814 1794 cuius
830 1760 905 1797 pacti
925 1759 1011 1797 gratia
1036 1756 1124 1786 filium
1150 1754 1351 1793 Constantini,

291 1802 427 1839 baptizari
443 1802 547 1839 julium
563 1823 572 1838 ,
592 1800 646 1837 iple
668 1798 830 1828 Adelstanus
853 1797 889 1827 de
911 1797 988 1827 sacro
1011 1795 1103 1825 Fonte
1121 1793 1246 1831 suscepit.
1281 1794 1351 1823 Hoc

291 1842 430 1908 &remur
459 1841 487 1869 in
512 1838 646 1868 Cronicis
675 1837 824 1867 Willielmi
849 1835 885 1865 de
913 1835 1106 1872 Malniesbyre
1121 1857 1131 1871 ,
1157 1834 1186 1863 in
1206 1832 1300 1862 multis
1318 1832 1352 1862 li-

315 1889 363 1916 ris,
382 1880 442 1910 &c.

329 1955 417 1985 Anno
431 1955 555 1985 Domini
578 1953 792 1994 nongentesimo
812 1949 1036 1990 quadragesimo,
1074 1947 1231 1979 Adelstano
1252 1946 1353 1978 defun-

295 1995 345 2025 &0
358 1995 483 2024 successit
498 1993 681 2024 Eadmundus
691 1993 784 2022 Frater
799 1991 930 2030 ejus,qui
945 1988 1071 2028 regnavit
1083 1987 1187 2026 septem
1201 1987 1280 2018 annis
1294 1986 1350 2016 sine

293 2033 446 2064 rebellione
461 2033 643 2070 Scottorum,
663 2033 723 2062 &c.

143 1968 218 1999 Ann.
232 1966 272 1996 D.

178 2015 246 2044 940-

331 2110 418 2140 Anno
438 2109 561 2139 Domini
583 2107 800 2147 nongentesimo
830 2104 1004 2144 quadrasimo
1030 2103 1157 2142 septimo.
1200 2100 1329 2133 Edredus
1342 2123 1352 2139 ,

293 2148 384 2179 Frater
410 2147 569 2185 Adelstani,
588 2147 666 2177 dicto
688 2144 859 2175 Eadmundo
873 2144 961 2174 Fratri
975 2143 1023 2174 suo
1037 2141 1182 2179 succesiit3
1200 2141 1264 2179 qui,
1284 2138 1349 2178 post

291 2187 499 2218 Norliumbros
515 2186 644 2216 devictos
661 2209 670 2222 ,
688 2186 717 2213 in
738 2183 864 2213 Scotiam
887 2182 986 2213 vexilla
1009 2180 1115 2211 direxit.
1152 2180 1244 2210 Scotti
1263 2180 1350 2215 vero,

290 2227 383 2256 nimio
406 2234 512 2255 terrore
554 2222 671 2261 ercuffi,
690 2223 745 2252 sine
762 2221 860 2259 bello,
879 2220 1059 2251 subdiderunt
1082 2219 1108 2248 se
1134 2218 1210 2257 Regi
1233 2216 1349 2247 Edredo

289 2264 448 2303 praedi-sto,
468 2264 501 2293 ὃς
541 2262 683 2292 deliratem
697 2285 706 2298 ,
730 2260 863 2290 Domino
885 2259 1030 2295 debitam,
1056 2257 1150 2288 eidem
1169 2258 1347 2294 juraverunt,

288 2302 415 2341 quodam
428 2301 529 2331 Yricio
547 2300 629 2339 Rege
644 2299 723 2337 super
737 2299 808 2336 ipsos
824 2298 940 2327 Scottus
964 2296 1074 2326 statuto.
1112 2294 1183 2325 Hoc
1208 2295 1349 2325 invenitur

288 2343 317 2372 in
332 2340 464 2371 Cronicis
478 2339 598 2369 Mariani
613 2338 711 2376 Scoti,
730 2336 770 2366 W
775 2336 880 2366 illielmi
895 2335 931 2365 de
943 2334 1151 2373 Malmesbyre,
1167 2334 1200 2365 ὃς
1225 2332 1347 2362 Henrici

288 2380 325 2410 de
336 2377 550 2418 Huntyndone,
568 2379 598 2407 in
613 2377 707 2407 multis
723 2376 816 2412 libris,
833 2375 894 2405 &c.

141 2122 218 2154 Ann.
233 2121 273 2152 D.

171 2170 242 2200 947-

144 2469 269 2500 ΑηΠᾸ).
328 2457 415 2487 Anno
438 2454 560 2485 Domini
582 2453 798 2496 nongentesimo
821 2450 1051 2494 quinquavesimo
1072 2449 1181 2488 quinto.
1225 2447 1349 2478 Mortuo

175 2517 239 2548 955·
289 2495 372 2540 Rege
385 2493 645 2538 Ερῐεάοῄἷυςςοίῖιῐ-
652 2493 677 2521 ei
693 2490 854 2530 Edmynus,
874 2475 1133 2533 iilius‘ieadmundi,
1150 2487 1237 2532 fratris
1260 2486 1351 2531 Edre-

291 2533 513 2603 ‘rissblgiffigi'uiiin
533 2540 659 2571 regnaVit
680 2538 798 2568 quatuor
820 2538 916 2566 armis,
935 2537 1012 2566 cujus
1034 2536 1163 2564 tempore
1183 2527 1276 2556 Scotti
1289 2535 1349 2555 non

332 2649 420 2680 Anno
441 2649 564 2680 Domini
586 2645 801 2686 nongentesimo
820 2642 1021 2689 septuagesimo
1039 2643 1168 2680 septimo.
1205 2640 1346 2680 Edgarus,

292 2689 358 2720 Rex
374 2688 500 2727 Angliae,
520 2687 568 2725 qui
582 2685 745 2716 immediate
760 2683 885 2713 suceeffit
898 2683 1030 2720 hdwyno
1045 2682 1130 2711 Fratri
1151 2681 1218 2718 suo,
1233 2679 1263 2708 R
1300 2688 1348 2708 em

290 2728 456 2759 Scottorum
477 2724 658 2766 Kynadium,
675 2723 873 2753 (Lumbi-orum
897 2720 1108 2757 Malcolmum,
1126 2718 1269 2749 Mackum
1320 2727 1349 2746 e-

289 2777 355 2806 gem
370 2766 552 2804 plurimarum
568 2763 737 2800 insularum,
755 2760 875 2798 aliosque
891 2760 1017 2797 quinque
1037 2757 1213 2797 subregulos,
1231 2755 1266 2786 ad
1287 2754 1350 2785 Cu-

289 2807 360 2836 riam
372 2804 506 2841 coac‘tos,
524 2812 583 2833 uno
595 2802 627 2832 δε
642 2809 780 2839 perpetuo
795 2799 968 2829 sacramento
987 2796 1142 2836 obligavit,
1160 2795 1231 2825 adeo
1251 2802 1300 2831 ut,
1319 2804 1348 2824 a-

290 2844 348 2881 pud
370 2842 523 2874 Civitatem
550 2841 708 2879 Legionum
724 2861 733 2876 ,
751 2838 799 2867 libi
844 2845 874 2867 ut
898 2835 1063 2873 mandarat,
1086 2841 1267 2865 occurrentes
1282 2855 1292 2870 ,
1316 2833 1346 2861 in

292 2892 430 2920 pompam
443 2879 598 2917 triumphi,
617 2888 665 2916 per
679 2878 799 2907 fluvium
815 2860 900 2905 hehe
913 2874 976 2903 illos
992 2873 1153 2904 deduceret.
1187 2870 1260 2903 Una
1267 2871 1345 2901 enim

292 2922 355 2950 navi
375 2919 534 2957 impositos,
552 2928 602 2956 pro
611 2928 639 2946 ie
661 2925 772 2954 proram
791 2913 887 2944 sedens
909 2913 1044 2951 remigare
1067 2912 1207 2949 cogebat,
1225 2919 1274 2947 per
1287 2909 1346 2939 hoc

291 2958 432 2988 ostentans
442 2957 561 2996 regalem
576 2928 834 2994 Niagnlficentiam,
852 2954 900 2989 qui
914 2951 1067 2990 subjectam
1088 2951 1202 2981 haberet
1222 2957 1266 2978 tot
1287 2947 1349 2977 Re-

291 3005 361 3035 gum
376 2995 543 3034 p'otentiam:
562 2994 684 3031 denique
698 2992 784 3022 fertur
795 2991 987 3027 dixiss'e,Tunc
1001 2990 1103 3018 demum
1111 2985 1347 3027 poffivSucceffiires

283 3035 346 3075 Jt'cos
358 3035 469 3071 gloriari
477 3032 507 3072 ft
521 3035 601 3069 Reges
615 3030 767 3068 Auglorum
783 3029 845 3069 ‘’ffi'w
863 3040 920 3058 cum
932 3028 1017 3057 tantd
1029 3027 1157 3057 honorum
1167 3023 1347 3064 prerogativd

285 3074 453 3112 fruerentur⁴

330 3111 419 3149 Item,
438 3113 466 3140 in
481 3109 604 3148 quodam
616 3109 771 3145 convivio,
789 3106 864 3138 fama
878 3105 935 3143 est,
952 3104 1066 3143 Regem
1082 3103 1270 3140 Scottorum,
1282 3100 1347 3140 Ky-

290 3150 406 3181 nadium
426 3148 614 3179 ludibundum
636 3146 749 3184 dix-isse,
767 3149 862 3175 mirum
883 3146 973 3174 videri
993 3143 1104 3180 Edgaro
1120 3165 1130 3181 ,
1146 3149 1205 3171 tam
1227 3140 1282 3171 vili
1301 3140 1348 3169 ho-

291 3191 440 3226 muncioni,
457 3185 766 3225 tntprovimiasJirbici:
805 3183 896 3222 Qod
916 3182 1062 3225 Edgarum
1082 3190 1144 3210 non
1168 3181 1260 3217 latuit,
1280 3180 1344 3217 qui,

290 3227 365 3265 quasi
386 3225 556 3257 consultandi
577 3224 680 3263 gratia,
699 3222 862 3262 Kynadium
882 3222 1020 3258 accerliit,
1039 3218 1181 3258 longeque
1205 3220 1234 3247 in
1249 3218 1344 3247 lilvam

291 3266 416 3295 deducsto
428 3289 437 3302 ,
456 3274 545 3294 unum
564 3264 581 3292 ὲ
597 3261 706 3292 duobus
728 3261 836 3291 ensibus
850 3283 859 3298 ‚
878 3270 948 3298 quos
970 3260 1066 3289 secum
1087 3258 1178 3287 attulit
1193 3280 1202 3294 ,
1220 3256 1346 3286 tradidit:

291 3307 334 3334 Et
349 3315 435 3341 nunc,
450 3303 503 3340 ait,
519 3300 608 3331 licebit
621 3304 693 3329 virer
707 3307 770 3328 tuas
781 3303 934 3337 experiare,
952 3309 1009 3326 cum
1016 3295 1175 3336 Jblifimus5
1190 3295 1254 3333 jam
1275 3298 1345 3323 enim

284 3342 358 3380 faxo
373 3349 404 3370 ut
417 3348 547 3379 appareat
557 3342 616 3380 quir
627 3337 710 3367 alteri
723 3341 817 3368 merito
824 3337 935 3376 Jizpponi
948 3336 1043 3365 debeat
1052 3345 1061 3363 :
1081 3337 1166 3372 Turpe
1181 3332 1348 3375 enimqsteffe

291 3384 388 3418 Regem
401 3383 430 3409 in
443 3383 568 3408 convivio
583 3375 745 3414 dicatulum,
763 3387 808 3405 nec
821 3376 868 3414 effi>
883 3379 910 3403 in
921 3374 1015 3413 praelio
1028 3379 1195 3412 promptum:
1228 3371 1346 3402 Contu-

292 3420 334 3449 sus
349 3419 395 3448 ille
409 3417 443 3448 ad
458 3416 540 3457 pedes
555 3416 643 3454 Regis
656 3414 775 3453 cecidit,
793 3414 923 3451 simplicis
939 3414 999 3451 joci
1020 3412 1130 3442 veniam
1173 3419 1295 3447 recatus,
1313 3411 1346 3440 ὃς

292 3457 442 3487 confestim
457 3455 630 3486 consecutus.
663 3453 738 3483 Hiec
751 3453 928 3482 inveniuntur
941 3453 970 3480 in
983 3450 1116 3481 Cronicis
1132 3448 1159 3478 N
1171 3449 1253 3478 ariani
1269 3448 1343 3478 Sco-

293 3495 328 3529 ti,
346 3495 455 3533 Roget-i
475 3494 510 3524 de
534 3490 711 3528 Hovedene,
729 3491 878 3520 willielmi
900 3489 935 3519 de
952 3488 1156 3527 Malmesbyre,
1174 3486 1296 3516 Henrici
1310 3486 1347 3516 de

293 3531 506 3571 Huntyndone,
525 3533 557 3562 δε
573 3529 719 3567 Radulphi
733 3529 768 3559 de
784 3529 910 3566 Dizet0,
928 3528 957 3557 in
973 3527 1067 3558 multis
1079 3526 1173 3563 libris,
1191 3526 1252 3556 &c.

143 2662 217 2692 Ann.
235 2660 276 2692 D.

173 2708 241 2737 977·

148 3608 222 3638 Ann.
237 3607 278 3637 D.

181 3648 250 3684 985,
263 3666 272 3675 .

331 3607 416 3639 Anno
429 3609 553 3639 Domini
565 3605 783 3643 nongentesimo
796 3603 975 3643 octogesimo
989 3605 1099 3642 quinto.
1133 3600 1273 3632 Successit
1286 3600 1348 3630 Re-

295 3646 322 3684 gi
334 3645 444 3684 Edgaro
457 3648 574 3677 Sanetus
587 3644 739 3675 Edwardus
753 3642 870 3680 Martir,
890 3642 971 3672 Filius
982 3642 1052 3672 dieti
1065 3639 1184 3680 Edgari:
1205 3640 1284 3678 Qui,
1298 3649 1348 3669 an—

296 3693 334 3711 no
349 3684 440 3722 Regni
453 3686 492 3715 sui
506 3694 605 3723 quarto
641 3683 690 3712 sub
705 3680 845 3711 Noverci
857 3680 902 3710 sua
915 3680 1053 3719 Altritha,
1071 3678 1236 3710 masnitium
1256 3677 1347 3716 pallus

296 3720 353 3758 est,
371 3725 446 3759 cujus
461 3732 591 3761 tempore
605 3706 698 3752 Scotti
711 3729 771 3750 non
786 3719 996 3750 rebellaverunt.

150 3797 224 3827 Ann.
238 3796 279 3826 D.
333 3794 419 3825 Anno
433 3795 555 3826 Domini
567 3795 782 3836 nongentesimo
796 3793 976 3833 ouogefirno
1000 3805 1090 3825 nono.
1124 3791 1262 3823 Successit
1274 3790 1345 3820 Sm-

186 3836 252 3872 939.
295 3833 345 3863 &0
357 3832 499 3863 Edwardo
513 3836 531 3853 ³*
546 3835 714 3873 EgelreduS,
730 3834 823 3863 Frater
835 3833 906 3869 ejus',
926 3834 973 3870 qui
988 3833 1115 3872 regnavit
1128 3832 1241 3868 triginta
1253 3830 1345 3858 aunis:

148 3875 164 3889 ·‘
176 3876 212 3902 li.
216 3876 281 3908 561.
296 3881 355 3910 quo
368 3879 495 3908 tempore
508 3873 592 3903 nichil
603 3874 744 3903 invenitur
757 3871 793 3900 de
805 3871 956 3902 rebellione
972 3871 1147 3902 Scottorum.

150 3946 280 4015 Affii?
334 3946 422 3978 Anno
435 3944 561 3977 Domini
572 3947 721 3978 millesimo
734 3947 851 3978 decimo
864 3946 947 3978 sexto.
966 3945 1104 3979 Succeffit
1118 3924 1260 3985 Egelredo
1273 3941 1349 3973 Ead-

2471 191 2557 220 1292.

1411 248 1500 278 Anno
1523 248 1648 278 Domini
1672 250 1822 281 millesimo
1846 250 1962 281 decimo
1977 249 2103 288 septimo.
2140 249 2207 281 Rex
2221 250 2356 292 Knutus,
2373 253 2436 286 Da-
2451 223 2520 298 Ξῗη
2538 226 2570 299 E

1378 297 1432 330 nus
1448 286 1575 317 successit
1597 288 1626 316 in
1651 287 1790 327 Regnum
1812 288 1942 328 Angliae3
1961 291 2027 327 qui,
2044 298 2122 320 anno
2142 289 2239 329 Regni
2261 289 2301 320 sui
2321 291 2436 324 decimo

1376 334 1493 363 quinto,
1516 325 1650 369 Romam,
1661 326 1804 370 profectus
1821 327 1881 366 est,
1899 328 1951 364 δε,
1969 327 2121 358 elimosinis
2143 337 2258 365 peccata
2280 329 2419 361 redimens
2473 314 2558 344 ¹⁰¹7‘

1377 363 1481 393 eodem
1497 373 1573 393 anno
1588 372 1700 394 naV1010
1713 366 1742 394 in
1758 365 1888 404 Angliam
1905 365 2003 404 rediit3
2023 367 2057 397 &
2073 374 2143 396 mox
2157 366 2285 397 Scotiam
2300 355 2438 399 rebellam-3

1377 410 1455 444 tem,
1471 400 1641 445 Regemque
1652 387 1868 446 fflalcolmum,
1887 404 2063 441 expeditione
2078 404 2143 435 illuc
2160 404 2359 443 duitafflarvo
2373 406 2436 437 sub-

1377 448 1434 476 egit
1459 448 1591 483 negotio,
1608 440 1786 480 subditusque
1807 442 1848 472 est
1873 442 1898 472 ei
1921 441 2012 472 dictus
2038 442 2215 474 Malcolmus
2237 443 2303 474 Rex
2320 444 2438 476 Scotto-

1377 479 1512 522 rqu&
1533 477 1577 508 alii
1600 477 1659 508 duo
1683 479 1777 519 Reges
1793 480 1947 510 Melbeach
1963 481 1997 512 &
2014 479 2156 510 Gerinak:
2176 480 2230 519 Et,
2248 482 2437 520 postmodum

1377 524 1535 559 invenitur,
1553 525 1609 559 erat
1626 515 1740 548 Knutus
1757 518 1901 549 Dominus
1917 519 2002 549 totius
2017 517 2136 557 Daciae,
2153 520 2238 550 totius
2321 522 2365 551 liae
2390 531 2436 553 to-

1378 563 1429 584 tius
1449 553 1638 598 Norwegiae,
1655 555 1778 598 firniliter
1799 557 1833 588 ὃ(
1853 557 1966 587 Scotiae.
2003 556 2075 588 Hoc
2097 558 2239 588 invenitur
2254 559 2284 588 in
2319 545 2435 591 ‘roriicis

1380 592 1501 622 Mariani
1515 592 1612 630 Scoti,
1633 593 1781 637 Willielmi
1796 596 1832 625 de
1850 594 2061 634 Malmaebyre,
2078 595 2201 627 Henrici
2215 595 2252 627 de
2259 597 2436 637 Hurityndo-

1379 641 1434 670 ne,
1451 632 1485 662 &
1502 630 1643 669 Radulphi
1658 631 1694 662 de
1709 633 1825 674 Dyzeto
1841 634 1871 664 in
1888 633 1980 665 multis
1995 634 2089 674 libris>
2106 636 2167 667 &c.

1417 707 1506 738 Anno
1520 707 1808 752 Domini-millesimo
1822 709 1964 753 tricesimo
1977 711 2086 748 quinto.
2105 710 2241 742 Successit
2257 711 2334 752 Regi
2351 712 2437 745 Knu-
2454 707 2530 739 Ann.
2544 707 2570 742 D

1380 754 1412 776 to
1434 746 1583 784 Haraldus,
1603 746 1685 790 Filius
1704 747 1786 785 suus,
1806 757 1853 785 qui
1877 749 2001 792 regnavit
2025 758 2144 786 quatuor
2157 751 2252 789 annis,
2270 751 2304 782 &
2321 761 2438 789 quatuor
2478 755 2566 787 1035.

1379 785 1519 853 iiicmnfibus
1536 796 1542 814 :
1579 784 1667 824 Cujus
1689 792 1820 824 tempore
1841 795 1904 816 non
1925 788 2066 818 invenitur
2087 787 2124 818 de
2145 789 2302 819 rebellione
2324 792 2440 822 Scotto-

1420 899 1508 930 Anno
1533 899 1658 930 Domini
1680 899 1830 931 millesimo
1845 900 2063 941 quadragesimo.
2099 901 2175 941 Regi
2189 901 2319 935 Haraldo
2333 904 2441 936 succes·
2462 904 2570 936 Ann.D

1383 937 1415 982 fit
1439 938 1657 983 Hardeknutus,
1676 939 1770 970 Frater
1792 941 1865 978 ejus,
1884 941 1950 978 qui,
1968 940 2039 970 cum
2060 940 2175 971 biennio
2190 965 2200 980 ,
2218 951 2318 979 praeter
2337 944 2440 975 decem
2488 952 2570 983 1040.

1384 976 1441 1021 dies
1451 1001 1466 1021 ,.
1480 977 1616 1021 regnaffet
1626 1002 1636 1015 ,
1653 977 1727 1015 apud
1743 977 1903 1008 Lambethe
1920 985 2046 1009 mortuus
2062 978 2117 1009 est:
2139 978 2227 1019 Cujus
2239 988 2372 1021 tempore
2394 985 2441 1014 ni-

1385 1015 1445 1046 chil
1458 1025 1598 1047 invenitur
1611 1016 1648 1047 de
1663 1016 1816 1047 rebellione
1831 1016 2006 1048 Scottorum.

1403 1092 1507 1136 'Anno
1523 1091 1646 1123 Domini
1662 1091 1813 1123 millesimo
1829 1091 2040 1132 quadragesimo
2055 1094 2145 1124 tertio.
2182 1093 2373 1127 Hardeknuto
2381 1096 2443 1129 Re·
2460 1097 2536 1128 Ann.
2548 1097 2570 1129 l:

1381 1139 1409 1170 gi
1422 1130 1548 1175 succeffit
1562 1131 1753 1175 EadwarduS,
1771 1132 1820 1170 qui
1834 1132 2072 1170 congnominatus
2087 1132 2128 1162 est
2136 1131 2248 1172 Justus,
2267 1133 2382 1165 FiliusE
2403 1137 2443 1166 el-
2478 1145 2567 1175 1043-

1383 1169 1440 1199 redi
1456 1169 1562 1209 Regis3
1578 1180 1656 1209 cujus
1668 1169 1742 1209 jussu
1756 1169 1826 1200 Dux
1837 1169 2114 1208 Norhumbrorum,
2132 1172 2280 1210 Sywardus
2295 1182 2364 1203 cum
2411 1185 2442 1205 e-

1383 1217 1420 1245 ge
1432 1208 1600 1253 Scottorum
1617 1209 1769 1240 Machiota
1781 1208 1910 1246 praelium
1921 1208 2066 1239 commisit
2074 1208 2237 1248 ,ipsumque
2251 1211 2309 1241 vita
2322 1212 2355 1242 &
2364 1211 2445 1252 Reg-

1384 1257 1425 1290 no
1447 1246 1575 1291 spoliayit
1591 1285 1598 1291 ‚
1612 1248 1646 1279 δε
1668 1246 1883 1286 Μεὶεοὶιῃιιῐῃ,
1901 1246 2004 1277 Filium
2029 1246 2118 1287 Regis
2139 1247 2354 1287 Cumbrorum,
2368 1252 2445 1289 junii

1384 1285 1455 1329 dicti
1472 1285 1578 1330 Regis·
1602 1285 1726 1325 dwardi,
1743 1285 1859 1325 Regem
1874 1285 2042 1316 Scottorum
2056 1285 2210 1317 constituit.
2246 1286 2319 1318 Hoc
2336 1290 2446 1320 inveni-

1384 1333 1428 1354 tur
1442 1334 1471 1354 ιη
1488 1323 1622 1355 Cronicis
1638 1324 1760 1355 Mariani
1774 1324 1873 1362 Scoti,
1891 1323 2001 1363 Rogen'
2016 1323 2053 1354 de
2074 1323 2254 1363 Hovedene,
2272 1325 2394 1358 Henrici
2410 1328 2449 1359 de

1386 1361 1602 1406 Huntyndone,
1621 1364 1655 1394 ὅ(
1673 1362 1817 1401 Radulphi
1830 1362 1866 1392 de
1883 1362 2010 1400 Dizet0,
2029 1364 2058 1392 in
2079 1363 2171 1394 multis
2196 1363 2280 1394 libris.
2314 1365 2446 1397 Similiter

1386 1402 1419 1432 ὃ(
1433 1411 1462 1431 in
1477 1400 1610 1443 Cronicis
1623 1401 1774 1431 Willielmi
1789 1400 1825 1431 de
1841 1400 2052 1440 Malniesbyre‚
2070 1402 2123 1440 &‚
2140 1403 2169 1432 in
2197 1402 2331 1434 Cronicis
2349 1405 2463 1436 Saneti‘

1387 1439 1490 1470 Albani
1499 1464 1508 1477 ,
1527 1443 1564 1470 lic
1579 1440 1734 1470 invenitur·
1756 1438 1822 1469 Rex
1835 1438 1989 1469 Edwardus
2003 1438 2139 1478 Regnum
2153 1440 2261 1472 Scotiae
2274 1441 2351 1474 dedit
2368 1442 2448 1474 Mal-

1387 1478 1505 1517 colmo,
1524 1478 1598 1509 Filio
1611 1478 1698 1517 Regis
1713 1463 1928 1516 Cimbrorum,
1945 1477 1981 1508 de
1994 1477 2021 1508 se
2035 1477 2198 1509 tenendum.

1388 1555 1515 1625 GAnno
1530 1555 1670 1600 'Domini-
1684 1554 1835 1599 millesimo
1856 1554 2028 1598 sexagesimo
2048 1554 2135 1599 sexto.
2170 1555 2311 1588 Haraldus
2328 1582 2338 1597 ,
2361 1558 2449 1590 Filius
2469 1566 2570 1599 Anu-1

1422 1594 1542 1639 odii-ryni-
1559 1593 1685 1638 Comitie
1702 1592 1834 1632 Cantiae,
1851 1593 1955 1624 electus
1975 1593 2027 1636 fuit
2050 1603 2081 1623 in
2102 1593 2236 1634 Regem:
2259 1598 2308 1635 qui
2351 1599 2447 1635 primo
2491 1606 2566 1636 1066

1387 1632 1543 1703 ἓξεέἓέωἷὲι
1563 1643 1657 1671 anno,
1674 1642 1704 1663 in
1720 1632 1796 1663 bello
1822 1640 1920 1663 contra
1942 1631 2138 1664 wilhelmum
2152 1655 2162 1672 ,
2179 1633 2292 1667 dictum
2315 1620 2445 1693 fiastard,
2565 1629 2570 1636 ⁴

1425 1747 1514 1779 Anno
1536 1745 1661 1793 Domini
1682 1747 1832 1780 millesimo
1853 1745 1898 1778 sex
1933 1745 2021 1779 efimo
2034 1747 2128 1788 sexto,
2145 1748 2336 1790 Willielmus,
2353 1749 2447 1782 distas
2465 1761 2534 1793 Am
2550 1759 2570 1791 1

1389 1786 1501 1818 Bastard
1539 1788 1672 1827 Angliam
1686 1787 1819 1827 ingressus
1833 1786 1891 1817 est:
1938 1795 1966 1826 t,
1982 1787 2058 1818 sexto
2074 1787 2169 1828 Regni
2183 1788 2222 1819 sui
2243 1799 2320 1820 anno
2355 1791 2446 1821 rebel-
2536 1784 2566 1829 '6

1387 1825 1462 1869 laute
1478 1811 1644 1870 Malcolmo
1658 1825 1738 1865 Rege
1753 1826 1936 1870 Scottorum,
1953 1835 2003 1863 per
2015 1835 2120 1856 terram
2134 1827 2168 1858 &
2182 1836 2259 1858 mare
2271 1813 2349 1858 duxit
2368 1838 2447 1859 exer-
2491 1801 2570 1843 ¹⁰6⁵

1388 1873 1480 1908 citum
1493 1875 1523 1894 in
1535 1865 1677 1902 Scotiam,
1696 1867 1730 1896 δε
1744 1864 1837 1895 eidem
1852 1863 2017 1895 Malcolmo
2031 1866 2059 1894 in
2072 1864 2160 1903 loco,
2176 1867 2223 1903 qui
2238 1865 2340 1897 dicitur
2352 1866 2445 1897 Aber-

1388 1903 1487 1947 rnthy,
1506 1904 1650 1942 occurrit,
1668 1905 1702 1934 ὃ(
1716 1902 1891 1934 Malcolmus
1906 1902 2014 1933 ibidem
2029 1903 2091 1934 suus
2107 1903 2201 1934 homo
2216 1903 2339 1935 devenit.
2375 1904 2448 1936 Hoc

1386 1950 1528 1985 invenitur
1546 1943 1576 1972 in
1599 1941 1733 1972 Cronicis
1755 1941 1875 1972 Mariani
1898 1941 1979 1971 Scoti
1994 1964 2005 1980 ,
2021 1941 2130 1982 Rogen'
2151 1941 2188 1972 de
2209 1942 2373 1975 Hovedene
2411 1945 2446 1975 ὃς

1388 1979 1510 2024 Henrici
1522 1979 1771 2024 detHuntyndone
1785 1981 1814 2010 in
1831 1979 1925 2009 multis
1939 1974 2022 2010 libris.
2041 1980 2079 2011 Et
2093 1981 2122 2010 in
2140 1979 2274 2012 Cronicis
2289 1967 2446 2013 Saneri'Al-

1388 2019 1454 2048 bani
1469 2027 1627 2058 invenitur,
1645 2019 1723 2057 quod
1739 2018 1805 2048 Rex
1817 2017 2007 2056 willielmus,
2025 2027 2146 2056 accepto
2162 2020 2178 2049 a
2193 2018 2275 2059 Rege
2283 2020 2449 2052 Malcolmo

1387 2057 1525 2097 homagio
1538 2058 1571 2089 ὃ(
1586 2057 1748 2095 obsidibus,
1765 2058 1796 2087 in
1810 2057 1946 2096 Angliam
1959 2059 2104 2089 remeavit.
2182 2069 2184 2072 ·

1425 2133 1514 2165 Anno
1530 2133 1656 2165 Domini
1671 2133 1823 2164 millesimo
1835 2132 1908 2164 octo
1928 2133 2017 2165 esimo
2030 2133 2058 2165 se
2091 2135 2096 2141 '
2129 2145 2157 2165 o.
2193 2134 2332 2166 Successit
2372 2137 2378 2142 “

1386 2172 1712 2216 ἯῌΙὶεΙῐηολΒείὶατά,
1730 2142 2025 2203 Willielmunguffus
2056 2142 2142 2204 ffis
2158 2173 2227 2212 ejus:
2263 2135 2448 2206 Annoelxcjgrri)¹¹
2466 2145 2570 2216 Anngt

1384 2219 1468 2242 tertio
1480 2211 1580 2255 Regni
1593 2211 1650 2250 sui,
1665 2211 1817 2241 rebellante
1832 2195 2104 2253 Malcolmo,Rege
2119 2211 2287 2242 Scottorum
2297 2214 2346 2252 ,δε
2361 2213 2446 2244 Nor·
2492 2194 2529 2215 ιο
2550 2191 2570 2224 ⁷¹

1383 2250 1547 2294 humbriatn
1567 2251 1735 2292 invadente,
1752 2249 1829 2279 idem
1848 2248 2038 2288 willielmus,
2054 2249 2120 2280 Rex
2141 2250 2273 2290 Angliae,
2291 2261 2361 2282 cum
2380 2251 2446 2282 Ro-

1383 2288 1465 2318 berto
1473 2288 1572 2331 ‘Fratre
1584 2292 1650 2326 luo,
1667 2289 1740 2318 acies
1754 2287 1855 2317 direxit
1869 2288 1898 2316 in
1914 2287 2057 2318 Scotiam:
2077 2288 2136 2319 Cui
2149 2288 2322 2320 Malcolmus
2334 2291 2364 2320 in
2373 2291 2446 2321 terra

1384 2326 1491 2364 Loydis
1506 2328 1634 2358 occurrit
1643 2351 1652 2364 ,
1669 2328 1702 2357 δι
1718 2335 1772 2364 pax
1785 2327 1856 2356 inter
1870 2334 1919 2355 eos
1933 2325 2008 2356 faeta
2022 2326 2064 2356 est
2076 2327 2111 2357 ea
2124 2326 2308 2366 conditione,
2327 2338 2358 2359 ut
2366 2329 2444 2360 idem

1385 2364 1581 2402 Malcolmus,
1599 2363 1664 2395 Rex
1678 2364 1784 2395 Scotiae
1818 2362 1913 2394 eidem
1936 2363 2099 2395 Willielmo
2132 2364 2162 2394 R
2198 2366 2206 2395 i
2228 2365 2338 2405 Angliae
2372 2369 2445 2398 obe-

1384 2403 1470 2448 diret,
1488 2404 1556 2434 sicut
1572 2402 1677 2447 fecerat
1692 2402 1769 2433 Patri
1783 2386 1840 2433 (iio.
1876 2401 1948 2446 Hoc
1964 2389 2147 2434 invenitur’in
2162 2373 2296 2435 {gronicis
2318 2389 2443 2436 Mariani

1383 2441 1464 2473 Scoti
1474 2467 1483 2480 ,
1501 2443 1535 2473 ὃς
1549 2441 1601 2472 Ro
1620 2451 1659 2472 eri
1674 2441 1710 2472 de
1722 2440 1902 2479 Hovedene,
1919 2450 1949 2470 m
1963 2441 2056 2472 multis
2071 2441 2155 2472 libris.
2193 2441 2250 2482 Et,
2265 2444 2294 2473 in
2311 2442 2446 2475 Cronicis

1381 2480 1502 2525 Henrici
1523 2480 1560 2510 de
1613 2480 1776 2518 untyndone
1789 2503 1799 2518 ,
1817 2480 1976 2518 invenitur,
1995 2479 2077 2518 quod
2093 2505 2103 2519 ,
2118 2480 2281 2512 Willielmo
2299 2481 2439 2521 juniore,

1385 2519 1466 2550 diCto
1489 2519 1601 2558 Ruffo,
1619 2518 1701 2558 Rege
1725 2518 1853 2557 Angliae,
1868 2519 1940 2548 acies
1959 2518 2097 2556 dirigente
2110 2519 2138 2548 in
2150 2518 2298 2558 Scotum,
2315 2520 2444 2552 Malcol-

1385 2568 1470 2597 muS,
1495 2558 1560 2588 Rex
1581 2559 1748 2588 Scottorum
1761 2581 1771 2595 ,
1796 2556 1889 2586 nimio
1911 2565 2019 2587 terrore
2042 2556 2202 2596 perstrictus
2216 2582 2226 2596 ‚
2251 2558 2344 2590 homo
2359 2559 2442 2597 ipsius

1381 2596 1470 2636 Regis
1483 2596 1634 2627 Willieltni
1647 2595 1768 2627 effectus
1781 2594 1840 2634 est,
1859 2595 1893 2625 &
1902 2595 2065 2634 juramento
2079 2595 2215 2626 fidelitatis
2229 2597 2256 2627 ei
2269 2597 2415 2636 subjectus.

1419 2672 1508 2703 Anno
1523 2672 1649 2704 Domini
1662 2671 1815 2703 millesimo
1828 2670 2013 2702 nonavefimo
2034 2672 2134 2709 tertio,
2150 2672 2302 2703 interfect-0
2316 2671 2442 2704 Malcol-
2460 2674 2536 2705 Ann.
2548 2672 2570 2705 ῙΞ

1383 2720 1434 2754 mo
1448 2711 1531 2750 Rege
1540 2711 1726 2749 Scottorum,
1743 2711 1777 2740 ὅ(
1789 2695 1934 2740 Edward'o
1947 2710 2140 2748 primogenito
2154 2710 2220 2748 suo,
2238 2712 2269 2740 in
2284 2710 2441 2743 Norhum-
2482 2721 2566 2752 1093.

1382 2749 1459 2787 bria,
1499 2759 1527 2779 er
1543 2749 1701 2779 Morellum
1718 2748 1845 2778 Militem
1858 2745 2099 2785 strenuiffimum,
2118 2747 2212 2778 Scotti
2225 2749 2442 2786 elegeruntDo⁴

1382 2788 1463 2818 venai
1486 2797 1554 2831 um,
1572 2788 1697 2818 Fratrem
1719 2785 1891 2822 Malcolmi,
1909 2786 1938 2814 in
1960 2783 2089 2824 Regem·
2111 2794 2171 2823 quo
2191 2787 2287 2818 audito
2320 2787 2442 2820 Dunca-

1381 2835 1438 2894 ngss
1448 2848 1459 2864 ‚
1473 2826 1557 2894 {lilius
1579 2825 1734 2893 Malfiolemi
1747 2847 1758 2863 ,
1777 2824 1891 2892 {egem
1910 2823 2022 2891 Angliff
2042 2809 2237 2867 willielmum
2259 2811 2350 2870 (cujus
2371 2835 2442 2872 tunc

1379 2874 1481 2941 i'uifsse
1504 2865 1803 2941 digamam,
1814 2864 2443 2942 {Zwficc033esStfiffaffissispffssassffipfflffi

1379 2941 1530 2972 venaldum
1548 2941 1682 2972 Patruum
1697 2940 1778 2971 suum
1792 2939 1827 2969 de
1844 2938 1952 2977 Regno
1967 2938 2088 2977 expulit,
2106 2939 2140 2970 &
2156 2939 2227 2971 loco
2241 2942 2296 2979 ejus
2305 2944 2438 2981 regnavit.

1381 2980 1472 3010 Anno
1493 2982 1565 3010 vero
1587 2979 1718 3018 sequente
1751 2977 1830 3008 dicto
1852 2977 2000 3008 Duncano
2022 2976 2124 3008 dolose
2136 2987 2306 3018 perempto,
2323 2981 2401 3011 idem
2420 2982 2440 3001 ²*
2460 2985 2570 3023 ‘11562

1381 3017 1568 3048 Dovenaldus
1587 3018 1690 3048 iterum
1742 3025 1849 3055 egnum
1865 3015 1972 3046 Scotiae
1993 3015 2102 3046 invasit:
2143 3017 2244 3056 Qem
2264 3017 2355 3049 dietus
2376 3018 2442 3050 Rex

1382 3056 1555 3087 Willielmus
1576 3056 1612 3086 de
1633 3055 1740 3095 Regno
1761 3054 1866 3092 expulit
1880 3077 1890 3092 ,
1915 3055 1949 3085 ὃς
1970 3053 2118 3092 Edgarum
2132 3077 2143 3092 ,
2160 3056 2266 3086 Filium
2286 3056 2441 3088 Malcolmi

1381 3094 1525 3134 praedicti,
1546 3094 1661 3132 Regem
1681 3092 1835 3125 constituit.
1871 3092 1949 3124 Haec
1968 3093 2151 3123 inveniuntur
2171 3094 2202 3123 in
2225 3093 2358 3125 Cronicis
2374 3095 2442 3126 Ma-

1381 3135 1449 3164 riani
1463 3133 1559 3171 Scoti,
1579 3132 1688 3171 Rogeri
1698 3131 1734 3162 de
1749 3130 1928 3170 Hovedene,
1945 3131 2097 3161 Willielmi
2113 3131 2149 3161 de
2177 3131 2372 3172 Malmesbyre
2408 3136 2443 3165 δε

1381 3172 1504 3203 Henrici
1515 3171 1552 3202 de
1567 3170 1783 3211 Huntyndone,
1803 3171 1833 3200 in
1849 3170 1942 3201 multis
1956 3169 2054 3209 libris,
2071 3169 2135 3200 διε.
2379 3158 2388 3173 ²

1419 3247 1508 3291 Anno
1527 3247 1654 3289 Domini
1673 3246 1822 3276 millesimo
1842 3245 2007 3277 centesimo.
2043 3244 2137 3276 Dicto
2150 3245 2313 3278 Willielmo
2327 3246 2439 3286 Ruffo,
2457 3255 2526 3285 Αῃη
2547 3255 2569 3286 Β

1380 3287 1454 3326 Regi
1474 3285 1603 3324 Angliae,
1621 3285 1748 3316 lucceffit
1767 3285 1910 3315 Henricus
1928 3285 2035 3322 senior,
2052 3284 2136 3315 frater
2155 3285 2224 3323 ejus:
2245 3287 2324 3324 cujus
2345 3286 2440 3326 Regni
2486 3279 2570 3324 1150,

1381 3335 1457 3355 anno
1480 3325 1600 3362 septimo
1621 3323 1764 3363 Edgarus,
1783 3323 1849 3353 Rex
1871 3323 1998 3361 Scotiae,
2015 3321 2138 3353 deceffit.
2177 3322 2235 3354 Cui
2248 3323 2377 3355 successit
2397 3323 2439 3354 A-

1380 3362 1511 3394 lexander
1525 3386 1535 3400 ,
1555 3362 1651 3392 Frater
1670 3362 1790 3400 ejusdem
1813 3361 1932 3401 Edgari,
1952 3360 2089 3392 concessu
2108 3360 2178 3391 dicti
2199 3361 2287 3402 Regis
2307 3362 2436 3393 Henrici.

1381 3402 1459 3472 Ik-›Iaec
1473 3401 1651 3433 inveniuntur
1665 3402 1694 3431 in
1708 3400 1844 3432 Cronicis
1859 3400 1980 3431 hienrici
1993 3399 2029 3430 de
2043 3398 2242 3440 Huntyndone
2256 3402 2288 3432 in
2299 3400 2390 3431 multis
2404 3400 2438 3430 li-

1408 3451 1449 3472 ns.

1399 3558 1404 3562 ¹
1421 3515 1650 3560 Anno-Domini
1665 3517 1814 3548 millesimo
1830 3516 1987 3548 centesimo
2001 3514 2143 3546 tricesimo
2156 3514 2242 3546 sexto.
2267 3513 2343 3554 Regi
2356 3513 2441 3546 Hen-
2457 3519 2570 3555 ΑΜΒ

1382 3567 1446 3588 rico
1466 3556 1574 3598 semorr
1591 3554 1718 3586 succeffit
1739 3556 1895 3594 Stephanus
1918 3555 2000 3592 Rex,
2020 3555 2097 3591 cujus
2116 3553 2211 3593 Regni
2233 3562 2308 3584 anno
2323 3554 2438 3593 primo,
2485 3561 2570 3602 11362

1384 3605 1454 3626 cum
1468 3595 1483 3623 a
1499 3592 1596 3623 David
1605 3592 1689 3637 ‘Rege
1702 3595 1807 3624 Scotizc
1819 3601 1925 3631 peteret
1937 3592 2104 3631 homagium
2119 3592 2152 3623 &
2167 3590 2343 3628 fidelitatem,
2361 3591 2390 3622 id
2411 3595 2438 3623 ei

1383 3634 1476 3664 facere
1487 3631 1641 3675 recufiiyit,
1659 3633 1723 3670 quia
1738 3632 1792 3700 ffse
1805 3633 1855 3663 fuit
1869 3632 1977 3670 primus
1990 3631 2125 3660 omnium
2138 3629 2294 3660 Laicorum
2304 3651 2314 3666 ,
2331 3631 2380 3667 qui
2395 3630 2438 3660 fe-

1384 3679 1458 3701 cerat
1477 3670 1646 3706 homagium
1665 3672 1698 3701 &
1718 3670 1737 3700 fi
1757 3671 1879 3701 elitatem
1902 3669 2017 3700 Matildi
2035 3667 2228 3707 Imperatrici3
2244 3665 2328 3697 Filius
2342 3676 2439 3699 tamen

1382 3709 1504 3745 ejusdem
1528 3707 1624 3737 David
1637 3731 1648 3745 ,
1664 3707 1809 3739 Henricus
1827 3709 1946 3738 nomine
1962 3730 1972 3746 ,
1988 3707 2058 3738 fecit
2077 3707 2117 3736 ho
2184 3705 2242 3733 ium
2263 3704 2342 3735 disto
2366 3705 2440 3746 Regi

1382 3748 1534 3785 Stephano.
1568 3746 1638 3776 Hoc
1661 3748 1801 3778 invenitur
1819 3748 1848 3776 in
1872 3745 2008 3776 Cronicis
2025 3743 2146 3774 Mariani
2160 3742 2257 3779 Secti,
2276 3742 2434 3782 Rogeride

1383 3785 1562 3823 Hovedene,
1579 3786 1612 3816 δε
1627 3784 1750 3817 Henrici
1762 3785 1799 3816 de
1812 3783 2021 3821 Huntindone,
2039 3783 2068 3812 in
2085 3779 2178 3811 multis
2190 3779 2273 3811 libris.

1420 3861 1508 3892 Antio
1524 3860 1645 3892 Domini
1660 3861 1810 3893 millesimo
1822 3859 1977 3891 centesimo
1993 3855 2223 3895 quinquagesimo
2238 3865 2347 3895 quarto.
2360 3857 2437 3897 Regi
2456 3854 2570 3887 AnnAEl

1382 3900 1527 3937 Stephano
1543 3901 1681 3938 praedicto
1694 3898 1822 3931 successit
1834 3898 1976 3939 Henricus
1989 3893 2217 3932 secundus,filius
2232 3895 2434 3936 imperatricis:
2481 3901 2570 3933 1154:

1381 3948 1457 3970 anno
1471 3948 1542 3970 vero
1559 3938 1656 3979 Regni
1670 3939 1709 3982 sui
1723 3937 1878 3970 undecimo
1889 3935 1962 3966 obiit
1976 3931 2152 3964 Malcolmus
2165 3932 2231 3965 Rex
2251 3934 2438 3978 Scottorum,

2391 3981 2440 4003 cui
