2560 4261
709 237 824 280 ET
907 235 1180 280 ACTA
1259 234 1742 283 PUBLICA.

2 917 130 952 ''I-¹¹5·

0 332 68 363 Ann.
82 320 124 360 D.
178 336 206 358 2.
226 326 264 360 Et
287 327 306 358 {i
326 327 402 358 forte
416 349 426 364 ,
443 325 481 356 de
494 324 640 355 voluntate
653 324 688 368 ὃς
702 324 809 355 affensu
822 325 982 363 utriusque,
1000 333 1054 370 pax
1069 330 1116 368 aut
1129 332 1202 355 con-
1329 356 1334 361 ¹
1815 355 1818 356 ⁷
1891 358 1895 364 Ι
2002 360 2007 365 ἱ

13 378 46 401 11
90 392 97 398 .
142 367 239 400 cordia
261 367 339 397 fieret
356 367 428 407 inter
450 363 565 402 Regem
587 363 712 393 Franciae
725 364 759 394 &
773 373 838 400 eos3
857 366 890 393 &
901 363 970 407 RQ(
986 363 1111 392 l-rancrae
1123 361 1203 405 post·
1243 351 1361 399 GOfelm·
1380 353 1413 382 d?
1427 354 1543 392 ΕΜΔ),
1793 354 1894 386 Eraldz
1909 357 1941 402 ‘3⁶'
1957 354 2079 396 Prtffizx,
2328 354 2404 387 Ann.
2418 357 2456 388 D.

49 378 88 408 99
140 406 263 437 modum
283 405 406 434 alterutri
427 409 570 440 guerraret
584 425 593 438 ,
619 410 756 432 convenit
780 401 860 439 quod
879 401 947 432 dieii
962 401 1029 431 Rex
1042 400 1156 437 Angliae,
1168 400 1203 431 &
1243 392 1339 421 GWdO·
1356 392 1388 421 de
1401 393 1541 429 Berm’zyv
1792 393 1934 432 Johanms
1946 396 1977 424 de
1991 399 2101 426 Erann.
2346 404 2432 425 1200.

140 445 251 476 Comes
270 442 304 472 ad
326 449 459 471 mutuum
479 438 629 469 subsidium
650 440 684 470 ὃς
699 440 832 470 auxilium
846 440 895 469 sibi
911 441 1035 470 invicem
1051 438 1203 470 conferen-

143 484 215 514 dum
228 504 238 519 ‚
264 488 350 518 prout
371 478 471 509 melius
486 486 638 515 poterunt,
656 479 691 509 &
704 477 773 509 sicut
787 478 918 509 fecerunt
930 486 1060 515 tempore
1076 487 1135 515 quo
1148 477 1204 507 foe-

145 522 197 552 dus
210 518 278 550 illud
293 520 364 548 inter
378 527 428 548 eos
441 516 622 548 conti-aetum
637 515 686 546 est.
1106 553 1111 558 .

184 568 210 599 3.
230 556 268 587 Et
292 555 437 587 sciendum
460 555 501 586 est
523 554 601 593 quod
621 555 679 585 hoc
700 554 806 586 Foedus
825 556 858 586 &
881 554 944 586 haec
964 554 1132 585 Conventio
1146 564 1206 585 non

142 595 327 629 solummodo
348 595 478 626 duratura
497 593 537 624 est
558 602 691 630 tempore
707 602 815 632 guerrae
828 617 837 631 ,
856 594 895 624 set
908 595 936 623 in
952 602 1120 631 perpetuum
1135 593 1208 623 inter

144 645 213 673 eos,
233 635 266 665 ὅ(
287 635 358 664 inter
378 632 518 663 Haeredes
540 641 659 669 eorum,
678 633 728 670 qui
750 640 834 662 terras
849 632 975 669 ipsorum
990 632 1127 662 tenebunt
1142 631 1207 669 post

145 683 213 712 eos,
231 673 288 704 sive
308 681 360 711 pax
379 671 484 710 fuerit,
508 670 565 701 sive
586 680 684 710 guerra
701 682 711 708 ·,
735 671 769 700 ita
793 671 890 708 quod,
910 670 929 700 si
945 670 1010 700 Rex
1026 670 1137 708 Anglite
1149 670 1206 700 hoc

144 711 254 743 Foedus
269 712 303 743 &
318 712 390 741 hanc
405 710 642 741 Conventionem
657 719 717 739 non
732 708 941 746 observaverit,
956 709 993 738 illi
1009 733 1018 747 ,
1037 710 1083 746 qui
1096 710 1207 746 jurave-

146 760 211 782 runt
232 750 290 781 hoc
314 749 420 780 Foedus
440 749 474 779 &
496 748 570 778 hanc
588 747 827 779 Conventionem
841 750 962 778 tenenda
978 758 1031 785 pro
1046 748 1131 784 Rege
1147 747 1208 777 An-

145 790 212 827 gliae
227 812 237 828 ‚
263 789 376 819 mittent
396 787 423 818 se
443 788 473 817 in
496 787 659 825 captionem
681 786 809 823 praedicti
829 786 953 816 Comitis
968 810 977 823 ,
996 786 1066 816 infra
1081 786 1207 815 mensem

148 828 300 867 postquam
319 827 346 857 id
365 827 442 857 bona
457 824 512 856 fide
527 825 655 863 scierint,
672 835 734 855 nou
749 825 893 862 expettata
907 825 1121 856 submonitione
1134 834 1207 861 prae-

148 867 218 898 dieti
232 866 365 897 Comitis.

187 906 206 926 θ*
216 914 245 944 4.
264 904 414 942 Similiter,
431 903 451 934 si
463 903 554 935 dietus
566 904 678 934 Comes
692 903 751 933 hoc
767 902 872 932 Foedus
892 902 925 932 ὃς
940 902 1013 932 hanc
1027 899 1210 931 Conventio-

153 954 222 975 nem
242 953 302 974 non
323 942 535 981 observaverit,
558 943 597 972 illi
612 967 621 982 ,
649 944 697 980 qui
716 943 879 981 juraverunt
893 941 951 971 hoc
966 938 1073 982 Foedus
1088 938 1121 968 δε
1136 937 1209 980 hanc

150 983 387 1014 Conventionem
406 981 527 1011 tenenda
541 1004 551 1020 ,
575 992 627 1020 pro
649 982 708 1019 ipso
731 979 849 1011 Comite
863 1004 873 1018 ,
891 980 1003 1009 mittent
1014 978 1043 1022 se
1058 986 1086 1005 m
1101 984 1210 1013 captio-

150 1031 219 1052 nem
237 1021 306 1051 dieti
328 1021 418 1058 Regis
439 1020 552 1060 Anglia’,
573 1044 582 1059 ,
604 1020 676 1050 infra
695 1019 821 1049 mensem
841 1017 991 1060 postquam
1012 1015 1040 1059 id
1062 1015 1139 1045 bona
1155 1012 1211 1043 fide

149 1060 278 1097 scierint,
296 1069 357 1089 non
370 1059 515 1097 expestata
527 1059 751 1090 summonitione
764 1058 833 1088 dieti
847 1057 877 1087 R
915 1065 934 1085 is
955 1054 1074 1093 Anghae.
1135 1092 1140 1097 ¹
1164 1090 1169 1096 .

186 1097 258 1129 Hoc
272 1099 399 1137 jurarunt
418 1107 471 1135 pro
492 1098 551 1136 ipso
573 1101 643 1135 Rege
657 1096 771 1135 Angliae
790 1097 867 1125 bona
909 1092 945 1124 de
956 1091 1069 1138 tenend.
1088 1089 1212 1135 Wilhel-

152 1146 219 1167 mus
232 1135 366 1167 Humerz
381 1135 609 1167 Constabularius
624 1135 834 1172 Normanniae‚
852 1133 886 1163 &
906 1134 935 1176 in
949 1141 1074 1176 animam
1089 1128 1214 1168 ejusdem

151 1175 200 1206 Re
221 1177 259 1214 is·⁷
277 1176 310 1205 &
323 1185 376 1213 pro
389 1174 448 1212 ipso
459 1176 561 1212 juravit
574 1175 653 1205 idem
665 1171 897 1213 Constabularius
909 1180 937 1199 in
950 1179 1074 1213 animam
1087 1169 1174 1212 suam.

193 1185 231 1244 {t
252 1213 297 1243 alii
314 1237 323 1251 ,
348 1223 471 1251 quorum
493 1214 610 1244 nomina
631 1212 779 1248 subscripta
794 1209 873 1246 suut,
888 1217 1051 1247 juraverunt
1065 1218 1094 1237 in
1108 1216 1214 1236 animas

152 1252 208 1283 suas
230 1252 258 1282 id
279 1251 384 1282 Foedus
405 1252 439 1283 &
462 1251 581 1283 eandem
605 1250 842 1282 Conventionem
864 1249 943 1278 bona
962 1246 1020 1277 fide
1041 1244 1213 1283 tenendam,

151 1300 210 1322 viz.

148 1369 314 1401 —Wsllielmus
342 1368 502 1408 Illarefihal
511 1394 523 1408 ,
540 1372 612 1399 Com.
633 1369 666 1399 de
704 1371 794 1398 Comes
808 1368 839 1397 de
856 1366 1008 1407 Leicester,

192 1409 328 1440 Pembroc.
703 1406 818 1435 Baldw.
836 1410 925 1436 Comes
940 1407 971 1435 de
986 1403 1169 1444 Albemarle,

705 1443 868 1475 Willielmus
883 1449 973 1475 Comes
988 1443 1137 1483 Arundel,

703 1484 796 1513 Radus
811 1487 882 1514 Com.
901 1486 997 1522 Augi,

704 1522 837 1553 Robertus
851 1525 924 1552 Com.
945 1520 1061 1552 Mallet.

152 1488 227 1516 Fan.
246 1489 335 1515 Comes
349 1483 474 1524 Cestriae,

186 1599 219 1642 ⁵5.
237 1601 308 1633 Hoc
333 1602 440 1633 Foedus
462 1604 496 1634 &
510 1603 583 1633 hanc
605 1601 842 1634 Conventionem
855 1604 933 1634 bona
948 1601 1004 1633 fide
1017 1600 1132 1633 tenend.
1149 1600 1221 1638 jura·

151 1640 198 1673 ‘vit
219 1641 370 1679 praediCtus
391 1641 555 1679 Reginala'us
574 1640 685 1672 Comes
708 1641 838 1673 Boioniae
859 1651 946 1672 manu
968 1641 1098 1679 propria,
1116 1640 1146 1669 in
1160 1640 1220 1668 ani-

153 1688 235 1711 mam
255 1680 350 1718 suam3
368 1681 402 1711 ὃς
424 1680 485 1718 alii,
504 1689 630 1717 quorum
648 1682 765 1710 nomina
786 1681 936 1719 subscripta
957 1680 1019 1710 sunt
1033 1704 1042 1717 ,
1057 1680 1221 1717 juraverunt

155 1721 186 1749 in
207 1720 311 1749 animas
329 1719 386 1749 suas
409 1718 486 1749 idem
507 1717 615 1749 Foedus
634 1719 668 1748 &
689 1720 809 1750 eandem
821 1719 1059 1749 Conventionem
1072 1717 1151 1747 bona
1165 1715 1222 1746 fide

155 1757 308 1788 tenendam
318 1767 377 1795 -pro
387 1756 447 1796 ipso
461 1756 600 1796 Comite,
617 1757 768 1797 videlicet,

156 1836 307 1877 Aufilmus
319 1838 352 1868 de
364 1837 460 1878 Raeb,
710 1839 781 1870 Rad.
790 1838 888 1878 frater
901 1842 973 1869 Com.

158 1877 248 1907 Guido
263 1877 434 1917 Lyeschaus,

162 1956 238 1988 Aera
256 1957 318 1989 sunt
340 1957 390 1989 ista
411 1967 511 1989 coram
531 1957 591 1998 ipso
613 1957 697 1999 Rege
717 1958 828 1999 Angliae
851 1957 925 1997 apud
940 1956 1076 1988 Castrum
1090 1954 1126 1987 de
1138 1954 1228 1993 Rupe

159 1995 264 2027 Andel.
286 1997 322 2028 18
341 1996 481 2038 Augusti,
500 1996 597 2039 Regni
611 1997 651 2028 sui
667 1998 757 2029 Anno
773 1999 879 2037 primo.

160 2129 209 2162 De
228 2139 313 2175 2125
340 2132 466 2163 Marcis
486 2129 640 2176 sblvendis
659 2143 737 2179 quas
751 2134 789 2165 R.
805 2141 839 2167 1.
864 2140 969 2165 mutuo
989 2138 1161 2176 acceperat,
1185 2127 1231 2162 ad

329 2183 446 2226 negotia
466 2183 555 2227 Regis
578 2179 705 2214 Othonis
718 2183 826 2227 nepotis
833 2180 886 2225 sui
895 2178 1055 2224 facienda.

13 2270 88 2306 Arm.
101 2270 143 2301 D.
198 2267 335 2299 Ohannee
347 2293 356 2308 ‚
381 2267 441 2301 Dei
462 2269 566 2301 Gratia
579 2294 589 2308 ,
615 2269 683 2300 Rex
724 2269 785 2301 δῖε.
802 2267 923 2300 Dileffis
936 2270 1033 2300 amicis
1046 2269 1098 2300 suis
1113 2270 1229 2308 Sperffl.

35 2321 118 2351 1199.

13 2354 68 2380 An.
87 2361 111 2379 ¹.

13 2389 77 2427 Joh.

12 2431 88 2455 Cart.
106 2436 116 2454 1
126 2446 134 2454 .

15 2466 128 2504 Τήν-Μ.

16 2505 130 2542 ²¹.⁴d.p.

207 2306 373 2344 Bagareton.
392 2309 426 2339 &
443 2319 546 2339 eorum
563 2308 644 2339 sociis
659 2294 868 2339 Mercatoribus
883 2308 1053 2338 Placentinis
1066 2309 1190 2340 salutern.

200 2344 298 2376 Sciatis
319 2346 397 2384 quod
419 2348 502 2378 vobis
525 2347 636 2378 solvere
656 2347 790 2378 volumus
809 2345 868 2376 duo
894 2346 980 2376 millia
994 2347 1177 2386 Marcarum,
1196 2348 1231 2379 ὃς

165 2392 219 2422 125
237 2384 333 2415 Marc.
353 2395 420 2423 quas
429 2410 439 2423 ,
457 2396 510 2424 pro
523 2395 621 2416 amore
640 2387 728 2417 bonae
743 2386 894 2416 memoriae
909 2384 998 2424 Regis
1010 2385 1128 2416 Ricardi
1141 2387 1231 2418 fratris

163 2422 251 2453 nostri
266 2447 276 2462 ‚
301 2424 335 2454 &
359 2434 394 2454 ex
411 2424 546 2455 mandato
566 2424 649 2463 ipfius
663 2449 673 2462 ,
693 2432 795 2454 mutuo
809 2423 981 2454 concessistis
994 2424 1156 2456 Willielmo
1170 2425 1233 2455 An-

163 2461 227 2501 deg.
246 2461 286 2493 R.
306 2462 447 2502 Bangorn.
465 2463 613 2500 Episcopis
626 2487 636 2500 ,
663 2463 696 2493 &
719 2462 864 2500 Stephano
885 2461 972 2493 Ridel
987 2487 997 2501 ,
1023 2463 1057 2493 ad
1080 2465 1231 2503 negotium

166 2500 298 2568 ffr'iffidm
320 2502 430 2540 nepotis
453 2501 543 2532 nostri
562 2500 671 2532 illustris
691 2500 781 2538 Regis
805 2500 931 2531 Othonis
952 2502 981 2531 in
995 2501 1083 2533 Curia
1096 2502 1233 2534 Romana

194 2548 237 2568 cie
279 2549 337 2569 um.

203 2575 330 2615 Ideoque
344 2578 443 2615 vobis,
461 2576 766 2616 praescntibus'litteris,
783 2579 813 2608 in
828 2585 934 2609 tantam
946 2580 1094 2617 pecuniam
1109 2590 1161 2611 nos
1175 2581 1234 2612 ob·

166 2614 187 2644 li
207 2624 303 2653 arnus,
326 2616 522 2652 promittentes
543 2615 637 2654 quod,
663 2616 697 2645 ad
720 2617 886 2654 proximum
909 2616 1024 2648 Festum
1050 2618 1147 2648 Sanffl
1169 2620 1234 2649 Mi-

169 2663 187 2683 c
210 2653 272 2682 aelis
285 2677 294 2692 ‚
319 2653 382 2691 post
405 2652 637 2684 Coronationem
654 2654 781 2684 nostram
794 2677 804 2692 ,
829 2655 931 2693 vobis,
950 2656 996 2687 vel
1010 2665 1092 2687 certo
1107 2657 1231 2688 Nuncio

150 2712 154 2715 ι
169 2691 266 2722 vestro
287 2692 433 2730 praesentes
456 2692 556 2721 litteras
577 2691 707 2723 afferenti
726 2694 760 2723 &
775 2691 918 2723 exhibenti
931 2693 1070 2725 sexcentas
1087 2696 1120 2726 δε
1132 2697 1232 2736 viginti

169 2731 298 2768 quinque
320 2730 432 2761 Marcas
451 2729 526 2768 apud
547 2730 730 2762 Scaccariutn
749 2730 882 2762 nostrum
902 2733 932 2762 in
945 2733 1047 2774 Anglia
1062 2734 1132 2765 solvi
1146 2735 1232 2766 facie-

170 2778 234 2799 mus

208 2793 248 2838 E}
260 2806 293 2837 ad
308 2807 470 2845 proximum
484 2806 600 2845 sequens
613 2806 719 2838 Pascha
732 2809 896 2848 quingentas
909 2808 1022 2842 Marcas
1037 2810 1154 2843 ibidem.

172 2844 247 2915 MEt
268 2845 455 2914 mgfffdum
475 2846 504 2876 in
524 2845 650 2884 sequenti
673 2846 759 2878 Festo
779 2847 876 2879 Sancti
897 2847 1048 2881 Michaelis
1067 2852 1233 2891 quingentas

213 2894 308 2915 arcasr
330 2895 337 2914 1
357 2894 415 2915 em.

209 2922 248 2953 Et
267 2923 304 2953 sic
323 2923 357 2953 ad
377 2925 542 2962 proximum
555 2924 672 2963 sequens
686 2922 791 2956 Pascha
802 2927 966 2966 quingentas
981 2925 1095 2958 Mai-cas
1109 2926 1235 2958 similiter

169 2959 207 2991 ad
226 2961 406 2993 Scaccarium
427 2963 556 2995 nostrum
579 2965 608 2993 in
629 2962 731 3003 Anglia
751 2964 823 2995 solvi
843 2966 979 2997 faciemus
999 2967 1081 3001 vobis
1092 2967 1139 2999 vel
1154 2975 1234 2997 certo

170 2998 295 3030 Nuncio
309 3000 420 3039 vestro,
436 3001 538 3032 litteras
550 3002 728 3041 obligationis
743 3002 850 3036 nostrae
862 3004 1014 3037 exhibenti.

210 3037 249 3069 Et
263 3038 445 3070 nihilominus
458 3041 495 3070 ita
508 3041 609 3078 vobis,
628 3041 657 3070 in
670 3042 821 3079 gratiarum
835 3043 967 3083 actione,
984 3053 1038 3082 pro
1051 3044 1172 3083 benigna
1187 3053 1236 3073 ex-

172 3076 334 3113 pectatione
346 3077 452 3116 vestra,
469 3078 581 3109 favente
592 3079 743 3118 Domino,
761 3079 995 3121 respondeamus,
1011 3082 1090 3121 quod
1105 3082 1236 3121 expedia-

171 3114 214 3143 tio
235 3114 326 3146 vestra
345 3117 428 3146 vobis
446 3126 507 3148 non
530 3117 671 3148 videbitur
691 3119 816 3150 onerosa.
855 3120 947 3152 Teste
958 3122 1067 3161 meipso
1080 3121 1155 3159 apud
1169 3120 1236 3152 Ro-

171 3151 264 3182 thom.
281 3162 328 3193 25.
344 3154 391 3185 die
403 3155 532 3196 Augusti.

210 3231 267 3263 Per
281 3233 448 3267 Dominum
459 3234 679 3268 Cancellarium.

1244 432 1317 467 Hug.
1334 430 1366 460 de
1381 428 1540 468 Rupeforti,

1245 471 1326 498 Laon
1343 466 1448 498 clareti
1456 490 1466 506 ,

1244 510 1367 537 Americ.
1388 509 1492 544 Bucce,

1246 544 1339 575 Willis
1354 545 1386 574 de
1401 546 1525 582 Ferant,

1246 586 1339 622 Regin.
1352 582 1458 623 fratris
1465 582 1532 622 fici,

1793 431 1933 462 Wllielmi
1946 433 2053 473 Haler,

1796 471 1927 500 Bertram
1940 472 2067 502 Vilarent
2074 498 2085 512 ,

1797 507 1939 537 Willielmi
1956 511 1987 539 de
2002 515 2117 551 Maere,

1795 547 1861 574 Sim.
1879 546 1911 575 de
1924 550 2038 579 Ocman.

1277 663 1418 707 'PraediCti
1431 671 1527 694 autem
1539 662 1679 694 nominati
1692 661 1878 694 Securitatem
1891 663 2080 701 praestiterunt
2092 677 2127 698 ex
2139 678 2217 706 parte
2229 680 2303 710 mel,

1247 702 1351 734 scilicet
1363 702 1404 732 H.
1425 701 1514 732 Corn.
1533 700 1648 732 March.

1247 782 1526 860 phffkggcmsiptlixggo
1545 782 1732 815 Securitatem
1754 782 1943 822 praestiterunt
1964 794 1999 816 ex
2015 794 2094 824 parte
2105 795 2188 834 mea,
2204 788 2314 823 Radul‹

1249 902 1403 937 Mangatus
1415 901 1448 930 de
1462 899 1589 939 Metulo,

1249 937 1324 967 Kalo
1332 938 1429 977 frater
1444 940 1518 977 ejus,

1249 980 1404 1007 Aimericus
1416 977 1448 1006 de
1462 975 1602 1018 Qevfizy,

1802 903 1882 940 Hugo
1894 903 1927 933 de
1940 906 2102 944 Bauzayco,

1803 941 1903 981 Gaufr.
1922 942 2032 973 Roillet.

1251 1055 1326 1087 Aeta
1339 1055 1401 1086 sunt
1412 1055 1463 1085 ista
1476 1055 1550 1093 apud
1564 1055 1689 1086 Cadom.
1709 1057 1812 1087 Mense
1820 1057 1959 1098 januarii,
1976 1062 2014 1092 28
2027 1063 2073 1094 die
2089 1064 2205 1097 Mensisb

1289 1093 1378 1125 Anno
1393 1093 1518 1124 Domini
1532 1093 1621 1132 Regis
1628 1093 1767 1132 johannis
1780 1097 1875 1133 primo
1883 1119 1895 1135 ,
1911 1097 2022 1130 Coram

1255 1174 1401 1206 Wllielmo
1422 1176 1453 1205 de
1468 1176 1571 1204 Humet
1591 1172 1769 1213 constabula·
1805 1175 1940 1214 Johanne
1953 1179 1986 1208 de
2003 1181 2134 1221 Pratell,

1293 1217 1332 1243 rio
1348 1216 1545 1251 Normanniae,
1806 1215 1940 1255 Gaufrido
1953 1218 1985 1246 de
1999 1218 2074 1246 Cella
2082 1242 2093 1257 ,

1256 1251 1401 1282 Wllielmo
1408 1251 1572 1290 Marqlc'allo
1581 1255 1680 1282 Comite
1691 1253 1771 1282 Pem-
1807 1255 1938 1284 Gwarin.
1956 1256 1988 1284 de
2005 1255 2124 1294 Glapion
2132 1283 2144 1297 ‚

1294 1290 1364 1320 broc.
1809 1292 1956 1322 Willielmo
1970 1294 2003 1322 de
2017 1296 2127 1332 Stagna.

1257 1372 2315 1390 mm&

1257 1423 1415 1472 Johannes
1441 1427 1509 1459 Rex
1535 1426 1632 1474 Angl.
1650 1425 1804 1483 praediHor
1830 1430 1958 1462 Comites
1981 1440 2038 1476 pro
2058 1431 2139 1478 ligiis
2149 1433 2217 1478 sicis
2232 1445 2325 1481 agno·

1760 1485 1818 1508 vet.

1296 1563 1432 1594 Ohannes
1446 1587 1457 1602 ,
1482 1564 1541 1595 Dei
1563 1564 1678 1603 Gratia,
1696 1565 1757 1596 &0
1776 1563 1939 1606 Omnibus,
1957 1567 1995 1598 ad
2012 1578 2084 1607 quos
2098 1571 2217 1608 praesens
2230 1571 2327 1610 Scrip-
2347 1578 2423 1610 Αῃῃ,
2434 1579 2476 1611 D„

1305 1611 1369 1634 tum
1384 1604 1558 1642 pervenerit,
1574 1604 1707 1635 Salutem.
2370 1629 2444 1648 1200

1298 1641 1396 1672 Sciatis
1418 1652 1470 1671 nos
1491 1642 1636 1679 suscepisse
1654 1642 1774 1674 dileetos
1792 1645 1826 1675 &
1848 1642 1942 1674 fideles
1958 1644 2073 1677 nostros
2088 1646 2248 1687 Hugonem
2262 1647 2325 1678 Co·
2346 1663 2388 1686 An
2417 1642 2454 1685 ,J

1261 1680 1361 1709 mitem
1378 1678 1493 1710 March.
1510 1682 1544 1712 δε
1559 1681 1710 1712 Comitem
1726 1682 1764 1712 R.
1784 1684 1860 1722 Augi
1874 1684 1902 1713 in
1917 1683 2047 1715 homines
2070 1685 2183 1717 nostros
2196 1688 2284 1726 ligios.
2347 1682 2407 1732 7012]

1299 1717 1369 1748 Nos
1386 1727 1480 1748 autem
1503 1728 1704 1763 eosutanquam
1724 1720 1818 1752 fideles
1839 1722 1874 1752 ὃς
1893 1722 1979 1762 ligeos
1992 1723 2124 1754 homines
2136 1725 2249 1756 nostros
2265 1725 2326 1755 diii-
2345 1730 2409 1763 md,
2422 1746 2445 1762 n.

1261 1766 1376 1796 gemus,
1395 1759 1645 1797 promovebimus,
1665 1759 1770 1799 &jura
1781 1760 1827 1790 sua
1839 1762 1948 1800 integre
1962 1771 2062 1793 contra
2082 1773 2183 1794 omnes
2197 1765 2327 1794 homines
2354 1783 2397 1801 10⁸

1262 1805 1301 1825 eis
1321 1796 1567 1838 manutenebimus
1587 1798 1622 1828 ὃς
1642 1796 1825 1829 defendemus
1846 1799 1922 1830 bona
1941 1799 2013 1840 fide,
2031 1812 2085 1832 nec
2099 1802 2234 1834 faciemus
2249 1801 2329 1841 quod

1264 1834 1293 1863 in
1306 1834 1401 1872 aliquo
1409 1843 1472 1877 Jure
1485 1833 1534 1865 suo
1543 1858 1553 1874 ,
1571 1836 1617 1866 vel
1628 1835 1665 1866 de
1676 1836 1787 1876 aliquo,
1803 1838 1878 1868 unde
1891 1838 1955 1869 sunt
1966 1839 2061 1871 vestiti
2075 1841 2109 1871 ὃς
2122 1841 2216 1880 fiiifiti,
2230 1841 2331 1879 damp-

1264 1882 1334 1902 num
1349 1872 1400 1916 ‚vel
1421 1872 1597 1910 d1spendium
1618 1875 1762 1906 incurrant
1781 1885 1832 1913 per
1852 1886 1905 1906 nos
1926 1877 1973 1907 vel
1993 1887 2043 1914 per
2064 1879 2196 1918 nostros,
2213 1880 2266 1909 nisi
2280 1888 2332 1917 per

1260 1910 1407 1949 Judicium
1434 1910 1531 1942 Curiae
1557 1912 1689 1950 nostrae,
1713 1913 1848 1951 quamdiu
1875 1914 1958 1944 nobis
1978 1914 2095 1947 fideliter
2112 1917 2273 1957 servierint,
2298 1919 2332 1950 δί

1264 1949 1399 1988 quamdiu
1414 1950 1556 1982 voluerint
1570 1950 1643 1981 stare
1651 1950 1762 1990 judicio
1773 1950 1874 1982 Curiae
1886 1952 2001 1983 nostrae.

1302 1987 1367 2032 {Et
1383 1989 1461 2026 quod
1475 1989 1539 2020 haec
1552 1990 1651 2020 omnia
1666 1990 1704 2020 eis
1716 1990 1833 2021 fideliter
1845 1991 2087 2032 observabuntur,
2104 1993 2224 2025 fecimus
2240 1995 2277 2025 eis
2292 1994 2332 2025 se-
2351 2003 2363 2019 1·
2377 2003 2400 2031 Ι,
2417 2012 2426 2029 1
2436 2011 2483 2038 ¹7·

1265 2035 1415 2057 cuntatem
1424 2050 1434 2065 ,
1449 2036 1507 2058 tam
1521 2037 1571 2065 per
1581 2038 1634 2058 nos
1648 2038 1734 2066 quam
1749 2039 1798 2068 per
1817 2039 1866 2060 eos
1887 2039 2012 2068 quorum
2024 2033 2144 2064 nomina
2156 2033 2333 2065 subscribun-

1266 2073 1328 2103 tur,
1346 2065 1380 2096 &
1394 2075 1444 2103 per
1453 2066 1617 2105 juramenta
1628 2076 1730 2099 eorum
1739 2092 1752 2106 ,

1268 2145 1446 2178 Willielmum
1457 2147 1489 2176 de
1503 2149 1586 2179 Hum.
1595 2147 1783 2189 Constabular.
1819 2147 1927 2188 Johan.
1947 2152 2045 2190 Pecus,
2063 2148 2104 2186 ὦ»

1304 2188 1504 2224 Normanniae,
1819 2187 1889 2218 Wl.
1909 2190 1941 2219 de
1955 2189 2082 2228 Pratell,

1270 2227 1313 2256 W
1310 2223 1411 2255 illielm.
1420 2223 1577 2266 Marcfiall.
1586 2226 1783 2258 ComAePem·
1819 2230 1937 2258 Guarin.
1955 2228 1989 2258 de
2001 2228 2137 2268 Glapion,

1307 2262 1381 2293 broc.
1820 2261 1898 2295 W17l.
1919 2267 1952 2297 de
1964 2270 2060 2306 Stagn.

1270 2301 1399 2342 Gaufrid.
1418 2302 1450 2332 de
1464 2300 1559 2342 Cella,

1300 2382 1407 2428 ,Teste
1427 2383 1534 2424 meipso
1553 2383 1628 2423 apud
1649 2382 1777 2416 Cadom.
1795 2384 1834 2416 28
1845 2384 1891 2417 die
1905 2385 2038 2425 Ianuarii,
2057 2385 2146 2418 Anno
2161 2385 2258 2427 Regni
2269 2395 2339 2417 nos·

1270 2430 1307 2453 tri
1323 2432 1428 2461 primo.

1270 2548 1437 2580 Americus
1465 2547 1632 2581 Vicecomes
1653 2546 1796 2581 Toarcen.
1819 2549 1988 2593 recognovit
2003 2546 2038 2593 fi
2053 2547 2103 2595 ff
2119 2548 2225 2595 ltgium
2239 2545 2336 2581 homi-

1591 2606 1658 2628 nem
1674 2591 1794 2641 Johan.
1822 2596 1895 2641 ng.
1921 2597 2016 2642 Angl.

1310 2679 1463 2718 ohannes,
1481 2680 1543 2711 &c.
1563 2678 1709 2710 Omnibus
1724 2679 1759 2710 ad
1774 2689 1846 2719 quos
1862 2679 1980 2718 praesens
1999 2680 2145 2719 Scriptum
2161 2685 2340 2723 pervenerit,
2360 2692 2436 2723 Ann-
2449 2692 2494 2723 D,-

1319 2720 1379 2750 &c.
1399 2719 1551 2749 Noveritis
1566 2719 1645 2757 quod
1660 2718 1810 2748 Americus
1826 2718 1890 2749 Vic.
1909 2720 2054 2750 Toarcen.
2074 2724 2244 2761 recognovit
2257 2723 2284 2754 se
2299 2732 2341 2753 es-
2389 2740 2473 2762 1200⁴

1321 2757 1348 2787 se
1369 2758 1467 2797 ligium
1489 2758 1643 2788 hominem
1664 2757 1814 2796 nostrum,
1829 2759 1900 2788 dum
1922 2768 1975 2788 nos
1998 2760 2023 2788 ei
2045 2758 2246 2796 fignaverimus
2267 2771 2340 2792 con·
2358 2775 2413 2799 Aa.
2431 2780 2454 2798 ι,

1270 2797 1420 2827 ventiones
1440 2797 1513 2827 inter
1534 2806 1586 2826 nos
1608 2797 1643 2828 &
1661 2796 1752 2834 ipsum
1775 2796 1877 2834 facias,
1896 2797 1930 2828 ὅ(
1953 2796 2039 2835 dum,
2057 2798 2095 2828 de
2116 2798 2222 2829 affensu
2237 2800 2338 2830 nostro
2359 2810 2422 2847 Joh.

1271 2836 1306 2866 &
1321 2835 1385 2873 suo,
1404 2834 1516 2866 dietum
1531 2834 1720 2872 verididtum,
1737 2835 1775 2865 de
1790 2834 1931 2873 praedietis
1954 2838 2195 2867 conventionibus
2208 2862 2218 2876 ,
2244 2840 2273 2867 in
2295 2848 2340 2868 re-
2359 2853 2434 2875 Cart.
2454 2858 2476 2875 1,

1272 2873 1403 2911 spectum
1419 2874 1541 2911 politum
1556 2874 1716 2913 fuerit3nis1
1731 2875 1845 2904 interim
1858 2873 1895 2904 de
1908 2873 2016 2904 assensu
2030 2875 2130 2906 nostro
2145 2877 2179 2907 ὃς
2194 2877 2243 2907 suo
2258 2876 2340 2907 firma
2357 2886 2493 2924 Johanniz,

1273 2921 1325 2950 pax
1341 2913 1413 2943 inter
1428 2923 1480 2943 nos
1497 2914 1529 2944 &
1543 2912 1633 2951 ipsum
1648 2912 1721 2943 facta
1731 2913 1824 2943 fuerit.
2361 2932 2386 2962 p·
2406 2935 2428 2952 ,—
2442 2935 2481 2952 m,

1314 2951 1407 2989 Q1od
1421 2951 1592 2982 veridictum
1606 2951 1731 2989 positum
1744 2951 1827 2981 estin
1847 2951 2006 2990 respectum
2027 2952 2114 2991 usque
2133 2953 2164 2983 in
2190 2961 2223 2993 15
2246 2953 2305 2985 dies
2326 2954 2341 2984 a
2363 2967 2389 2992 6.
2403 2964 2481 3001 Aorsoi

1274 2989 1434 3021 Nativitate
1449 2989 1671 3029 beatiJohannis
1688 2989 1827 3027 Baptistae.

1311 3066 1382 3136 ἷξες
1393 3067 1509 3099 interim
1523 3077 1577 3105 pro
1592 3066 1688 3106 aliquo
1701 3075 1822 3098 munere
1834 3065 1971 3106 possimus
1986 3068 2013 3098 ei
2024 3067 2204 3110 forisfacere,
2217 3078 2272 3102 nec
2286 3069 2343 3108 ipse

1274 3116 1315 3136 ΠΟ
1337 3116 1368 3136 15.

1274 3182 1429 3222 Testibus,

1275 3261 1313 3290 Ε.
1331 3258 1531 3299 Archiepifiopo
1546 3257 1701 3298 Burdegal,

1825 3258 1963 3298 Jouberto
1977 3260 2008 3290 de
2022 3262 2138 3300 Cyrcha,

1276 3301 1376 3336 Rogero
1392 3300 1488 3328 Sandli
1502 3299 1626 3328 Andreae
1646 3296 1789 3338 Epifiopo,

1825 3302 1886 3328 Gir.
1907 3299 1939 3328 de
1959 3299 2119 3329 Forinwall.

1277 3341 1313 3367 G.
1333 3340 1433 3366 Comite

1276 3379 1310 3406 R.
1330 3379 1432 3405 comite
1444 3376 1476 3405 de
1489 3377 1580 3405 Leirc.

1277 3416 1312 3443 B.
1332 3417 1435 3443 Camite
1451 3413 1561 3452 Albin,

1277 3455 1310 3481 R.
1331 3456 1432 3482 Comite
1446 3456 1542 3490 Augi,

1825 3336 1973 3366 Wllielmo
1984 3338 2016 3368 de
2028 3340 2107 3367 Κατ.

1827 3377 1869 3404 W
1867 3374 1974 3404 illielma

1827 3413 1967 3451 Radulpho
1981 3414 2012 3442 de
2026 3411 2210 3452 Malo-leone,

1829 3451 1971 3480 Wllielmo
1983 3452 2015 3480 de
2027 3450 2193 3482 Malo-leone
2200 3475 2214 3491 ,

27 3389 77 3421 ·1.
95 3391 157 3420 116.

177 3366 205 3393 ³*
231 3368 324 3415 Hugo
350 3369 468 3402 Brunus
497 3373 599 3404 Comes
626 3368 756 3405 March.
780 3375 816 3411 εἴ]
837 3372 1015 3420 Radulphm
1032 3376 1134 3408 Comes
1151 3376 1237 3421 Augi

349 3416 508 3451 deveniunt
527 3420 592 3466 lzgii
611 3417 740 3453 homines
755 3419 834 3466 Joh.
859 3425 947 3470 Regis
967 3424 1066 3470 Angl.

46 3514 119 3541 ῐῃςῑ-
176 3504 314 3567 SCiant
342 3505 489 3544 praesentes
515 3507 549 3537 &
573 3507 660 3538 futuri
686 3509 766 3547 quod
793 3509 858 3551 Ego
883 3510 936 3543 Hu
955 3523 976 3543 o
1000 3512 1109 3544 Brunus
1128 3513 1239 3545 Comes
1277 3493 1332 3559 Wb
1344 3490 1524 3531 Ma⁷es⁶¹³H⁰²
1542 3494 1643 3520 cmm
1660 3490 1693 3520 de
1709 3492 1788 3520 Pem—
1826 3489 1978 3556 Ξζῖξξθᾶἑ
1991 3489 2084 3556 (ἔφ’

29 3552 118 3589 Pl‘fflte
239 3544 352 3589 MasCh·
376 3545 409 3588 &.
429 3544 454 3574 E
474 3554 494 3574 ⁰
513 3544 679 3591 Radusphqs
700 3547 811 3593 comes
832 3549 910 3594 Aussi
942 3560 1023 3582 umus
1036 3552 1166 3583 homines
1181 3553 1238 3592 ligii
1276 3570 1301 3597 G
1333 3539 1410 3598 roc-{io
1425 3568 1459 3598 de
1471 3570 1548 3598 L'zu
1569 3579 1601 3597 ac
1827 3569 1926 3596 Gwar.
1943 3529 2202 3602 deeGlgs‘tggZ'&·c.

31 3591 111 3617 Anno
127 3599 142 3617 a
180 3581 307 3627 Domini
321 3582 459 3627 nostriJo
467 3592 557 3628 iannis
569 3583 677 3627 illustris
694 3584 788 3632 Regis·
797 3588 844 3619 An
864 3588 909 3618 hae
921 3612 931 3628 ,
953 3598 1054 3620 contra
1067 3599 1168 3621 omnes
1183 3592 1238 3621 ho·
1278 3567 1378 3638 ὤηᾷῙ
1441 3607 1456 3637 b
1475 3581 1508 3636 [²
1526 3611 1530 3615 .
1549 3579 1737 3636 &chiama
2041 3575 2062 3605 p
2113 3589 2123 3605 ³

31 3626 98 3655 Nat.
180 3630 269 3651 mines
284 3622 322 3665 &¹
329 3621 461 3666 foeminas
471 3645 480 3660 ,
497 3623 700 3667 qurvrverc&
715 3633 789 3655 mon
802 3636 841 3664 po
866 3635 935 3666 unt,
949 3628 983 3659 ὅ(
996 3629 1025 3658 in
1037 3629 1187 3668 omnibus,
1204 3630 1239 3660 &
1316 3631 1322 3637 '
1365 3606 1439 3648 ‘'nst‘'
1457 3618 1474 3636 u
1486 3617 1544 3637 am
1745 3626 1757 3643 ²

31 3664 129 3696 Christi
180 3670 231 3697 per
243 3670 341 3690 omnia
353 3661 460 3691 honori
472 3661 505 3692 &
520 3661 628 3691 utilitati
643 3671 700 3700 ejus
712 3671 765 3699 pro
779 3672 843 3696 toto
857 3665 937 3704 poffe
949 3667 1050 3698 nostro
1064 3666 1181 3698 fideliter
1194 3668 1239 3698 in-

57 3711 142 3736 1200·
172 3698 348 3738 ,tendemus3
366 3700 399 3730 ὅ(
413 3699 446 3729 ad
460 3700 557 3730 omnia
569 3700 631 3739 jura
643 3700 688 3730 sua
703 3703 888 3738 perquirenda
928 3704 1116 3746 recuperanda
1130 3706 1164 3737 &
1179 3717 1239 3737 ma·
1477 3738 1482 3743 ,
1860 3735 1866 3741 .
1952 3730 1982 3743 Ν
2233 3737 2237 3741 .
2321 3736 2328 3743 ,

32 3745 67 3769 A,
85 3753 107 3772 1,
181 3738 340 3769 nutenenda
354 3737 488 3778 fideliter,
505 3749 558 3777 pro
573 3746 636 3769 toto
653 3738 733 3782 posse
747 3740 863 3781 nostro,
880 3729 948 3774 ei’irn
961 3744 1152 3784 adjuvabimus
1167 3755 1239 3776 con-
1277 3737 1392 3769 forma
1408 3738 1495 3769 Pacts
1503 3733 1594 3779 faffae
1610 3731 1694 3779 apud
1711 3731 1837 3766 Guleton
1855 3743 1932 3765 mter
1947 3730 2125 3778 johannem
2139 3733 2256 3780 Angltae
2266 3759 2277 3775 ,
2303 3745 2341 3772 ατ·

32 3779 93 3844 zob.
179 3783 345 3844 trastomnes
358 3802 368 3815 ,
388 3778 422 3808 δε
444 3779 530 3808 etiam
552 3786 653 3808 contra
672 3777 734 3807 1llos
748 3801 758 3816 ,
783 3779 833 3816 qui
853 3780 915 3812 fiant
934 3782 981 3814 vel
995 3792 1077 3814 erunt
1088 3782 1124 3814 de
1136 3793 1241 3823 genere
1595 3781 1766 3827 Philippum
1781 3784 1913 3816 Francia
1930 3784 2030 3829 Reges.

56 3826 106 3846 art.
125 3829 148 3849 ι,
181 3823 219 3844 no
247 3826 288 3846 ro.

32 3855 164 3891 Johannis‚
217 3853 288 3899 Nec
307 3855 403 3895 aliquo
425 3855 516 3887 modo
530 3881 540 3896 ,
564 3865 618 3900 pro
638 3863 707 3900 toto,
722 3855 803 3895 poss'e
817 3856 934 3897 nostro,
952 3859 1239 3905 sustinebimus-quod
1282 3879 1307 3900 1.
1385 3867 1535 3906 Hilippus,
1561 3865 1619 3896 Dei
1639 3865 1755 3905 Gratia,
1780 3866 1908 3897 Franciae
1930 3866 2014 3906 Rex,
2038 3867 2188 3901 Univerfis
2210 3865 2244 3897 ad
2267 3875 2339 3904 quos
2361 3875 2436 3906 Arm,
2447 3873 2491 3904 Dx

33 3898 58 3930 p.
73 3903 98 3922 2.
111 3905 148 3922 m.
180 3891 436 3938 Dominusnoster
449 3895 514 3925 Rex
530 3895 658 3934 Angliae,
675 3895 769 3934 aliquo
791 3904 923 3934 tempore
934 3907 1008 3942 'vrtae
1023 3899 1128 3930 nostrae
1148 3910 1177 3930 m
1192 3900 1240 3930 ali—
1396 3906 1513 3945 praesens
1536 3903 1622 3934 Carta
1643 3907 1818 3943 pervenerit,
1836 3905 1969 3936 Salutem,
2006 3906 2158 3937 Noveritis
2177 3904 2255 3943 quod
2277 3905 2339 3935 haec
2385 3923 2472 3944 1200,

34 3931 165 3971 28·d⁰rs0.
183 3937 241 3972 (1Ψο
267 3929 435 3964 dmunuatur
450 3958 460 3973 ,
484 3934 530 3966 Vel
557 3933 697 3965 decrescat
723 3943 771 3972 Per
791 3935 1010 3976 consangumeos
1031 3938 1145 3970 flOstsOS
1159 3963 1170 3977 ο
1193 3939 1240 3970 vel
1279 3946 1320 3977 est
1341 3947 1434 3976 forma
1455 3945 1528 3981 pacis
1550 3943 1634 3974 saetae
1655 3945 1728 3974 inter
1743 3954 1812 3982 nOS,
1830 3945 1863 3975 &
1879 3944 2016 3975 dileeturn
2032 3946 2066 3976 &
2080 3945 2192 3975 fidelem
2207 3942 2338 3973 nostrum
2359 3959 2408 3979 An.
2428 3962 2453 3979 2,

183 3966 257 3998 alios.

220 4005 275 4044 Et,
291 4008 326 4038 ad
343 4009 407 4041 haec
426 4012 524 4042 omnia
543 4010 661 4042 fideliter
680 4012 715 4042 &
733 4012 809 4042 bona
831 4011 886 4042 fide
907 4013 1079 4046 observanda
1097 4015 1126 4045 in
1141 4026 1240 4054 perpe-

182 4049 281 4083 tuum,
298 4047 416 4079 fecimus
429 4060 497 4080 eum
511 4050 656 4088 securum,
675 4051 734 4081 tam
756 4061 805 4089 per
824 4060 877 4081 nos
891 4051 925 4082 δε
939 4052 1117 4084 Sacramenta
1128 4054 1241 4099 nostra,

184 4081 483 4157 ggffffl'lfcexribfflnes
496 4088 610 4120 nostros
621 4089 655 4121 &c
667 4089 849 4123 Sacramenta
861 4099 964 4123 eorum
976 4102 989 4129 3
1006 4101 1132 4130 quorum
1145 4102 1242 4126 nomi-

448 4150 460 4163 3

1276 3985 1441 4025 Johannem
1455 3983 1570 4023 Regem
1583 3982 1714 4021 Angliae,
1728 3983 1830 4013 scilicet
1844 3982 1923 4021 quod
1936 3984 1993 4021 ipse
2007 3984 2113 4014 tenebit
2127 3982 2211 4012 nobis
2227 3991 2338 4018 pacem,
2357 3991 2418 4028 Jolz.

1281 4032 1367 4062 quam
1390 4021 1456 4051 Rex
1478 4020 1618 4052 Ricardus
1640 4022 1723 4052 frater
1743 4022 1800 4060 ejus
1821 4021 1889 4052 fecit
1902 4022 2052 4052 nobiscum
2066 4023 2138 4051 inter
2152 4019 2337 4062 Exoldunum
2360 4033 2397 4055 Ex
2412 4031 2491 4054 Rotu-

1281 4063 1314 4093 &
1334 4059 1536 4098 Charrolium3
1555 4061 1676 4098 exceptis
1694 4061 1744 4097 iis,
1763 4069 1828 4104 quae
1847 4070 1898 4098 per
1918 4060 2084 4098 praesentem
2104 4058 2242 4089 Chartam
2263 4065 2338 4099 exci-
2357 4067 2378 4093 lo
2395 4065 2492 4094 mm-

1281 4101 1395 4137 piuntur
1428 4098 1475 4128 vel
1489 4107 1632 4130 mutantur
1645 4106 1762 4136 propter
1774 4100 2008 4137 interceptiones,
2024 4107 2090 4137 quas
2103 4096 2180 4128 idem
2195 4095 2261 4126 Rex
2284 4094 2340 4124 R1-
2353 4105 2462 4141 samm

1280 4136 1379 4169 cardus
1394 4122 1463 4169 fecit
1474 4136 1511 4170 de
1524 4137 1586 4176 illa,
1602 4137 1705 4169 scilicet
1712 4161 1723 4176 ,

1753 4173 1778 4206 E
1799 4183 1814 4215 3
2202 4181 2230 4203 2.
2250 4167 2343 4210 Qod
