2570 4261
18 234 94 267 Arm.
105 235 147 266 D.

45 285 129 313 1290.

15 314 82 342 mv.
105 324 129 342 1.

27 2687 43 2705 ·
52 2685 158 2722 ir.4s5.

26 2864 104 2896 Ann.
118 2864 160 2896 D.

50 2913 134 2943 1290.

30 2948 82 2973 An.
98 2944 140 2970 18.

27 2986 60 3010 ΣΕ.
81 2991 106 3008 1.

29 3025 60 3048 1..
74 3024 103 3047 B.
114 3018 141 3057 f.

32 3068 93 3093 127.
109 3067 137 3085 a.

28 3103 98 3134 penes
106 3100 159 3123 Ca·

31 3144 123 3163 meras.

648 159 776 200 ET
860 160 1177 201 ACTA

160 251 273 281 rerum,
285 241 320 274 ad
340 243 478 275 Rea-ilem
497 242 663 284 dignitatem
685 244 781 283 Regni
804 244 909 275 Scotiae
930 247 1145 284 pertinentium,
1162 244 1217 274 do-

159 290 213 310 nec
234 282 366 322 piat-dicta
388 269 516 313 Domina
537 285 569 314 ὃς
592 282 703 319 Regina
723 285 750 312 in
772 283 909 321 Regnum
930 285 1008 313 suum
1027 285 1134 315 venerit
1148 306 1158 321 ,
1182 284 1217 313 &

158 320 271 356 prolem
284 319 457 358 superstitem
472 322 613 359 habuerit,
631 330 661 351 ut
674 321 797 357 superius
810 321 851 351 est
867 321 1032 358 expreffum.

196 357 395 389 promittentes
410 360 528 389 firmiter
543 361 576 390 &
590 358 797 397 concedentes,
814 359 893 397 quod
907 361 963 389 nati
975 362 1007 390 ὅ(
1022 359 1145 390 haeredes
1153 357 1217 388 Co-

158 397 279 434 mitum,
296 396 456 435 Baronum,
474 398 508 428 «Sc
522 397 695 437 Nobilium,
709 399 758 435 qui
772 407 824 435 pro
837 407 966 434 ternpore
980 407 1061 428 erunt
1075 399 1104 428 in
1118 396 1216 428 custo-

158 433 206 464 dia
225 436 258 466 &
278 436 424 473 maritagio
447 435 567 466 Domini
581 436 669 465 Retris
684 436 789 466 Scotice
804 457 814 473 ‚
831 435 895 473 post
910 445 1032 466 mortem
1046 434 1217 466 Anteceffo-

161 481 226 504 rum
240 472 373 510 suorum,
390 482 440 508 per
454 473 624 510 praedi&um
630 461 750 513 'Regem
763 474 916 504 nullatenus
931 474 1141 513 disparagentur.

193 509 263 539 Nec
286 510 363 548 quod
386 510 604 544 parliamentum
627 520 752 542 teneatur
773 521 848 542 exrra
870 512 1005 551 Regnum
1023 514 1056 544 ὃς
1072 511 1216 542 Marchias

157 546 261 578 scotia:
276 570 285 584 ,
310 548 389 586 super
411 550 462 579 hiis
487 560 551 587 quae
564 551 731 589 contingunt
746 551 835 588 ipsum
849 551 985 590 Regnum
998 552 1044 582 vel
1057 550 1216 588 Mammas,

159 586 206 616 seu
221 584 322 616 statum
338 588 555 619 inhabitantium
571 589 660 626 ipsum
674 589 820 620 Remum.

194 623 230 653 N
232 634 264 654 ec
280 625 364 657 etiam
378 626 503 666 Tallagia
516 650 527 665 ,
550 626 659 657 Auxilia
671 651 681 666 ,
706 613 866 666 ffxercstus,
884 628 929 658 vel
944 627 1091 658 Malatolta
1104 628 1216 666 exigan-

157 669 204 706 tur
226 663 242 692 a
265 663 402 701 praediCto
424 664 530 705 Regno
571 674 617 695 aut
630 667 809 703 imponantur
824 668 951 706 gentibus
963 665 1085 705 ejusdem
1102 665 1219 705 Regni²

159 700 211 744 nisi
233 711 286 746 pro
306 704 507 734 communibus
530 690 623 772 Rffni
648 707 764 744 negotiis
786 705 962 743 expediendis
975 728 984 743 ,
1003 706 1035 736 δε
1050 705 1080 735 in
1095 704 1216 742 cafibus,

160 749 189 768 iii
206 740 305 776 quibus
321 741 414 782 Reges
427 742 534 772 Scotiae
548 751 560 772 t
586 744 594 772 i

199 777 246 807 Ad
263 789 326 816 quae
341 780 438 810 omnia
449 780 600 818 supradicta
617 782 724 821 integre
737 783 770 813 &
785 782 903 812 fideliter
918 781 1086 813 observanda
1097 779 1218 820 praedic-

162 824 207 846 tus
225 815 370 847 Dominus
385 818 480 848 noster
494 819 559 849 Rex
573 820 654 850 faciet
667 822 697 850 in
710 821 832 851 animam
847 821 923 850 suam
930 821 1022 858 jurari.

179 852 236 896 'Et
257 854 367 885 Praelati
390 857 424 887 δε
438 857 584 902 Magnates
601 858 712 897 Angliae
734 859 912 897 infrascripti,
931 859 1078 896 videlicet,
1095 857 1219 887 Cantua-

161 891 256 934 rienfis
278 894 312 924 ὃς
334 893 510 927 Eboraseniis
531 897 764 937 Archiepiscopi:
793 898 838 928 Ac
854 897 1084 937 Wynroniensis,
1101 895 1220 925 Lincol-

163 929 263 974 niensis
312 931 532 973 Dunolmenlis,
550 936 583 966 &
607 935 786 966 Karliolenlis
801 935 949 974 Episcopi,
968 945 1082 965 necnon
1094 933 1218 964 Nobiles

162 978 217 998 vui
230 992 239 1007 ‚
266 954 389 1002 Domini
409 972 593 1011 Edmundus,
611 973 735 1004 Domini
756 974 843 1004 nostri
866 974 954 1011 Regis
974 973 1136 1004 Germanus
1153 995 1162 1010 ,
1185 972 1219 1002 &

163 1005 324 1053 Cornubisee
337 1033 348 1049 ,
370 1009 573 1043 pembrochiae
588 1035 599 1051 ,
622 1012 788 1043 Gloverniae
800 1035 810 1051 ,
834 1013 987 1043 warennae
1001 1036 1011 1050 ,
1037 1011 1198 1041 Lincolniie
1210 1032 1220 1047 ,

165 1044 347 1091 Norfolciae,
364 1048 529 1089 Suffolciae,
547 1053 581 1082 &
594 1050 718 1081 Oxoniae
732 1051 879 1090 Comites,
897 1050 1015 1082 fideliter
1028 1049 1219 1088 procurabunt

164 1093 185 1122 p
225 1085 303 1116 miffa
317 1086 435 1119 firmiter
451 1090 599 1121 observari.

229 1131 257 1160 t,
274 1123 293 1154 si
312 1124 378 1155 Rex
397 1129 482 1167 egerit
503 1138 579 1159 extra
598 1127 627 1158 R
646 1137 751 1166 vnum,
766 1127 844 1166 quod
859 1128 956 1158 locum
971 1126 1052 1157 suum
1063 1122 1221 1168 tenens-vel

162 1168 289 1191 tenentes
301 1201 306 1207 Ι
317 1164 345 1193 in
361 1165 417 1202 ejus
431 1166 570 1205 absentia,
585 1138 732 1197 veleliaeres
745 1168 753 1196 i
775 1167 826 1196 lius
842 1165 966 1196 Domini
979 1165 1027 1195 Re
1047 1166 1067 1194 is
1082 1187 1092 1202 ,
1118 1164 1127 1193 l
1164 1171 1221 1192 itti-

164 1209 220 1229 mae
231 1208 320 1243 aetatis
335 1203 468 1243 existens,
482 1214 529 1235 aut
542 1204 663 1243 ejusdem
675 1205 751 1235 haere
773 1205 794 1234 is
807 1204 901 1235 custos
917 1203 963 1233 seu
980 1214 1017 1234 cu
1044 1203 1112 1233 odes
1118 1225 1128 1240 ,
1169 1210 1218 1230 um

165 1238 249 1282 fuerit
270 1240 388 1272 minoris
410 1243 512 1281 aetatis,
531 1243 650 1281 quilibet
663 1244 693 1273 in
704 1243 754 1273 suo
769 1242 831 1273 casu
845 1241 1029 1280 praestabunt,
1046 1241 1093 1271 seu
1107 1239 1221 1278 proesta-

166 1276 211 1306 bit
227 1278 373 1310 consimile
384 1280 607 1312 Sacramentum.

202 1313 403 1348 Promittiinus
423 1320 509 1351 etiam
531 1318 609 1357 quod
625 1318 774 1358 praediCtus
795 1318 943 1349 Dominus
958 1317 1055 1348 noster
1069 1317 1149 1354 Rex,
1167 1325 1220 1353 pro

167 1352 194 1383 se
207 1355 240 1384 ὅ(
254 1355 408 1386 haeredibus
428 1358 480 1387 suis
488 1381 499 1396 ,
513 1357 651 1397 obligabit
670 1357 698 1388 se
715 1356 750 1386 ad
763 1355 969 1387 restitutionem
984 1355 1055 1386 dieti
1070 1355 1167 1392 Regni
1181 1354 1222 1384 fa-

168 1392 314 1431 ciendam,
333 1395 362 1425 in
381 1395 487 1426 casibus
508 1395 684 1434 supradietis,
700 1395 751 1425 sub
771 1395 861 1433 pcena
882 1403 999 1425 centurn
1012 1392 1222 1436 miliumlibra-

166 1439 231 1498 rTum
249 1431 454 1501 Stgrlirggorum
468 1457 478 1474 ,
503 1433 698 1466 solvendarum
711 1433 845 1464 Ecclefiae
859 1432 1004 1463 Romanae
1017 1433 1046 1462 in
1061 1431 1222 1462 Subsidium

198 1478 266 1499 errae
301 1480 335 1500 an
366 1481 398 1502 ae.

202 1506 258 1547 Et,
276 1518 376 1545 praeter
396 1510 477 1550 haec,
494 1510 573 1549 quod
590 1510 737 1541 Dominus
758 1510 834 1549 Papa
850 1508 960 1540 dietum
981 1508 1144 1539 Dominum
1157 1517 1223 1538 nos-

167 1552 245 1575 trum
264 1547 376 1587 Regem
396 1550 429 1581 &
449 1550 572 1580 haeredoe
591 1550 652 1580 suos
675 1548 776 1587 poffit,
794 1559 842 1587 per
855 1548 998 1578 sententias
1012 1547 1223 1577 Excommuni-

167 1585 285 1615 cationis
298 1587 328 1616 in
344 1588 484 1627 personas,
503 1589 537 1620 δε
547 1588 686 1618 interdicCti
699 1589 730 1618 in
742 1586 878 1627 Regnum
892 1587 926 1618 &
939 1595 1021 1616 terras
1035 1584 1222 1622 eorumdem,

166 1631 226 1653 tam
240 1623 275 1653 ad
290 1624 385 1671 R‘egni
400 1627 528 1665 praediffl
542 1626 765 1664 restitutionem,
785 1625 871 1663 quam
885 1625 919 1654 ad
932 1634 1027 1664 poenae
1043 1624 1222 1666 solutionem,

166 1661 187 1706 ξι
203 1665 354 1696 commista
366 1666 467 1704 fuerit,
484 1666 636 1697 cohercere
647 1677 660 1704 3
676 1664 822 1702 principali
836 1663 1007 1703 obligatione
1020 1662 1221 1693 nichilominus

166 1710 197 1730 m
208 1701 259 1731 suo
271 1703 377 1734 robore
388 1704 526 1735 duratura.

203 1737 399 1772 Concedimus
425 1742 533 1780 insuper
558 1743 592 1773 &
613 1741 803 1779 promittimus
817 1764 826 1780 ,
848 1740 965 1771 nornine
988 1739 1113 1770 Domini
1134 1737 1224 1768 nostri

166 1775 256 1816 Regis
274 1779 426 1818 praediciti,
452 1780 530 1819 quod
543 1780 618 1811 idem
632 1779 777 1812 Dominus
790 1778 885 1811 noster
897 1778 1059 1817 praesentem
1072 1778 1224 1817 obligatio—

165 1826 235 1850 nem
249 1843 258 1856 ,
277 1819 393 1856 propriis
415 1818 569 1860 sumptibus
587 1820 621 1850 &
642 1822 695 1857 p'ro
715 1818 821 1848 viribus
871 1817 954 1848 faciet
979 1817 1049 1848 infra
1069 1826 1193 1854 annum,
1208 1815 1224 1845 a

168 1866 298 1896 ternpore
319 1856 519 1897 Sponsaliurn,
540 1858 611 1888 inter
631 1856 780 1895 praedie'cos
799 1841 975 1887 Edwardum
987 1856 1020 1887 &
1035 1855 1225 1898 Margaretam

168 1895 384 1928 contrac‘iorum
398 1920 408 1934 ,
433 1896 603 1928 articulatim
621 1906 670 1934 per
691 1896 835 1926 summum
854 1894 1026 1925 Pontificem
1047 1893 1222 1931 confirmari,

169 1936 204 1969 δε
217 1935 289 1965 infra
301 1933 379 1965 idem
392 1942 501 1974 tempus
516 1934 726 1966 Communitati
739 1933 835 1973 Regni
847 1932 952 1963 Scotiae
965 1933 1081 1963 liberari.

207 1972 299 2014 Qod
315 1997 325 2011 ,
350 1972 370 2002 si
390 1973 464 2004 infra
479 1983 593 2004 annum·
606 1972 774 2014 praedivitum
793 1971 822 2002 id
835 1971 928 2002 facere
942 1981 1002 2002 non
1015 1971 1135 2009 poterit,
1154 1969 1224 2001 illud

188 2012 255 2043 uam
268 2012 349 2042 citius
363 2013 484 2050 potuerit
496 2011 555 2043 fieri
569 2012 747 2049 impetrabit,
762 2011 797 2041 ita
811 2009 890 2048 quod
903 2009 971 2040 illud
983 2009 1153 2048 perficiatur:
1174 2010 1225 2046 δε,

166 2021 190 2081 si
211 2050 270 2082 hoc
290 2060 350 2082 non
369 2050 451 2082 faciat
464 2051 513 2082 suo
529 2059 675 2090 tempore,
693 2048 770 2088 quod
784 2047 907 2079 haeredes
920 2047 961 2087 sui
974 2048 1009 2079 ad
1024 2048 1052 2078 id
1064 2047 1226 2079 faciendum

171 2089 250 2120 bona
263 2088 319 2119 fide
333 2097 487 2120 teneantur.

206 2127 402 2161 Protestamur,
420 2130 505 2163 etiam
526 2129 557 2158 in
576 2128 628 2158 hiis
641 2127 765 2165 scriptis,
782 2125 859 2164 quod
874 2127 970 2156 omnia
984 2125 1125 2163 praemiffa
1138 2125 1226 2157 taliter

169 2166 372 2205 intelligantur,
392 2167 542 2205 quodjuri
556 2168 636 2197 unius
652 2166 747 2206 Regni
760 2164 808 2195 vet
822 2165 944 2201 alterius,
962 2165 1068 2195 ratione
1089 2165 1228 2202 praesentis

168 2205 251 2243 fasti,
269 2205 357 2236 nichil
372 2204 514 2237 decrescat
528 2205 679 2245 aliqualiter
692 2203 738 2236 vel
752 2203 907 2241 accrescat,
926 2202 997 2233 Nec
1014 2202 1096 2233 alicui
1110 2203 1226 2243 Regum

167 2242 340 2284 Regnorum
354 2244 573 2283 praedinmum,
591 2244 660 2283 quin
670 2243 759 2275 libere
772 2241 890 2273 habeant
903 2241 1006 2272 statum
1021 2241 1109 2272 suum.

595 753 609 772 a
624 753 718 780 perere
731 744 943 774 consueverunt.

207 2320 244 2351 In
284 2330 389 2352 uorum
413 2322 548 2352 omnium
567 2323 601 2353 δε
621 2320 797 2352 finoulorum
811 2319 1019 2357 praemifforum
1031 2318 1230 2350 testimonium

171 2330 390 2430 {ffld‘enfiam
403 2360 578 2399 pleniorem,
594 2346 689 2399 Sigiisa
700 2358 796 2390 nostra
810 2357 988 2397 praesentibus
999 2357 1130 2389 duximus
1141 2367 1230 2397 appo-

212 2474 281 2505 Dat.
298 2484 314 2504 a
334 2474 372 2505 ud
383 2474 515 2515 Brigham
530 2473 576 2505 die
591 2473 692 2505 Martis
725 2472 834 2503 roxima
847 2480 911 2503 ante
924 2471 1039 2517 Festum
1051 2472 1141 2502 beatre
1149 2471 1231 2515 Mar7

174 2510 814 2589 ffiissffmoffiffizeffidgffizssagam.¹²⁰³·
837 2511 981 2551 Auguffi’
1005 2520 1080 2541 ²⁰³⁰
1107 2509 1231 2541 D⁰m¹¹²²

176 2675 205 2704 ’X‘
227 2680 337 2711 Literae
354 2677 513 2721 Custodum
540 2681 640 2711 Scotiae
658 2704 668 2720 ‚
693 2676 732 2710 de
746 2680 951 2711 Matrimonia
969 2674 1164 2709 contrahendo
1184 2680 1232 2709 in-

222 2736 269 2758 ter
291 2726 486 2761 Edwardnm
504 2726 612 2770 filium
637 2729 724 2772 Regis
748 2726 882 2772 Angliae‚
905 2729 941 2764 (ξφ
959 2728 1177 2771 Margaretam
1187 2725 1232 2769 fi—

224 2775 299 2808 liam
319 2778 408 2822 Regis
425 2778 596 2823 Norwagiae
615 2772 734 2808 Haered.
756 2777 867 2808 Scotiae.

178 2859 383 2923 UNiverfis
399 2859 505 2891 Christi
519 2859 664 2898 fidelibus,
680 2858 714 2889 ad
729 2869 799 2898 quos
814 2859 929 2897 praesens
951 2858 1082 2900 scriptum
1118 2868 1233 2890 ervene-

265 2900 300 2929 rit
315 2922 325 2936 ,
345 2898 518 2929 Willielmus
536 2899 632 2929 Sanffi
655 2898 799 2936 Andreae,
823 2899 856 2928 δε
876 2898 1022 2928 Robertus
1035 2897 1071 2928 de
1114 2897 1233 2936 lasguen.

179 2937 238 2968 Dei
260 2936 369 2975 gratia,
391 2936 523 2975 Episcopi
538 2948 545 2967 ·.
557 2937 702 2976 johannes
716 2936 851 2975 Cumyn,
868 2937 901 2967 &
911 2936 1035 2975 Jacobus
1048 2936 1233 2973 Senescallus,

181 2975 324 3044 Cugodes
337 2975 433 3015 Regni
448 2975 569 3014 Scodae,
587 2976 622 3006 &
635 2974 757 3015 ejusdem
770 2975 865 3015 Regni
880 2975 1080 3006 Communitas
1094 2997 1104 3014 ,
1120 2974 1234 3005 salutem

181 3024 210 3044 in
259 3022 368 3044 omino.

181 3090 195 3121 I
215 3051 344 3120 ffoverit
363 3050 521 3082 universitas
540 3050 631 3083 vestra
646 3051 739 3091 quod,
759 3053 830 3084 cum
845 3051 976 3091 quaedam
989 3051 1186 3092 Obligationes
1200 3051 1234 3082 &

196 3094 215 3120 'n
243 3096 386 3128 rumenta‚

219 3129 295 3160 Inter
314 3127 495 3159 Venerabiles
513 3127 609 3158 Patres
629 3127 792 3160 Dominum
813 3128 974 3160 Antonium
988 3128 1234 3166 Dunolrnensem,

182 3169 216 3199 &
237 3168 277 3198 R.
298 3165 514 3197 Karlionensem
528 3190 538 3204 ,
563 3166 621 3196 Dei
640 3167 744 3206 gratia,
767 3167 939 3206 Episcopos:
960 3166 999 3198 Et
1011 3167 1136 3198 Nobiles
1149 3167 1234 3197 Viros

181 3205 501 3244 DominosiJlohannem
515 3205 552 3235 de
564 3204 723 3244 Warenna,
741 3207 774 3237 &
788 3206 830 3236 H.
850 3206 1010 3236 Lincolniae
1023 3206 1165 3237 Comites:
1180 3204 1234 3235 W.

182 3244 220 3274 de
240 3244 331 3283 Vescy
353 3243 479 3274 Militem
492 3257 503 3283 ς
521 3244 553 3273 &
568 3243 729 3274 Henricum
741 3244 777 3274 de
789 3244 922 3277 Newerk
934 3244 1087 3275 Decanum
1103 3243 1235 3274 Ecclesiae

182 3282 318 3313 Eborum
330 3306 340 3320 ,
362 3281 490 3319 speciales
508 3281 705 3312 Procuratores
719 3282 752 3312 &
765 3281 900 3314 Nuncios
914 3282 1071 3321 solempnes
1087 3281 1235 3322 Magnifici

184 3320 328 3367 Principis
336 3319 462 3350 Domini
475 3319 624 3358 Edwardi‚
642 3319 702 3350 Dei
722 3320 808 3359 gratia
820 3345 830 3360 ,
848 3321 935 3362 Regis
950 3321 1060 3362 Angliae
1075 3321 1184 3351 illustris
1201 3329 1235 3350 ex

183 3358 744 3442 pargiiiiuezbbgdlgossiipzeitesgio’nialibus
764 3397 797 3427 &
819 3396 1030 3443 Matrimonio,
1041 3396 1237 3442 contrahendis

185 3444 257 3467 inter
272 3434 436 3465 Dormnum
449 3419 621 3465 {dwardum
636 3434 739 3465 Filium
751 3435 785 3466 &
797 3434 952 3467 Haeredem
965 3437 1032 3468 dieti
1047 3437 1170 3467 Domini
1178 3435 1238 3465 Re-

207 3476 227 3505 is
249 3473 295 3504 An
315 3473 359 3504 liae
371 3498 381 3510 ,
407 3473 440 3503 &
463 3473 622 3503 Dominam
643 3473 768 3504 nostram
792 3472 857 3504 Mar
877 3483 996 3514 aretam,
1014 3475 1099 3505 filiam
1113 3474 1238 3504 Domini

215 3514 282 3552 yrici
333 3513 388 3552 egis
408 3512 577 3551 Norwagiae
588 3534 598 3551 ‚
623 3511 702 3548 super
721 3511 833 3543 diversis

884 3514 987 3544 rticulis
1006 3515 1041 3545 δε
1059 3513 1238 3554 petitionibus

185 3551 354 3591 praedidtum
368 3552 517 3590 negotium
529 3551 704 3589 tangentibus
712 3573 721 3588 ,

174 3614 181 3630 ὲ
225 3590 381 3628 Volumus,
400 3588 599 3627 concedimus,
615 3589 648 3620 ὃς
663 3598 713 3626 per
727 3588 870 3626 praesentes
884 3589 984 3621 litteras
999 3600 1052 3621 nos
1065 3590 1239 3630 obligamus,

187 3629 267 3699 qugii
274 3653 284 3667 ’
298 3649 410 3697 raedidra
431 3665 618 3697 Instrumenta
637 3665 670 3696 &
692 3665 875 3704 obligationes
889 3690 899 3704 ,
923 3667 1049 3698 ordinata
1062 3668 1095 3699 δε
1109 3666 1240 3698 confeeca

189 3678 326 3744 apudlhi
381 3715 435 3744 mv,
458 3706 488 3735 in
508 3704 655 3742 colloquio
674 3703 782 3734 ibidem
800 3704 896 3735 habito
910 3729 920 3742 ,
937 3704 983 3735 die
995 3706 1096 3736 Martis
1109 3704 1240 3743 proxima

189 3753 254 3776 ante
273 3744 313 3775 Fe
341 3754 389 3775 um
409 3744 498 3774 beatae
520 3742 686 3782 Margaretae
705 3741 826 3781 Virginis
838 3765 848 3779 ,
880 3741 984 3774 scilicet
1007 3746 1106 3782 quinto
1125 3744 1240 3774 decimo

190 3781 328 3813 Calendas
340 3782 475 3822 Augusti,
493 3791 566 3811 anno
581 3782 675 3818 gratioe
696 3790 778 3818 ¹290·
798 3780 922 3817 placeant
940 3781 1017 3812 dicito
1033 3782 1165 3813 Domino
1181 3781 1242 3811 Re-

191 3821 228 3859 gi⁴
241 3821 353 3865 Anglia'z
365 3846 375 3859 ,
400 3823 434 3853 &⁹
449 3831 480 3851 ea
494 3819 667 3850 ratificaverit
681 3818 751 3848 infra
766 3817 881 3848 Festum
895 3818 1056 3850 Nat-ivitatis
1069 3821 1159 3850 beatae
1174 3821 1242 3851 Ma-

192 3859 242 3887 riae
258 3859 380 3898 Virginis
397 3860 530 3899 proximo
551 3857 647 3889 futuro
661 3867 710 3895 per
724 3857 824 3887 litteras
836 3855 964 3887 Parentes
978 3857 1076 3897 Sigillo
1090 3859 1140 3889 suo
1154 3859 1244 3899 signa-

194 3904 251 3932 tas,
268 3897 302 3927 ὃς
315 3899 397 3928 nobis
408 3898 539 3928 exhibitas
548 3920 557 3934 ,

231 3933 320 3965 Di&
334 3935 520 3967 Instrumenta
532 3936 565 3966 &
579 3935 760 3973 obligationes
771 3935 800 3963 in
814 3933 863 3964 suo
877 3933 982 3963 robore
994 3934 1184 3971 perseverent:

232 3972 266 4003 Si
276 3974 345 4004 vero
358 3974 514 4010 displiceant
529 3973 621 4004 eidem
638 3972 770 4013 praedidta
791 3971 979 4001 instrumenta
992 3973 1025 4002 &
1040 3973 1242 4011 obligationes,

195 4010 263 4040 hinc
283 4010 349 4040 inde
369 4011 562 4050 restituantur,
578 4013 611 4043 ὃς
625 4020 727 4044 extunc
740 4011 861 4043 omnino
874 4009 977 4042 viribus
992 4019 1119 4048 careant,
1134 4012 1167 4043 ὅς
1180 4012 1243 4042 nul-

192 4048 242 4080 lius
257 4049 372 4087 penitus
380 4049 595 4084 fixit-momenti.

1258 157 1834 205 PUBLICA.
2259 181 2309 219 71

1293 241 1327 272 In
1345 244 1434 290 'cujus
1458 246 1496 275 rei
1514 245 1709 290 testimonium
1729 249 1855 286 praesenti
1876 250 1978 288 scripto
1998 249 2127 291 Sigillum
2148 260 2306 283 commune

1255 279 1367 320 Regni,
1386 291 1441 312 una
1455 292 1522 313 cum
1537 285 1635 323 sigillis
1648 286 1766 324 nostris,
1785 287 1825 317 est
1840 289 2000 326 appensum.

1293 354 1360 387 Dat.
1379 357 1451 394 apud
1465 358 1610 399 Brigham,
1627 371 1703 391 anno
1718 362 1750 393 ὃ(
1764 362 1809 393 die
1824 363 1990 401 supradic‘tis.

1256 478 1362 511 Litera
1386 481 1486 512 Caroli
1511 483 1598 528 Regis
1618 484 1722 516 Siciliae
1737 510 1747 525 ‚
1773 484 1807 517 de
1823 490 1920 518 variis
1940 486 2119 520 traslazibus
2133 492 2170 527 ὠ·
2194 492 2307 522 contin-

1527 528 1665 576 gentibus
1676 532 1766 577 fhper
1784 531 1953 566 liberatione
1961 536 2032 579 sim.

1256 610 1399 672 INclito
1415 612 1536 657 Principi
1551 613 1702 653 Edvardo,
1721 614 1778 645 Dei
1790 616 1889 654 gratia,
1906 617 2064 657 Anglorum
2081 620 2174 662 Regi,
2192 620 2308 661 Magni-

1305 650 1363 680 fico
1383 650 1515 682 Domino
1529 675 1539 689 ,
1559 654 1591 683 &
1607 652 1825 692 Consanguineo
1837 655 1886 685 suo
1901 656 2056 695 carusium,
2075 658 2197 690 Karolus
2211 661 2309 690 secun·

1257 687 1326 732 dus,
1343 688 1442 735 eadem
1476 691 1559 727 ratis,
1577 690 1642 721 Rex
1653 691 1822 730 Jerusalem,
1841 693 1959 732 Siciliae,
1977 694 2108 726 Ducatus
2122 697 2232 735 Apuliae
2245 723 2254 736 ,
2272 699 2306 729 &

1258 725 1433 764 Principatus
1482 738 1559 765 apuae
1574 753 1583 766 ,
1610 729 1779 769 Andegaviae
1794 755 1803 769 ,
1835 730 1995 762 Provinciis
2008 755 2017 771 ‚
2044 735 2075 765 ὃς
2099 735 2305 774 Forchalaquer

1259 762 1531 809 Omnem-salutem,
1548 777 1617 798 curn
1630 768 1746 798 honoris
1758 770 1791 799 &
1804 769 1900 808 gloriae
1913 771 2039 801 felicibus
2054 773 2241 803 incrementis.

1275 842 1280 846 Ι
1295 801 1349 832 Ma
1369 803 1615 848 mitudinis-vestrae
1634 805 1786 844 Nuncios,
1804 810 1837 839 ὅ(
1855 808 1955 838 litteras
1969 808 2122 840 affeffione
2134 812 2245 850 plenas,
2263 822 2309 842 ca-

1258 849 1338 871 ritate
1361 841 1487 881 uffultas,
1500 843 1628 881 jocundo
1641 844 1729 874 corde
1740 846 1862 883 ylarique
1875 848 1953 878 vultu
1970 850 2135 885 recepimus.

1295 878 1456 910 Attulerunt
1477 881 1592 918 quidem
1613 883 1710 920 nobis,
1728 883 1797 913 inter
1811 893 1927 923 caetera,
1944 886 2101 916 oblationes
2113 887 2215 918 vestras
2228 887 2311 919 solito

1259 926 1322 960 erga
1342 927 1394 963 nps
1414 928 1495 948 more
1517 920 1659 950 benivolas
1672 944 1682 959 ,
1705 921 1739 951 ὃς
1761 921 1935 953 ίηάυξὶὶοηεε
1951 925 2065 955 curiales
2078 935 2111 956 ac
2126 926 2262 964 placidas,
2279 934 2311 956 ut

1260 965 1288 985 iri
1303 965 1374 986 terra
1387 956 1478 1000 vestra
1502 959 1604 988 mutuis
1617 968 1668 989 nos
1679 958 1830 996 aspectibus
1846 960 2020 1000 videremus,

1274 1033 1279 1038 ⁶
1295 992 1477 1037 thuldem,
1496 995 1565 1025 cum
1581 996 1735 1035 beneficia,
1753 1007 1802 1034 per
1816 1008 1868 1028 vos
1883 1001 1964 1029 nobis
1981 1001 2102 1038 impensa
2115 1026 2125 1039 ,
2142 1000 2236 1033 debita
2248 1011 2311 1042 gra-

1260 1031 1376 1062 titudine
1392 1033 1611 1072 cognoscentes,
1630 1035 1776 1072 personam
1787 1036 1905 1066 vestram
1915 1061 1924 1074 ,
1941 1039 1985 1067 cui
1999 1041 2183 1070 reverentiam
2199 1051 2251 1071 nos
2259 1041 2310 1071 de-

1261 1071 1331 1100 bere
1343 1070 1478 1109 fatemur,
1493 1080 1637 1108 portemus
1650 1074 1678 1102 in
1694 1073 1841 1104 visceribus
1853 1074 2011 1105 affectionis
2032 1078 2162 1115 internae,
2180 1079 2310 1110 voluntas

1260 1108 1355 1152 nostra
1367 1109 1522 1146 plurimum
1537 1111 1565 1140 in
1580 1110 1664 1141 vestri
1678 1112 1783 1142 visione
1804 1111 1947 1151 gauderet,
1968 1123 2057 1150 quum
2070 1115 2187 1146 libenter
2198 1118 2310 1155 conspi-

1261 1155 1300 1176 cit
1315 1147 1413 1177 oculus
1427 1147 1504 1185 quod
1517 1148 1643 1179 ardenter
1655 1158 1729 1179 amat
1741 1148 1867 1180 affectus.

1299 1185 1408 1216 Verum
1428 1186 1497 1216 cum
1516 1187 1689 1225 agendorum
1708 1187 1871 1218 nostrorum
1884 1187 2011 1218 instantia
2025 1189 2192 1221 celeritatem
2205 1192 2311 1222 deside-

1261 1231 1319 1260 ret,
1338 1224 1370 1254 &
1387 1234 1476 1255 morae
1489 1225 1634 1263 cujussibet
1649 1226 1822 1264 praepedium
1836 1227 1998 1264 interdicat,
2017 1238 2052 1258 eo
2070 1230 2149 1266 quod
2165 1229 2312 1260 Dominus

1262 1261 1393 1292 Alfonsus
1414 1262 1579 1302 Aragonum
1601 1264 1665 1293 Rex
1681 1265 1739 1302 jam
1761 1265 1822 1295 suos
1845 1266 1948 1302 paravit
1961 1267 2080 1296 nuncios
2093 1266 2127 1296 ad
2142 1268 2312 1298 mittendum

1262 1301 1344 1330 nobis
1359 1324 1368 1338 ,
1392 1302 1425 1332 δε
1438 1300 1572 1331 Dominis
1585 1301 1792 1340 Cardinalibus,
1811 1313 1863 1340 pro
1878 1313 1946 1341 pace
1958 1304 2099 1335 traCtanda
2113 1307 2142 1334 in
2158 1306 2252 1343 aliquo
2268 1307 2312 1337 lo-

1262 1348 1300 1368 co
1313 1362 1323 1376 ,
1347 1338 1396 1370 ubi
1414 1339 1543 1370 tractatus
1564 1340 1620 1377 ipse
1640 1342 1783 1378 oportune
1803 1341 1887 1378 possit
1906 1341 2023 1380 haberi,
2049 1343 2119 1373 ficut
2133 1353 2168 1373 ex
2179 1344 2313 1374 relatione

1262 1376 1423 1407 Berrerandi
1436 1377 1472 1407 de
1487 1377 1640 1416 MontiliiS,
1659 1389 1744 1416 quem
1756 1380 1785 1408 in
1805 1381 1937 1416 proximo
1950 1380 2064 1411 discessu
2079 1381 2178 1412 nostro
2192 1381 2228 1412 de
2242 1382 2313 1413 Pro-

1262 1416 1355 1460 vincia
1369 1415 1403 1445 ad
1416 1415 1584 1453 praedietum
1597 1417 1710 1457 Regem
1725 1418 1891 1457 Aragonum
1907 1418 2045 1457 misimus,
2063 1430 2150 1458 nuper
2170 1421 2251 1451 nobis
2271 1423 2314 1451 in-

1264 1462 1356 1485 notuit

1297 1478 1374 1522 Nori
1394 1492 1513 1536 videtur·
1525 1493 1635 1524 fiiadere
1654 1495 1759 1525 cautela
1777 1495 1908 1532 consilii,
1929 1495 2006 1532 quod
2023 1505 2115 1534 nunc,
2132 1497 2166 1528 ad
2181 1497 2316 1536 praesens,

1263 1532 1319 1561 una
1339 1541 1406 1562 cum
1422 1530 1557 1561 Dominis
1577 1531 1768 1564 Cardinalibus
1783 1535 1812 1562 in
1826 1533 1958 1570 Angliam
1972 1534 2153 1573 accedamus,
2173 1539 2210 1566 eo
2228 1538 2314 1566 maxi-

1263 1571 1312 1599 me
1328 1569 1405 1607 quod
1419 1579 1471 1600 nec
1485 1570 1629 1609 traetanis,
1646 1571 1754 1601 habitus
1768 1572 1838 1602 inter
1853 1582 1903 1601 nos
1921 1595 1930 1609 ,
1949 1573 1981 1602 δε
1997 1572 2187 1611 Magnificum
2203 1574 2313 1605 Princi-

1262 1617 1329 1645 pem
1346 1607 1509 1638 Dominum
1524 1608 1635 1648 Regem
1651 1609 1789 1649 Franciae,
1808 1611 1827 1630 *ἱ
1846 1610 2002 1648 completus
2019 1612 2125 1650 existit,
2144 1622 2198 1643 nec
2211 1613 2312 1644 scimus

1264 1645 1377 1684 quando
1391 1648 1492 1684 poterit
1507 1648 1700 1686 percompleri.

1302 1684 1422 1722 Propter
1461 1685 1516 1715 uod
1530 1686 1662 1717 nolumus
2242 1691 2321 1728 quod

1263 1723 1386 1753 accessus
1400 1733 1438 1753 no
1465 1734 1493 1753 er
1508 1725 1655 1762 praedi&us
1670 1726 1698 1755 in
1714 1724 1844 1765 Angliam
1857 1735 1967 1756 moram
1980 1726 2142 1765 induceret,
2162 1729 2196 1759 ὃς
2217 1730 2316 1760 tracia-

1264 1770 1325 1792 tum
1345 1763 1525 1801 negotiorum
1554 1763 1713 1794 instantium
1736 1763 1952 1803 praejudicialiter
1974 1766 2147 1803 retardaret,
2173 1768 2316 1806 praecipue

1265 1801 1349 1838 cum,
1367 1810 1401 1830 ex
1417 1800 1480 1831 falsa
1494 1801 1521 1831 su
1541 1801 1668 1841 gestione
1682 1804 1788 1840 praefati
1801 1803 1888 1842 Regis
1902 1803 2087 1842 Aragonum,
2105 1813 2203 1834 contra
2217 1806 2317 1836 verita-

1265 1840 1298 1869 tis
1312 1838 1504 1878 substantiam,
1532 1850 1553 1870 it
1564 1840 1659 1871 datum
1673 1841 1806 1880 intelligi,
1815 1841 1891 1879 quod
1904 1842 1933 1871 in
1946 1842 2186 1880 prosecutionibus
2201 1842 2319 1874 istorum

1264 1878 1430 1909 tractatuum
1441 1878 1557 1909 subdole
1571 1880 1696 1919 agimus,
1712 1888 1745 1910 ac
1765 1881 1795 1910 in
1809 1880 1858 1910 hiis
1876 1890 1937 1910 non
1957 1880 2028 1918 pura
2041 1880 2114 1920 fide,
2131 1890 2176 1912 aut
2190 1881 2315 1913 efficaci-

1265 1917 1317 1947 bus
1330 1916 1423 1947 studiis
1436 1918 1599 1949 laboramus.

1303 1955 1439 1986 Tractatu
1452 1965 1546 1986 tamen
1560 1966 1628 1987 cum
1641 1956 1778 1995 praedi&o
1794 1956 1928 1987 Domino
1946 1956 2028 1996 Rege
2043 1957 2217 1989 Francorum
2237 1959 2271 1990 ad
2286 1957 2319 1989 fi-

1266 2003 1334 2024 nem
1348 1993 1450 2025 debitae
1469 1994 1649 2032 expeditionis
1660 1995 1800 2034 adducto,
1819 2004 1928 2034 ternpus
1942 1994 2028 2026 aderit
2048 2007 2106 2034 quo
2117 2020 2128 2036 ,
2146 1999 2175 2027 in
2190 1997 2242 2028 hac
2257 2008 2319 2035 par-

1268 2042 1295 2063 te
1310 2055 1319 2070 ,
1343 2031 1439 2063 vestris
1460 2033 1493 2064 &
1515 2033 1614 2064 nostris
1633 2033 1781 2064 affefflbus
1800 2034 1908 2073 placere
1930 2033 2064 2071 possimus
2083 2045 2134 2066 nos
2147 2037 2181 2067 &
2195 2036 2320 2067 Domini

1268 2070 1444 2110 cardinales,
1463 2080 1599 2110 quantum
1613 2073 1664 2103 erit
1679 2074 1707 2102 in
1722 2073 1802 2103 nobis
1811 2095 1820 2110 .,
1838 2072 1872 2102 ad
1887 2081 1976 2110 partes
1989 2072 2090 2103 vestras
2104 2082 2189 2111 prout

1305 2109 1354 2140 De
1375 2119 1433 2148 quo
1453 2110 1487 2141 δε
1506 2110 1639 2141 omnibus
1659 2111 1716 2141 aliis
1735 2110 1924 2141 accidentibus
1944 2111 1977 2142 ὃς
1992 2111 2205 2143 circumstantiis
2218 2112 2321 2143 trac‘ta-

1268 2156 1350 2178 tuum
1371 2148 1504 2179 omnium
1522 2159 1591 2187 vos,
1608 2159 1658 2187 per
1673 2148 1844 2189 Magistrum
1859 2148 2033 2185 Stephanum
2046 2149 2083 2179 de
2104 2150 2210 2180 Sandio
2225 2151 2321 2181 Geor-

1268 2188 1317 2226 gio
1339 2185 1485 2217 Clericurn
1499 2211 1510 2225 ,
1528 2197 1614 2226 quem
1627 2198 1681 2226 pro
1696 2187 1755 2218 hoc
1766 2188 1800 2219 &
1813 2187 1869 2217 aliis
1882 2186 1963 2218 vobis
1976 2186 2193 2227 destinavimus,
2211 2189 2321 2220 curabi-

1269 2235 1332 2256 mus
1346 2224 1462 2256 reddere
1474 2227 1614 2257 certiores.

1305 2263 1421 2294 Interim
1442 2272 1537 2295 tamen
1552 2289 1562 2303 ,
1587 2264 1608 2295 fi
1630 2264 1742 2304 placet,
1760 2264 1896 2295 Nuncios
1907 2263 2033 2302 vestros,
2049 2264 2216 2296 sufficientes
2229 2266 2264 2297 &
2275 2274 2324 2304 ap-

1269 2309 1330 2340 tos,
1354 2303 1440 2340 parari
1464 2302 1598 2334 mandatis
1811 2302 1916 2333 nostrae
1927 2303 2125 2341 requisitionis,
2146 2304 2222 2342 quod
2237 2305 2266 2334 iri
2279 2304 2323 2334 lo-

1270 2351 1308 2372 co
1327 2341 1361 2372 &
1383 2342 1523 2380 termino,
1538 2352 1608 2380 quos
1622 2342 1813 2372 intimabimus
1826 2341 2007 2371 Excellentiae
2020 2340 2138 2378 vestrae,
2156 2352 2210 2379 pro
2225 2342 2320 2379 prose-

1270 2381 1386 2411 cutione
1399 2379 1468 2410 dieti
1479 2379 1627 2419 traetatfis,
1644 2380 1793 2411 nobiscum
1806 2382 1840 2410 &
1863 2388 1930 2409 cum
1945 2378 2025 2408 dietis
2038 2378 2175 2409 Dominis
2189 2379 2324 2410 Cardina-

1270 2418 1341 2448 libus
1355 2418 1464 2449 valeant
1477 2418 1620 2457 interesse,
1638 2418 1791 2456 speramus,
1808 2418 1842 2448 &
1855 2416 1994 2447 credimus
2007 2417 2088 2455 quod
2100 2428 2152 2448 vos
2166 2442 2176 2456 ,
2191 2419 2239 2455 qui
2252 2419 2323 2448 libe-

1270 2458 1382 2487 rationis
1403 2456 1507 2487 nostrae
1529 2465 1612 2496 caput
1637 2458 1670 2488 &
1693 2456 1868 2494 Principium
1889 2454 2026 2493 extitistis,
2044 2457 2156 2502 omnia,
2174 2466 2237 2494 quae
2250 2457 2325 2486 circa

1270 2495 1355 2564 ffsffirli
1377 2504 1558 2563 remangant,
1583 2495 1699 2526 caritatis
1721 2494 1819 2526 ardore
1837 2495 1871 2525 ὃς
1885 2493 1990 2524 sincera
2002 2493 2171 2533 constantia,
2194 2494 2250 2525 fine
2265 2494 2325 2530 lau-⁴

1291 2544 1305 2564 a
1326 2544 1334 2563 i
1368 2543 1442 2564 conc
1455 2544 1472 2564 u
1492 2542 1550 2565 etis.

1309 2609 1377 2641 Dat.
1396 2610 1512 2642 Parifius
1525 2610 1571 2641 die
1586 2611 1632 2642 28.
1644 2608 1712 2648 Julii
1725 2610 1815 2641 tertiae
1828 2608 2001 2640 Indietionis.

1272 2739 1380 2771 Litora
1401 2736 1560 2780 Custodum
1580 2739 1678 2770 Scotiae
1703 2735 1739 2769 de
1752 2736 1979 2782 plenipotentia,
2004 2734 2048 2767 ad
2064 2735 2256 2768 traHandum
2268 2734 2326 2780 fit-

1359 2797 1414 2832 per
1429 2788 1632 2819 Matrimonia
1649 2796 1718 2817 cum
1734 2787 1920 2831 Margareta
1927 2783 2022 2829 fhpra
2040 2794 2218 2817 memorata.

1274 2869 1562 2932 EXcellentiffimo
1574 2870 1667 2901 Princi
1690 2872 1715 2908 i,
1730 2869 1878 2912 Domino,
1895 2867 2052 2912 Edwardo,
2071 2867 2131 2912 Dei
2143 2866 2246 2911 gratia,
2260 2865 2322 2912 Re-

1349 2911 1377 2947 gi
1398 2909 1444 2940 An
1464 2910 1508 2938 liae
1526 2908 1646 2946 illustri,
1666 2881 1800 2939 Domino
1819 2907 1965 2937 Hiberniae
1979 2931 1988 2944 ,
2006 2908 2038 2949 ὃς
2054 2905 2133 2936 Duci
2148 2906 2321 2944 Aquitaniae,

1274 2947 1415 2979 Custodes
1440 2918 1537 2985 Regni
1560 2947 1664 2977 Scotiae
1685 2948 1718 2977 &
1736 2944 2076 2989 eusdemCommunitas
2092 2967 2101 2983 ,
2125 2943 2265 2982 salutem,
2290 2944 2324 2975 &

1273 2988 1441 3017 continuum
1453 2985 1560 3025 semper
1594 2986 1670 3015 loriae
1683 2986 1716 3016 ὅ(
1730 2980 1843 3014 honoris
1857 2993 2074 3026 incrementum.
2223 3022 2227 3026 Ι

1311 3025 1430 3055 Notum
1459 3024 1541 3054 vobis
1594 3025 1683 3053 cimus
1698 3047 1707 3060 ,
1734 3033 1782 3061 per
1803 3025 1965 3060 praelentes,
1992 3021 2069 3059 quod
2090 3020 2269 3051 Venerabiles
2290 3022 2320 3050 in

1273 3063 1389 3095 Christo
1407 3063 1515 3100 Patres,
1533 3061 1679 3092 Dominos
1692 3061 1857 3092 Robertum
1878 3060 2028 3097 Glasguen.
2047 3061 2081 3091 &
2095 3059 2217 3090 Alanum
2235 3059 2323 3090 Kate-

1273 3104 1347 3133 nens.
1368 3101 1442 3170 De}3
1441 3102 1524 3138 gratia
1536 3124 1545 3139 ,
1571 3099 1738 3140 Episcopos:
1758 3099 1795 3130 Et
1808 3097 1950 3129 Nobilem
1966 3100 2077 3137 virum,
2096 3097 2260 3128 Dominum
2271 3098 2324 3135 Jo-

1512 3149 1531 3168 n

1275 3142 1548 3209 haffgffrosoiljeios’
1562 3178 1595 3208 ὃς
1609 3175 1748 3215 legitimos
1764 3175 1962 3206 Procuratores
1974 3185 2006 3206 ac
2021 3174 2158 3205 Nuncios
2170 3174 2327 3218 solempnes

1273 3218 1390 3249 facimus
1403 3241 1413 3255 ,
1431 3216 1644 3252 constituimus,
1663 3215 1697 3245 δε
1708 3213 1869 3245 ordinamus
1881 3238 1890 3252 ,
1909 3215 1942 3244 &
1955 3213 1990 3243 ad
2003 3213 2123 3244 vestram
2137 3213 2308 3255 praesentiam
2318 3235 2329 3250 ,

1296 3266 1328 3286 ro
1350 3255 1504 3295 Negotiis,
1530 3252 1630 3283 statum
1652 3251 1791 3283 Dominae
1814 3252 1980 3291 Margaretae
1993 3274 2002 3289 ,
2025 3251 2087 3281 filiae
2100 3251 2221 3293 Domini
2236 3250 2324 3288 Regis

1297 3296 1462 3362 ·(fma{iaeff¹
1476 3293 1614 3323 Dominae
1634 3290 1739 3321 nostrae
1759 3292 1792 3322 &
1807 3290 1902 3330 Regni
1916 3290 2039 3327 Scotiae‚
2058 3289 2250 3326 tangentibus,
2265 3287 2326 3325 spe-

1276 3343 1318 3364 cia
1329 3341 1381 3362 iter
1414 3343 1430 3362 e
1457 3340 1570 3361 mamus.

1312 3370 1420 3401 Dantes
1439 3371 1473 3402 ὃς
1492 3366 1679 3399 concedentes
1701 3367 1804 3397 eisdem
1824 3366 1990 3404 potestatem
2013 3365 2123 3403 plenam
2137 3387 2146 3402 ,
2164 3365 2198 3395 δε
2210 3362 2327 3401 speciale

2326 251 2402 282 Ann.
2417 252 2459 290 D,

2349 299 2431 328 1290.

2326 331 2392 357 Edv.
2415 339 2425 355 i
2434 350 2440 355 ,

2331 609 2458 642 Ann.D¹

2352 658 2433 688 1290.

2327 692 2379 716 An.
2400 690 2442 715 18.

2331 731 2360 754 F..
2381 735 2403 752 i.

2333 1612 2467 1647 *114862

2345 2861 2421 2894 Ann,
2434 2862 2475 2895 D.

2369 2912 2451 2942 1290.

2347 2945 2399 2969 An.
2419 2943 2461 2972 18.

2348 2984 2377 3007 E.
2401 2989 2424 3009 1.

2343 3022 2373 3045 L.
2391 3022 2426 3047 A.
2434 3018 2464 3056 f.

2349 3066 2409 3092 149·
2427 3059 2453 3084 b.

2344 3098 2479 3124 Penesca-

2349 3142 2442 3162 merar-

1277 3408 1440 3440 mandatum
1466 3406 1613 3438 vobiscum
1626 3429 1636 3443 ,
1660 3407 1778 3436 nomine
1796 3405 1895 3435 nostro
1911 3429 1920 3443 ,
1944 3405 2024 3442 super
2043 3402 2185 3440 praemiffis
2203 3403 2322 3440 negotiis
2367 3403 2371 3408 ¹

1277 3447 1412 3479 maritandi
1425 3472 1434 3486 ,
1458 3444 1574 3477 faciendi
1589 3468 1598 3482 ‚
1624 3443 1771 3474 ordinandi
1785 3467 1794 3482 ,
1817 3444 1851 3474 &
1871 3453 1902 3474 ea
1916 3441 2072 3473 affirmandi
2084 3441 2117 3470 ad
2133 3440 2280 3483 utilitatem
2293 3440 2328 3471 δε

1277 3488 1418 3517 honorem
1432 3485 1517 3515 dict-„e
1530 3482 1669 3513 Dominae
1682 3481 1786 3513 nostrae
1801 3482 1834 3512 &
1847 3481 1943 3521 Regni
1957 3480 2060 3511 Scotiae
2071 3478 2208 3523 proedicssti.

1316 3524 1424 3555 Rarum
1438 3524 1471 3554 &
1484 3522 1598 3552 firmum
1609 3520 1742 3551 habentes
1776 3520 1808 3550 &
1824 3520 1942 3549 habituri
1962 3517 2097 3556 quicquid
2112 3515 2259 3546 vobiscum
2273 3525 2325 3554 per

1280 3563 1428 3602 proedi&os
1452 3562 1650 3591 Procuratores
1669 3559 1702 3589 &
1724 3544 1860 3589 Nuncios
1881 3558 2007 3595 speciales
2028 3555 2174 3598 trac-statum
2188 3578 2198 3591 ,
2215 3553 2328 3584 ordina-

1279 3611 1358 3639 tum,
1374 3601 1481 3631 faetum
1494 3598 1592 3635 fuerit,
1610 3597 1643 3627 &
1656 3596 1844 3634 affirmatum,
1859 3596 1935 3625 salvis
1948 3597 1976 3624 in
1988 3593 2140 3636 omnibuS,
2159 3592 2192 3622 &
2205 3601 2327 3630 pei-orn*

1281 3642 1324 3670 nia
1343 3638 1511 3670 libertatibus
1524 3660 1534 3674 ,
1558 3635 1664 3675 legibus
1685 3636 1718 3666 &
1740 3633 1983 3665 consuetudinibus
2002 3632 2096 3670 Regni
2117 3631 2223 3661 Scotiae
2248 3639 2326 3661 ante«

1280 3678 1355 3709 dieti.
2089 3707 2094 3712 ·
2130 3707 2134 3713 ι
2157 3707 2162 3712 Ι
2306 3707 2311 3714 .

1318 3715 1352 3746 In
1375 3715 1452 3752 cujus
1467 3711 1658 3742 testimonium
1676 3711 1820 3749 praesentes
1833 3710 1932 3752 litteras
1946 3717 2096 3740 commum
2107 3706 2221 3745 Sigillo,
2237 3707 2328 3746 Regi-

1281 3755 1352 3786 mini
1366 3753 1469 3784 Scotiae
1482 3750 1632 3788 deputato,
1649 3750 1766 3780 fecimus
1776 3749 1940 3788 consignari.

1318 3829 1385 3862 Dat.
1403 3826 1476 3867 apud
1490 3825 1627 3858 Kalthon.
1646 3833 1673 3855 2.
1691 3822 1830 3856 Kalendas
1843 3822 1962 3864 Augusti
1978 3831 2053 3856 anno
2067 3820 2191 3853 Domini
2210 3827 2295 3860 1290,
