<?xml version="1.0" encoding="UTF-8"?>
<!DOCTYPE html PUBLIC "-//W3C//DTD XHTML 1.0 Transitional//EN"
    "http://www.w3.org/TR/xhtml1/DTD/xhtml1-transitional.dtd">
<html xmlns="http://www.w3.org/1999/xhtml" xml:lang="en" lang="en">
 <head>
  <title>
</title>
<meta http-equiv="Content-Type" content="text/html;charset=utf-8" />
  <meta name='ocr-system' content='tesseract 3.04.00' />
  <meta name='ocr-capabilities' content='ocr_page ocr_carea ocr_par ocr_line ocrx_word'/>
</head>
<body>
  <div class='ocr_page' id='page_1' title='image "./fderaconventione01ryme/fderaconventione01ryme_0592.png"; bbox 0 0 2570 4261; ppageno 0'>
   <div class='ocr_carea' id='block_1_1' title="bbox 69 194 200 244">
    <p class='ocr_par' dir='ltr' id='par_1_1' title="bbox 69 194 200 244">
     <span class='ocr_line' id='line_1_1' title="bbox 69 194 200 244; baseline -0.023 0"><span class='ocrx_word' id='word_1_1' title='bbox 69 194 147 244; x_wconf 69' lang='lat' dir='ltr'>Ann.</span> <span class='ocrx_word' id='word_1_2' title='bbox 158 209 200 242; x_wconf 94' lang='lat' dir='ltr'>D.</span> 
     </span>
    </p>
   </div>
   <div class='ocr_carea' id='block_1_2' title="bbox 68 259 181 320">
    <p class='ocr_par' dir='ltr' id='par_1_2' title="bbox 68 259 181 320">
     <span class='ocr_line' id='line_1_2' title="bbox 91 259 177 288; baseline -0.023 -7"><span class='ocrx_word' id='word_1_3' title='bbox 91 259 177 288; x_wconf 84' lang='lat'>1291.</span> 
     </span>
     <span class='ocr_line' id='line_1_3' title="bbox 68 291 181 320; baseline -0.027 -2"><span class='ocrx_word' id='word_1_4' title='bbox 68 291 135 320; x_wconf 69' lang='lat' dir='ltr'>Idv.</span> <span class='ocrx_word' id='word_1_5' title='bbox 157 297 167 316; x_wconf 92' lang='lat'>1</span> <span class='ocrx_word' id='word_1_6' title='bbox 174 308 181 315; x_wconf 89' lang='lat'><strong>.</strong></span> 
     </span>
    </p>
   </div>
   <div class='ocr_carea' id='block_1_3' title="bbox 86 1793 219 1830">
    <p class='ocr_par' dir='ltr' id='par_1_3' title="bbox 86 1793 219 1830">
     <span class='ocr_line' id='line_1_4' title="bbox 86 1793 219 1830; baseline 0 -10"><span class='ocrx_word' id='word_1_7' title='bbox 86 1793 219 1830; x_wconf 73' lang='lat'>&#39;115¹3·</span> 
     </span>
    </p>
   </div>
   <div class='ocr_carea' id='block_1_4' title="bbox 219 125 276 167">
    <p class='ocr_par' dir='ltr' id='par_1_4' title="bbox 219 125 276 167">
     <span class='ocr_line' id='line_1_5' title="bbox 219 125 276 167; baseline -0.018 0"><span class='ocrx_word' id='word_1_8' title='bbox 219 125 276 167; x_wconf 75' lang='lat'>82</span> 
     </span>
    </p>
   </div>
   <div class='ocr_carea' id='block_1_5' title="bbox 218 189 1286 845">
    <p class='ocr_par' dir='ltr' id='par_1_5' title="bbox 218 189 1286 845">
     <span class='ocr_line' id='line_1_6' title="bbox 219 189 1277 242; baseline -0.026 1"><span class='ocrx_word' id='word_1_9' title='bbox 219 211 297 242; x_wconf 86' lang='lat' dir='ltr'>ritate</span> <span class='ocrx_word' id='word_1_10' title='bbox 337 204 562 241; x_wconf 67' lang='lat' dir='ltr'>committimus,</span> <span class='ocrx_word' id='word_1_11' title='bbox 584 197 746 231; x_wconf 64' lang='lat' dir='ltr'>fraternitati</span> <span class='ocrx_word' id='word_1_12' title='bbox 763 194 866 226; x_wconf 86' lang='lat' dir='ltr'>vestrae</span> <span class='ocrx_word' id='word_1_13' title='bbox 914 193 944 223; x_wconf 87' lang='lat' dir='ltr'>in</span> <span class='ocrx_word' id='word_1_14' title='bbox 963 189 1156 235; x_wconf 74' lang='lat' dir='ltr'>remiffionem</span> <span class='ocrx_word' id='word_1_15' title='bbox 1175 196 1277 227; x_wconf 84' lang='lat' dir='ltr'>pecca-</span> 
     </span>
     <span class='ocr_line' id='line_1_7' title="bbox 219 215 1279 285; baseline -0.024 -5"><span class='ocrx_word' id='word_1_16' title='bbox 219 233 347 285; x_wconf 70' lang='lat' dir='ltr'>minum,</span> <span class='ocrx_word' id='word_1_17' title='bbox 364 246 537 282; x_wconf 84' lang='lat' dir='ltr'>injungentes</span> <span class='ocrx_word' id='word_1_18' title='bbox 571 239 679 269; x_wconf 85' lang='lat' dir='ltr'>uatinus</span> <span class='ocrx_word' id='word_1_19' title='bbox 698 215 894 273; x_wconf 55' lang='lat' dir='ltr'>hujuscemodi</span> <span class='ocrx_word' id='word_1_20' title='bbox 914 229 1210 272; x_wconf 58' lang='lat' dir='ltr'>minii&#39;terium„juxta</span> <span class='ocrx_word' id='word_1_21' title='bbox 1229 225 1279 268; x_wconf 63' lang='lat' dir='ltr'>da-</span> 
     </span>
     <span class='ocr_line' id='line_1_8' title="bbox 219 263 1280 317; baseline -0.024 1"><span class='ocrx_word' id='word_1_22' title='bbox 219 295 278 317; x_wconf 88' lang='lat' dir='ltr'>tam</span> <span class='ocrx_word' id='word_1_23' title='bbox 292 286 374 316; x_wconf 92' lang='lat' dir='ltr'>vobis</span> <span class='ocrx_word' id='word_1_24' title='bbox 389 284 405 312; x_wconf 74' lang='lat' dir='ltr'>a</span> <span class='ocrx_word' id='word_1_25' title='bbox 420 282 488 312; x_wconf 93' lang='lat' dir='ltr'>Deo</span> <span class='ocrx_word' id='word_1_26' title='bbox 501 288 552 317; x_wconf 91' lang='lat' dir='ltr'>pru</span> <span class='ocrx_word' id='word_1_27' title='bbox 573 277 677 306; x_wconf 89' lang='lat' dir='ltr'>entiam</span> <span class='ocrx_word' id='word_1_28' title='bbox 701 274 773 311; x_wconf 89' lang='lat' dir='ltr'>(non</span> <span class='ocrx_word' id='word_1_29' title='bbox 794 271 926 302; x_wconf 91' lang='lat' dir='ltr'>obstante</span> <span class='ocrx_word' id='word_1_30' title='bbox 946 268 1024 307; x_wconf 93' lang='lat' dir='ltr'>quod</span> <span class='ocrx_word' id='word_1_31' title='bbox 1045 268 1104 298; x_wconf 92' lang='lat' dir='ltr'>hoc</span> <span class='ocrx_word' id='word_1_32' title='bbox 1123 266 1199 296; x_wconf 88' lang='lat' dir='ltr'>idem</span> <span class='ocrx_word' id='word_1_33' title='bbox 1221 263 1280 293; x_wconf 88' lang='lat' dir='ltr'>aliis</span> 
     </span>
     <span class='ocr_line' id='line_1_9' title="bbox 218 302 1281 358; baseline -0.023 -2"><span class='ocrx_word' id='word_1_34' title='bbox 218 325 250 355; x_wconf 84' lang='lat' dir='ltr'>fit</span> <span class='ocrx_word' id='word_1_35' title='bbox 264 320 465 358; x_wconf 84' lang='lat' dir='ltr'>commissum,</span> <span class='ocrx_word' id='word_1_36' title='bbox 483 324 608 356; x_wconf 88' lang='lat' dir='ltr'>quorum</span> <span class='ocrx_word' id='word_1_37' title='bbox 620 312 752 356; x_wconf 82' lang='lat' dir='ltr'>officium</span> <span class='ocrx_word' id='word_1_38' title='bbox 765 321 815 349; x_wconf 89' lang='lat' dir='ltr'>per</span> <span class='ocrx_word' id='word_1_39' title='bbox 829 320 881 341; x_wconf 94' lang='lat' dir='ltr'>vos</span> <span class='ocrx_word' id='word_1_40' title='bbox 893 308 1026 339; x_wconf 89' lang='lat' dir='ltr'>nolumus</span> <span class='ocrx_word' id='word_1_41' title='bbox 1040 305 1180 345; x_wconf 88' lang='lat' dir='ltr'>impediri)</span> <span class='ocrx_word' id='word_1_42' title='bbox 1196 302 1281 333; x_wconf 87' lang='lat' dir='ltr'>soler-</span> 
     </span>
     <span class='ocr_line' id='line_1_10' title="bbox 220 351 1243 394; baseline -0.026 0"><span class='ocrx_word' id='word_1_43' title='bbox 220 371 263 394; x_wconf 86' lang='lat' dir='ltr'>ter</span> <span class='ocrx_word' id='word_1_44' title='bbox 278 364 311 393; x_wconf 89' lang='lat'>&amp;</span> <span class='ocrx_word' id='word_1_45' title='bbox 327 359 477 390; x_wconf 88' lang='lat' dir='ltr'>efficaciter</span> <span class='ocrx_word' id='word_1_46' title='bbox 489 354 589 392; x_wconf 81' lang='lat' dir='ltr'>exequi</span> <span class='ocrx_word' id='word_1_47' title='bbox 605 351 743 382; x_wconf 87' lang='lat' dir='ltr'>studeatis.</span> <span class='ocrx_word' id='word_1_48' title='bbox 956 386 971 391; x_wconf 90' lang='lat'>..</span> <span class='ocrx_word' id='word_1_49' title='bbox 1076 383 1091 389; x_wconf 87' lang='lat'>..</span> <span class='ocrx_word' id='word_1_50' title='bbox 1238 379 1243 384; x_wconf 35' lang='grc'>1</span> 
     </span>
     <span class='ocr_line' id='line_1_11' title="bbox 258 380 1280 430; baseline -0.022 0"><span class='ocrx_word' id='word_1_51' title='bbox 258 400 370 430; x_wconf 86' lang='lat' dir='ltr'>Omnes</span> <span class='ocrx_word' id='word_1_52' title='bbox 389 396 453 426; x_wconf 86' lang='lat' dir='ltr'>fidei</span> <span class='ocrx_word' id='word_1_53' title='bbox 472 393 641 425; x_wconf 81' lang='lat' dir='ltr'>orthodoxae</span> <span class='ocrx_word' id='word_1_54' title='bbox 656 389 777 420; x_wconf 65' lang='lat' dir='ltr'>cultores</span> <span class='ocrx_word' id='word_1_55' title='bbox 790 412 799 425; x_wconf 92' lang='lat'>,</span> <span class='ocrx_word' id='word_1_56' title='bbox 814 385 850 417; x_wconf 90' lang='lat' dir='ltr'>ad</span> <span class='ocrx_word' id='word_1_57' title='bbox 862 394 921 417; x_wconf 89' lang='lat' dir='ltr'>tam</span> <span class='ocrx_word' id='word_1_58' title='bbox 936 395 974 423; x_wconf 88' lang='lat' dir='ltr'>pn</span> <span class='ocrx_word' id='word_1_59' title='bbox 987 392 1093 428; x_wconf 81' lang='lat' dir='ltr'>negotii</span> <span class='ocrx_word' id='word_1_60' title='bbox 1106 380 1280 420; x_wconf 87' lang='lat' dir='ltr'>prosecutio-</span> 
     </span>
     <span class='ocr_line' id='line_1_12' title="bbox 221 419 1280 474; baseline -0.02 -6"><span class='ocrx_word' id='word_1_61' title='bbox 221 447 288 469; x_wconf 90' lang='lat' dir='ltr'>nem</span> <span class='ocrx_word' id='word_1_62' title='bbox 305 436 432 474; x_wconf 87' lang='lat' dir='ltr'>ydoneos</span> <span class='ocrx_word' id='word_1_63' title='bbox 447 458 457 472; x_wconf 85' lang='lat'>,</span> <span class='ocrx_word' id='word_1_64' title='bbox 481 429 729 471; x_wconf 66' lang='lat' dir='ltr'>praedicationibus</span> <span class='ocrx_word' id='word_1_65' title='bbox 742 427 847 457; x_wconf 84' lang='lat' dir='ltr'>crebris</span> <span class='ocrx_word' id='word_1_66' title='bbox 862 426 896 455; x_wconf 90' lang='lat'>&amp;</span> <span class='ocrx_word' id='word_1_67' title='bbox 911 423 1008 454; x_wconf 89' lang='lat' dir='ltr'>sedulis</span> <span class='ocrx_word' id='word_1_68' title='bbox 1022 419 1214 463; x_wconf 83' lang='lat' dir='ltr'>exhortando,</span> <span class='ocrx_word' id='word_1_69' title='bbox 1232 424 1280 460; x_wconf 78' lang='lat' dir='ltr'>ut,</span> 
     </span>
     <span class='ocr_line' id='line_1_13' title="bbox 220 457 1282 510; baseline -0.021 -4"><span class='ocrx_word' id='word_1_70' title='bbox 220 476 254 506; x_wconf 89' lang='lat' dir='ltr'>ad</span> <span class='ocrx_word' id='word_1_71' title='bbox 271 473 441 505; x_wconf 84' lang='lat' dir='ltr'>liberandam</span> <span class='ocrx_word' id='word_1_72' title='bbox 456 469 621 510; x_wconf 63' lang='lat' dir='ltr'>praedidtam</span> <span class='ocrx_word' id='word_1_73' title='bbox 634 476 737 498; x_wconf 88' lang='lat' dir='ltr'>terram</span> <span class='ocrx_word' id='word_1_74' title='bbox 751 464 787 494; x_wconf 94' lang='lat' dir='ltr'>de</span> <span class='ocrx_word' id='word_1_75' title='bbox 799 464 927 494; x_wconf 90' lang='lat' dir='ltr'>manibus</span> <span class='ocrx_word' id='word_1_76' title='bbox 943 462 1099 499; x_wconf 89' lang='lat' dir='ltr'>impiorum</span> <span class='ocrx_word' id='word_1_77' title='bbox 1114 483 1123 497; x_wconf 92' lang='lat'>,</span> <span class='ocrx_word' id='word_1_78' title='bbox 1142 457 1282 487; x_wconf 68' lang='grc' dir='ltr'>νιξὶοῐιο-</span> 
     </span>
     <span class='ocr_line' id='line_1_14' title="bbox 219 497 1280 551; baseline -0.021 -6"><span class='ocrx_word' id='word_1_79' title='bbox 219 515 281 546; x_wconf 88' lang='lat' dir='ltr'>sum</span> <span class='ocrx_word' id='word_1_80' title='bbox 303 512 426 551; x_wconf 86' lang='lat' dir='ltr'>ejusdem</span> <span class='ocrx_word' id='word_1_81' title='bbox 445 509 568 541; x_wconf 84' lang='lat' dir='ltr'>vivificae</span> <span class='ocrx_word' id='word_1_82' title='bbox 589 507 681 538; x_wconf 89' lang='lat' dir='ltr'>crucis</span> <span class='ocrx_word' id='word_1_83' title='bbox 702 506 813 544; x_wconf 86' lang='lat' dir='ltr'>signum</span> <span class='ocrx_word' id='word_1_84' title='bbox 833 502 938 545; x_wconf 86' lang='lat' dir='ltr'>devote</span> <span class='ocrx_word' id='word_1_85' title='bbox 960 499 1125 542; x_wconf 76' lang='lat' dir='ltr'>suscipiant,</span> <span class='ocrx_word' id='word_1_86' title='bbox 1143 497 1194 534; x_wconf 88' lang='lat'>&amp;,</span> <span class='ocrx_word' id='word_1_87' title='bbox 1213 503 1280 531; x_wconf 88' lang='lat' dir='ltr'>pro-</span> 
     </span>
     <span class='ocr_line' id='line_1_15' title="bbox 220 540 1282 591; baseline -0.019 -10"><span class='ocrx_word' id='word_1_88' title='bbox 220 553 286 591; x_wconf 81' lang='lat' dir='ltr'>priis</span> <span class='ocrx_word' id='word_1_89' title='bbox 306 551 450 590; x_wconf 81' lang='lat' dir='ltr'>affigentes</span> <span class='ocrx_word' id='word_1_90' title='bbox 470 547 612 586; x_wconf 83' lang='lat' dir='ltr'>humeris,</span> <span class='ocrx_word' id='word_1_91' title='bbox 627 555 660 576; x_wconf 89' lang='lat' dir='ltr'>ac</span> <span class='ocrx_word' id='word_1_92' title='bbox 678 544 765 582; x_wconf 84' lang='lat' dir='ltr'>magis</span> <span class='ocrx_word' id='word_1_93' title='bbox 777 540 908 572; x_wconf 83' lang='lat' dir='ltr'>cordibus</span> <span class='ocrx_word' id='word_1_94' title='bbox 923 540 1116 575; x_wconf 71' lang='lat' dir='ltr'>imprimentes·</span> <span class='ocrx_word' id='word_1_95' title='bbox 1126 559 1135 573; x_wconf 96' lang='lat'>,</span> <span class='ocrx_word' id='word_1_96' title='bbox 1149 541 1282 576; x_wconf 84' lang='lat' dir='ltr'>reveren-</span> 
     </span>
     <span class='ocr_line' id='line_1_16' title="bbox 221 572 1282 628; baseline -0.022 -6"><span class='ocrx_word' id='word_1_97' title='bbox 221 600 264 622; x_wconf 87' lang='lat' dir='ltr'>ter</span> <span class='ocrx_word' id='word_1_98' title='bbox 285 591 319 622; x_wconf 88' lang='lat'>&amp;</span> <span class='ocrx_word' id='word_1_99' title='bbox 340 589 454 628; x_wconf 88' lang='lat' dir='ltr'>publice</span> <span class='ocrx_word' id='word_1_100' title='bbox 473 587 599 617; x_wconf 88' lang='lat' dir='ltr'>deferant</span> <span class='ocrx_word' id='word_1_101' title='bbox 614 609 623 623; x_wconf 86' lang='lat'>,</span> <span class='ocrx_word' id='word_1_102' title='bbox 647 591 730 620; x_wconf 86' lang='lat' dir='ltr'>atque</span> <span class='ocrx_word' id='word_1_103' title='bbox 750 581 784 610; x_wconf 92' lang='lat' dir='ltr'>ad</span> <span class='ocrx_word' id='word_1_104' title='bbox 807 578 930 618; x_wconf 89' lang='lat' dir='ltr'>ejusdem</span> <span class='ocrx_word' id='word_1_105' title='bbox 954 585 1037 620; x_wconf 81' lang='lat' dir='ltr'>terrae</span> <span class='ocrx_word' id='word_1_106' title='bbox 1055 572 1232 619; x_wconf 75' lang='lat' dir='ltr'>succursum,</span> <span class='ocrx_word' id='word_1_107' title='bbox 1252 579 1282 599; x_wconf 88' lang='lat' dir='ltr'>in</span> 
     </span>
     <span class='ocr_line' id='line_1_17' title="bbox 220 610 1283 667; baseline -0.021 -6"><span class='ocrx_word' id='word_1_108' title='bbox 220 629 360 667; x_wconf 67' lang='lat' dir='ltr'>praedieto</span> <span class='ocrx_word' id='word_1_109' title='bbox 381 626 504 667; x_wconf 82' lang='lat' dir='ltr'>passagio</span> <span class='ocrx_word' id='word_1_110' title='bbox 523 623 643 665; x_wconf 88' lang='lat' dir='ltr'>generali</span> <span class='ocrx_word' id='word_1_111' title='bbox 656 645 665 660; x_wconf 82' lang='lat'>,</span> <span class='ocrx_word' id='word_1_112' title='bbox 682 620 820 659; x_wconf 86' lang='lat' dir='ltr'>promptis</span> <span class='ocrx_word' id='word_1_113' title='bbox 834 618 932 648; x_wconf 87' lang='lat' dir='ltr'>animis</span> <span class='ocrx_word' id='word_1_114' title='bbox 946 614 1067 652; x_wconf 84' lang='lat' dir='ltr'>totisque</span> <span class='ocrx_word' id='word_1_115' title='bbox 1080 613 1182 644; x_wconf 83' lang='lat' dir='ltr'>viribus</span> <span class='ocrx_word' id='word_1_116' title='bbox 1195 610 1222 641; x_wconf 91' lang='lat' dir='ltr'>se</span> <span class='ocrx_word' id='word_1_117' title='bbox 1236 618 1283 639; x_wconf 89' lang='lat' dir='ltr'>ac-</span> 
     </span>
     <span class='ocr_line' id='line_1_18' title="bbox 271 676 343 697; baseline -0.014 1"><span class='ocrx_word' id='word_1_118' title='bbox 271 676 343 697; x_wconf 79' lang='lat' dir='ltr'>oant.</span> 
     </span>
     <span class='ocr_line' id='line_1_19' title="bbox 220 678 1286 746; baseline -0.022 -7"><span class='ocrx_word' id='word_1_119' title='bbox 220 678 353 746; x_wconf 57' lang='lat' dir='ltr'>chmd</span> <span class='ocrx_word' id='word_1_120' title='bbox 369 704 485 744; x_wconf 91' lang='lat' dir='ltr'>quidem</span> <span class='ocrx_word' id='word_1_121' title='bbox 501 700 659 734; x_wconf 85' lang='lat' dir='ltr'>venerabile</span> <span class='ocrx_word' id='word_1_122' title='bbox 673 693 784 736; x_wconf 86' lang='lat' dir='ltr'>signum</span> <span class='ocrx_word' id='word_1_123' title='bbox 796 705 847 734; x_wconf 90' lang='lat' dir='ltr'>per</span> <span class='ocrx_word' id='word_1_124' title='bbox 867 703 918 724; x_wconf 92' lang='lat' dir='ltr'>vos</span> <span class='ocrx_word' id='word_1_125' title='bbox 932 690 1053 734; x_wconf 80' lang='lat' dir='ltr'>concedi</span> <span class='ocrx_word' id='word_1_126' title='bbox 1066 689 1198 733; x_wconf 80' lang='lat' dir='ltr'>volumus</span> <span class='ocrx_word' id='word_1_127' title='bbox 1210 696 1286 732; x_wconf 82' lang='lat' dir='ltr'>¹cun-</span> 
     </span>
     <span class='ocr_line' id='line_1_20' title="bbox 761 727 1285 768; baseline -0.019 -3"><span class='ocrx_word' id='word_1_128' title='bbox 761 734 908 765; x_wconf 89' lang='lat' dir='ltr'>Dominus</span> <span class='ocrx_word' id='word_1_129' title='bbox 927 730 1068 768; x_wconf 81' lang='lat' dir='ltr'>inspirabit</span> <span class='ocrx_word' id='word_1_130' title='bbox 1088 737 1118 759; x_wconf 93' lang='lat' dir='ltr'>ut</span> <span class='ocrx_word' id='word_1_131' title='bbox 1131 753 1141 766; x_wconf 85' lang='lat'>,</span> <span class='ocrx_word' id='word_1_132' title='bbox 1165 737 1194 757; x_wconf 86' lang='lat' dir='ltr'>in</span> <span class='ocrx_word' id='word_1_133' title='bbox 1209 727 1285 757; x_wconf 90' lang='lat' dir='ltr'>idem</span> 
     </span>
     <span class='ocr_line' id='line_1_21' title="bbox 862 765 1284 807; baseline -0.017 -6"><span class='ocrx_word' id='word_1_134' title='bbox 862 771 954 801; x_wconf 87' lang='lat' dir='ltr'>alienis</span> <span class='ocrx_word' id='word_1_135' title='bbox 975 766 1114 807; x_wconf 72' lang='lat' dir='ltr'>expensis,</span> <span class='ocrx_word' id='word_1_136' title='bbox 1132 765 1284 802; x_wconf 70' lang='lat' dir='ltr'>accedere,</span> 
     </span>
     <span class='ocr_line' id='line_1_22' title="bbox 901 803 1286 845; baseline -0.016 -6"><span class='ocrx_word' id='word_1_137' title='bbox 901 809 989 839; x_wconf 89' lang='lat' dir='ltr'>velint</span> <span class='ocrx_word' id='word_1_138' title='bbox 1001 808 1077 839; x_wconf 86' lang='lat' dir='ltr'>viros</span> <span class='ocrx_word' id='word_1_139' title='bbox 1095 805 1222 845; x_wconf 83' lang='lat' dir='ltr'>ydoneos</span> <span class='ocrx_word' id='word_1_140' title='bbox 1237 803 1286 834; x_wconf 89' lang='lat' dir='ltr'>de-</span> 
     </span>
    </p>
   </div>
   <div class='ocr_carea' id='block_1_6' title="bbox 222 737 1316 3629">
    <p class='ocr_par' dir='ltr' id='par_1_6' title="bbox 222 737 887 861">
     <span class='ocr_line' id='line_1_23' title="bbox 222 737 752 788; baseline -0.023 -11"><span class='ocrx_word' id='word_1_141' title='bbox 222 745 293 788; x_wconf 63' lang='grc' dir='ltr'>(ἶὶίε1</span> <span class='ocrx_word' id='word_1_142' title='bbox 311 745 416 775; x_wconf 88' lang='lat' dir='ltr'>devote</span> <span class='ocrx_word' id='word_1_143' title='bbox 436 742 614 782; x_wconf 87' lang='lat' dir='ltr'>petentibus,</span> <span class='ocrx_word' id='word_1_144' title='bbox 640 737 752 780; x_wconf 41' lang='lat' dir='ltr'>quibus„</span> 
     </span>
     <span class='ocr_line' id='line_1_24' title="bbox 224 780 849 821; baseline -0.024 -5"><span class='ocrx_word' id='word_1_145' title='bbox 224 784 393 821; x_wconf 82' lang='lat' dir='ltr'>sublidium,</span> <span class='ocrx_word' id='word_1_146' title='bbox 412 780 588 819; x_wconf 65' lang='lat' dir='ltr'>personaliter</span> <span class='ocrx_word' id='word_1_147' title='bbox 603 787 631 807; x_wconf 92' lang='lat' dir='ltr'>in</span> <span class='ocrx_word' id='word_1_148' title='bbox 648 784 784 814; x_wconf 89' lang='lat' dir='ltr'>propriis,</span> <span class='ocrx_word' id='word_1_149' title='bbox 801 781 849 802; x_wconf 90' lang='lat' dir='ltr'>aut</span> 
     </span>
     <span class='ocr_line' id='line_1_25' title="bbox 223 812 887 861; baseline -0.021 -7"><span class='ocrx_word' id='word_1_150' title='bbox 223 823 270 854; x_wconf 90' lang='lat' dir='ltr'>vel</span> <span class='ocrx_word' id='word_1_151' title='bbox 283 845 292 860; x_wconf 83' lang='lat'>‚</span> <span class='ocrx_word' id='word_1_152' title='bbox 307 824 384 861; x_wconf 76' lang='lat' dir='ltr'>juitta</span> <span class='ocrx_word' id='word_1_153' title='bbox 399 820 559 858; x_wconf 80' lang='lat' dir='ltr'>qualitatem</span> <span class='ocrx_word' id='word_1_154' title='bbox 574 817 607 848; x_wconf 71' lang='grc' dir='ltr'>δε</span> <span class='ocrx_word' id='word_1_155' title='bbox 622 814 783 845; x_wconf 79' lang='lat' dir='ltr'>facultatem</span> <span class='ocrx_word' id='word_1_156' title='bbox 793 812 887 849; x_wconf 87' lang='lat' dir='ltr'>suam,</span> 
     </span>
    </p>

    <p class='ocr_par' dir='ltr' id='par_1_7' title="bbox 223 862 1288 1518">
     <span class='ocr_line' id='line_1_26' title="bbox 261 871 334 890; baseline 0 0"><span class='ocrx_word' id='word_1_157' title='bbox 261 871 278 890; x_wconf 92' lang='lat' dir='ltr'>n</span> <span class='ocrx_word' id='word_1_158' title='bbox 303 871 309 875; x_wconf 89' lang='lat'><strong>·</strong></span> <span class='ocrx_word' id='word_1_159' title='bbox 328 884 334 890; x_wconf 92' lang='lat'><em>.</em></span> 
     </span>
     <span class='ocr_line' id='line_1_27' title="bbox 224 862 1287 937; baseline -0.019 -6"><span class='ocrx_word' id='word_1_160' title='bbox 224 862 375 937; x_wconf 42' lang='grc' dir='ltr'>ἢιΙῐῖἲίῑειξρεῖι·</span> <span class='ocrx_word' id='word_1_161' title='bbox 397 906 498 928; x_wconf 88' lang='lat' dir='ltr'>omnes</span> <span class='ocrx_word' id='word_1_162' title='bbox 512 920 522 934; x_wconf 93' lang='lat'>,</span> <span class='ocrx_word' id='word_1_163' title='bbox 547 894 596 932; x_wconf 88' lang='lat' dir='ltr'>qui</span> <span class='ocrx_word' id='word_1_164' title='bbox 615 891 751 922; x_wconf 71' lang='lat' dir='ltr'>haetenus</span> <span class='ocrx_word' id='word_1_165' title='bbox 773 888 849 919; x_wconf 91' lang='lat' dir='ltr'>idem</span> <span class='ocrx_word' id='word_1_166' title='bbox 872 887 998 926; x_wconf 79' lang='lat' dir='ltr'>signum,</span> <span class='ocrx_word' id='word_1_167' title='bbox 1018 894 1070 923; x_wconf 90' lang='lat' dir='ltr'>pro</span> <span class='ocrx_word' id='word_1_168' title='bbox 1084 881 1287 926; x_wconf 13' lang='lat' dir='ltr'>eodempsubfi-</span> 
     </span>
     <span class='ocr_line' id='line_1_28' title="bbox 223 921 1287 977; baseline -0.019 -7"><span class='ocrx_word' id='word_1_169' title='bbox 223 939 290 977; x_wconf 78' lang='lat' dir='ltr'>dio,</span> <span class='ocrx_word' id='word_1_170' title='bbox 305 937 498 976; x_wconf 87' lang='lat' dir='ltr'>susceperunt,</span> <span class='ocrx_word' id='word_1_171' title='bbox 512 942 633 964; x_wconf 88' lang='lat' dir='ltr'>monere</span> <span class='ocrx_word' id='word_1_172' title='bbox 647 941 681 961; x_wconf 88' lang='lat' dir='ltr'>ac</span> <span class='ocrx_word' id='word_1_173' title='bbox 695 929 829 960; x_wconf 83' lang='lat' dir='ltr'>inducere</span> <span class='ocrx_word' id='word_1_174' title='bbox 841 926 1012 969; x_wconf 78' lang='lat' dir='ltr'>procuretiS,</span> <span class='ocrx_word' id='word_1_175' title='bbox 1032 932 1062 954; x_wconf 89' lang='lat' dir='ltr'>ut</span> <span class='ocrx_word' id='word_1_176' title='bbox 1077 923 1143 953; x_wconf 87' lang='lat' dir='ltr'>illud</span> <span class='ocrx_word' id='word_1_177' title='bbox 1152 947 1161 960; x_wconf 91' lang='lat'>,</span> <span class='ocrx_word' id='word_1_178' title='bbox 1180 925 1200 952; x_wconf 84' lang='lat'>11</span> <span class='ocrx_word' id='word_1_179' title='bbox 1212 921 1287 952; x_wconf 88' lang='lat' dir='ltr'>forte</span> 
     </span>
     <span class='ocr_line' id='line_1_29' title="bbox 223 960 1287 1014; baseline -0.02 -5"><span class='ocrx_word' id='word_1_180' title='bbox 223 977 392 1014; x_wconf 83' lang='lat' dir='ltr'>dimiserint,</span> <span class='ocrx_word' id='word_1_181' title='bbox 409 975 579 1005; x_wconf 87' lang='lat' dir='ltr'>resumentes</span> <span class='ocrx_word' id='word_1_182' title='bbox 592 970 735 1007; x_wconf 83' lang='lat' dir='ltr'>alacriter,</span> <span class='ocrx_word' id='word_1_183' title='bbox 750 975 853 998; x_wconf 87' lang='lat' dir='ltr'>votum</span> <span class='ocrx_word' id='word_1_184' title='bbox 866 965 998 995; x_wconf 89' lang='lat' dir='ltr'>Domino</span> <span class='ocrx_word' id='word_1_185' title='bbox 1013 961 1129 992; x_wconf 89' lang='lat' dir='ltr'>reddere</span> <span class='ocrx_word' id='word_1_186' title='bbox 1143 960 1287 997; x_wconf 85' lang='lat' dir='ltr'>studeant,</span> 
     </span>
     <span class='ocr_line' id='line_1_30' title="bbox 224 1001 1287 1055; baseline -0.019 -7"><span class='ocrx_word' id='word_1_187' title='bbox 224 1016 304 1055; x_wconf 88' lang='lat' dir='ltr'>quod</span> <span class='ocrx_word' id='word_1_188' title='bbox 323 1021 466 1047; x_wconf 89' lang='lat' dir='ltr'>voverunt</span> <span class='ocrx_word' id='word_1_189' title='bbox 482 1036 492 1052; x_wconf 88' lang='lat'>,</span> <span class='ocrx_word' id='word_1_190' title='bbox 517 1020 599 1042; x_wconf 82' lang='lat' dir='ltr'>terrae</span> <span class='ocrx_word' id='word_1_191' title='bbox 613 1008 736 1047; x_wconf 76' lang='lat' dir='ltr'>piaefatae</span> <span class='ocrx_word' id='word_1_192' title='bbox 747 1002 940 1037; x_wconf 82' lang='lat' dir='ltr'>subveniendo</span> <span class='ocrx_word' id='word_1_193' title='bbox 955 1001 1125 1039; x_wconf 83' lang='lat' dir='ltr'>efficaciter,</span> <span class='ocrx_word' id='word_1_194' title='bbox 1143 1009 1173 1030; x_wconf 89' lang='lat' dir='ltr'>ut</span> <span class='ocrx_word' id='word_1_195' title='bbox 1187 1008 1287 1030; x_wconf 77' lang='lat' dir='ltr'>tenen-</span> 
     </span>
     <span class='ocr_line' id='line_1_31' title="bbox 225 1064 1286 1125; baseline -0.019 0"><span class='ocrx_word' id='word_1_196' title='bbox 225 1064 343 1125; x_wconf 64' lang='lat' dir='ltr'>tmCum</span> <span class='ocrx_word' id='word_1_197' title='bbox 355 1100 450 1122; x_wconf 85' lang='lat' dir='ltr'>autem</span> <span class='ocrx_word' id='word_1_198' title='bbox 464 1089 597 1120; x_wconf 81' lang='lat' dir='ltr'>omnibus</span> <span class='ocrx_word' id='word_1_199' title='bbox 612 1084 719 1117; x_wconf 89' lang='lat' dir='ltr'>Christi</span> <span class='ocrx_word' id='word_1_200' title='bbox 732 1082 876 1120; x_wconf 86' lang='lat' dir='ltr'>fidelibus,</span> <span class='ocrx_word' id='word_1_201' title='bbox 899 1081 946 1119; x_wconf 92' lang='lat' dir='ltr'>qui</span> <span class='ocrx_word' id='word_1_202' title='bbox 962 1078 1055 1110; x_wconf 90' lang='lat' dir='ltr'>eidem</span> <span class='ocrx_word' id='word_1_203' title='bbox 1075 1086 1157 1122; x_wconf 69' lang='lat' dir='ltr'>terrae</span> <span class='ocrx_word' id='word_1_204' title='bbox 1171 1076 1286 1107; x_wconf 87' lang='lat' dir='ltr'>succur-</span> 
     </span>
     <span class='ocr_line' id='line_1_32' title="bbox 226 1118 1287 1168; baseline -0.019 -4"><span class='ocrx_word' id='word_1_205' title='bbox 226 1133 289 1164; x_wconf 87' lang='lat' dir='ltr'>sum</span> <span class='ocrx_word' id='word_1_206' title='bbox 304 1130 492 1168; x_wconf 86' lang='lat' dir='ltr'>impenderint</span> <span class='ocrx_word' id='word_1_207' title='bbox 505 1134 681 1165; x_wconf 87' lang='lat' dir='ltr'>oportunum</span> <span class='ocrx_word' id='word_1_208' title='bbox 692 1146 702 1162; x_wconf 86' lang='lat'>‚</span> <span class='ocrx_word' id='word_1_209' title='bbox 727 1123 879 1159; x_wconf 87' lang='lat' dir='ltr'>unicuique</span> <span class='ocrx_word' id='word_1_210' title='bbox 892 1118 1047 1149; x_wconf 89' lang='lat' dir='ltr'>secundum</span> <span class='ocrx_word' id='word_1_211' title='bbox 1062 1125 1209 1156; x_wconf 86' lang='lat' dir='ltr'>proprium</span> <span class='ocrx_word' id='word_1_212' title='bbox 1225 1126 1287 1146; x_wconf 87' lang='lat' dir='ltr'>nie-</span> 
     </span>
     <span class='ocr_line' id='line_1_33' title="bbox 228 1153 1288 1209; baseline -0.017 -7"><span class='ocrx_word' id='word_1_213' title='bbox 228 1173 331 1209; x_wconf 86' lang='lat' dir='ltr'>ritum,</span> <span class='ocrx_word' id='word_1_214' title='bbox 345 1168 546 1206; x_wconf 88' lang='lat' dir='ltr'>indulgentiam</span> <span class='ocrx_word' id='word_1_215' title='bbox 558 1165 702 1195; x_wconf 84' lang='lat' dir='ltr'>salutarem</span> <span class='ocrx_word' id='word_1_216' title='bbox 717 1162 761 1200; x_wconf 86' lang='lat' dir='ltr'>(ac</span> <span class='ocrx_word' id='word_1_217' title='bbox 775 1160 898 1191; x_wconf 74' lang='lat' dir='ltr'>maxime</span> <span class='ocrx_word' id='word_1_218' title='bbox 913 1158 990 1202; x_wconf 53' lang='lat'>{15⁸2</span> <span class='ocrx_word' id='word_1_219' title='bbox 1001 1158 1066 1195; x_wconf 86' lang='lat' dir='ltr'>qui,</span> <span class='ocrx_word' id='word_1_220' title='bbox 1081 1165 1168 1186; x_wconf 91' lang='lat' dir='ltr'>cruce</span> <span class='ocrx_word' id='word_1_221' title='bbox 1181 1153 1288 1199; x_wconf 79' lang='lat' dir='ltr'>suscep-</span> 
     </span>
     <span class='ocr_line' id='line_1_34' title="bbox 229 1194 1286 1248; baseline -0.019 -7"><span class='ocrx_word' id='word_1_222' title='bbox 229 1210 274 1248; x_wconf 62' lang='lat' dir='ltr'>ti,</span> <span class='ocrx_word' id='word_1_223' title='bbox 292 1210 321 1239; x_wconf 88' lang='lat' dir='ltr'>in</span> <span class='ocrx_word' id='word_1_224' title='bbox 343 1208 422 1247; x_wconf 86' lang='lat' dir='ltr'>ipiius</span> <span class='ocrx_word' id='word_1_225' title='bbox 444 1215 527 1237; x_wconf 74' lang='lat' dir='ltr'>terrae</span> <span class='ocrx_word' id='word_1_226' title='bbox 545 1203 713 1239; x_wconf 90' lang='lat' dir='ltr'>subsidium,</span> <span class='ocrx_word' id='word_1_227' title='bbox 729 1200 778 1230; x_wconf 89' lang='lat' dir='ltr'>vel</span> <span class='ocrx_word' id='word_1_228' title='bbox 792 1196 970 1237; x_wconf 79' lang='lat' dir='ltr'>personaliter</span> <span class='ocrx_word' id='word_1_229' title='bbox 984 1196 1083 1239; x_wconf 83' lang='lat' dir='ltr'>ibunt,</span> <span class='ocrx_word' id='word_1_230' title='bbox 1101 1194 1150 1238; x_wconf 80' lang='lat' dir='ltr'>vel·</span> <span class='ocrx_word' id='word_1_231' title='bbox 1161 1203 1238 1224; x_wconf 90' lang='lat' dir='ltr'>viros</span> <span class='ocrx_word' id='word_1_232' title='bbox 1253 1203 1286 1234; x_wconf 88' lang='lat' dir='ltr'>y-</span> 
     </span>
     <span class='ocr_line' id='line_1_35' title="bbox 227 1233 1288 1285; baseline -0.019 -5"><span class='ocrx_word' id='word_1_233' title='bbox 227 1249 339 1280; x_wconf 87' lang='lat' dir='ltr'>doneos</span> <span class='ocrx_word' id='word_1_234' title='bbox 354 1272 363 1285; x_wconf 90' lang='lat'>,</span> <span class='ocrx_word' id='word_1_235' title='bbox 385 1247 461 1285; x_wconf 75' lang='lat' dir='ltr'>juxta</span> <span class='ocrx_word' id='word_1_236' title='bbox 481 1243 640 1283; x_wconf 85' lang='lat' dir='ltr'>qualitatem</span> <span class='ocrx_word' id='word_1_237' title='bbox 660 1241 693 1271; x_wconf 92' lang='lat'>&amp;</span> <span class='ocrx_word' id='word_1_238' title='bbox 710 1239 872 1269; x_wconf 83' lang='lat' dir='ltr'>facultatem</span> <span class='ocrx_word' id='word_1_239' title='bbox 883 1235 980 1272; x_wconf 87' lang='lat' dir='ltr'>suam,</span> <span class='ocrx_word' id='word_1_240' title='bbox 998 1244 1027 1264; x_wconf 91' lang='lat' dir='ltr'>in</span> <span class='ocrx_word' id='word_1_241' title='bbox 1041 1243 1158 1272; x_wconf 85' lang='lat' dir='ltr'>propriis</span> <span class='ocrx_word' id='word_1_242' title='bbox 1171 1233 1288 1270; x_wconf 81' lang='lat' dir='ltr'>sumpti-</span> 
     </span>
     <span class='ocr_line' id='line_1_36' title="bbox 228 1271 1287 1320; baseline -0.015 -2"><span class='ocrx_word' id='word_1_243' title='bbox 228 1288 282 1318; x_wconf 89' lang='lat' dir='ltr'>bus</span> <span class='ocrx_word' id='word_1_244' title='bbox 298 1284 486 1320; x_wconf 82' lang='lat' dir='ltr'>destinabunt)</span> <span class='ocrx_word' id='word_1_245' title='bbox 502 1280 701 1318; x_wconf 82' lang='lat' dir='ltr'>multiplicium</span> <span class='ocrx_word' id='word_1_246' title='bbox 715 1277 862 1317; x_wconf 87' lang='lat' dir='ltr'>gratiarum</span> <span class='ocrx_word' id='word_1_247' title='bbox 882 1273 1018 1304; x_wconf 86' lang='lat' dir='ltr'>beneficia</span> <span class='ocrx_word' id='word_1_248' title='bbox 1032 1271 1223 1302; x_wconf 85' lang='lat' dir='ltr'>concedamus</span> <span class='ocrx_word' id='word_1_249' title='bbox 1240 1272 1287 1310; x_wconf 80' lang='lat' dir='ltr'>(ii-</span> 
     </span>
     <span class='ocr_line' id='line_1_37' title="bbox 228 1310 1286 1357; baseline -0.014 -1"><span class='ocrx_word' id='word_1_250' title='bbox 228 1334 280 1356; x_wconf 89' lang='lat' dir='ltr'>cut</span> <span class='ocrx_word' id='word_1_251' title='bbox 298 1326 327 1355; x_wconf 89' lang='lat' dir='ltr'>in</span> <span class='ocrx_word' id='word_1_252' title='bbox 339 1324 396 1354; x_wconf 86' lang='lat' dir='ltr'>aliis</span> <span class='ocrx_word' id='word_1_253' title='bbox 409 1322 511 1353; x_wconf 90' lang='lat' dir='ltr'>nostris</span> <span class='ocrx_word' id='word_1_254' title='bbox 525 1321 620 1351; x_wconf 89' lang='lat' dir='ltr'>litteris</span> <span class='ocrx_word' id='word_1_255' title='bbox 632 1317 780 1357; x_wconf 82' lang='lat' dir='ltr'>praelibatis</span> <span class='ocrx_word' id='word_1_256' title='bbox 794 1313 918 1345; x_wconf 89' lang='lat' dir='ltr'>seriosius</span> <span class='ocrx_word' id='word_1_257' title='bbox 932 1312 1106 1346; x_wconf 87' lang='lat' dir='ltr'>continetur)</span> <span class='ocrx_word' id='word_1_258' title='bbox 1121 1310 1286 1341; x_wconf 85' lang='lat' dir='ltr'>earumdem</span> 
     </span>
     <span class='ocr_line' id='line_1_38' title="bbox 228 1349 1288 1417; baseline -0.014 -22"><span class='ocrx_word' id='word_1_259' title='bbox 228 1363 381 1395; x_wconf 84' lang='lat' dir='ltr'>litterarum</span> <span class='ocrx_word' id='word_1_260' title='bbox 401 1369 532 1392; x_wconf 90' lang='lat' dir='ltr'>tenorem</span> <span class='ocrx_word' id='word_1_261' title='bbox 553 1368 603 1397; x_wconf 87' lang='lat' dir='ltr'>per</span> <span class='ocrx_word' id='word_1_262' title='bbox 622 1366 674 1387; x_wconf 89' lang='lat' dir='ltr'>vos</span> <span class='ocrx_word' id='word_1_263' title='bbox 687 1354 797 1394; x_wconf 87' lang='lat' dir='ltr'>populis</span> <span class='ocrx_word' id='word_1_264' title='bbox 811 1351 965 1384; x_wconf 86' lang='lat' dir='ltr'>christianis</span> <span class='ocrx_word' id='word_1_265' title='bbox 980 1350 1113 1381; x_wconf 88' lang='lat' dir='ltr'>volumus</span> <span class='ocrx_word' id='word_1_266' title='bbox 1126 1349 1288 1417; x_wconf 53' lang='lat' dir='ltr'>freguenter</span> 
     </span>
     <span class='ocr_line' id='line_1_39' title="bbox 227 1388 1287 1440; baseline -0.013 -7"><span class='ocrx_word' id='word_1_267' title='bbox 227 1403 262 1433; x_wconf 74' lang='grc' dir='ltr'>δε</span> <span class='ocrx_word' id='word_1_268' title='bbox 285 1401 431 1440; x_wconf 84' lang='lat' dir='ltr'>diligenter</span> <span class='ocrx_word' id='word_1_269' title='bbox 452 1399 555 1436; x_wconf 80' lang='lat' dir='ltr'>exponi</span> <span class='ocrx_word' id='word_1_270' title='bbox 570 1422 580 1436; x_wconf 92' lang='lat'>,</span> <span class='ocrx_word' id='word_1_271' title='bbox 598 1397 634 1426; x_wconf 86' lang='lat' dir='ltr'>ita</span> <span class='ocrx_word' id='word_1_272' title='bbox 650 1394 786 1433; x_wconf 83' lang='lat' dir='ltr'>siquidem</span> <span class='ocrx_word' id='word_1_273' title='bbox 798 1390 933 1432; x_wconf 83' lang='lat' dir='ltr'>provide,</span> <span class='ocrx_word' id='word_1_274' title='bbox 952 1389 1031 1427; x_wconf 86' lang='lat' dir='ltr'>quod</span> <span class='ocrx_word' id='word_1_275' title='bbox 1046 1390 1079 1419; x_wconf 89' lang='lat'>&amp;</span> <span class='ocrx_word' id='word_1_276' title='bbox 1094 1388 1167 1417; x_wconf 91' lang='lat' dir='ltr'>bene</span> <span class='ocrx_word' id='word_1_277' title='bbox 1188 1389 1230 1418; x_wconf 90' lang='lat' dir='ltr'>cia</span> <span class='ocrx_word' id='word_1_278' title='bbox 1243 1388 1287 1419; x_wconf 90' lang='lat' dir='ltr'>su-</span> 
     </span>
     <span class='ocr_line' id='line_1_40' title="bbox 229 1426 1287 1480; baseline -0.015 -9"><span class='ocrx_word' id='word_1_279' title='bbox 229 1440 351 1480; x_wconf 62' lang='lat' dir='ltr'>pradidhi</span> <span class='ocrx_word' id='word_1_280' title='bbox 365 1463 375 1478; x_wconf 88' lang='lat'>,</span> <span class='ocrx_word' id='word_1_281' title='bbox 391 1448 455 1477; x_wconf 86' lang='lat' dir='ltr'>quae</span> <span class='ocrx_word' id='word_1_282' title='bbox 468 1437 531 1475; x_wconf 86' lang='lat' dir='ltr'>ipsis</span> <span class='ocrx_word' id='word_1_283' title='bbox 545 1437 575 1466; x_wconf 93' lang='lat' dir='ltr'>in</span> <span class='ocrx_word' id='word_1_284' title='bbox 589 1434 663 1465; x_wconf 69' lang='lat' dir='ltr'>terra</span> <span class='ocrx_word' id='word_1_285' title='bbox 678 1431 881 1468; x_wconf 87' lang='lat' dir='ltr'>concedimus,</span> <span class='ocrx_word' id='word_1_286' title='bbox 899 1429 934 1460; x_wconf 90' lang='lat'>&amp;</span> <span class='ocrx_word' id='word_1_287' title='bbox 948 1428 1092 1466; x_wconf 87' lang='lat' dir='ltr'>copiosam</span> <span class='ocrx_word' id='word_1_288' title='bbox 1105 1426 1268 1457; x_wconf 83' lang='lat' dir='ltr'>mercedem</span> <span class='ocrx_word' id='word_1_289' title='bbox 1278 1451 1287 1466; x_wconf 80' lang='lat'>‚</span> 
     </span>
     <span class='ocr_line' id='line_1_41' title="bbox 228 1467 1288 1518; baseline -0.016 -8"><span class='ocrx_word' id='word_1_290' title='bbox 228 1488 294 1518; x_wconf 83' lang='lat' dir='ltr'>quae</span> <span class='ocrx_word' id='word_1_291' title='bbox 307 1478 367 1518; x_wconf 71' lang='lat' dir='ltr'>ipsis</span> <span class='ocrx_word' id='word_1_292' title='bbox 382 1484 549 1515; x_wconf 76' lang='lat' dir='ltr'>praeparatur</span> <span class='ocrx_word' id='word_1_293' title='bbox 562 1476 592 1504; x_wconf 91' lang='lat' dir='ltr'>in</span> <span class='ocrx_word' id='word_1_294' title='bbox 607 1472 702 1510; x_wconf 86' lang='lat' dir='ltr'>coelo,</span> <span class='ocrx_word' id='word_1_295' title='bbox 720 1469 894 1510; x_wconf 88' lang='lat' dir='ltr'>cognoscere</span> <span class='ocrx_word' id='word_1_296' title='bbox 906 1467 1015 1498; x_wconf 82' lang='lat' dir='ltr'>valeant</span> <span class='ocrx_word' id='word_1_297' title='bbox 1029 1467 1063 1497; x_wconf 89' lang='lat'>&amp;</span> <span class='ocrx_word' id='word_1_298' title='bbox 1076 1474 1176 1509; x_wconf 80' lang='lat' dir='ltr'>amare.</span> <span class='ocrx_word' id='word_1_299' title='bbox 1285 1471 1288 1473; x_wconf 61' lang='grc'><strong>“</strong></span> 
     </span>
    </p>

    <p class='ocr_par' dir='ltr' id='par_1_8' title="bbox 229 1503 1290 1633">
     <span class='ocr_line' id='line_1_42' title="bbox 267 1503 1288 1549; baseline -0.016 -1"><span class='ocrx_word' id='word_1_300' title='bbox 267 1517 302 1548; x_wconf 94' lang='lat' dir='ltr'>N</span> <span class='ocrx_word' id='word_1_301' title='bbox 304 1527 337 1547; x_wconf 91' lang='lat' dir='ltr'>ec</span> <span class='ocrx_word' id='word_1_302' title='bbox 350 1525 443 1547; x_wconf 90' lang='lat' dir='ltr'>tamen</span> <span class='ocrx_word' id='word_1_303' title='bbox 458 1524 492 1546; x_wconf 82' lang='lat' dir='ltr'>ex</span> <span class='ocrx_word' id='word_1_304' title='bbox 504 1514 597 1544; x_wconf 89' lang='lat' dir='ltr'>verbis</span> <span class='ocrx_word' id='word_1_305' title='bbox 609 1511 707 1542; x_wconf 85' lang='lat' dir='ltr'>vestris</span> <span class='ocrx_word' id='word_1_306' title='bbox 720 1509 882 1546; x_wconf 86' lang='lat' dir='ltr'>concipiant</span> <span class='ocrx_word' id='word_1_307' title='bbox 893 1507 924 1549; x_wconf 74' lang='lat' dir='ltr'>se</span> <span class='ocrx_word' id='word_1_308' title='bbox 932 1514 979 1536; x_wconf 91' lang='lat' dir='ltr'>aut</span> <span class='ocrx_word' id='word_1_309' title='bbox 991 1505 1120 1543; x_wconf 86' lang='lat' dir='ltr'>plenam,</span> <span class='ocrx_word' id='word_1_310' title='bbox 1138 1514 1168 1533; x_wconf 90' lang='lat' dir='ltr'>in</span> <span class='ocrx_word' id='word_1_311' title='bbox 1181 1503 1288 1534; x_wconf 77' lang='lat' dir='ltr'>casibus</span> 
     </span>
     <span class='ocr_line' id='line_1_43' title="bbox 229 1542 1290 1595; baseline -0.015 -7"><span class='ocrx_word' id='word_1_312' title='bbox 229 1557 259 1589; x_wconf 88' lang='lat' dir='ltr'>in</span> <span class='ocrx_word' id='word_1_313' title='bbox 282 1555 382 1595; x_wconf 87' lang='lat' dir='ltr'>quibus</span> <span class='ocrx_word' id='word_1_314' title='bbox 401 1561 580 1592; x_wconf 83' lang='lat' dir='ltr'>nequaquam</span> <span class='ocrx_word' id='word_1_315' title='bbox 600 1548 788 1586; x_wconf 82' lang='lat' dir='ltr'>conceditur,</span> <span class='ocrx_word' id='word_1_316' title='bbox 812 1554 858 1577; x_wconf 90' lang='lat' dir='ltr'>aut</span> <span class='ocrx_word' id='word_1_317' title='bbox 870 1553 1026 1584; x_wconf 76' lang='lat' dir='ltr'>majorem,</span> <span class='ocrx_word' id='word_1_318' title='bbox 1045 1552 1131 1583; x_wconf 84' lang='lat' dir='ltr'>quam</span> <span class='ocrx_word' id='word_1_319' title='bbox 1146 1542 1290 1574; x_wconf 83' lang='lat' dir='ltr'>conceda-</span> 
     </span>
     <span class='ocr_line' id='line_1_44' title="bbox 230 1590 1257 1633; baseline -0.017 -7"><span class='ocrx_word' id='word_1_320' title='bbox 230 1603 292 1633; x_wconf 85' lang='lat' dir='ltr'>tur,</span> <span class='ocrx_word' id='word_1_321' title='bbox 311 1593 512 1633; x_wconf 83' lang='lat' dir='ltr'>indulgentiam</span> <span class='ocrx_word' id='word_1_322' title='bbox 528 1590 691 1629; x_wconf 88' lang='lat' dir='ltr'>promereri.</span> <span class='ocrx_word' id='word_1_323' title='bbox 1089 1621 1095 1626; x_wconf 34' lang='lat'>¹</span> <span class='ocrx_word' id='word_1_324' title='bbox 1252 1621 1257 1626; x_wconf 34' lang='grc' dir='ltr'>ι</span> 
     </span>
    </p>

    <p class='ocr_par' dir='ltr' id='par_1_9' title="bbox 229 1619 1293 1864">
     <span class='ocr_line' id='line_1_45' title="bbox 265 1619 1289 1671; baseline -0.015 -7"><span class='ocrx_word' id='word_1_325' title='bbox 265 1633 355 1671; x_wconf 84' lang='lat' dir='ltr'>Sane,</span> <span class='ocrx_word' id='word_1_326' title='bbox 373 1633 445 1671; x_wconf 86' lang='lat' dir='ltr'>ipsos</span> <span class='ocrx_word' id='word_1_327' title='bbox 461 1630 597 1669; x_wconf 76' lang='lat' dir='ltr'>populos,</span> <span class='ocrx_word' id='word_1_328' title='bbox 614 1627 648 1657; x_wconf 91' lang='lat' dir='ltr'>ad</span> <span class='ocrx_word' id='word_1_329' title='bbox 660 1634 735 1657; x_wconf 86' lang='lat' dir='ltr'>certa</span> <span class='ocrx_word' id='word_1_330' title='bbox 746 1626 779 1657; x_wconf 72' lang='grc' dir='ltr'>δε</span> <span class='ocrx_word' id='word_1_331' title='bbox 791 1623 902 1663; x_wconf 67' lang='lat' dir='ltr'>ydonee</span> <span class='ocrx_word' id='word_1_332' title='bbox 916 1622 997 1665; x_wconf 80' lang='lat' dir='ltr'>loca,</span> <span class='ocrx_word' id='word_1_333' title='bbox 1015 1628 1146 1664; x_wconf 81' lang='lat' dir='ltr'>quotiens</span> <span class='ocrx_word' id='word_1_334' title='bbox 1160 1619 1289 1661; x_wconf 79' lang='lat' dir='ltr'>expedire</span> 
     </span>
     <span class='ocr_line' id='line_1_46' title="bbox 229 1658 1290 1708; baseline -0.013 -4"><span class='ocrx_word' id='word_1_335' title='bbox 229 1671 371 1708; x_wconf 86' lang='lat' dir='ltr'>videritis,</span> <span class='ocrx_word' id='word_1_336' title='bbox 389 1668 585 1705; x_wconf 78' lang='lat' dir='ltr'>convocandi,</span> <span class='ocrx_word' id='word_1_337' title='bbox 603 1666 638 1696; x_wconf 92' lang='lat' dir='ltr'>ad</span> <span class='ocrx_word' id='word_1_338' title='bbox 651 1665 774 1695; x_wconf 89' lang='lat' dir='ltr'>verbum</span> <span class='ocrx_word' id='word_1_339' title='bbox 789 1663 880 1693; x_wconf 89' lang='lat' dir='ltr'>crucis</span> <span class='ocrx_word' id='word_1_340' title='bbox 896 1660 1037 1690; x_wconf 87' lang='lat' dir='ltr'>humiliter</span> <span class='ocrx_word' id='word_1_341' title='bbox 1051 1658 1237 1702; x_wconf 83' lang='lat' dir='ltr'>audiendum:</span> <span class='ocrx_word' id='word_1_342' title='bbox 1257 1669 1290 1690; x_wconf 90' lang='lat' dir='ltr'>ac</span> 
     </span>
     <span class='ocr_line' id='line_1_47' title="bbox 230 1697 1292 1748; baseline -0.016 -5"><span class='ocrx_word' id='word_1_343' title='bbox 230 1711 381 1748; x_wconf 89' lang='lat' dir='ltr'>omnibus,</span> <span class='ocrx_word' id='word_1_344' title='bbox 399 1710 467 1740; x_wconf 72' lang='lat' dir='ltr'>ver&#39;e</span> <span class='ocrx_word' id='word_1_345' title='bbox 481 1705 683 1746; x_wconf 75' lang='lat' dir='ltr'>poenitentibus</span> <span class='ocrx_word' id='word_1_346' title='bbox 695 1704 728 1734; x_wconf 89' lang='lat'>&amp;</span> <span class='ocrx_word' id='word_1_347' title='bbox 741 1700 873 1733; x_wconf 82' lang='lat' dir='ltr'>confeffis</span> <span class='ocrx_word' id='word_1_348' title='bbox 882 1724 891 1737; x_wconf 88' lang='lat'>,</span> <span class='ocrx_word' id='word_1_349' title='bbox 910 1700 960 1737; x_wconf 84' lang='lat' dir='ltr'>qui</span> <span class='ocrx_word' id='word_1_350' title='bbox 971 1697 1006 1728; x_wconf 93' lang='lat' dir='ltr'>ad</span> <span class='ocrx_word' id='word_1_351' title='bbox 1018 1697 1176 1742; x_wconf 67' lang='lat' dir='ltr'>huiusmodi</span> <span class='ocrx_word' id='word_1_352' title='bbox 1187 1697 1292 1728; x_wconf 88' lang='lat' dir='ltr'>vestras</span> 
     </span>
     <span class='ocr_line' id='line_1_48' title="bbox 232 1736 1293 1789; baseline -0.016 -8"><span class='ocrx_word' id='word_1_353' title='bbox 232 1749 444 1789; x_wconf 83' lang='lat' dir='ltr'>praedicationes</span> <span class='ocrx_word' id='word_1_354' title='bbox 464 1745 652 1778; x_wconf 89' lang='lat' dir='ltr'>convenerint</span> <span class='ocrx_word' id='word_1_355' title='bbox 665 1767 676 1780; x_wconf 90' lang='lat'>,</span> <span class='ocrx_word' id='word_1_356' title='bbox 693 1744 726 1774; x_wconf 90' lang='lat'>&amp;</span> <span class='ocrx_word' id='word_1_357' title='bbox 741 1741 819 1771; x_wconf 90' lang='lat' dir='ltr'>idem</span> <span class='ocrx_word' id='word_1_358' title='bbox 833 1740 953 1770; x_wconf 89' lang='lat' dir='ltr'>verbum</span> <span class='ocrx_word' id='word_1_359' title='bbox 965 1736 1102 1768; x_wconf 87' lang='lat' dir='ltr'>audierint</span> <span class='ocrx_word' id='word_1_360' title='bbox 1115 1744 1274 1767; x_wconf 86' lang='lat' dir='ltr'>reverenter</span> <span class='ocrx_word' id='word_1_361' title='bbox 1283 1760 1293 1776; x_wconf 87' lang='lat'>,</span> 
     </span>
     <span class='ocr_line' id='line_1_49' title="bbox 236 1774 1292 1824; baseline -0.016 -4"><span class='ocrx_word' id='word_1_362' title='bbox 236 1790 256 1808; x_wconf 58' lang='lat'>²¹*</span> <span class='ocrx_word' id='word_1_363' title='bbox 279 1796 396 1819; x_wconf 90' lang='lat' dir='ltr'>centum</span> <span class='ocrx_word' id='word_1_364' title='bbox 411 1786 488 1824; x_wconf 84' lang='lat' dir='ltr'>dies,</span> <span class='ocrx_word' id='word_1_365' title='bbox 502 1785 540 1815; x_wconf 89' lang='lat' dir='ltr'>de</span> <span class='ocrx_word' id='word_1_366' title='bbox 552 1782 682 1823; x_wconf 67' lang='lat' dir='ltr'>injunctis</span> <span class='ocrx_word' id='word_1_367' title='bbox 694 1781 745 1811; x_wconf 83' lang='lat' dir='ltr'>sibi</span> <span class='ocrx_word' id='word_1_368' title='bbox 758 1777 949 1818; x_wconf 77' lang='lat' dir='ltr'>poenitentiis,</span> <span class='ocrx_word' id='word_1_369' title='bbox 964 1774 1103 1806; x_wconf 84' lang='lat' dir='ltr'>relaxandi</span> <span class='ocrx_word' id='word_1_370' title='bbox 1116 1775 1197 1806; x_wconf 88' lang='lat' dir='ltr'>vobis</span> <span class='ocrx_word' id='word_1_371' title='bbox 1211 1799 1222 1814; x_wconf 93' lang='lat'>,</span> <span class='ocrx_word' id='word_1_372' title='bbox 1243 1785 1292 1806; x_wconf 88' lang='lat' dir='ltr'>au-</span> 
     </span>
     <span class='ocr_line' id='line_1_50' title="bbox 233 1817 945 1864; baseline -0.018 -6"><span class='ocrx_word' id='word_1_373' title='bbox 233 1827 364 1858; x_wconf 69' lang='lat' dir='ltr'>ctoritate</span> <span class='ocrx_word' id='word_1_374' title='bbox 375 1825 551 1864; x_wconf 64' lang='lat' dir='ltr'>praesentium</span> <span class='ocrx_word' id='word_1_375' title='bbox 558 1846 568 1861; x_wconf 81' lang='lat'>‚</span> <span class='ocrx_word' id='word_1_376' title='bbox 577 1819 762 1852; x_wconf 81' lang='lat' dir='ltr'>concedimus</span> <span class='ocrx_word' id='word_1_377' title='bbox 775 1817 945 1857; x_wconf 80' lang='lat' dir='ltr'>facultatem.</span> 
     </span>
    </p>

    <p class='ocr_par' dir='ltr' id='par_1_10' title="bbox 233 1851 1296 2096">
     <span class='ocr_line' id='line_1_51' title="bbox 271 1851 1293 1903; baseline -0.016 -6"><span class='ocrx_word' id='word_1_378' title='bbox 271 1866 301 1896; x_wconf 92' lang='lat' dir='ltr'>Si</span> <span class='ocrx_word' id='word_1_379' title='bbox 323 1864 436 1903; x_wconf 89' lang='lat' dir='ltr'>quando</span> <span class='ocrx_word' id='word_1_380' title='bbox 455 1871 550 1894; x_wconf 86' lang='lat' dir='ltr'>autem</span> <span class='ocrx_word' id='word_1_381' title='bbox 570 1860 603 1891; x_wconf 88' lang='lat' dir='ltr'>ad</span> <span class='ocrx_word' id='word_1_382' title='bbox 619 1858 774 1895; x_wconf 83' lang='lat' dir='ltr'>Ecclesias‚</span> <span class='ocrx_word' id='word_1_383' title='bbox 791 1855 943 1886; x_wconf 79' lang='lat' dir='ltr'>interdicto</span> <span class='ocrx_word' id='word_1_384' title='bbox 956 1851 1121 1891; x_wconf 76' lang='lat' dir='ltr'>suppositaS,</span> <span class='ocrx_word' id='word_1_385' title='bbox 1139 1861 1191 1883; x_wconf 89' lang='lat' dir='ltr'>vos</span> <span class='ocrx_word' id='word_1_386' title='bbox 1205 1851 1293 1883; x_wconf 92' lang='lat' dir='ltr'>deve-</span> 
     </span>
     <span class='ocr_line' id='line_1_52' title="bbox 234 1892 1294 1943; baseline -0.014 -7"><span class='ocrx_word' id='word_1_387' title='bbox 234 1905 295 1936; x_wconf 87' lang='lat' dir='ltr'>nire</span> <span class='ocrx_word' id='word_1_388' title='bbox 315 1903 489 1943; x_wconf 85' lang='lat' dir='ltr'>contigerit,</span> <span class='ocrx_word' id='word_1_389' title='bbox 515 1901 602 1931; x_wconf 32' lang='lat' dir='ltr'>liceat*</span> <span class='ocrx_word' id='word_1_390' title='bbox 616 1898 699 1930; x_wconf 85' lang='lat' dir='ltr'>vobis</span> <span class='ocrx_word' id='word_1_391' title='bbox 717 1896 751 1927; x_wconf 92' lang='lat' dir='ltr'>ad</span> <span class='ocrx_word' id='word_1_392' title='bbox 769 1894 836 1933; x_wconf 77' lang='lat' dir='ltr'>ipsas</span> <span class='ocrx_word' id='word_1_393' title='bbox 849 1892 971 1932; x_wconf 87' lang='lat' dir='ltr'>populos</span> <span class='ocrx_word' id='word_1_394' title='bbox 984 1900 1164 1935; x_wconf 78' lang='lat' dir='ltr'>convocare,</span> <span class='ocrx_word' id='word_1_395' title='bbox 1182 1901 1215 1922; x_wconf 93' lang='lat' dir='ltr'>ac</span> <span class='ocrx_word' id='word_1_396' title='bbox 1228 1901 1294 1922; x_wconf 87' lang='lat' dir='ltr'>ver-</span> 
     </span>
     <span class='ocr_line' id='line_1_53' title="bbox 234 1930 1294 1979; baseline -0.014 -4"><span class='ocrx_word' id='word_1_397' title='bbox 234 1944 307 1975; x_wconf 89' lang='lat' dir='ltr'>bum</span> <span class='ocrx_word' id='word_1_398' title='bbox 319 1943 411 1974; x_wconf 91' lang='lat' dir='ltr'>crucis</span> <span class='ocrx_word' id='word_1_399' title='bbox 425 1948 587 1979; x_wconf 88' lang='lat' dir='ltr'>proponere</span> <span class='ocrx_word' id='word_1_400' title='bbox 599 1939 628 1968; x_wconf 90' lang='lat' dir='ltr'>in</span> <span class='ocrx_word' id='word_1_401' title='bbox 644 1935 763 1973; x_wconf 71' lang='lat' dir='ltr'>eisdem,</span> <span class='ocrx_word' id='word_1_402' title='bbox 782 1942 916 1971; x_wconf 89' lang='lat' dir='ltr'>necnon,</span> <span class='ocrx_word' id='word_1_403' title='bbox 932 1931 1187 1961; x_wconf 83' lang='lat' dir='ltr'>excommunicatis</span> <span class='ocrx_word' id='word_1_404' title='bbox 1202 1930 1236 1961; x_wconf 89' lang='lat'>&amp;</span> <span class='ocrx_word' id='word_1_405' title='bbox 1250 1931 1294 1960; x_wconf 94' lang='lat' dir='ltr'>in-</span> 
     </span>
     <span class='ocr_line' id='line_1_54' title="bbox 233 1968 1293 2017; baseline -0.013 -4"><span class='ocrx_word' id='word_1_406' title='bbox 233 1981 358 2014; x_wconf 67' lang='lat' dir='ltr'>terdictis</span> <span class='ocrx_word' id='word_1_407' title='bbox 377 1980 492 2011; x_wconf 68' lang='lat' dir='ltr'>exclusis</span> <span class='ocrx_word' id='word_1_408' title='bbox 503 2002 514 2017; x_wconf 87' lang='lat'>,</span> <span class='ocrx_word' id='word_1_409' title='bbox 535 1987 596 2008; x_wconf 91' lang='lat' dir='ltr'>non</span> <span class='ocrx_word' id='word_1_410' title='bbox 619 1975 726 2013; x_wconf 88' lang='lat' dir='ltr'>pulsatis</span> <span class='ocrx_word' id='word_1_411' title='bbox 746 1972 911 2015; x_wconf 81' lang='lat' dir='ltr'>campanis,</span> <span class='ocrx_word' id='word_1_412' title='bbox 937 1968 1080 2000; x_wconf 86' lang='lat' dir='ltr'>summissa</span> <span class='ocrx_word' id='word_1_413' title='bbox 1095 1978 1188 2007; x_wconf 88' lang='lat' dir='ltr'>voce,</span> <span class='ocrx_word' id='word_1_414' title='bbox 1201 1970 1293 2008; x_wconf 88' lang='lat' dir='ltr'>januis</span> 
     </span>
     <span class='ocr_line' id='line_1_55' title="bbox 234 2008 1060 2058; baseline -0.019 -6"><span class='ocrx_word' id='word_1_415' title='bbox 234 2020 346 2058; x_wconf 88' lang='lat' dir='ltr'>clausis,</span> <span class='ocrx_word' id='word_1_416' title='bbox 365 2029 433 2050; x_wconf 92' lang='lat' dir='ltr'>cum</span> <span class='ocrx_word' id='word_1_417' title='bbox 447 2017 544 2049; x_wconf 87' lang='lat' dir='ltr'>vestris</span> <span class='ocrx_word' id='word_1_418' title='bbox 556 2015 684 2053; x_wconf 80' lang='lat' dir='ltr'>familiis,</span> <span class='ocrx_word' id='word_1_419' title='bbox 698 2012 791 2043; x_wconf 88' lang='lat' dir='ltr'>divina</span> <span class='ocrx_word' id='word_1_420' title='bbox 801 2009 899 2041; x_wconf 88' lang='lat' dir='ltr'>officia</span> <span class='ocrx_word' id='word_1_421' title='bbox 912 2008 1060 2038; x_wconf 85' lang='lat' dir='ltr'>celebrare.</span> 
     </span>
     <span class='ocr_line' id='line_1_56' title="bbox 244 2044 1296 2096; baseline -0.017 -5"><span class='ocrx_word' id='word_1_422' title='bbox 244 2072 245 2075; x_wconf 50' lang='lat'>¹</span> <span class='ocrx_word' id='word_1_423' title='bbox 300 2058 319 2089; x_wconf 93' lang='lat' dir='ltr'>d</span> <span class='ocrx_word' id='word_1_424' title='bbox 333 2059 413 2096; x_wconf 86' lang='lat' dir='ltr'>haec,</span> <span class='ocrx_word' id='word_1_425' title='bbox 431 2057 501 2095; x_wconf 90' lang='lat' dir='ltr'>siqui</span> <span class='ocrx_word' id='word_1_426' title='bbox 514 2064 614 2086; x_wconf 88' lang='lat' dir='ltr'>eorum</span> <span class='ocrx_word' id='word_1_427' title='bbox 628 2055 713 2091; x_wconf 90' lang='lat' dir='ltr'>(quos</span> <span class='ocrx_word' id='word_1_428' title='bbox 726 2050 761 2081; x_wconf 90' lang='lat' dir='ltr'>ad</span> <span class='ocrx_word' id='word_1_429' title='bbox 772 2046 1006 2081; x_wconf 82' lang='lat' dir='ltr'>transfretandum</span> <span class='ocrx_word' id='word_1_430' title='bbox 1019 2044 1212 2090; x_wconf 80' lang='lat' dir='ltr'>personaliter,</span> <span class='ocrx_word' id='word_1_431' title='bbox 1231 2046 1296 2086; x_wconf 80' lang='lat' dir='ltr'>vel,</span> 
     </span>
    </p>

    <p class='ocr_par' dir='ltr' id='par_1_11' title="bbox 231 2083 1303 2868">
     <span class='ocr_line' id='line_1_57' title="bbox 231 2083 1296 2138; baseline -0.013 -9"><span class='ocrx_word' id='word_1_432' title='bbox 231 2097 310 2138; x_wconf 85' lang='lat' dir='ltr'>juxta</span> <span class='ocrx_word' id='word_1_433' title='bbox 332 2096 493 2136; x_wconf 86' lang='lat' dir='ltr'>qualitatem</span> <span class='ocrx_word' id='word_1_434' title='bbox 514 2095 547 2125; x_wconf 59' lang='grc' dir='ltr'>ὃς</span> <span class='ocrx_word' id='word_1_435' title='bbox 561 2092 722 2124; x_wconf 86' lang='lat' dir='ltr'>facultatem</span> <span class='ocrx_word' id='word_1_436' title='bbox 739 2090 833 2126; x_wconf 89' lang='lat' dir='ltr'>suam,</span> <span class='ocrx_word' id='word_1_437' title='bbox 851 2088 927 2119; x_wconf 79' lang='lat' dir='ltr'>viros·</span> <span class='ocrx_word' id='word_1_438' title='bbox 958 2085 1068 2117; x_wconf 88' lang='lat' dir='ltr'>doneos</span> <span class='ocrx_word' id='word_1_439' title='bbox 1082 2083 1296 2124; x_wconf 86' lang='lat' dir='ltr'>destinandum,</span> 
     </span>
     <span class='ocr_line' id='line_1_58' title="bbox 237 2122 1296 2171; baseline -0.01 -5"><span class='ocrx_word' id='word_1_440' title='bbox 237 2145 342 2166; x_wconf 86' lang='lat' dir='ltr'>votum</span> <span class='ocrx_word' id='word_1_441' title='bbox 369 2134 517 2171; x_wconf 79' lang='lat' dir='ltr'>ass&#39;umptae</span> <span class='ocrx_word' id='word_1_442' title='bbox 540 2133 598 2171; x_wconf 87' lang='lat' dir='ltr'>jam</span> <span class='ocrx_word' id='word_1_443' title='bbox 623 2131 713 2161; x_wconf 90' lang='lat' dir='ltr'>crucis</span> <span class='ocrx_word' id='word_1_444' title='bbox 733 2127 857 2165; x_wconf 87' lang='lat' dir='ltr'>astringit</span> <span class='ocrx_word' id='word_1_445' title='bbox 870 2150 880 2164; x_wconf 91' lang='lat'>,</span> <span class='ocrx_word' id='word_1_446' title='bbox 903 2135 940 2156; x_wconf 89' lang='lat' dir='ltr'>ve</span> <span class='ocrx_word' id='word_1_447' title='bbox 959 2122 1141 2168; x_wconf 29' lang='lat' dir='ltr'>*affumendae</span> <span class='ocrx_word' id='word_1_448' title='bbox 1163 2123 1296 2164; x_wconf 89' lang='lat' dir='ltr'>deinceps</span> 
     </span>
     <span class='ocr_line' id='line_1_59' title="bbox 237 2161 1297 2213; baseline -0.014 -8"><span class='ocrx_word' id='word_1_449' title='bbox 237 2174 375 2213; x_wconf 84' lang='lat' dir='ltr'>obligabit</span> <span class='ocrx_word' id='word_1_450' title='bbox 389 2173 422 2203; x_wconf 87' lang='lat' dir='ltr'>ad</span> <span class='ocrx_word' id='word_1_451' title='bbox 436 2172 524 2209; x_wconf 91' lang='lat' dir='ltr'>idem)</span> <span class='ocrx_word' id='word_1_452' title='bbox 539 2167 842 2201; x_wconf 75' lang='lat' dir='ltr'>excommunicationis</span> <span class='ocrx_word' id='word_1_453' title='bbox 850 2172 865 2204; x_wconf 52' lang='lat' dir='ltr'>,V</span> <span class='ocrx_word' id='word_1_454' title='bbox 872 2175 926 2203; x_wconf 90' lang='lat' dir='ltr'>pro</span> <span class='ocrx_word' id='word_1_455' title='bbox 937 2162 1062 2194; x_wconf 66' lang='lat' dir='ltr'>Violentfi</span> <span class='ocrx_word' id='word_1_456' title='bbox 1074 2161 1226 2206; x_wconf 60' lang='lat' dir='ltr'>injefstione</span> <span class='ocrx_word' id='word_1_457' title='bbox 1236 2173 1297 2192; x_wconf 85' lang='lat' dir='ltr'>ma-</span> 
     </span>
     <span class='ocr_line' id='line_1_60' title="bbox 236 2200 1296 2250; baseline -0.013 -5"><span class='ocrx_word' id='word_1_458' title='bbox 236 2222 328 2244; x_wconf 81' lang='lat' dir='ltr'>nuum</span> <span class='ocrx_word' id='word_1_459' title='bbox 349 2213 379 2242; x_wconf 91' lang='lat' dir='ltr'>in</span> <span class='ocrx_word' id='word_1_460' title='bbox 399 2211 526 2250; x_wconf 87' lang='lat' dir='ltr'>personas</span> <span class='ocrx_word' id='word_1_461' title='bbox 539 2207 762 2244; x_wconf 70' lang='lat' dir='ltr'>Ecclesiasticus,</span> <span class='ocrx_word' id='word_1_462' title='bbox 779 2203 868 2235; x_wconf 85' lang='lat' dir='ltr'>effent</span> <span class='ocrx_word' id='word_1_463' title='bbox 879 2202 996 2234; x_wconf 87' lang='lat' dir='ltr'>vinculo</span> <span class='ocrx_word' id='word_1_464' title='bbox 1009 2200 1134 2232; x_wconf 86' lang='lat' dir='ltr'>innodati</span> <span class='ocrx_word' id='word_1_465' title='bbox 1149 2200 1296 2238; x_wconf 89' lang='lat' dir='ltr'>(dummo-</span> 
     </span>
     <span class='ocr_line' id='line_1_61' title="bbox 238 2239 1297 2282; baseline -0.012 1"><span class='ocrx_word' id='word_1_466' title='bbox 238 2251 279 2282; x_wconf 88' lang='lat' dir='ltr'>do</span> <span class='ocrx_word' id='word_1_467' title='bbox 300 2260 361 2282; x_wconf 91' lang='lat' dir='ltr'>non</span> <span class='ocrx_word' id='word_1_468' title='bbox 381 2251 464 2281; x_wconf 87' lang='lat' dir='ltr'>fuerit</span> <span class='ocrx_word' id='word_1_469' title='bbox 485 2248 610 2280; x_wconf 80' lang='lat' dir='ltr'>excessus</span> <span class='ocrx_word' id='word_1_470' title='bbox 628 2244 750 2277; x_wconf 87' lang='lat' dir='ltr'>difficilis</span> <span class='ocrx_word' id='word_1_471' title='bbox 771 2244 805 2275; x_wconf 88' lang='lat'>&amp;</span> <span class='ocrx_word' id='word_1_472' title='bbox 818 2243 957 2278; x_wconf 78' lang='lat' dir='ltr'>enormis,</span> <span class='ocrx_word' id='word_1_473' title='bbox 976 2241 1009 2272; x_wconf 93' lang='lat'>&amp;</span> <span class='ocrx_word' id='word_1_474' title='bbox 1025 2239 1104 2278; x_wconf 89' lang='lat' dir='ltr'>passis</span> <span class='ocrx_word' id='word_1_475' title='bbox 1117 2240 1244 2278; x_wconf 87' lang='lat' dir='ltr'>injuriam</span> <span class='ocrx_word' id='word_1_476' title='bbox 1258 2239 1297 2270; x_wconf 93' lang='lat' dir='ltr'>sa-</span> 
     </span>
     <span class='ocr_line' id='line_1_62' title="bbox 239 2277 1297 2325; baseline -0.012 -4"><span class='ocrx_word' id='word_1_477' title='bbox 239 2290 376 2321; x_wconf 84' lang='lat' dir='ltr'>tisfaciant</span> <span class='ocrx_word' id='word_1_478' title='bbox 395 2285 603 2325; x_wconf 85' lang='lat' dir='ltr'>competenter)</span> <span class='ocrx_word' id='word_1_479' title='bbox 626 2284 682 2315; x_wconf 88' lang='lat' dir='ltr'>five</span> <span class='ocrx_word' id='word_1_480' title='bbox 702 2293 756 2321; x_wconf 89' lang='lat' dir='ltr'>pro</span> <span class='ocrx_word' id='word_1_481' title='bbox 770 2292 806 2312; x_wconf 91' lang='lat' dir='ltr'>eo</span> <span class='ocrx_word' id='word_1_482' title='bbox 819 2280 898 2320; x_wconf 82' lang='lat' dir='ltr'>quod</span> <span class='ocrx_word' id='word_1_483' title='bbox 911 2277 1297 2322; x_wconf 37' lang='lat' dir='ltr'>sepulchrum-Dominicum</span> 
     </span>
     <span class='ocr_line' id='line_1_63' title="bbox 239 2317 1297 2365; baseline -0.013 -6"><span class='ocrx_word' id='word_1_484' title='bbox 239 2328 349 2360; x_wconf 88' lang='lat' dir='ltr'>visitare</span> <span class='ocrx_word' id='word_1_485' title='bbox 361 2352 371 2365; x_wconf 89' lang='lat'>,</span> <span class='ocrx_word' id='word_1_486' title='bbox 393 2327 438 2357; x_wconf 90' lang='lat' dir='ltr'>seu</span> <span class='ocrx_word' id='word_1_487' title='bbox 459 2326 494 2357; x_wconf 90' lang='lat' dir='ltr'>ad</span> <span class='ocrx_word' id='word_1_488' title='bbox 514 2325 648 2364; x_wconf 89' lang='lat' dir='ltr'>quassibet</span> <span class='ocrx_word' id='word_1_489' title='bbox 662 2322 725 2353; x_wconf 87' lang='lat' dir='ltr'>alias</span> <span class='ocrx_word' id='word_1_490' title='bbox 738 2330 823 2351; x_wconf 84' lang='lat' dir='ltr'>terras</span> <span class='ocrx_word' id='word_1_491' title='bbox 836 2318 988 2356; x_wconf 89' lang='lat' dir='ltr'>accedere,</span> <span class='ocrx_word' id='word_1_492' title='bbox 1005 2318 1051 2347; x_wconf 88' lang='lat' dir='ltr'>vel</span> <span class='ocrx_word' id='word_1_493' title='bbox 1063 2317 1198 2355; x_wconf 78' lang='lat' dir='ltr'>aliquibus</span> <span class='ocrx_word' id='word_1_494' title='bbox 1213 2327 1297 2347; x_wconf 89' lang='lat' dir='ltr'>com-</span> 
     </span>
     <span class='ocr_line' id='line_1_64' title="bbox 241 2355 1297 2403; baseline -0.009 -6"><span class='ocrx_word' id='word_1_495' title='bbox 241 2369 385 2397; x_wconf 87' lang='lat' dir='ltr'>municare</span> <span class='ocrx_word' id='word_1_496' title='bbox 404 2367 476 2403; x_wconf 90' lang='lat' dir='ltr'>(non</span> <span class='ocrx_word' id='word_1_497' title='bbox 497 2373 591 2395; x_wconf 86' lang='lat' dir='ltr'>tamen</span> <span class='ocrx_word' id='word_1_498' title='bbox 610 2364 638 2392; x_wconf 92' lang='lat' dir='ltr'>in</span> <span class='ocrx_word' id='word_1_499' title='bbox 660 2359 788 2397; x_wconf 89' lang='lat' dir='ltr'>crimine)</span> <span class='ocrx_word' id='word_1_500' title='bbox 810 2367 909 2389; x_wconf 91' lang='lat' dir='ltr'>contra</span> <span class='ocrx_word' id='word_1_501' title='bbox 923 2356 1147 2397; x_wconf 87' lang='lat' dir='ltr'>prohibitionem</span> <span class='ocrx_word' id='word_1_502' title='bbox 1162 2355 1297 2387; x_wconf 83' lang='lat' dir='ltr'>Eccleliae</span> 
     </span>
     <span class='ocr_line' id='line_1_65' title="bbox 240 2394 1297 2445; baseline -0.012 -9"><span class='ocrx_word' id='word_1_503' title='bbox 240 2405 468 2445; x_wconf 82' lang='lat' dir='ltr'>praesumpserunt</span> <span class='ocrx_word' id='word_1_504' title='bbox 491 2400 665 2441; x_wconf 90' lang='lat' dir='ltr'>(dummodo</span> <span class='ocrx_word' id='word_1_505' title='bbox 685 2408 775 2438; x_wconf 88' lang='lat' dir='ltr'>equos</span> <span class='ocrx_word' id='word_1_506' title='bbox 789 2421 800 2435; x_wconf 92' lang='lat'>,</span> <span class='ocrx_word' id='word_1_507' title='bbox 819 2407 896 2427; x_wconf 87' lang='lat' dir='ltr'>arma</span> <span class='ocrx_word' id='word_1_508' title='bbox 910 2421 920 2434; x_wconf 84' lang='lat'>,</span> <span class='ocrx_word' id='word_1_509' title='bbox 944 2396 1049 2439; x_wconf 74' lang='lat' dir='ltr'>ferrum</span> <span class='ocrx_word' id='word_1_510' title='bbox 1072 2394 1117 2424; x_wconf 88' lang='lat' dir='ltr'>seu</span> <span class='ocrx_word' id='word_1_511' title='bbox 1131 2394 1297 2434; x_wconf 77' lang='lat' dir='ltr'>lignamina,</span> 
     </span>
     <span class='ocr_line' id='line_1_66' title="bbox 240 2433 1299 2482; baseline -0.011 -7"><span class='ocrx_word' id='word_1_512' title='bbox 240 2445 342 2482; x_wconf 87' lang='lat' dir='ltr'>quibus</span> <span class='ocrx_word' id='word_1_513' title='bbox 363 2443 538 2474; x_wconf 87' lang='lat' dir='ltr'>Christianos</span> <span class='ocrx_word' id='word_1_514' title='bbox 556 2442 725 2478; x_wconf 77' lang='lat' dir='ltr'>impugnant</span> <span class='ocrx_word' id='word_1_515' title='bbox 737 2462 747 2476; x_wconf 93' lang='lat'>,</span> <span class='ocrx_word' id='word_1_516' title='bbox 764 2446 825 2467; x_wconf 92' lang='lat' dir='ltr'>non</span> <span class='ocrx_word' id='word_1_517' title='bbox 839 2443 1012 2474; x_wconf 90' lang='lat' dir='ltr'>portaverint</span> <span class='ocrx_word' id='word_1_518' title='bbox 1025 2433 1191 2469; x_wconf 83' lang='lat' dir='ltr'>sarracenis)</span> <span class='ocrx_word' id='word_1_519' title='bbox 1207 2433 1299 2464; x_wconf 89' lang='lat' dir='ltr'>absol-</span> 
     </span>
     <span class='ocr_line' id='line_1_67' title="bbox 242 2471 1299 2514; baseline -0.01 -1"><span class='ocrx_word' id='word_1_520' title='bbox 242 2482 327 2514; x_wconf 88' lang='lat' dir='ltr'>vendi</span> <span class='ocrx_word' id='word_1_521' title='bbox 349 2481 461 2512; x_wconf 89' lang='lat' dir='ltr'>eosdem</span> <span class='ocrx_word' id='word_1_522' title='bbox 482 2482 511 2510; x_wconf 89' lang='lat' dir='ltr'>in</span> <span class='ocrx_word' id='word_1_523' title='bbox 532 2479 626 2510; x_wconf 75' lang='lat' dir='ltr'>forma</span> <span class='ocrx_word' id='word_1_524' title='bbox 649 2476 784 2508; x_wconf 81' lang='lat' dir='ltr'>Ecclesiae</span> <span class='ocrx_word' id='word_1_525' title='bbox 801 2485 807 2505; x_wconf 94' lang='lat'>:</span> <span class='ocrx_word' id='word_1_526' title='bbox 830 2485 864 2505; x_wconf 92' lang='lat' dir='ltr'>ac</span> <span class='ocrx_word' id='word_1_527' title='bbox 885 2471 1055 2511; x_wconf 90' lang='lat' dir='ltr'>dispensandi</span> <span class='ocrx_word' id='word_1_528' title='bbox 1072 2481 1140 2502; x_wconf 91' lang='lat' dir='ltr'>cum</span> <span class='ocrx_word' id='word_1_529' title='bbox 1160 2471 1299 2512; x_wconf 88' lang='lat' dir='ltr'>Clericis,</span> 
     </span>
     <span class='ocr_line' id='line_1_68' title="bbox 240 2509 1299 2560; baseline -0.011 -7"><span class='ocrx_word' id='word_1_530' title='bbox 240 2523 290 2560; x_wconf 86' lang='lat' dir='ltr'>qui</span> <span class='ocrx_word' id='word_1_531' title='bbox 311 2522 393 2557; x_wconf 77' lang='lat' dir='ltr'>(cum</span> <span class='ocrx_word' id='word_1_532' title='bbox 413 2517 714 2551; x_wconf 81' lang='lat' dir='ltr'>excommunicationis</span> <span class='ocrx_word' id='word_1_533' title='bbox 734 2515 918 2551; x_wconf 78' lang='lat' dir='ltr'>sententiam,</span> <span class='ocrx_word' id='word_1_534' title='bbox 936 2512 1018 2542; x_wconf 88' lang='lat' dir='ltr'>latam</span> <span class='ocrx_word' id='word_1_535' title='bbox 1034 2512 1050 2540; x_wconf 79' lang='lat' dir='ltr'>a</span> <span class='ocrx_word' id='word_1_536' title='bbox 1066 2509 1188 2542; x_wconf 87' lang='lat' dir='ltr'>Canone</span> <span class='ocrx_word' id='word_1_537' title='bbox 1202 2511 1249 2542; x_wconf 92' lang='lat' dir='ltr'>vel</span> <span class='ocrx_word' id='word_1_538' title='bbox 1263 2512 1299 2541; x_wconf 90' lang='lat' dir='ltr'>ab</span> 
     </span>
     <span class='ocr_line' id='line_1_69' title="bbox 240 2549 1299 2598; baseline -0.009 -8"><span class='ocrx_word' id='word_1_539' title='bbox 240 2560 376 2598; x_wconf 87' lang='lat' dir='ltr'>homine,</span> <span class='ocrx_word' id='word_1_540' title='bbox 395 2557 582 2593; x_wconf 79' lang='lat' dir='ltr'>incurrissent)</span> <span class='ocrx_word' id='word_1_541' title='bbox 597 2554 798 2595; x_wconf 84' lang='lat' dir='ltr'>irregularitatis</span> <span class='ocrx_word' id='word_1_542' title='bbox 816 2561 933 2588; x_wconf 86' lang='lat' dir='ltr'>notam,</span> <span class='ocrx_word' id='word_1_543' title='bbox 951 2549 1138 2581; x_wconf 89' lang='lat' dir='ltr'>immiscendo</span> <span class='ocrx_word' id='word_1_544' title='bbox 1153 2550 1180 2580; x_wconf 84' lang='lat' dir='ltr'>se</span> <span class='ocrx_word' id='word_1_545' title='bbox 1197 2549 1299 2581; x_wconf 88' lang='lat' dir='ltr'>divinis</span> 
     </span>
     <span class='ocr_line' id='line_1_70' title="bbox 241 2590 1302 2637; baseline -0.011 -8"><span class='ocrx_word' id='word_1_546' title='bbox 241 2597 359 2637; x_wconf 83' lang='lat' dir='ltr'>officiis,</span> <span class='ocrx_word' id='word_1_547' title='bbox 377 2598 422 2628; x_wconf 91' lang='lat' dir='ltr'>seu</span> <span class='ocrx_word' id='word_1_548' title='bbox 444 2595 628 2628; x_wconf 90' lang='lat' dir='ltr'>ministrando</span> <span class='ocrx_word' id='word_1_549' title='bbox 648 2596 677 2624; x_wconf 91' lang='lat' dir='ltr'>in</span> <span class='ocrx_word' id='word_1_550' title='bbox 692 2592 820 2630; x_wconf 84' lang='lat' dir='ltr'>susceptis</span> <span class='ocrx_word' id='word_1_551' title='bbox 832 2590 994 2628; x_wconf 82' lang='lat' dir='ltr'>ordinibus,</span> <span class='ocrx_word' id='word_1_552' title='bbox 1014 2596 1229 2626; x_wconf 84' lang='lat' dir='ltr'>contraxerunt,</span> <span class='ocrx_word' id='word_1_553' title='bbox 1248 2599 1302 2619; x_wconf 90' lang='lat' dir='ltr'>vo-</span> 
     </span>
     <span class='ocr_line' id='line_1_71' title="bbox 243 2627 1303 2668; baseline -0.009 -2"><span class='ocrx_word' id='word_1_554' title='bbox 243 2636 286 2667; x_wconf 88' lang='lat' dir='ltr'>bis</span> <span class='ocrx_word' id='word_1_555' title='bbox 306 2638 339 2668; x_wconf 91' lang='lat'>&amp;</span> <span class='ocrx_word' id='word_1_556' title='bbox 359 2636 483 2668; x_wconf 86' lang='lat' dir='ltr'>vestrum</span> <span class='ocrx_word' id='word_1_557' title='bbox 505 2635 619 2665; x_wconf 88' lang='lat' dir='ltr'>cuilibet</span> <span class='ocrx_word' id='word_1_558' title='bbox 643 2631 827 2663; x_wconf 86' lang='lat' dir='ltr'>concedimus</span> <span class='ocrx_word' id='word_1_559' title='bbox 848 2628 1038 2667; x_wconf 83' lang='lat' dir='ltr'>potestatem:</span> <span class='ocrx_word' id='word_1_560' title='bbox 1063 2627 1104 2658; x_wconf 89' lang='lat' dir='ltr'>Ita</span> <span class='ocrx_word' id='word_1_561' title='bbox 1119 2651 1129 2665; x_wconf 94' lang='lat'>,</span> <span class='ocrx_word' id='word_1_562' title='bbox 1154 2627 1303 2665; x_wconf 88' lang='lat' dir='ltr'>videlicet,</span> 
     </span>
     <span class='ocr_line' id='line_1_72' title="bbox 243 2664 1302 2715; baseline -0.011 -9"><span class='ocrx_word' id='word_1_563' title='bbox 243 2675 324 2715; x_wconf 92' lang='lat' dir='ltr'>quod</span> <span class='ocrx_word' id='word_1_564' title='bbox 347 2675 517 2706; x_wconf 83' lang='lat' dir='ltr'>beneficium</span> <span class='ocrx_word' id='word_1_565' title='bbox 538 2672 718 2703; x_wconf 86' lang='lat' dir='ltr'>absolutionis</span> <span class='ocrx_word' id='word_1_566' title='bbox 740 2670 773 2700; x_wconf 66' lang='grc' dir='ltr'>ὃς</span> <span class='ocrx_word' id='word_1_567' title='bbox 795 2666 1003 2705; x_wconf 85' lang='lat' dir='ltr'>dispensationis</span> <span class='ocrx_word' id='word_1_568' title='bbox 1025 2664 1181 2704; x_wconf 88' lang='lat' dir='ltr'>hujusmodi</span> <span class='ocrx_word' id='word_1_569' title='bbox 1205 2665 1302 2705; x_wconf 83' lang='lat' dir='ltr'>singuli</span> 
     </span>
     <span class='ocr_line' id='line_1_73' title="bbox 243 2703 1302 2751; baseline -0.012 -6"><span class='ocrx_word' id='word_1_570' title='bbox 243 2713 373 2746; x_wconf 73' lang='lat' dir='ltr'>vestrsim</span> <span class='ocrx_word' id='word_1_571' title='bbox 393 2714 525 2744; x_wconf 86' lang='lat' dir='ltr'>omnibus</span> <span class='ocrx_word' id='word_1_572' title='bbox 537 2735 547 2751; x_wconf 90' lang='lat'>,</span> <span class='ocrx_word' id='word_1_573' title='bbox 579 2711 627 2750; x_wconf 92' lang='lat' dir='ltr'>qui</span> <span class='ocrx_word' id='word_1_574' title='bbox 647 2709 683 2739; x_wconf 90' lang='lat' dir='ltr'>de</span> <span class='ocrx_word' id='word_1_575' title='bbox 705 2706 804 2739; x_wconf 87' lang='lat' dir='ltr'>vestris</span> <span class='ocrx_word' id='word_1_576' title='bbox 823 2707 952 2736; x_wconf 88' lang='lat' dir='ltr'>manibus</span> <span class='ocrx_word' id='word_1_577' title='bbox 973 2714 1091 2735; x_wconf 89' lang='lat' dir='ltr'>crucem</span> <span class='ocrx_word' id='word_1_578' title='bbox 1113 2703 1302 2741; x_wconf 89' lang='lat' dir='ltr'>susceperint,</span> 
     </span>
     <span class='ocr_line' id='line_1_74' title="bbox 244 2741 1303 2793; baseline -0.013 -9"><span class='ocrx_word' id='word_1_579' title='bbox 244 2753 406 2788; x_wconf 87' lang='lat' dir='ltr'>dummodo</span> <span class='ocrx_word' id='word_1_580' title='bbox 421 2751 546 2793; x_wconf 87' lang='lat' dir='ltr'>personae</span> <span class='ocrx_word' id='word_1_581' title='bbox 559 2750 610 2781; x_wconf 89' lang='lat' dir='ltr'>sint</span> <span class='ocrx_word' id='word_1_582' title='bbox 623 2749 761 2784; x_wconf 72' lang='lat' dir='ltr'>coonitae3</span> <span class='ocrx_word' id='word_1_583' title='bbox 778 2755 811 2776; x_wconf 91' lang='lat' dir='ltr'>ac</span> <span class='ocrx_word' id='word_1_584' title='bbox 824 2743 1026 2775; x_wconf 87' lang='lat' dir='ltr'>nichilominus</span> <span class='ocrx_word' id='word_1_585' title='bbox 1041 2743 1178 2773; x_wconf 88' lang='lat' dir='ltr'>omnibus</span> <span class='ocrx_word' id='word_1_586' title='bbox 1198 2741 1234 2772; x_wconf 93' lang='lat' dir='ltr'>de</span> <span class='ocrx_word' id='word_1_587' title='bbox 1249 2742 1303 2772; x_wconf 89' lang='lat' dir='ltr'>Ci-</span> 
     </span>
     <span class='ocr_line' id='line_1_75' title="bbox 245 2780 1303 2827; baseline -0.013 -4"><span class='ocrx_word' id='word_1_588' title='bbox 245 2792 375 2823; x_wconf 88' lang='lat' dir='ltr'>vitatibus</span> <span class='ocrx_word' id='word_1_589' title='bbox 386 2792 420 2822; x_wconf 91' lang='lat'>&amp;</span> <span class='ocrx_word' id='word_1_590' title='bbox 435 2789 603 2821; x_wconf 84' lang='lat' dir='ltr'>Diocefibus</span> <span class='ocrx_word' id='word_1_591' title='bbox 616 2797 652 2818; x_wconf 89' lang='lat' dir='ltr'>ve</span> <span class='ocrx_word' id='word_1_592' title='bbox 693 2788 729 2824; x_wconf 88' lang='lat' dir='ltr'>is,</span> <span class='ocrx_word' id='word_1_593' title='bbox 743 2786 802 2823; x_wconf 82' lang='lat' dir='ltr'>jam</span> <span class='ocrx_word' id='word_1_594' title='bbox 814 2782 1029 2827; x_wconf 42' lang='lat' dir='ltr'>crucesignati&amp;</span> <span class='ocrx_word' id='word_1_595' title='bbox 1047 2781 1093 2825; x_wconf 81' lang='lat' dir='ltr'>vel</span> <span class='ocrx_word' id='word_1_596' title='bbox 1107 2780 1303 2820; x_wconf 76' lang='lat' dir='ltr'>crucesignan-</span> 
     </span>
     <span class='ocr_line' id='line_1_76' title="bbox 246 2819 1089 2868; baseline -0.014 -7"><span class='ocrx_word' id='word_1_597' title='bbox 246 2830 286 2861; x_wconf 88' lang='lat' dir='ltr'>dis</span> <span class='ocrx_word' id='word_1_598' title='bbox 301 2829 507 2868; x_wconf 77' lang='lat' dir='ltr'>imposterum,</span> <span class='ocrx_word' id='word_1_599' title='bbox 525 2827 662 2866; x_wconf 88' lang='lat' dir='ltr'>impertiri</span> <span class='ocrx_word' id='word_1_600' title='bbox 676 2823 780 2865; x_wconf 73' lang='lat' dir='ltr'>praevia</span> <span class='ocrx_word' id='word_1_601' title='bbox 792 2821 961 2852; x_wconf 89' lang='lat' dir='ltr'>discretione</span> <span class='ocrx_word' id='word_1_602' title='bbox 976 2819 1089 2858; x_wconf 79' lang='lat' dir='ltr'>possitis.</span> 
     </span>
    </p>

    <p class='ocr_par' dir='ltr' id='par_1_12' title="bbox 246 2856 1308 3135">
     <span class='ocr_line' id='line_1_77' title="bbox 283 2856 1305 2906; baseline -0.014 -6"><span class='ocrx_word' id='word_1_603' title='bbox 283 2868 391 2906; x_wconf 89' lang='lat' dir='ltr'>Porro,</span> <span class='ocrx_word' id='word_1_604' title='bbox 408 2868 471 2906; x_wconf 88' lang='lat' dir='ltr'>quia</span> <span class='ocrx_word' id='word_1_605' title='bbox 486 2867 587 2904; x_wconf 87' lang='lat' dir='ltr'>dignus</span> <span class='ocrx_word' id='word_1_606' title='bbox 598 2864 639 2895; x_wconf 87' lang='lat' dir='ltr'>est</span> <span class='ocrx_word' id='word_1_607' title='bbox 653 2863 793 2903; x_wconf 82' lang='lat' dir='ltr'>operarius</span> <span class='ocrx_word' id='word_1_608' title='bbox 807 2859 940 2891; x_wconf 87' lang='lat' dir='ltr'>mercede</span> <span class='ocrx_word' id='word_1_609' title='bbox 953 2859 997 2889; x_wconf 91' lang='lat' dir='ltr'>sua</span> <span class='ocrx_word' id='word_1_610' title='bbox 1006 2884 1015 2897; x_wconf 92' lang='lat'>,</span> <span class='ocrx_word' id='word_1_611' title='bbox 1034 2858 1144 2897; x_wconf 86' lang='lat' dir='ltr'>singulis</span> <span class='ocrx_word' id='word_1_612' title='bbox 1157 2856 1285 2888; x_wconf 72' lang='lat' dir='ltr'>vestrsim</span> <span class='ocrx_word' id='word_1_613' title='bbox 1295 2880 1305 2896; x_wconf 87' lang='lat'>,</span> 
     </span>
     <span class='ocr_line' id='line_1_78' title="bbox 246 2896 1305 2940; baseline -0.013 -1"><span class='ocrx_word' id='word_1_614' title='bbox 246 2908 277 2938; x_wconf 89' lang='lat' dir='ltr'>in</span> <span class='ocrx_word' id='word_1_615' title='bbox 290 2907 347 2937; x_wconf 88' lang='lat' dir='ltr'>hoc</span> <span class='ocrx_word' id='word_1_616' title='bbox 361 2907 459 2938; x_wconf 87' lang='lat' dir='ltr'>divino</span> <span class='ocrx_word' id='word_1_617' title='bbox 473 2905 590 2937; x_wconf 81' lang='lat' dir='ltr'>fideliter</span> <span class='ocrx_word' id='word_1_618' title='bbox 603 2902 790 2934; x_wconf 87' lang='lat' dir='ltr'>laborantibus</span> <span class='ocrx_word' id='word_1_619' title='bbox 802 2909 907 2938; x_wconf 83' lang='lat' dir='ltr'>opere,</span> <span class='ocrx_word' id='word_1_620' title='bbox 922 2906 1021 2940; x_wconf 67' lang='lat' dir='ltr'>preter</span> <span class='ocrx_word' id='word_1_621' title='bbox 1036 2896 1199 2927; x_wconf 86' lang='lat' dir='ltr'>mercedem</span> <span class='ocrx_word' id='word_1_622' title='bbox 1222 2906 1305 2927; x_wconf 77' lang='lat' dir='ltr'>aeter-</span> 
     </span>
     <span class='ocr_line' id='line_1_79' title="bbox 248 2934 1302 2984; baseline -0.012 -7"><span class='ocrx_word' id='word_1_623' title='bbox 248 2955 316 2978; x_wconf 83' lang='lat' dir='ltr'>nam</span> <span class='ocrx_word' id='word_1_624' title='bbox 362 2955 446 2984; x_wconf 90' lang='lat' dir='ltr'>quam</span> <span class='ocrx_word' id='word_1_625' title='bbox 469 2945 572 2975; x_wconf 81' lang='lat' dir='ltr'>merito</span> <span class='ocrx_word' id='word_1_626' title='bbox 595 2943 702 2980; x_wconf 88' lang='lat' dir='ltr'>sperare</span> <span class='ocrx_word' id='word_1_627' title='bbox 723 2937 855 2978; x_wconf 76' lang='lat' dir='ltr'>potestis,</span> <span class='ocrx_word' id='word_1_628' title='bbox 874 2938 1129 2976; x_wconf 76' lang='lat' dir='ltr'>quotienscumque</span> <span class='ocrx_word' id='word_1_629' title='bbox 1144 2934 1302 2966; x_wconf 85' lang='lat' dir='ltr'>studueritis</span> 
     </span>
     <span class='ocr_line' id='line_1_80' title="bbox 249 2969 1307 3023; baseline -0.012 -8"><span class='ocrx_word' id='word_1_630' title='bbox 249 2969 361 3023; x_wconf 75' lang='lat' dir='ltr'>populis</span> <span class='ocrx_word' id='word_1_631' title='bbox 374 3007 383 3022; x_wconf 79' lang='lat'>,</span> <span class='ocrx_word' id='word_1_632' title='bbox 404 2983 437 3013; x_wconf 90' lang='lat' dir='ltr'>ad</span> <span class='ocrx_word' id='word_1_633' title='bbox 450 2983 507 3014; x_wconf 91' lang='lat' dir='ltr'>hoc</span> <span class='ocrx_word' id='word_1_634' title='bbox 522 2982 673 3020; x_wconf 89' lang='lat' dir='ltr'>specialiter</span> <span class='ocrx_word' id='word_1_635' title='bbox 687 2977 869 3015; x_wconf 82' lang='lat' dir='ltr'>convocatis,</span> <span class='ocrx_word' id='word_1_636' title='bbox 888 2985 1049 3014; x_wconf 86' lang='lat' dir='ltr'>proponere</span> <span class='ocrx_word' id='word_1_637' title='bbox 1065 2975 1186 3004; x_wconf 86' lang='lat' dir='ltr'>verbum</span> <span class='ocrx_word' id='word_1_638' title='bbox 1200 2974 1307 3011; x_wconf 86' lang='lat' dir='ltr'>crucis,</span> 
     </span>
     <span class='ocr_line' id='line_1_81' title="bbox 249 3013 1307 3060; baseline -0.011 -7"><span class='ocrx_word' id='word_1_639' title='bbox 249 3030 368 3053; x_wconf 87' lang='lat' dir='ltr'>centum</span> <span class='ocrx_word' id='word_1_640' title='bbox 388 3021 498 3052; x_wconf 89' lang='lat' dir='ltr'>dierum</span> <span class='ocrx_word' id='word_1_641' title='bbox 517 3020 717 3060; x_wconf 83' lang='lat' dir='ltr'>indulgentiam</span> <span class='ocrx_word' id='word_1_642' title='bbox 736 3017 884 3056; x_wconf 83' lang='lat' dir='ltr'>elargimur</span> <span class='ocrx_word' id='word_1_643' title='bbox 901 3025 907 3044; x_wconf 90' lang='lat'>:</span> <span class='ocrx_word' id='word_1_644' title='bbox 933 3024 967 3045; x_wconf 89' lang='lat' dir='ltr'>ac</span> <span class='ocrx_word' id='word_1_645' title='bbox 987 3023 1040 3044; x_wconf 93' lang='lat' dir='ltr'>vos</span> <span class='ocrx_word' id='word_1_646' title='bbox 1051 3013 1231 3052; x_wconf 72' lang='lat' dir='ltr'>indulgentiae</span> <span class='ocrx_word' id='word_1_647' title='bbox 1246 3022 1307 3042; x_wconf 89' lang='lat' dir='ltr'>me-</span> 
     </span>
     <span class='ocr_line' id='line_1_82' title="bbox 251 3050 1308 3098; baseline -0.009 -8"><span class='ocrx_word' id='word_1_648' title='bbox 251 3069 371 3091; x_wconf 72' lang='lat' dir='ltr'>moratae</span> <span class='ocrx_word' id='word_1_649' title='bbox 385 3083 394 3098; x_wconf 86' lang='lat'>,</span> <span class='ocrx_word' id='word_1_650' title='bbox 420 3070 483 3098; x_wconf 84' lang='lat' dir='ltr'>quae</span> <span class='ocrx_word' id='word_1_651' title='bbox 503 3058 737 3090; x_wconf 86' lang='lat' dir='ltr'>transfretantibus</span> <span class='ocrx_word' id='word_1_652' title='bbox 757 3056 787 3085; x_wconf 90' lang='lat' dir='ltr'>in</span> <span class='ocrx_word' id='word_1_653' title='bbox 808 3052 961 3085; x_wconf 82' lang='lat' dir='ltr'>subsidium</span> <span class='ocrx_word' id='word_1_654' title='bbox 975 3051 1156 3089; x_wconf 68' lang='lat' dir='ltr'>saepedic‘tum</span> <span class='ocrx_word' id='word_1_655' title='bbox 1171 3050 1308 3081; x_wconf 81' lang='lat' dir='ltr'>concedi-</span> 
     </span>
     <span class='ocr_line' id='line_1_83' title="bbox 251 3089 1306 3135; baseline -0.01 -6"><span class='ocrx_word' id='word_1_656' title='bbox 251 3106 298 3130; x_wconf 90' lang='lat' dir='ltr'>tur</span> <span class='ocrx_word' id='word_1_657' title='bbox 315 3099 391 3135; x_wconf 82' lang='lat' dir='ltr'>juxta</span> <span class='ocrx_word' id='word_1_658' title='bbox 405 3097 506 3128; x_wconf 88' lang='lat' dir='ltr'>laboris</span> <span class='ocrx_word' id='word_1_659' title='bbox 519 3097 602 3128; x_wconf 90' lang='lat' dir='ltr'>vestri</span> <span class='ocrx_word' id='word_1_660' title='bbox 615 3095 786 3132; x_wconf 85' lang='lat' dir='ltr'>mensuram,</span> <span class='ocrx_word' id='word_1_661' title='bbox 802 3093 934 3124; x_wconf 87' lang='lat' dir='ltr'>volumus</span> <span class='ocrx_word' id='word_1_662' title='bbox 955 3091 1165 3130; x_wconf 87' lang='lat' dir='ltr'>participatione</span> <span class='ocrx_word' id='word_1_663' title='bbox 1179 3089 1306 3128; x_wconf 86' lang='lat' dir='ltr'>gaudere.</span> 
     </span>
    </p>

    <p class='ocr_par' dir='ltr' id='par_1_13' title="bbox 251 3128 1311 3329">
     <span class='ocr_line' id='line_1_84' title="bbox 290 3128 1309 3175; baseline -0.011 -8"><span class='ocrx_word' id='word_1_664' title='bbox 290 3136 426 3175; x_wconf 87' lang='lat' dir='ltr'>Denique</span> <span class='ocrx_word' id='word_1_665' title='bbox 441 3161 450 3173; x_wconf 95' lang='lat'>,</span> <span class='ocrx_word' id='word_1_666' title='bbox 475 3135 608 3166; x_wconf 88' lang='lat' dir='ltr'>volumus</span> <span class='ocrx_word' id='word_1_667' title='bbox 625 3134 706 3173; x_wconf 81' lang='lat' dir='ltr'>quod</span> <span class='ocrx_word' id='word_1_668' title='bbox 721 3158 730 3171; x_wconf 94' lang='lat'>,</span> <span class='ocrx_word' id='word_1_669' title='bbox 748 3141 806 3163; x_wconf 80' lang='lat' dir='ltr'>tam</span> <span class='ocrx_word' id='word_1_670' title='bbox 820 3131 1015 3169; x_wconf 84' lang='lat' dir='ltr'>praesentium,</span> <span class='ocrx_word' id='word_1_671' title='bbox 1031 3129 1249 3166; x_wconf 66' lang='lat' dir='ltr'>quiimaliarum</span> <span class='ocrx_word' id='word_1_672' title='bbox 1263 3128 1309 3158; x_wconf 91' lang='lat' dir='ltr'>lit-</span> 
     </span>
     <span class='ocr_line' id='line_1_85' title="bbox 251 3167 1309 3211; baseline -0.01 -5"><span class='ocrx_word' id='word_1_673' title='bbox 251 3183 375 3207; x_wconf 89' lang='lat' dir='ltr'>terarum</span> <span class='ocrx_word' id='word_1_674' title='bbox 397 3174 556 3205; x_wconf 88' lang='lat' dir='ltr'>nostrarum</span> <span class='ocrx_word' id='word_1_675' title='bbox 569 3198 579 3211; x_wconf 88' lang='lat'>,</span> <span class='ocrx_word' id='word_1_676' title='bbox 597 3183 661 3211; x_wconf 80' lang='lat' dir='ltr'>quae</span> <span class='ocrx_word' id='word_1_677' title='bbox 675 3170 842 3203; x_wconf 85' lang='lat' dir='ltr'>christicolis</span> <span class='ocrx_word' id='word_1_678' title='bbox 855 3170 988 3200; x_wconf 88' lang='lat' dir='ltr'>omnibus</span> <span class='ocrx_word' id='word_1_679' title='bbox 1001 3167 1174 3207; x_wconf 85' lang='lat' dir='ltr'>diriguntur,</span> <span class='ocrx_word' id='word_1_680' title='bbox 1193 3167 1309 3205; x_wconf 89' lang='lat' dir='ltr'>quilibet</span> 
     </span>
     <span class='ocr_line' id='line_1_86' title="bbox 253 3207 1310 3252; baseline -0.01 -7"><span class='ocrx_word' id='word_1_681' title='bbox 253 3213 383 3245; x_wconf 75' lang='lat' dir='ltr'>vestrum</span> <span class='ocrx_word' id='word_1_682' title='bbox 401 3211 473 3252; x_wconf 86' lang='lat' dir='ltr'>apud</span> <span class='ocrx_word' id='word_1_683' title='bbox 494 3213 520 3243; x_wconf 91' lang='lat' dir='ltr'>se</span> <span class='ocrx_word' id='word_1_684' title='bbox 543 3213 657 3250; x_wconf 88' lang='lat' dir='ltr'>copiam</span> <span class='ocrx_word' id='word_1_685' title='bbox 704 3211 754 3241; x_wconf 88' lang='lat' dir='ltr'>sub</span> <span class='ocrx_word' id='word_1_686' title='bbox 774 3210 890 3247; x_wconf 87' lang='lat' dir='ltr'>proprio</span> <span class='ocrx_word' id='word_1_687' title='bbox 905 3207 1009 3247; x_wconf 84' lang='lat' dir='ltr'>sigillo,</span> <span class='ocrx_word' id='word_1_688' title='bbox 1027 3207 1166 3244; x_wconf 72' lang='lat' dir='ltr'>retineat,</span> <span class='ocrx_word' id='word_1_689' title='bbox 1195 3215 1244 3243; x_wconf 87' lang='lat' dir='ltr'>ut,</span> <span class='ocrx_word' id='word_1_690' title='bbox 1264 3215 1310 3236; x_wconf 86' lang='lat' dir='ltr'>ea-</span> 
     </span>
     <span class='ocr_line' id='line_1_87' title="bbox 253 3235 1311 3292; baseline -0.01 -8"><span class='ocrx_word' id='word_1_691' title='bbox 253 3263 319 3283; x_wconf 89' lang='lat' dir='ltr'>rum</span> <span class='ocrx_word' id='word_1_692' title='bbox 332 3261 461 3284; x_wconf 91' lang='lat' dir='ltr'>tenorem</span> <span class='ocrx_word' id='word_1_693' title='bbox 474 3249 647 3292; x_wconf 90' lang='lat' dir='ltr'>inspiciendo</span> <span class='ocrx_word' id='word_1_694' title='bbox 662 3235 840 3287; x_wconf 69' lang='lat' dir='ltr'>siequenter,</span> <span class='ocrx_word' id='word_1_695' title='bbox 857 3246 892 3277; x_wconf 89' lang='lat' dir='ltr'>de</span> <span class='ocrx_word' id='word_1_696' title='bbox 904 3247 976 3284; x_wconf 85' lang='lat' dir='ltr'>hiis,</span> <span class='ocrx_word' id='word_1_697' title='bbox 995 3254 1059 3284; x_wconf 83' lang='lat' dir='ltr'>quae</span> <span class='ocrx_word' id='word_1_698' title='bbox 1074 3244 1158 3275; x_wconf 90' lang='lat' dir='ltr'>vobis</span> <span class='ocrx_word' id='word_1_699' title='bbox 1173 3245 1311 3274; x_wconf 90' lang='lat' dir='ltr'>commit-</span> 
     </span>
     <span class='ocr_line' id='line_1_88' title="bbox 254 3286 943 3329; baseline -0.013 -6"><span class='ocrx_word' id='word_1_700' title='bbox 254 3299 350 3322; x_wconf 87' lang='lat' dir='ltr'>tuntur</span> <span class='ocrx_word' id='word_1_701' title='bbox 362 3290 487 3329; x_wconf 81' lang='lat' dir='ltr'>agenda,</span> <span class='ocrx_word' id='word_1_702' title='bbox 504 3289 659 3320; x_wconf 86' lang='lat' dir='ltr'>reddamini</span> <span class='ocrx_word' id='word_1_703' title='bbox 672 3288 778 3326; x_wconf 83' lang='lat' dir='ltr'>plenius</span> <span class='ocrx_word' id='word_1_704' title='bbox 791 3286 943 3316; x_wconf 88' lang='lat' dir='ltr'>informati.</span> 
     </span>
    </p>

    <p class='ocr_par' dir='ltr' id='par_1_14' title="bbox 255 3321 1316 3629">
     <span class='ocr_line' id='line_1_89' title="bbox 290 3321 1113 3367; baseline -0.012 -6"><span class='ocrx_word' id='word_1_705' title='bbox 290 3328 442 3361; x_wconf 88' lang='lat' dir='ltr'>Postremo</span> <span class='ocrx_word' id='word_1_706' title='bbox 454 3353 464 3367; x_wconf 93' lang='lat'>,</span> <span class='ocrx_word' id='word_1_707' title='bbox 489 3330 552 3367; x_wconf 86' lang='lat' dir='ltr'>quia</span> <span class='ocrx_word' id='word_1_708' title='bbox 573 3326 684 3358; x_wconf 82' lang='lat' dir='ltr'>diversis</span> <span class='ocrx_word' id='word_1_709' title='bbox 695 3326 765 3356; x_wconf 91' lang='lat' dir='ltr'>olim</span> <span class='ocrx_word' id='word_1_710' title='bbox 780 3324 954 3362; x_wconf 88' lang='lat' dir='ltr'>temporibus</span> <span class='ocrx_word' id='word_1_711' title='bbox 967 3321 1113 3353; x_wconf 86' lang='lat' dir='ltr'>nonnullae</span> 
     </span>
     <span class='ocr_line' id='line_1_90' title="bbox 255 3343 1128 3406; baseline -0.013 -6"><span class='ocrx_word' id='word_1_712' title='bbox 255 3368 397 3400; x_wconf 88' lang='lat' dir='ltr'>dicatione</span> <span class='ocrx_word' id='word_1_713' title='bbox 416 3369 508 3399; x_wconf 82' lang='lat' dir='ltr'>crucis</span> <span class='ocrx_word' id='word_1_714' title='bbox 523 3391 533 3406; x_wconf 92' lang='lat'>,</span> <span class='ocrx_word' id='word_1_715' title='bbox 556 3368 585 3397; x_wconf 87' lang='lat' dir='ltr'>in</span> <span class='ocrx_word' id='word_1_716' title='bbox 609 3364 771 3403; x_wconf 78' lang='lat' dir='ltr'>saepefatum</span> <span class='ocrx_word' id='word_1_717' title='bbox 791 3362 940 3404; x_wconf 79' lang='lat' dir='ltr'>sublidium</span> <span class='ocrx_word' id='word_1_718' title='bbox 954 3387 964 3400; x_wconf 94' lang='lat'>,</span> <span class='ocrx_word' id='word_1_719' title='bbox 988 3343 1128 3391; x_wconf 79' lang='lat' dir='ltr'>commisi²</span> 
     </span>
     <span class='ocr_line' id='line_1_91' title="bbox 257 3398 1314 3444; baseline -0.01 -6"><span class='ocrx_word' id='word_1_720' title='bbox 257 3406 424 3444; x_wconf 69' lang='lat' dir='ltr'>Apostolica</span> <span class='ocrx_word' id='word_1_721' title='bbox 444 3405 611 3437; x_wconf 61' lang='lat' dir='ltr'>eman-&lt;irunt</span> <span class='ocrx_word' id='word_1_722' title='bbox 631 3405 679 3441; x_wconf 88' lang='lat' dir='ltr'>(ne</span> <span class='ocrx_word' id='word_1_723' title='bbox 702 3402 776 3433; x_wconf 90' lang='lat' dir='ltr'>forte</span> <span class='ocrx_word' id='word_1_724' title='bbox 794 3403 942 3432; x_wconf 81' lang='lat' dir='ltr'>occaiione</span> <span class='ocrx_word' id='word_1_725' title='bbox 960 3399 1071 3431; x_wconf 87' lang='lat' dir='ltr'>illarum</span> <span class='ocrx_word' id='word_1_726' title='bbox 1091 3398 1212 3428; x_wconf 87' lang='lat' dir='ltr'>turbatio</span> <span class='ocrx_word' id='word_1_727' title='bbox 1235 3398 1289 3428; x_wconf 89' lang='lat' dir='ltr'>ulla</span> <span class='ocrx_word' id='word_1_728' title='bbox 1304 3422 1314 3436; x_wconf 92' lang='lat'>,</span> 
     </span>
     <span class='ocr_line' id='line_1_92' title="bbox 258 3437 1314 3478; baseline -0.009 -3"><span class='ocrx_word' id='word_1_729' title='bbox 258 3444 317 3476; x_wconf 91' lang='lat' dir='ltr'>sive</span> <span class='ocrx_word' id='word_1_730' title='bbox 333 3445 463 3476; x_wconf 88' lang='lat' dir='ltr'>confusio</span> <span class='ocrx_word' id='word_1_731' title='bbox 481 3444 571 3476; x_wconf 83' lang='lat' dir='ltr'>valeat</span> <span class='ocrx_word' id='word_1_732' title='bbox 591 3442 719 3478; x_wconf 85' lang='lat' dir='ltr'>suboriri)</span> <span class='ocrx_word' id='word_1_733' title='bbox 735 3440 867 3470; x_wconf 90' lang='lat' dir='ltr'>nolumus</span> <span class='ocrx_word' id='word_1_734' title='bbox 881 3438 958 3477; x_wconf 90' lang='lat' dir='ltr'>quod</span> <span class='ocrx_word' id='word_1_735' title='bbox 968 3462 977 3477; x_wconf 91' lang='lat'>‚</span> <span class='ocrx_word' id='word_1_736' title='bbox 995 3437 1161 3468; x_wconf 62' lang='lat' dir='ltr'>auctoritate</span> <span class='ocrx_word' id='word_1_737' title='bbox 1176 3438 1314 3466; x_wconf 89' lang='lat' dir='ltr'>commis-</span> 
     </span>
     <span class='ocr_line' id='line_1_93' title="bbox 260 3473 1316 3521; baseline -0.007 -10"><span class='ocrx_word' id='word_1_738' title='bbox 260 3482 368 3512; x_wconf 89' lang='lat' dir='ltr'>sionum</span> <span class='ocrx_word' id='word_1_739' title='bbox 379 3484 505 3521; x_wconf 89' lang='lat' dir='ltr'>illarum,</span> <span class='ocrx_word' id='word_1_740' title='bbox 523 3483 552 3512; x_wconf 91' lang='lat' dir='ltr'>in</span> <span class='ocrx_word' id='word_1_741' title='bbox 566 3482 654 3519; x_wconf 69' lang='lat' dir='ltr'>locis,</span> <span class='ocrx_word' id='word_1_742' title='bbox 670 3479 703 3509; x_wconf 92' lang='lat' dir='ltr'>ad</span> <span class='ocrx_word' id='word_1_743' title='bbox 718 3489 782 3518; x_wconf 79' lang='lat' dir='ltr'>quae</span> <span class='ocrx_word' id='word_1_744' title='bbox 795 3477 912 3516; x_wconf 76' lang='lat' dir='ltr'>praesens</span> <span class='ocrx_word' id='word_1_745' title='bbox 925 3475 1089 3507; x_wconf 79' lang='lat' dir='ltr'>commissio</span> <span class='ocrx_word' id='word_1_746' title='bbox 1105 3473 1199 3504; x_wconf 89' lang='lat' dir='ltr'>nostra</span> <span class='ocrx_word' id='word_1_747' title='bbox 1215 3485 1316 3512; x_wconf 85' lang='lat' dir='ltr'>perve-</span> 
     </span>
     <span class='ocr_line' id='line_1_94' title="bbox 260 3512 1315 3557; baseline -0.006 -9"><span class='ocrx_word' id='word_1_748' title='bbox 260 3521 348 3557; x_wconf 89' lang='lat' dir='ltr'>nerit,</span> <span class='ocrx_word' id='word_1_749' title='bbox 366 3531 435 3552; x_wconf 84' lang='lat' dir='ltr'>crux</span> <span class='ocrx_word' id='word_1_750' title='bbox 448 3521 484 3552; x_wconf 95' lang='lat' dir='ltr'>de</span> <span class='ocrx_word' id='word_1_751' title='bbox 499 3529 605 3552; x_wconf 79' lang='lat' dir='ltr'>caetero</span> <span class='ocrx_word' id='word_1_752' title='bbox 620 3518 803 3557; x_wconf 71' lang='lat' dir='ltr'>praedicetur3</span> <span class='ocrx_word' id='word_1_753' title='bbox 821 3515 867 3546; x_wconf 91' lang='lat' dir='ltr'>sed</span> <span class='ocrx_word' id='word_1_754' title='bbox 879 3515 1072 3556; x_wconf 69' lang='lat' dir='ltr'>praedicationi</span> <span class='ocrx_word' id='word_1_755' title='bbox 1091 3512 1251 3551; x_wconf 89' lang='lat' dir='ltr'>hujusmodi</span> <span class='ocrx_word' id='word_1_756' title='bbox 1265 3523 1315 3543; x_wconf 86' lang='lat' dir='ltr'>eos</span> 
     </span>
     <span class='ocr_line' id='line_1_95' title="bbox 262 3550 1316 3600; baseline -0.006 -12"><span class='ocrx_word' id='word_1_757' title='bbox 262 3557 389 3600; x_wconf 64' lang='lat' dir='ltr'>duntaxat</span> <span class='ocrx_word' id='word_1_758' title='bbox 401 3559 523 3590; x_wconf 84' lang='lat' dir='ltr'>insistere</span> <span class='ocrx_word' id='word_1_759' title='bbox 537 3559 688 3595; x_wconf 80' lang='lat' dir='ltr'>volumus,</span> <span class='ocrx_word' id='word_1_760' title='bbox 707 3557 755 3595; x_wconf 90' lang='lat' dir='ltr'>qui</span> <span class='ocrx_word' id='word_1_761' title='bbox 769 3554 891 3593; x_wconf 87' lang='lat' dir='ltr'>ejusdem</span> <span class='ocrx_word' id='word_1_762' title='bbox 909 3553 1013 3585; x_wconf 82' lang='lat' dir='ltr'>nostrae</span> <span class='ocrx_word' id='word_1_763' title='bbox 1033 3550 1240 3585; x_wconf 74' lang='lat' dir='ltr'>commissionis</span> <span class='ocrx_word' id='word_1_764' title='bbox 1254 3551 1316 3582; x_wconf 81' lang='lat' dir='ltr'>fue—</span> 
     </span>
     <span class='ocr_line' id='line_1_96' title="bbox 264 3597 621 3629; baseline 0.008 -5"><span class='ocrx_word' id='word_1_765' title='bbox 264 3602 321 3625; x_wconf 87' lang='lat' dir='ltr'>rint</span> <span class='ocrx_word' id='word_1_766' title='bbox 333 3597 493 3629; x_wconf 65' lang='lat' dir='ltr'>auctoritate</span> <span class='ocrx_word' id='word_1_767' title='bbox 507 3597 621 3629; x_wconf 73' lang='lat' dir='ltr'>suffulti.</span> 
     </span>
    </p>
   </div>
   <div class='ocr_carea' id='block_1_7' title="bbox 1122 3319 1313 3390">
    <p class='ocr_par' dir='ltr' id='par_1_15' title="bbox 1122 3319 1313 3390">
     <span class='ocr_line' id='line_1_97' title="bbox 1146 3319 1311 3359; baseline 0.006 -9"><span class='ocrx_word' id='word_1_768' title='bbox 1146 3319 1226 3358; x_wconf 92' lang='lat' dir='ltr'>super</span> <span class='ocrx_word' id='word_1_769' title='bbox 1240 3331 1311 3359; x_wconf 86' lang='lat' dir='ltr'>prae-</span> 
     </span>
     <span class='ocr_line' id='line_1_98' title="bbox 1122 3359 1313 3390; baseline 0.005 -1"><span class='ocrx_word' id='word_1_770' title='bbox 1122 3369 1200 3389; x_wconf 88' lang='lat' dir='ltr'>iones</span> <span class='ocrx_word' id='word_1_771' title='bbox 1221 3360 1236 3389; x_wconf 76' lang='lat' dir='ltr'>a</span> <span class='ocrx_word' id='word_1_772' title='bbox 1249 3359 1313 3390; x_wconf 89' lang='lat' dir='ltr'>sede</span> 
     </span>
    </p>
   </div>
   <div class='ocr_carea' id='block_1_8' title="bbox 268 3664 1320 3749">
    <p class='ocr_par' dir='ltr' id='par_1_16' title="bbox 268 3664 1320 3749">
     <span class='ocr_line' id='line_1_99' title="bbox 302 3664 1320 3713; baseline -0.006 -12"><span class='ocrx_word' id='word_1_773' title='bbox 302 3667 370 3713; x_wconf 78' lang='lat' dir='ltr'>Dat.</span> <span class='ocrx_word' id='word_1_774' title='bbox 388 3674 458 3711; x_wconf 87' lang='lat' dir='ltr'>apud</span> <span class='ocrx_word' id='word_1_775' title='bbox 476 3674 594 3705; x_wconf 88' lang='lat' dir='ltr'>Urbem</span> <span class='ocrx_word' id='word_1_776' title='bbox 613 3671 750 3703; x_wconf 88' lang='lat' dir='ltr'>Veterem</span> <span class='ocrx_word' id='word_1_777' title='bbox 772 3669 885 3702; x_wconf 89' lang='lat' dir='ltr'>decimo</span> <span class='ocrx_word' id='word_1_778' title='bbox 912 3669 1012 3707; x_wconf 88' lang='lat' dir='ltr'>quinto</span> <span class='ocrx_word' id='word_1_779' title='bbox 1033 3665 1175 3698; x_wconf 85' lang='lat' dir='ltr'>Kalendas</span> <span class='ocrx_word' id='word_1_780' title='bbox 1195 3664 1296 3703; x_wconf 85' lang='lat' dir='ltr'>Aprilis</span> <span class='ocrx_word' id='word_1_781' title='bbox 1309 3687 1320 3704; x_wconf 97' lang='lat'>,</span> 
     </span>
     <span class='ocr_line' id='line_1_100' title="bbox 268 3707 760 3749; baseline -0.002 -9"><span class='ocrx_word' id='word_1_782' title='bbox 268 3707 449 3742; x_wconf 71' lang='lat' dir='ltr'>Pontificatcis</span> <span class='ocrx_word' id='word_1_783' title='bbox 462 3712 549 3743; x_wconf 88' lang='lat' dir='ltr'>nostri</span> <span class='ocrx_word' id='word_1_784' title='bbox 562 3721 637 3742; x_wconf 88' lang='lat' dir='ltr'>anno</span> <span class='ocrx_word' id='word_1_785' title='bbox 653 3718 760 3749; x_wconf 87' lang='lat' dir='ltr'>quarto.</span> 
     </span>
    </p>
   </div>
   <div class='ocr_carea' id='block_1_9' title="bbox 964 3779 1213 3823">
    <p class='ocr_par' dir='ltr' id='par_1_17' title="bbox 964 3779 1213 3823">
     <span class='ocr_line' id='line_1_101' title="bbox 964 3779 1213 3823; baseline -0.012 -10"><span class='ocrx_word' id='word_1_786' title='bbox 964 3782 1020 3813; x_wconf 80' lang='lat' dir='ltr'>Sub</span> <span class='ocrx_word' id='word_1_787' title='bbox 1024 3779 1078 3823; x_wconf 76' lang='lat' dir='ltr'>filo</span> <span class='ocrx_word' id='word_1_788' title='bbox 1090 3779 1213 3813; x_wconf 78' lang='lat' dir='ltr'>canabeo.</span> 
     </span>
    </p>
   </div>
   <div class='ocr_carea' id='block_1_10' title="bbox 679 87 1930 154">
    <p class='ocr_par' dir='ltr' id='par_1_18' title="bbox 679 87 1930 154">
     <span class='ocr_line' id='line_1_102' title="bbox 679 87 1930 154; baseline -0.021 0"><span class='ocrx_word' id='word_1_789' title='bbox 679 91 1484 154; x_wconf 70' lang='lat' dir='ltr'>CONVENTIONES&#39;,</span> <span class='ocrx_word' id='word_1_790' title='bbox 1537 87 1930 138; x_wconf 89' lang='lat' dir='ltr'>LITERAE,</span> 
     </span>
    </p>
   </div>
   <div class='ocr_carea' id='block_1_11' title="bbox 1319 218 2382 236">
    <p class='ocr_par' dir='ltr' id='par_1_19' title="bbox 1319 218 2382 236">
     <span class='ocr_line' id='line_1_103' title="bbox 1319 218 2382 236; baseline 0 4025"><span class='ocrx_word' id='word_1_791' title='bbox 1319 218 2382 236; x_wconf 95' lang='lat' dir='ltr'> </span> 
     </span>
    </p>
   </div>
   <div class='ocr_carea' id='block_1_12' title="bbox 1315 277 2382 428">
    <p class='ocr_par' dir='ltr' id='par_1_20' title="bbox 1315 277 2382 428">
     <span class='ocr_line' id='line_1_104' title="bbox 1315 277 2382 331; baseline -0.007 -14"><span class='ocrx_word' id='word_1_792' title='bbox 1315 283 1406 317; x_wconf 83' lang='lat' dir='ltr'><em>Bulla</em></span> <span class='ocrx_word' id='word_1_793' title='bbox 1426 281 1466 324; x_wconf 75' lang='lat' dir='ltr'>de</span> <span class='ocrx_word' id='word_1_794' title='bbox 1490 281 1690 330; x_wconf 82' lang='lat' dir='ltr'>publicatione</span> <span class='ocrx_word' id='word_1_795' title='bbox 1708 281 1858 331; x_wconf 85' lang='lat' dir='ltr'>generalis</span> <span class='ocrx_word' id='word_1_796' title='bbox 1877 279 2004 328; x_wconf 81' lang='lat' dir='ltr'>passagii</span> <span class='ocrx_word' id='word_1_797' title='bbox 2023 290 2079 327; x_wconf 85' lang='lat' dir='ltr'>per</span> <span class='ocrx_word' id='word_1_798' title='bbox 2104 277 2285 321; x_wconf 73' lang='lat' dir='ltr'>mundum,</span> <span class='ocrx_word' id='word_1_799' title='bbox 2320 290 2382 324; x_wconf 82' lang='lat' dir='ltr'>quae</span> 
     </span>
     <span class='ocr_line' id='line_1_105' title="bbox 1362 329 2380 376; baseline -0.003 -13"><span class='ocrx_word' id='word_1_800' title='bbox 1362 335 1489 364; x_wconf 81' lang='lat' dir='ltr'>continet</span> <span class='ocrx_word' id='word_1_801' title='bbox 1508 359 1518 375; x_wconf 87' lang='lat'>‚</span> <span class='ocrx_word' id='word_1_802' title='bbox 1551 336 1628 365; x_wconf 82' lang='lat' dir='ltr'>inter</span> <span class='ocrx_word' id='word_1_803' title='bbox 1644 341 1763 374; x_wconf 65' lang='lat' dir='ltr'>matera,</span> <span class='ocrx_word' id='word_1_804' title='bbox 1789 341 1887 363; x_wconf 86' lang='lat' dir='ltr'>omnes</span> <span class='ocrx_word' id='word_1_805' title='bbox 1908 329 2127 376; x_wconf 81' lang='lat' dir='ltr'>indulgentias,</span> <span class='ocrx_word' id='word_1_806' title='bbox 2154 329 2380 370; x_wconf 83' lang='lat' dir='ltr'>immunitates,</span> 
     </span>
     <span class='ocr_line' id='line_1_106' title="bbox 1361 374 2283 428; baseline -0.002 -16"><span class='ocrx_word' id='word_1_807' title='bbox 1361 384 1398 418; x_wconf 61' lang='grc' dir='ltr'>ώ-</span> <span class='ocrx_word' id='word_1_808' title='bbox 1410 380 1577 428; x_wconf 84' lang='lat' dir='ltr'>privilegia</span> <span class='ocrx_word' id='word_1_809' title='bbox 1588 407 1598 424; x_wconf 87' lang='lat'>,</span> <span class='ocrx_word' id='word_1_810' title='bbox 1623 380 1828 427; x_wconf 57' lang='lat' dir='ltr'>crucesignatis</span> <span class='ocrx_word' id='word_1_811' title='bbox 1844 382 1881 417; x_wconf 54' lang='grc' dir='ltr'>(ῥ’</span> <span class='ocrx_word' id='word_1_812' title='bbox 1904 375 2137 425; x_wconf 60' lang='lat' dir='ltr'>crucesignandis</span> <span class='ocrx_word' id='word_1_813' title='bbox 2153 374 2283 410; x_wconf 74' lang='lat' dir='ltr'>indulta.</span> 
     </span>
    </p>
   </div>
   <div class='ocr_carea' id='block_1_13' title="bbox 1318 470 2395 1364">
    <p class='ocr_par' dir='ltr' id='par_1_21' title="bbox 1318 470 2382 588">
     <span class='ocr_line' id='line_1_107' title="bbox 1318 470 2382 534; baseline -0.003 -30"><span class='ocrx_word' id='word_1_814' title='bbox 1318 472 1394 534; x_wconf 88' lang='lat' dir='ltr'>N</span> <span class='ocrx_word' id='word_1_815' title='bbox 1402 473 1513 518; x_wconf 82' lang='lat' dir='ltr'>Icolaus</span> <span class='ocrx_word' id='word_1_816' title='bbox 1526 474 1683 516; x_wconf 88' lang='lat' dir='ltr'>Episcopus</span> <span class='ocrx_word' id='word_1_817' title='bbox 1691 499 1701 514; x_wconf 90' lang='lat'>,</span> <span class='ocrx_word' id='word_1_818' title='bbox 1718 475 1812 506; x_wconf 89' lang='lat' dir='ltr'>servus</span> <span class='ocrx_word' id='word_1_819' title='bbox 1823 473 1971 505; x_wconf 87' lang='lat' dir='ltr'>servorum</span> <span class='ocrx_word' id='word_1_820' title='bbox 1984 472 2061 511; x_wconf 90' lang='lat' dir='ltr'>Dei,</span> <span class='ocrx_word' id='word_1_821' title='bbox 2077 472 2212 503; x_wconf 84' lang='lat' dir='ltr'>universis</span> <span class='ocrx_word' id='word_1_822' title='bbox 2225 470 2334 502; x_wconf 88' lang='lat' dir='ltr'>Christi</span> <span class='ocrx_word' id='word_1_823' title='bbox 2347 470 2382 502; x_wconf 84' lang='lat' dir='ltr'>fi-</span> 
     </span>
     <span class='ocr_line' id='line_1_108' title="bbox 1413 510 2382 556; baseline 0 -14"><span class='ocrx_word' id='word_1_824' title='bbox 1413 512 1522 556; x_wconf 82' lang='lat' dir='ltr'>delibus</span> <span class='ocrx_word' id='word_1_825' title='bbox 1534 536 1544 551; x_wconf 87' lang='lat'>,</span> <span class='ocrx_word' id='word_1_826' title='bbox 1570 514 1604 544; x_wconf 92' lang='lat' dir='ltr'>ad</span> <span class='ocrx_word' id='word_1_827' title='bbox 1626 524 1698 552; x_wconf 86' lang='lat' dir='ltr'>quos</span> <span class='ocrx_word' id='word_1_828' title='bbox 1716 513 1864 552; x_wconf 85' lang='lat' dir='ltr'>praesentes</span> <span class='ocrx_word' id='word_1_829' title='bbox 1884 513 1983 544; x_wconf 61' lang='lat' dir='ltr'>litterae</span> <span class='ocrx_word' id='word_1_830' title='bbox 2000 512 2181 551; x_wconf 87' lang='lat' dir='ltr'>pervenerint</span> <span class='ocrx_word' id='word_1_831' title='bbox 2193 535 2203 549; x_wconf 85' lang='lat'>,</span> <span class='ocrx_word' id='word_1_832' title='bbox 2217 510 2334 541; x_wconf 85' lang='lat' dir='ltr'>salutern</span> <span class='ocrx_word' id='word_1_833' title='bbox 2349 512 2382 542; x_wconf 91' lang='lat'>&amp;</span> 
     </span>
     <span class='ocr_line' id='line_1_109' title="bbox 1320 549 1772 588; baseline 0.002 -8"><span class='ocrx_word' id='word_1_834' title='bbox 1320 549 1519 588; x_wconf 88' lang='lat' dir='ltr'>Apostolicam</span> <span class='ocrx_word' id='word_1_835' title='bbox 1531 552 1772 583; x_wconf 63' lang='lat' dir='ltr'>benedictionem.</span> 
     </span>
    </p>

    <p class='ocr_par' dir='ltr' id='par_1_22' title="bbox 1321 587 2388 864">
     <span class='ocr_line' id='line_1_110' title="bbox 1359 587 2387 632; baseline 0 -14"><span class='ocrx_word' id='word_1_836' title='bbox 1359 588 1503 632; x_wconf 78' lang='lat' dir='ltr'>illuminet</span> <span class='ocrx_word' id='word_1_837' title='bbox 1521 590 1602 629; x_wconf 89' lang='lat' dir='ltr'>super</span> <span class='ocrx_word' id='word_1_838' title='bbox 1621 601 1674 621; x_wconf 88' lang='lat' dir='ltr'>vos</span> <span class='ocrx_word' id='word_1_839' title='bbox 1694 590 1840 621; x_wconf 86' lang='lat' dir='ltr'>Dominus</span> <span class='ocrx_word' id='word_1_840' title='bbox 1860 589 1972 620; x_wconf 89' lang='lat' dir='ltr'>vultum</span> <span class='ocrx_word' id='word_1_841' title='bbox 1985 589 2083 627; x_wconf 87' lang='lat' dir='ltr'>suurn,</span> <span class='ocrx_word' id='word_1_842' title='bbox 2101 589 2136 618; x_wconf 89' lang='lat'>&amp;</span> <span class='ocrx_word' id='word_1_843' title='bbox 2147 588 2185 619; x_wconf 87' lang='lat' dir='ltr'>ita</span> <span class='ocrx_word' id='word_1_844' title='bbox 2198 587 2248 617; x_wconf 92' lang='lat' dir='ltr'>suo</span> <span class='ocrx_word' id='word_1_845' title='bbox 2262 587 2387 626; x_wconf 89' lang='lat' dir='ltr'>lumine,</span> 
     </span>
     <span class='ocr_line' id='line_1_111' title="bbox 1321 625 2388 672; baseline -0.002 -15"><span class='ocrx_word' id='word_1_846' title='bbox 1321 626 1358 671; x_wconf 85' lang='lat' dir='ltr'>ad</span> <span class='ocrx_word' id='word_1_847' title='bbox 1372 627 1575 672; x_wconf 66' lang='lat' dir='ltr'>recensendum</span> <span class='ocrx_word' id='word_1_848' title='bbox 1588 630 1717 672; x_wconf 80' lang='lat' dir='ltr'>attentius</span> <span class='ocrx_word' id='word_1_849' title='bbox 1732 628 1848 667; x_wconf 77' lang='lat' dir='ltr'>qualiter</span> <span class='ocrx_word' id='word_1_850' title='bbox 1861 628 2024 666; x_wconf 90' lang='lat' dir='ltr'>redemptor</span> <span class='ocrx_word' id='word_1_851' title='bbox 2038 626 2137 658; x_wconf 89' lang='lat' dir='ltr'>noster</span> <span class='ocrx_word' id='word_1_852' title='bbox 2156 625 2272 656; x_wconf 86' lang='lat' dir='ltr'>salutem</span> <span class='ocrx_word' id='word_1_853' title='bbox 2287 626 2388 656; x_wconf 87' lang='lat' dir='ltr'>huma—</span> 
     </span>
     <span class='ocr_line' id='line_1_112' title="bbox 1324 665 2388 704; baseline -0.003 -8"><span class='ocrx_word' id='word_1_854' title='bbox 1324 676 1353 696; x_wconf 88' lang='lat' dir='ltr'>ni</span> <span class='ocrx_word' id='word_1_855' title='bbox 1368 676 1479 703; x_wconf 89' lang='lat' dir='ltr'>generis</span> <span class='ocrx_word' id='word_1_856' title='bbox 1493 676 1522 696; x_wconf 90' lang='lat' dir='ltr'>in</span> <span class='ocrx_word' id='word_1_857' title='bbox 1536 667 1632 698; x_wconf 82' lang='lat' dir='ltr'>Terra</span> <span class='ocrx_word' id='word_1_858' title='bbox 1644 667 1736 698; x_wconf 61' lang='lat' dir='ltr'>landis.</span> <span class='ocrx_word' id='word_1_859' title='bbox 1749 667 1878 704; x_wconf 88' lang='lat' dir='ltr'>dignatus</span> <span class='ocrx_word' id='word_1_860' title='bbox 1890 666 1932 696; x_wconf 92' lang='lat' dir='ltr'>est</span> <span class='ocrx_word' id='word_1_861' title='bbox 1944 665 2160 696; x_wconf 90' lang='lat' dir='ltr'>misericorditer</span> <span class='ocrx_word' id='word_1_862' title='bbox 2171 665 2296 703; x_wconf 86' lang='lat' dir='ltr'>operari,</span> <span class='ocrx_word' id='word_1_863' title='bbox 2314 673 2388 694; x_wconf 89' lang='lat' dir='ltr'>ocu-</span> 
     </span>
     <span class='ocr_line' id='line_1_113' title="bbox 1324 704 2387 748; baseline -0.001 -14"><span class='ocrx_word' id='word_1_864' title='bbox 1324 704 1367 748; x_wconf 81' lang='lat' dir='ltr'>los</span> <span class='ocrx_word' id='word_1_865' title='bbox 1386 706 1416 735; x_wconf 91' lang='lat' dir='ltr'>in</span> <span class='ocrx_word' id='word_1_866' title='bbox 1437 705 1520 735; x_wconf 91' lang='lat' dir='ltr'>vobis</span> <span class='ocrx_word' id='word_1_867' title='bbox 1538 705 1662 736; x_wconf 90' lang='lat' dir='ltr'>hominis</span> <span class='ocrx_word' id='word_1_868' title='bbox 1684 706 1823 736; x_wconf 89' lang='lat' dir='ltr'>interioris</span> <span class='ocrx_word' id='word_1_869' title='bbox 1844 705 1961 735; x_wconf 87' lang='lat' dir='ltr'>illustret</span> <span class='ocrx_word' id='word_1_870' title='bbox 2004 704 2083 743; x_wconf 90' lang='lat' dir='ltr'>quod</span> <span class='ocrx_word' id='word_1_871' title='bbox 2097 705 2284 741; x_wconf 87' lang='lat' dir='ltr'>accendatur,</span> <span class='ocrx_word' id='word_1_872' title='bbox 2302 711 2333 734; x_wconf 90' lang='lat' dir='ltr'>ut</span> <span class='ocrx_word' id='word_1_873' title='bbox 2344 704 2387 743; x_wconf 89' lang='lat' dir='ltr'>ig-</span> 
     </span>
     <span class='ocr_line' id='line_1_114' title="bbox 1326 727 2386 781; baseline -0.001 -9"><span class='ocrx_word' id='word_1_874' title='bbox 1326 753 1385 781; x_wconf 88' lang='lat' dir='ltr'>nis,</span> <span class='ocrx_word' id='word_1_875' title='bbox 1403 743 1437 773; x_wconf 91' lang='lat' dir='ltr'>ad</span> <span class='ocrx_word' id='word_1_876' title='bbox 1451 744 1677 775; x_wconf 88' lang='lat' dir='ltr'>subveniendum</span> <span class='ocrx_word' id='word_1_877' title='bbox 1689 744 1790 774; x_wconf 88' lang='lat' dir='ltr'>Terrae</span> <span class='ocrx_word' id='word_1_878' title='bbox 1805 743 1874 773; x_wconf 90' lang='lat' dir='ltr'>illius</span> <span class='ocrx_word' id='word_1_879' title='bbox 1886 727 2091 774; x_wconf 72' lang='lat' dir='ltr'>necessitatibus</span> <span class='ocrx_word' id='word_1_880' title='bbox 2105 743 2183 773; x_wconf 88' lang='lat' dir='ltr'>zelus</span> <span class='ocrx_word' id='word_1_881' title='bbox 2196 741 2289 773; x_wconf 84' lang='lat' dir='ltr'>vester</span> <span class='ocrx_word' id='word_1_882' title='bbox 2296 751 2386 780; x_wconf 87' lang='lat' dir='ltr'>‚con-</span> 
     </span>
     <span class='ocr_line' id='line_1_115' title="bbox 1327 780 2388 826; baseline -0.002 -14"><span class='ocrx_word' id='word_1_883' title='bbox 1327 782 1466 826; x_wconf 72' lang='lat' dir='ltr'>calescant</span> <span class='ocrx_word' id='word_1_884' title='bbox 1480 783 1566 825; x_wconf 75' lang='lat' dir='ltr'>corda</span> <span class='ocrx_word' id='word_1_885' title='bbox 1581 807 1592 821; x_wconf 91' lang='lat'>,</span> <span class='ocrx_word' id='word_1_886' title='bbox 1615 783 1777 813; x_wconf 87' lang='lat' dir='ltr'>inflametur</span> <span class='ocrx_word' id='word_1_887' title='bbox 1798 782 1933 820; x_wconf 56' lang='lat' dir='ltr'>affeetus,</span> <span class='ocrx_word' id='word_1_888' title='bbox 1950 782 1984 813; x_wconf 89' lang='lat'>&amp;</span> <span class='ocrx_word' id='word_1_889' title='bbox 1999 780 2138 813; x_wconf 68' lang='lat' dir='ltr'>effeEtum</span> <span class='ocrx_word' id='word_1_890' title='bbox 2151 789 2283 819; x_wconf 86' lang='lat' dir='ltr'>prompta</span> <span class='ocrx_word' id='word_1_891' title='bbox 2293 781 2388 820; x_wconf 88' lang='lat' dir='ltr'>operis</span> 
     </span>
     <span class='ocr_line' id='line_1_116' title="bbox 1327 820 1856 864; baseline 0 -14"><span class='ocrx_word' id='word_1_892' title='bbox 1327 821 1489 864; x_wconf 77' lang='lat' dir='ltr'>prosecutio</span> <span class='ocrx_word' id='word_1_893' title='bbox 1504 821 1646 852; x_wconf 71' lang='lat' dir='ltr'>subsecuta</span> <span class='ocrx_word' id='word_1_894' title='bbox 1659 820 1856 852; x_wconf 89' lang='lat' dir='ltr'>commendet.</span> 
     </span>
    </p>

    <p class='ocr_par' dir='ltr' id='par_1_23' title="bbox 1326 858 2392 1043">
     <span class='ocr_line' id='line_1_117' title="bbox 1366 858 2388 903; baseline -0.002 -13"><span class='ocrx_word' id='word_1_895' title='bbox 1366 858 1456 897; x_wconf 77' lang='lat' dir='ltr'>Cujus</span> <span class='ocrx_word' id='word_1_896' title='bbox 1470 861 1575 903; x_wconf 81' lang='lat' dir='ltr'>etenim</span> <span class='ocrx_word' id='word_1_897' title='bbox 1591 860 1732 902; x_wconf 62' lang='lat' dir='ltr'>petitoris,</span> <span class='ocrx_word' id='word_1_898' title='bbox 1747 861 1832 890; x_wconf 90' lang='lat' dir='ltr'>etiam</span> <span class='ocrx_word' id='word_1_899' title='bbox 1845 858 1945 897; x_wconf 89' lang='lat' dir='ltr'>lapidei</span> <span class='ocrx_word' id='word_1_900' title='bbox 1959 865 2238 897; x_wconf 85' lang='lat' dir='ltr'>quantumcumque,</span> <span class='ocrx_word' id='word_1_901' title='bbox 2256 858 2388 889; x_wconf 86' lang='lat' dir='ltr'>duritiam</span> 
     </span>
     <span class='ocr_line' id='line_1_118' title="bbox 1327 897 2389 941; baseline 0 -14"><span class='ocrx_word' id='word_1_902' title='bbox 1327 907 1388 941; x_wconf 87' lang='lat' dir='ltr'>non</span> <span class='ocrx_word' id='word_1_903' title='bbox 1400 899 1525 929; x_wconf 87' lang='lat' dir='ltr'>emolliat</span> <span class='ocrx_word' id='word_1_904' title='bbox 1544 898 1717 929; x_wconf 70' lang='lat' dir='ltr'>considerata</span> <span class='ocrx_word' id='word_1_905' title='bbox 1737 898 1807 928; x_wconf 85' lang='lat' dir='ltr'>illius</span> <span class='ocrx_word' id='word_1_906' title='bbox 1820 898 2026 928; x_wconf 89' lang='lat' dir='ltr'>humanationis</span> <span class='ocrx_word' id='word_1_907' title='bbox 2039 897 2199 928; x_wconf 78' lang='lat' dir='ltr'>humilitas?</span> <span class='ocrx_word' id='word_1_908' title='bbox 2217 898 2247 928; x_wconf 89' lang='lat' dir='ltr'>in</span> <span class='ocrx_word' id='word_1_909' title='bbox 2262 897 2318 936; x_wconf 69' lang='lat' dir='ltr'>qua</span> <span class='ocrx_word' id='word_1_910' title='bbox 2329 897 2389 927; x_wconf 88' lang='lat' dir='ltr'>Dei</span> 
     </span>
     <span class='ocr_line' id='line_1_119' title="bbox 1328 935 2390 981; baseline 0 -15"><span class='ocrx_word' id='word_1_911' title='bbox 1328 935 1399 980; x_wconf 83' lang='lat' dir='ltr'>filius</span> <span class='ocrx_word' id='word_1_912' title='bbox 1413 960 1424 975; x_wconf 82' lang='lat'>,</span> <span class='ocrx_word' id='word_1_913' title='bbox 1447 937 1538 981; x_wconf 61' lang='lat' dir='ltr'>faetus</span> <span class='ocrx_word' id='word_1_914' title='bbox 1559 937 1674 980; x_wconf 73' lang='lat' dir='ltr'>homo,</span> <span class='ocrx_word' id='word_1_915' title='bbox 1695 937 1846 968; x_wconf 83' lang='lat' dir='ltr'>exinanivit</span> <span class='ocrx_word' id='word_1_916' title='bbox 1866 935 2044 973; x_wconf 88' lang='lat' dir='ltr'>semetipsum</span> <span class='ocrx_word' id='word_1_917' title='bbox 2057 958 2067 974; x_wconf 95' lang='lat'>,</span> <span class='ocrx_word' id='word_1_918' title='bbox 2091 936 2215 966; x_wconf 88' lang='lat' dir='ltr'>formam</span> <span class='ocrx_word' id='word_1_919' title='bbox 2229 935 2299 967; x_wconf 89' lang='lat' dir='ltr'>servi</span> <span class='ocrx_word' id='word_1_920' title='bbox 2313 936 2390 966; x_wconf 89' lang='lat' dir='ltr'>acci-</span> 
     </span>
     <span class='ocr_line' id='line_1_120' title="bbox 1326 974 2392 1043; baseline 0.002 -39"><span class='ocrx_word' id='word_1_921' title='bbox 1326 985 1406 1043; x_wconf 61' lang='lat' dir='ltr'>piens</span> <span class='ocrx_word' id='word_1_922' title='bbox 1418 1000 1439 1036; x_wconf 56' lang='lat'>,&gt;</span> <span class='ocrx_word' id='word_1_923' title='bbox 1454 986 1482 1006; x_wconf 86' lang='lat' dir='ltr'>m</span> <span class='ocrx_word' id='word_1_924' title='bbox 1505 975 1716 1007; x_wconf 74' lang='lat' dir='ltr'>similitudinem</span> <span class='ocrx_word' id='word_1_925' title='bbox 1736 976 1891 1006; x_wconf 89' lang='lat' dir='ltr'>hominum</span> <span class='ocrx_word' id='word_1_926' title='bbox 1910 974 2000 1005; x_wconf 56' lang='lat' dir='ltr'>fastus</span> <span class='ocrx_word' id='word_1_927' title='bbox 2014 996 2024 1013; x_wconf 88' lang='lat'>,</span> <span class='ocrx_word' id='word_1_928' title='bbox 2049 975 2084 1005; x_wconf 93' lang='lat'>&amp;</span> <span class='ocrx_word' id='word_1_929' title='bbox 2104 974 2201 1005; x_wconf 87' lang='lat' dir='ltr'>habitu</span> <span class='ocrx_word' id='word_1_930' title='bbox 2214 975 2344 1006; x_wconf 86' lang='lat' dir='ltr'>inventus</span> <span class='ocrx_word' id='word_1_931' title='bbox 2360 982 2392 1006; x_wconf 85' lang='lat' dir='ltr'>ut</span> 
     </span>
    </p>

    <p class='ocr_par' dir='ltr' id='par_1_24' title="bbox 1326 1019 2395 1364">
     <span class='ocr_line' id='line_1_121' title="bbox 1346 1019 2347 1044; baseline -0.001 0"><span class='ocrx_word' id='word_1_932' title='bbox 1346 1024 1432 1044; x_wconf 90' lang='lat' dir='ltr'>omo.</span> <span class='ocrx_word' id='word_1_933' title='bbox 2344 1019 2347 1022; x_wconf 61' lang='lat'><em>⁴</em></span> 
     </span>
     <span class='ocr_line' id='line_1_122' title="bbox 1329 1049 2390 1096; baseline 0 -13"><span class='ocrx_word' id='word_1_934' title='bbox 1329 1092 1334 1096; x_wconf 43' lang='grc'><strong>-</strong></span> <span class='ocrx_word' id='word_1_935' title='bbox 1359 1052 1454 1096; x_wconf 29' lang='lat' dir='ltr'>’Cujus</span> <span class='ocrx_word' id='word_1_936' title='bbox 1473 1052 1578 1084; x_wconf 82' lang='lat' dir='ltr'>viscera</span> <span class='ocrx_word' id='word_1_937' title='bbox 1597 1063 1658 1083; x_wconf 91' lang='lat' dir='ltr'>non</span> <span class='ocrx_word' id='word_1_938' title='bbox 1679 1053 1858 1091; x_wconf 88' lang='lat' dir='ltr'>inflammet,</span> <span class='ocrx_word' id='word_1_939' title='bbox 1883 1051 2002 1082; x_wconf 82' lang='lat' dir='ltr'>caritatis</span> <span class='ocrx_word' id='word_1_940' title='bbox 2014 1049 2131 1088; x_wconf 88' lang='lat' dir='ltr'>ardore,</span> <span class='ocrx_word' id='word_1_941' title='bbox 2145 1051 2190 1088; x_wconf 88' lang='lat' dir='ltr'>pia</span> <span class='ocrx_word' id='word_1_942' title='bbox 2202 1051 2390 1083; x_wconf 74' lang='lat' dir='ltr'>consideratio</span> 
     </span>
     <span class='ocr_line' id='line_1_123' title="bbox 1326 1089 2391 1129; baseline 0 -9"><span class='ocrx_word' id='word_1_943' title='bbox 1326 1090 1396 1121; x_wconf 86' lang='lat' dir='ltr'>illius</span> <span class='ocrx_word' id='word_1_944' title='bbox 1411 1092 1610 1122; x_wconf 83' lang='lat' dir='ltr'>humiliationis</span> <span class='ocrx_word' id='word_1_945' title='bbox 1626 1092 1781 1122; x_wconf 82' lang='lat' dir='ltr'>extremae?</span> <span class='ocrx_word' id='word_1_946' title='bbox 1800 1093 1829 1121; x_wconf 90' lang='lat' dir='ltr'>in</span> <span class='ocrx_word' id='word_1_947' title='bbox 1844 1090 1900 1129; x_wconf 69' lang='lat' dir='ltr'>qua</span> <span class='ocrx_word' id='word_1_948' title='bbox 1912 1089 1986 1128; x_wconf 86' lang='lat' dir='ltr'>ipse,</span> <span class='ocrx_word' id='word_1_949' title='bbox 2002 1089 2090 1120; x_wconf 63' lang='lat' dir='ltr'>faetus</span> <span class='ocrx_word' id='word_1_950' title='bbox 2109 1089 2130 1108; x_wconf 68' lang='lat'>*²</span> <span class='ocrx_word' id='word_1_951' title='bbox 2145 1089 2282 1120; x_wconf 82' lang='lat' dir='ltr'>obediens</span> <span class='ocrx_word' id='word_1_952' title='bbox 2304 1090 2391 1128; x_wconf 89' lang='lat' dir='ltr'>usque</span> 
     </span>
     <span class='ocr_line' id='line_1_124' title="bbox 1327 1128 2391 1169; baseline -0.001 -10"><span class='ocrx_word' id='word_1_953' title='bbox 1327 1130 1361 1160; x_wconf 92' lang='lat' dir='ltr'>ad</span> <span class='ocrx_word' id='word_1_954' title='bbox 1377 1140 1519 1168; x_wconf 88' lang='lat' dir='ltr'>mortem,</span> <span class='ocrx_word' id='word_1_955' title='bbox 1535 1130 1570 1160; x_wconf 90' lang='lat' dir='ltr'>ad</span> <span class='ocrx_word' id='word_1_956' title='bbox 1585 1130 1818 1169; x_wconf 78' lang='lat' dir='ltr'>exprobrantium</span> <span class='ocrx_word' id='word_1_957' title='bbox 1830 1130 1999 1167; x_wconf 87' lang='lat' dir='ltr'>obprobria,</span> <span class='ocrx_word' id='word_1_958' title='bbox 2017 1128 2095 1159; x_wconf 89' lang='lat' dir='ltr'>velut</span> <span class='ocrx_word' id='word_1_959' title='bbox 2107 1137 2195 1165; x_wconf 85' lang='lat' dir='ltr'>agnus</span> <span class='ocrx_word' id='word_1_960' title='bbox 2210 1137 2310 1158; x_wconf 88' lang='lat' dir='ltr'>coram</span> <span class='ocrx_word' id='word_1_961' title='bbox 2324 1137 2391 1158; x_wconf 85' lang='lat' dir='ltr'>ton—</span> 
     </span>
     <span class='ocr_line' id='line_1_125' title="bbox 1328 1166 2395 1206; baseline 0 -8"><span class='ocrx_word' id='word_1_962' title='bbox 1328 1168 1414 1199; x_wconf 88' lang='lat' dir='ltr'>dente</span> <span class='ocrx_word' id='word_1_963' title='bbox 1426 1169 1451 1199; x_wconf 91' lang='lat' dir='ltr'>se</span> <span class='ocrx_word' id='word_1_964' title='bbox 1463 1180 1531 1200; x_wconf 88' lang='lat' dir='ltr'>vere</span> <span class='ocrx_word' id='word_1_965' title='bbox 1545 1170 1618 1200; x_wconf 87' lang='lat' dir='ltr'>mitis</span> <span class='ocrx_word' id='word_1_966' title='bbox 1631 1171 1778 1200; x_wconf 88' lang='lat' dir='ltr'>obmutuit</span> <span class='ocrx_word' id='word_1_967' title='bbox 1792 1179 1799 1199; x_wconf 77' lang='lat' dir='ltr'><em>z</em></span> <span class='ocrx_word' id='word_1_968' title='bbox 1818 1170 1852 1199; x_wconf 87' lang='lat'>&amp;</span> <span class='ocrx_word' id='word_1_969' title='bbox 1861 1193 1870 1206; x_wconf 85' lang='lat'>,</span> <span class='ocrx_word' id='word_1_970' title='bbox 1886 1168 1955 1198; x_wconf 86' lang='lat' dir='ltr'>sicut</span> <span class='ocrx_word' id='word_1_971' title='bbox 1966 1168 2028 1197; x_wconf 88' lang='lat' dir='ltr'>ovis</span> <span class='ocrx_word' id='word_1_972' title='bbox 2041 1166 2080 1197; x_wconf 86' lang='lat' dir='ltr'>ad</span> <span class='ocrx_word' id='word_1_973' title='bbox 2090 1166 2268 1197; x_wconf 84' lang='lat' dir='ltr'>occiiionem</span> <span class='ocrx_word' id='word_1_974' title='bbox 2281 1166 2395 1206; x_wconf 71' lang='lat' dir='ltr'>duetus,</span> 
     </span>
     <span class='ocr_line' id='line_1_126' title="bbox 1329 1202 2392 1252; baseline -0.001 -14"><span class='ocrx_word' id='word_1_975' title='bbox 1329 1208 1394 1251; x_wconf 76' lang='lat' dir='ltr'>post</span> <span class='ocrx_word' id='word_1_976' title='bbox 1405 1208 1586 1252; x_wconf 32' lang='lat' dir='ltr'>,contumilias</span> <span class='ocrx_word' id='word_1_977' title='bbox 1600 1209 1634 1240; x_wconf 87' lang='lat'>&amp;</span> <span class='ocrx_word' id='word_1_978' title='bbox 1648 1217 1781 1246; x_wconf 87' lang='lat' dir='ltr'>terrores,</span> <span class='ocrx_word' id='word_1_979' title='bbox 1799 1206 1864 1245; x_wconf 91' lang='lat' dir='ltr'>post</span> <span class='ocrx_word' id='word_1_980' title='bbox 1877 1206 1964 1245; x_wconf 87' lang='lat' dir='ltr'>spinas</span> <span class='ocrx_word' id='word_1_981' title='bbox 1976 1207 2010 1237; x_wconf 87' lang='lat'>&amp;</span> <span class='ocrx_word' id='word_1_982' title='bbox 2024 1206 2101 1244; x_wconf 83' lang='lat' dir='ltr'>sputa</span> <span class='ocrx_word' id='word_1_983' title='bbox 2113 1228 2124 1244; x_wconf 87' lang='lat'>,</span> <span class='ocrx_word' id='word_1_984' title='bbox 2142 1204 2208 1243; x_wconf 88' lang='lat' dir='ltr'>post</span> <span class='ocrx_word' id='word_1_985' title='bbox 2223 1202 2330 1245; x_wconf 84' lang='lat' dir='ltr'>flagella</span> <span class='ocrx_word' id='word_1_986' title='bbox 2342 1217 2392 1237; x_wconf 89' lang='lat' dir='ltr'>va-</span> 
     </span>
     <span class='ocr_line' id='line_1_127' title="bbox 1330 1243 2394 1285; baseline -0.002 -9"><span class='ocrx_word' id='word_1_987' title='bbox 1330 1256 1385 1285; x_wconf 87' lang='lat' dir='ltr'>ria,</span> <span class='ocrx_word' id='word_1_988' title='bbox 1403 1257 1541 1278; x_wconf 87' lang='lat' dir='ltr'>innocens</span> <span class='ocrx_word' id='word_1_989' title='bbox 1560 1246 1601 1277; x_wconf 86' lang='lat' dir='ltr'>est</span> <span class='ocrx_word' id='word_1_990' title='bbox 1625 1247 1682 1277; x_wconf 90' lang='lat' dir='ltr'>sine</span> <span class='ocrx_word' id='word_1_991' title='bbox 1695 1246 1777 1278; x_wconf 83' lang='lat' dir='ltr'>causa</span> <span class='ocrx_word' id='word_1_992' title='bbox 1789 1247 1971 1285; x_wconf 69' lang='lat' dir='ltr'>dampnatus,</span> <span class='ocrx_word' id='word_1_993' title='bbox 1987 1254 2019 1274; x_wconf 90' lang='lat' dir='ltr'>ac</span> <span class='ocrx_word' id='word_1_994' title='bbox 2033 1245 2171 1283; x_wconf 77' lang='lat' dir='ltr'>demum,</span> <span class='ocrx_word' id='word_1_995' title='bbox 2187 1243 2318 1275; x_wconf 86' lang='lat' dir='ltr'>saturatus</span> <span class='ocrx_word' id='word_1_996' title='bbox 2336 1245 2394 1275; x_wconf 92' lang='lat' dir='ltr'>ob-</span> 
     </span>
     <span class='ocr_line' id='line_1_128' title="bbox 1330 1283 2395 1328; baseline 0 -13"><span class='ocrx_word' id='word_1_997' title='bbox 1330 1286 1450 1328; x_wconf 81' lang='lat' dir='ltr'>probriis</span> <span class='ocrx_word' id='word_1_998' title='bbox 1465 1310 1475 1324; x_wconf 95' lang='lat'>,</span> <span class='ocrx_word' id='word_1_999' title='bbox 1500 1286 1586 1316; x_wconf 87' lang='lat' dir='ltr'>clavis</span> <span class='ocrx_word' id='word_1_1000' title='bbox 1606 1285 1705 1316; x_wconf 84' lang='lat' dir='ltr'>affixus</span> <span class='ocrx_word' id='word_1_1001' title='bbox 1719 1308 1729 1324; x_wconf 90' lang='lat'>,</span> <span class='ocrx_word' id='word_1_1002' title='bbox 1747 1294 1828 1316; x_wconf 86' lang='lat' dir='ltr'>aceto</span> <span class='ocrx_word' id='word_1_1003' title='bbox 1843 1286 1876 1315; x_wconf 83' lang='lat'>&amp;</span> <span class='ocrx_word' id='word_1_1004' title='bbox 1891 1284 1956 1314; x_wconf 89' lang='lat' dir='ltr'>felle</span> <span class='ocrx_word' id='word_1_1005' title='bbox 1972 1291 2099 1322; x_wconf 86' lang='lat' dir='ltr'>potatus,</span> <span class='ocrx_word' id='word_1_1006' title='bbox 2117 1284 2146 1313; x_wconf 91' lang='lat' dir='ltr'>in</span> <span class='ocrx_word' id='word_1_1007' title='bbox 2162 1284 2254 1314; x_wconf 89' lang='lat' dir='ltr'>crucis</span> <span class='ocrx_word' id='word_1_1008' title='bbox 2267 1283 2395 1321; x_wconf 90' lang='lat' dir='ltr'>patibulo</span> 
     </span>
     <span class='ocr_line' id='line_1_129' title="bbox 1330 1321 2393 1364; baseline 0 -11"><span class='ocrx_word' id='word_1_1009' title='bbox 1330 1333 1388 1353; x_wconf 91' lang='lat' dir='ltr'>tam</span> <span class='ocrx_word' id='word_1_1010' title='bbox 1409 1324 1478 1356; x_wconf 89' lang='lat' dir='ltr'>dirae</span> <span class='ocrx_word' id='word_1_1011' title='bbox 1496 1326 1595 1355; x_wconf 89' lang='lat' dir='ltr'>mortis</span> <span class='ocrx_word' id='word_1_1012' title='bbox 1616 1324 1697 1355; x_wconf 89' lang='lat' dir='ltr'>subiit</span> <span class='ocrx_word' id='word_1_1013' title='bbox 1710 1323 1884 1364; x_wconf 72' lang='lat' dir='ltr'>pastionem,</span> <span class='ocrx_word' id='word_1_1014' title='bbox 1899 1321 2059 1353; x_wconf 86' lang='lat' dir='ltr'>misterium</span> <span class='ocrx_word' id='word_1_1015' title='bbox 2073 1322 2276 1360; x_wconf 88' lang='lat' dir='ltr'>redemptionis</span> <span class='ocrx_word' id='word_1_1016' title='bbox 2286 1321 2393 1353; x_wconf 86' lang='lat' dir='ltr'>nostrae</span> 
     </span>
    </p>
   </div>
   <div class='ocr_carea' id='block_1_14' title="bbox 1314 1360 2394 1402">
    <p class='ocr_par' dir='ltr' id='par_1_25' title="bbox 1314 1360 2394 1402">
     <span class='ocr_line' id='line_1_130' title="bbox 1314 1360 2394 1402; baseline -0.001 -9"><span class='ocrx_word' id='word_1_1017' title='bbox 1314 1363 1531 1394; x_wconf 88' lang='lat' dir='ltr'>·c0nsummans</span> <span class='ocrx_word' id='word_1_1018' title='bbox 1546 1387 1557 1402; x_wconf 90' lang='lat'>,</span> <span class='ocrx_word' id='word_1_1019' title='bbox 1581 1362 1646 1401; x_wconf 84' lang='lat' dir='ltr'>post</span> <span class='ocrx_word' id='word_1_1020' title='bbox 1668 1363 1800 1394; x_wconf 86' lang='lat' dir='ltr'>traditum</span> <span class='ocrx_word' id='word_1_1021' title='bbox 1818 1364 1905 1393; x_wconf 89' lang='lat' dir='ltr'>etiarn</span> <span class='ocrx_word' id='word_1_1022' title='bbox 1925 1361 2067 1399; x_wconf 87' lang='lat' dir='ltr'>spiritum,</span> <span class='ocrx_word' id='word_1_1023' title='bbox 2084 1360 2171 1392; x_wconf 81' lang='lat' dir='ltr'>lancis</span> <span class='ocrx_word' id='word_1_1024' title='bbox 2185 1361 2303 1391; x_wconf 83' lang='lat' dir='ltr'>illisione</span> <span class='ocrx_word' id='word_1_1025' title='bbox 2320 1371 2394 1392; x_wconf 89' lang='lat' dir='ltr'>con-</span> 
     </span>
    </p>
   </div>
   <div class='ocr_carea' id='block_1_15' title="bbox 1330 1401 2424 4053">
    <p class='ocr_par' dir='ltr' id='par_1_26' title="bbox 1330 1401 1427 1432">
     <span class='ocr_line' id='line_1_131' title="bbox 1330 1401 1427 1432; baseline -0.01 0"><span class='ocrx_word' id='word_1_1026' title='bbox 1330 1401 1427 1432; x_wconf 83' lang='lat' dir='ltr'>foffus.</span> 
     </span>
    </p>

    <p class='ocr_par' dir='ltr' id='par_1_27' title="bbox 1330 1438 2400 1751">
     <span class='ocr_line' id='line_1_132' title="bbox 1365 1438 2390 1484; baseline 0 -14"><span class='ocrx_word' id='word_1_1027' title='bbox 1365 1440 1460 1484; x_wconf 52' lang='lat' dir='ltr'>Haec,</span> <span class='ocrx_word' id='word_1_1028' title='bbox 1477 1441 1547 1484; x_wconf 74' lang='lat' dir='ltr'>filii,</span> <span class='ocrx_word' id='word_1_1029' title='bbox 1561 1441 1595 1472; x_wconf 90' lang='lat'>&amp;</span> <span class='ocrx_word' id='word_1_1030' title='bbox 1610 1439 1821 1471; x_wconf 88' lang='lat' dir='ltr'>innumerabilia</span> <span class='ocrx_word' id='word_1_1031' title='bbox 1836 1439 1963 1479; x_wconf 83' lang='lat' dir='ltr'>largitatis</span> <span class='ocrx_word' id='word_1_1032' title='bbox 1977 1439 2082 1469; x_wconf 87' lang='lat' dir='ltr'>divinae</span> <span class='ocrx_word' id='word_1_1033' title='bbox 2096 1438 2255 1477; x_wconf 85' lang='lat' dir='ltr'>carismata,</span> <span class='ocrx_word' id='word_1_1034' title='bbox 2270 1439 2300 1469; x_wconf 90' lang='lat' dir='ltr'>in</span> <span class='ocrx_word' id='word_1_1035' title='bbox 2315 1438 2390 1470; x_wconf 66' lang='lat' dir='ltr'>terr-“1</span> 
     </span>
     <span class='ocr_line' id='line_1_133' title="bbox 1330 1476 2397 1522; baseline -0.002 -13"><span class='ocrx_word' id='word_1_1036' title='bbox 1330 1479 1481 1522; x_wconf 60' lang='lat' dir='ltr'>praedidt&#39;a,</span> <span class='ocrx_word' id='word_1_1037' title='bbox 1499 1480 1549 1517; x_wconf 85' lang='lat' dir='ltr'>ipli</span> <span class='ocrx_word' id='word_1_1038' title='bbox 1561 1479 1689 1510; x_wconf 88' lang='lat' dir='ltr'>humano</span> <span class='ocrx_word' id='word_1_1039' title='bbox 1704 1478 1829 1516; x_wconf 77' lang='lat' dir='ltr'>impensa</span> <span class='ocrx_word' id='word_1_1040' title='bbox 1842 1479 1953 1516; x_wconf 69' lang='lat' dir='ltr'>veneri,</span> <span class='ocrx_word' id='word_1_1041' title='bbox 1971 1478 2007 1507; x_wconf 92' lang='lat' dir='ltr'>ab</span> <span class='ocrx_word' id='word_1_1042' title='bbox 2020 1477 2125 1508; x_wconf 89' lang='lat' dir='ltr'>eodem</span> <span class='ocrx_word' id='word_1_1043' title='bbox 2137 1476 2316 1515; x_wconf 89' lang='lat' dir='ltr'>redemptore</span> <span class='ocrx_word' id='word_1_1044' title='bbox 2330 1479 2397 1516; x_wconf 91' lang='lat' dir='ltr'>piis-</span> 
     </span>
     <span class='ocr_line' id='line_1_134' title="bbox 1331 1501 2397 1562; baseline -0.001 -14"><span class='ocrx_word' id='word_1_1045' title='bbox 1331 1522 1420 1556; x_wconf 83' lang='lat' dir='ltr'>iimo,</span> <span class='ocrx_word' id='word_1_1046' title='bbox 1436 1519 1459 1562; x_wconf 77' lang='lat' dir='ltr'>si</span> <span class='ocrx_word' id='word_1_1047' title='bbox 1477 1519 1659 1561; x_wconf 85' lang='lat' dir='ltr'>frequenter,</span> <span class='ocrx_word' id='word_1_1048' title='bbox 1685 1517 1758 1548; x_wconf 87' lang='lat' dir='ltr'>infra</span> <span class='ocrx_word' id='word_1_1049' title='bbox 1779 1501 1897 1548; x_wconf 57' lang='lat' dir='ltr'>clatffira</span> <span class='ocrx_word' id='word_1_1050' title='bbox 1916 1516 2040 1555; x_wconf 58' lang='lat' dir='ltr'>pectoris</span> <span class='ocrx_word' id='word_1_1051' title='bbox 2054 1538 2064 1555; x_wconf 93' lang='lat'>,</span> <span class='ocrx_word' id='word_1_1052' title='bbox 2086 1524 2190 1546; x_wconf 89' lang='lat' dir='ltr'>attenta</span> <span class='ocrx_word' id='word_1_1053' title='bbox 2212 1516 2397 1547; x_wconf 83' lang='lat' dir='ltr'>meditatione</span> 
     </span>
     <span class='ocr_line' id='line_1_135' title="bbox 1332 1554 2397 1599; baseline -0.003 -11"><span class='ocrx_word' id='word_1_1054' title='bbox 1332 1557 1501 1596; x_wconf 73' lang='lat' dir='ltr'>revolvitis3</span> <span class='ocrx_word' id='word_1_1055' title='bbox 1521 1559 1540 1588; x_wconf 81' lang='lat' dir='ltr'>ii</span> <span class='ocrx_word' id='word_1_1056' title='bbox 1553 1581 1564 1599; x_wconf 69' lang='lat'>³.</span> <span class='ocrx_word' id='word_1_1057' title='bbox 1582 1556 1639 1595; x_wconf 71' lang='lat' dir='ltr'>qua</span> <span class='ocrx_word' id='word_1_1058' title='bbox 1657 1556 1765 1594; x_wconf 88' lang='lat' dir='ltr'>decet,</span> <span class='ocrx_word' id='word_1_1059' title='bbox 1781 1556 1937 1586; x_wconf 82' lang='lat' dir='ltr'>attentione</span> <span class='ocrx_word' id='word_1_1060' title='bbox 1957 1565 1991 1585; x_wconf 92' lang='lat' dir='ltr'>ac</span> <span class='ocrx_word' id='word_1_1061' title='bbox 2011 1554 2167 1586; x_wconf 88' lang='lat' dir='ltr'>devotione</span> <span class='ocrx_word' id='word_1_1062' title='bbox 2182 1554 2313 1592; x_wconf 75' lang='lat' dir='ltr'>pensatis,</span> <span class='ocrx_word' id='word_1_1063' title='bbox 2334 1557 2397 1593; x_wconf 89' lang='lat' dir='ltr'>quis</span> 
     </span>
     <span class='ocr_line' id='line_1_136' title="bbox 1331 1592 2399 1639; baseline -0.003 -13"><span class='ocrx_word' id='word_1_1064' title='bbox 1331 1595 1460 1639; x_wconf 71' lang='lat' dir='ltr'>vestrum</span> <span class='ocrx_word' id='word_1_1065' title='bbox 1474 1606 1536 1626; x_wconf 92' lang='lat' dir='ltr'>non</span> <span class='ocrx_word' id='word_1_1066' title='bbox 1549 1596 1670 1626; x_wconf 74' lang='lat' dir='ltr'>tervebit</span> <span class='ocrx_word' id='word_1_1067' title='bbox 1684 1595 1820 1626; x_wconf 85' lang='lat' dir='ltr'>interius?</span> <span class='ocrx_word' id='word_1_1068' title='bbox 1835 1594 1904 1625; x_wconf 89' lang='lat' dir='ltr'>foris</span> <span class='ocrx_word' id='word_1_1069' title='bbox 1919 1593 2286 1631; x_wconf 84' lang='lat' dir='ltr'>ebulliet?exclamabit‚&amp;</span> <span class='ocrx_word' id='word_1_1070' title='bbox 2302 1592 2377 1624; x_wconf 92' lang='lat' dir='ltr'>dicet</span> <span class='ocrx_word' id='word_1_1071' title='bbox 2388 1618 2399 1632; x_wconf 91' lang='lat'>,</span> 
     </span>
     <span class='ocr_line' id='line_1_137' title="bbox 1331 1632 2399 1672; baseline 0 -8"><span class='ocrx_word' id='word_1_1072' title='bbox 1331 1634 1401 1672; x_wconf 85' lang='lat' dir='ltr'>quid</span> <span class='ocrx_word' id='word_1_1073' title='bbox 1421 1635 1574 1665; x_wconf 89' lang='lat' dir='ltr'>retribuam</span> <span class='ocrx_word' id='word_1_1074' title='bbox 1595 1633 1731 1664; x_wconf 90' lang='lat' dir='ltr'>Domino</span> <span class='ocrx_word' id='word_1_1075' title='bbox 1754 1643 1806 1672; x_wconf 91' lang='lat' dir='ltr'>pro</span> <span class='ocrx_word' id='word_1_1076' title='bbox 1823 1633 1957 1663; x_wconf 88' lang='lat' dir='ltr'>omnibus</span> <span class='ocrx_word' id='word_1_1077' title='bbox 1971 1656 1981 1670; x_wconf 91' lang='lat'>,</span> <span class='ocrx_word' id='word_1_1078' title='bbox 2000 1642 2064 1671; x_wconf 87' lang='lat' dir='ltr'>quae</span> <span class='ocrx_word' id='word_1_1079' title='bbox 2078 1632 2205 1662; x_wconf 87' lang='lat' dir='ltr'>retribuit</span> <span class='ocrx_word' id='word_1_1080' title='bbox 2219 1632 2329 1662; x_wconf 89' lang='lat' dir='ltr'>michi?</span> <span class='ocrx_word' id='word_1_1081' title='bbox 2348 1633 2399 1671; x_wconf 84' lang='lat'>&amp;,</span> 
     </span>
     <span class='ocr_line' id='line_1_138' title="bbox 1332 1670 2400 1714; baseline -0.002 -10"><span class='ocrx_word' id='word_1_1082' title='bbox 1332 1683 1393 1704; x_wconf 92' lang='lat' dir='ltr'>non</span> <span class='ocrx_word' id='word_1_1083' title='bbox 1408 1674 1557 1714; x_wconf 62' lang='lat' dir='ltr'>expediam</span> <span class='ocrx_word' id='word_1_1084' title='bbox 1578 1673 1728 1704; x_wconf 84' lang='lat' dir='ltr'>monitoris</span> <span class='ocrx_word' id='word_1_1085' title='bbox 1748 1672 1794 1703; x_wconf 87' lang='lat' dir='ltr'>vel</span> <span class='ocrx_word' id='word_1_1086' title='bbox 1814 1672 1998 1702; x_wconf 86' lang='lat' dir='ltr'>sollicitatoris</span> <span class='ocrx_word' id='word_1_1087' title='bbox 2012 1670 2131 1709; x_wconf 83' lang='lat' dir='ltr'>officio,</span> <span class='ocrx_word' id='word_1_1088' title='bbox 2151 1670 2297 1710; x_wconf 80' lang='lat' dir='ltr'>subjunget</span> <span class='ocrx_word' id='word_1_1089' title='bbox 2309 1670 2400 1702; x_wconf 85' lang='lat' dir='ltr'>ultro—</span> 
     </span>
     <span class='ocr_line' id='line_1_139' title="bbox 1332 1709 2347 1751; baseline -0.002 -9"><span class='ocrx_word' id='word_1_1090' title='bbox 1332 1722 1419 1751; x_wconf 87' lang='lat' dir='ltr'>neus,</span> <span class='ocrx_word' id='word_1_1091' title='bbox 1437 1712 1558 1743; x_wconf 86' lang='lat' dir='ltr'>calicem</span> <span class='ocrx_word' id='word_1_1092' title='bbox 1571 1711 1688 1742; x_wconf 88' lang='lat' dir='ltr'>salutaris</span> <span class='ocrx_word' id='word_1_1093' title='bbox 1700 1712 1857 1750; x_wconf 87' lang='lat' dir='ltr'>accipiam,</span> <span class='ocrx_word' id='word_1_1094' title='bbox 1875 1711 1908 1741; x_wconf 93' lang='lat'>&amp;</span> <span class='ocrx_word' id='word_1_1095' title='bbox 1921 1719 2031 1740; x_wconf 91' lang='lat' dir='ltr'>nomen</span> <span class='ocrx_word' id='word_1_1096' title='bbox 2046 1709 2170 1740; x_wconf 91' lang='lat' dir='ltr'>Domini</span> <span class='ocrx_word' id='word_1_1097' title='bbox 2183 1709 2347 1744; x_wconf 82' lang='lat' dir='ltr'>invocabo?</span> 
     </span>
    </p>

    <p class='ocr_par' dir='ltr' id='par_1_28' title="bbox 1333 1747 2404 2169">
     <span class='ocr_line' id='line_1_140' title="bbox 1372 1747 2396 1789; baseline -0.002 -8"><span class='ocrx_word' id='word_1_1098' title='bbox 1372 1750 1509 1789; x_wconf 89' lang='lat' dir='ltr'>Cumque</span> <span class='ocrx_word' id='word_1_1099' title='bbox 1530 1756 1603 1781; x_wconf 83' lang='lat' dir='ltr'>terra</span> <span class='ocrx_word' id='word_1_1100' title='bbox 1625 1749 1680 1788; x_wconf 92' lang='lat' dir='ltr'>ipsa</span> <span class='ocrx_word' id='word_1_1101' title='bbox 1694 1775 1704 1787; x_wconf 90' lang='lat'>,</span> <span class='ocrx_word' id='word_1_1102' title='bbox 1729 1760 1780 1788; x_wconf 87' lang='lat' dir='ltr'>per</span> <span class='ocrx_word' id='word_1_1103' title='bbox 1798 1748 2038 1788; x_wconf 86' lang='lat' dir='ltr'>nephandiffimos</span> <span class='ocrx_word' id='word_1_1104' title='bbox 2059 1747 2227 1779; x_wconf 88' lang='lat' dir='ltr'>Sarracenos</span> <span class='ocrx_word' id='word_1_1105' title='bbox 2251 1748 2301 1786; x_wconf 91' lang='lat' dir='ltr'>sit,</span> <span class='ocrx_word' id='word_1_1106' title='bbox 2321 1747 2396 1786; x_wconf 91' lang='lat' dir='ltr'>proh</span> 
     </span>
     <span class='ocr_line' id='line_1_141' title="bbox 1333 1785 2397 1834; baseline -0.003 -15"><span class='ocrx_word' id='word_1_1107' title='bbox 1333 1788 1432 1834; x_wconf 78' lang='lat' dir='ltr'>dolor!</span> <span class='ocrx_word' id='word_1_1108' title='bbox 1452 1799 1506 1826; x_wconf 85' lang='lat' dir='ltr'>pro</span> <span class='ocrx_word' id='word_1_1109' title='bbox 1527 1797 1604 1827; x_wconf 80' lang='lat' dir='ltr'>parte</span> <span class='ocrx_word' id='word_1_1110' title='bbox 1626 1789 1749 1819; x_wconf 84' lang='lat' dir='ltr'>maxima</span> <span class='ocrx_word' id='word_1_1111' title='bbox 1761 1795 1916 1826; x_wconf 69' lang='lat' dir='ltr'>occupata,</span> <span class='ocrx_word' id='word_1_1112' title='bbox 1934 1788 1969 1818; x_wconf 89' lang='lat'>&amp;</span> <span class='ocrx_word' id='word_1_1113' title='bbox 1981 1787 2016 1817; x_wconf 89' lang='lat' dir='ltr'>ad</span> <span class='ocrx_word' id='word_1_1114' title='bbox 2029 1785 2234 1825; x_wconf 89' lang='lat' dir='ltr'>occupandum</span> <span class='ocrx_word' id='word_1_1115' title='bbox 2252 1786 2397 1817; x_wconf 88' lang='lat' dir='ltr'>reliduum</span> 
     </span>
     <span class='ocr_line' id='line_1_142' title="bbox 1334 1824 2399 1872; baseline -0.003 -13"><span class='ocrx_word' id='word_1_1116' title='bbox 1334 1827 1421 1872; x_wconf 84' lang='lat' dir='ltr'>iidem</span> <span class='ocrx_word' id='word_1_1117' title='bbox 1442 1827 1597 1866; x_wconf 73' lang='lat' dir='ltr'>impiissimi</span> <span class='ocrx_word' id='word_1_1118' title='bbox 1618 1827 1681 1870; x_wconf 75' lang='lat' dir='ltr'>suos</span> <span class='ocrx_word' id='word_1_1119' title='bbox 1699 1835 1819 1858; x_wconf 85' lang='lat' dir='ltr'>conatus</span> <span class='ocrx_word' id='word_1_1120' title='bbox 1832 1828 1968 1865; x_wconf 85' lang='lat' dir='ltr'>dirigant,</span> <span class='ocrx_word' id='word_1_1121' title='bbox 1987 1827 2021 1857; x_wconf 88' lang='lat'>&amp;</span> <span class='ocrx_word' id='word_1_1122' title='bbox 2037 1825 2251 1865; x_wconf 87' lang='lat' dir='ltr'>impugnatione</span> <span class='ocrx_word' id='word_1_1123' title='bbox 2261 1824 2399 1856; x_wconf 72' lang='lat' dir='ltr'>continua</span> 
     </span>
     <span class='ocr_line' id='line_1_143' title="bbox 1335 1862 2400 1911; baseline -0.003 -15"><span class='ocrx_word' id='word_1_1124' title='bbox 1335 1867 1442 1911; x_wconf 78' lang='lat' dir='ltr'>viribus</span> <span class='ocrx_word' id='word_1_1125' title='bbox 1460 1868 1494 1898; x_wconf 66' lang='grc' dir='ltr'>ὃς</span> <span class='ocrx_word' id='word_1_1126' title='bbox 1513 1866 1586 1898; x_wconf 89' lang='lat' dir='ltr'>dolis</span> <span class='ocrx_word' id='word_1_1127' title='bbox 1605 1865 1751 1897; x_wconf 85' lang='lat' dir='ltr'>iniistant:</span> <span class='ocrx_word' id='word_1_1128' title='bbox 1778 1875 1865 1904; x_wconf 90' lang='lat' dir='ltr'>quem</span> <span class='ocrx_word' id='word_1_1129' title='bbox 1878 1875 1939 1895; x_wconf 93' lang='lat' dir='ltr'>non</span> <span class='ocrx_word' id='word_1_1130' title='bbox 1953 1864 2072 1905; x_wconf 88' lang='lat' dir='ltr'>pudebit</span> <span class='ocrx_word' id='word_1_1131' title='bbox 2086 1862 2288 1903; x_wconf 88' lang='lat' dir='ltr'>ingratitudinis</span> <span class='ocrx_word' id='word_1_1132' title='bbox 2303 1864 2400 1903; x_wconf 83' lang='lat' dir='ltr'>argui,</span> 
     </span>
     <span class='ocr_line' id='line_1_144' title="bbox 1336 1903 2399 1944; baseline -0.004 -8"><span class='ocrx_word' id='word_1_1133' title='bbox 1336 1915 1405 1944; x_wconf 86' lang='lat' dir='ltr'>quin</span> <span class='ocrx_word' id='word_1_1134' title='bbox 1425 1906 1518 1943; x_wconf 88' lang='lat' dir='ltr'>potius</span> <span class='ocrx_word' id='word_1_1135' title='bbox 1541 1904 1616 1944; x_wconf 88' lang='lat' dir='ltr'>quasi</span> <span class='ocrx_word' id='word_1_1136' title='bbox 1636 1905 1673 1936; x_wconf 92' lang='lat' dir='ltr'>de</span> <span class='ocrx_word' id='word_1_1137' title='bbox 1694 1903 1855 1935; x_wconf 88' lang='lat' dir='ltr'>infidelitate</span> <span class='ocrx_word' id='word_1_1138' title='bbox 1875 1904 1967 1934; x_wconf 89' lang='lat' dir='ltr'>notari</span> <span class='ocrx_word' id='word_1_1139' title='bbox 1978 1926 1988 1943; x_wconf 86' lang='lat'>,</span> <span class='ocrx_word' id='word_1_1140' title='bbox 2013 1903 2032 1933; x_wconf 90' lang='lat' dir='ltr'>si</span> <span class='ocrx_word' id='word_1_1141' title='bbox 2053 1903 2172 1934; x_wconf 89' lang='lat' dir='ltr'>creatori</span> <span class='ocrx_word' id='word_1_1142' title='bbox 2185 1903 2321 1941; x_wconf 85' lang='lat' dir='ltr'>proprio,</span> <span class='ocrx_word' id='word_1_1143' title='bbox 2339 1911 2399 1932; x_wconf 88' lang='lat' dir='ltr'>tarn</span> 
     </span>
     <span class='ocr_line' id='line_1_145' title="bbox 1335 1939 2401 1982; baseline -0.004 -8"><span class='ocrx_word' id='word_1_1144' title='bbox 1335 1944 1470 1976; x_wconf 85' lang='lat' dir='ltr'>benefico</span> <span class='ocrx_word' id='word_1_1145' title='bbox 1489 1943 1626 1975; x_wconf 87' lang='lat' dir='ltr'>Domino</span> <span class='ocrx_word' id='word_1_1146' title='bbox 1673 1943 1707 1974; x_wconf 90' lang='lat' dir='ltr'>ad</span> <span class='ocrx_word' id='word_1_1147' title='bbox 1727 1943 1974 1982; x_wconf 87' lang='lat' dir='ltr'>recuperationem</span> <span class='ocrx_word' id='word_1_1148' title='bbox 1993 1949 2204 1980; x_wconf 89' lang='lat' dir='ltr'>occupatorum</span> <span class='ocrx_word' id='word_1_1149' title='bbox 2220 1940 2256 1971; x_wconf 90' lang='lat' dir='ltr'>de</span> <span class='ocrx_word' id='word_1_1150' title='bbox 2268 1939 2341 1972; x_wconf 73' lang='lat' dir='ltr'>terra</span> <span class='ocrx_word' id='word_1_1151' title='bbox 2353 1941 2401 1972; x_wconf 75' lang='lat' dir='ltr'>eti-</span> 
     </span>
     <span class='ocr_line' id='line_1_146' title="bbox 1338 1967 2401 2028; baseline -0.003 -15"><span class='ocrx_word' id='word_1_1152' title='bbox 1338 1982 1405 2013; x_wconf 91' lang='lat' dir='ltr'>dem</span> <span class='ocrx_word' id='word_1_1153' title='bbox 1418 2006 1427 2022; x_wconf 78' lang='grc'>,</span> <span class='ocrx_word' id='word_1_1154' title='bbox 1446 1993 1532 2028; x_wconf 87' lang='lat' dir='ltr'>quam</span> <span class='ocrx_word' id='word_1_1155' title='bbox 1551 1983 1601 2027; x_wconf 80' lang='lat' dir='ltr'>ipsi</span> <span class='ocrx_word' id='word_1_1156' title='bbox 1622 1967 1756 2026; x_wconf 57' lang='lat' dir='ltr'>ffiriptura</span> <span class='ocrx_word' id='word_1_1157' title='bbox 1776 1982 1852 2013; x_wconf 89' lang='lat' dir='ltr'>sacra</span> <span class='ocrx_word' id='word_1_1158' title='bbox 1865 1980 1978 2023; x_wconf 82' lang='lat' dir='ltr'>testatur</span> <span class='ocrx_word' id='word_1_1159' title='bbox 1993 1982 2127 2011; x_wconf 87' lang='lat' dir='ltr'>omnium</span> <span class='ocrx_word' id='word_1_1160' title='bbox 2142 1980 2300 2017; x_wconf 86' lang='lat' dir='ltr'>cariorem,</span> <span class='ocrx_word' id='word_1_1161' title='bbox 2317 1979 2351 2010; x_wconf 89' lang='lat'>&amp;</span> <span class='ocrx_word' id='word_1_1162' title='bbox 2365 1978 2401 2010; x_wconf 84' lang='lat' dir='ltr'>ad</span> 
     </span>
     <span class='ocr_line' id='line_1_147' title="bbox 1338 2017 2403 2066; baseline -0.001 -14"><span class='ocrx_word' id='word_1_1163' title='bbox 1338 2022 1550 2066; x_wconf 58' lang='lat' dir='ltr'>protectionem</span> <span class='ocrx_word' id='word_1_1164' title='bbox 1563 2021 1633 2052; x_wconf 70' lang='lat' dir='ltr'>disti</span> <span class='ocrx_word' id='word_1_1165' title='bbox 1645 2021 1829 2059; x_wconf 80' lang='lat' dir='ltr'>relidui,non</span> <span class='ocrx_word' id='word_1_1166' title='bbox 1843 2019 1964 2051; x_wconf 87' lang='lat' dir='ltr'>affistat?</span> <span class='ocrx_word' id='word_1_1167' title='bbox 1972 2018 2054 2050; x_wconf 79' lang='lat' dir='ltr'>Cum</span> <span class='ocrx_word' id='word_1_1168' title='bbox 2067 2021 2152 2050; x_wconf 90' lang='lat' dir='ltr'>etiam</span> <span class='ocrx_word' id='word_1_1169' title='bbox 2165 2043 2175 2058; x_wconf 87' lang='lat'>,</span> <span class='ocrx_word' id='word_1_1170' title='bbox 2190 2017 2346 2050; x_wconf 88' lang='lat' dir='ltr'>secundum</span> <span class='ocrx_word' id='word_1_1171' title='bbox 2355 2019 2403 2058; x_wconf 85' lang='lat' dir='ltr'>ju-</span> 
     </span>
     <span class='ocr_line' id='line_1_148' title="bbox 1338 2056 2400 2098; baseline -0.005 -7"><span class='ocrx_word' id='word_1_1172' title='bbox 1338 2071 1375 2091; x_wconf 90' lang='lat' dir='ltr'>ris</span> <span class='ocrx_word' id='word_1_1173' title='bbox 1393 2061 1510 2092; x_wconf 81' lang='lat' dir='ltr'>humani</span> <span class='ocrx_word' id='word_1_1174' title='bbox 1528 2060 1673 2091; x_wconf 85' lang='lat' dir='ltr'>censuram</span> <span class='ocrx_word' id='word_1_1175' title='bbox 1686 2083 1696 2098; x_wconf 92' lang='lat'>,</span> <span class='ocrx_word' id='word_1_1176' title='bbox 1719 2059 1843 2090; x_wconf 85' lang='lat' dir='ltr'>subditos</span> <span class='ocrx_word' id='word_1_1177' title='bbox 1864 2059 1917 2090; x_wconf 91' lang='lat' dir='ltr'>suis</span> <span class='ocrx_word' id='word_1_1178' title='bbox 1939 2058 2075 2089; x_wconf 88' lang='lat' dir='ltr'>Dominis</span> <span class='ocrx_word' id='word_1_1179' title='bbox 2088 2082 2098 2096; x_wconf 87' lang='lat'>,</span> <span class='ocrx_word' id='word_1_1180' title='bbox 2118 2059 2152 2090; x_wconf 92' lang='lat'>&amp;</span> <span class='ocrx_word' id='word_1_1181' title='bbox 2166 2057 2200 2088; x_wconf 86' lang='lat' dir='ltr'>ad</span> <span class='ocrx_word' id='word_1_1182' title='bbox 2215 2056 2318 2088; x_wconf 91' lang='lat' dir='ltr'>tuenda</span> <span class='ocrx_word' id='word_1_1183' title='bbox 2334 2066 2400 2096; x_wconf 88' lang='lat' dir='ltr'>quae</span> 
     </span>
     <span class='ocr_line' id='line_1_149' title="bbox 1337 2094 2404 2169; baseline -0.003 -38"><span class='ocrx_word' id='word_1_1184' title='bbox 1337 2099 1498 2169; x_wconf 54' lang='lat' dir='ltr'>ffissfident,</span> <span class='ocrx_word' id='word_1_1185' title='bbox 1515 2100 1550 2131; x_wconf 72' lang='grc' dir='ltr'>ὃς</span> <span class='ocrx_word' id='word_1_1186' title='bbox 1563 2098 1597 2131; x_wconf 88' lang='lat' dir='ltr'>ad</span> <span class='ocrx_word' id='word_1_1187' title='bbox 1619 2098 1807 2137; x_wconf 89' lang='lat' dir='ltr'>recuperanda</span> <span class='ocrx_word' id='word_1_1188' title='bbox 1826 2097 1928 2138; x_wconf 83' lang='lat' dir='ltr'>injuste</span> <span class='ocrx_word' id='word_1_1189' title='bbox 1951 2097 2104 2136; x_wconf 62' lang='lat' dir='ltr'>subtracta,</span> <span class='ocrx_word' id='word_1_1190' title='bbox 2120 2096 2250 2128; x_wconf 89' lang='lat' dir='ltr'>debiturn</span> <span class='ocrx_word' id='word_1_1191' title='bbox 2264 2094 2404 2128; x_wconf 83' lang='lat' dir='ltr'>fidelitatis</span> 
     </span>
    </p>

    <p class='ocr_par' dir='ltr' id='par_1_29' title="bbox 1379 2147 1478 2170">
     <span class='ocr_line' id='line_1_150' title="bbox 1379 2147 1478 2170; baseline 0 -2"><span class='ocrx_word' id='word_1_1192' title='bbox 1379 2147 1478 2170; x_wconf 66' lang='lat' dir='ltr'>rmffat.</span> 
     </span>
    </p>

    <p class='ocr_par' dir='ltr' id='par_1_30' title="bbox 1337 2163 2406 2488">
     <span class='ocr_line' id='line_1_151' title="bbox 1377 2163 2403 2217; baseline -0.006 -9"><span class='ocrx_word' id='word_1_1193' title='bbox 1377 2163 1451 2217; x_wconf 55' lang='grc' dir='ltr'><strong>(ζιῖἷε</strong></span> <span class='ocrx_word' id='word_1_1194' title='bbox 1470 2187 1531 2208; x_wconf 90' lang='lat' dir='ltr'>non</span> <span class='ocrx_word' id='word_1_1195' title='bbox 1550 2175 1747 2214; x_wconf 69' lang='lat' dir='ltr'>compassione</span> <span class='ocrx_word' id='word_1_1196' title='bbox 1767 2176 1813 2216; x_wconf 88' lang='lat' dir='ltr'>pia</span> <span class='ocrx_word' id='word_1_1197' title='bbox 1831 2175 1996 2206; x_wconf 88' lang='lat' dir='ltr'>movebitur</span> <span class='ocrx_word' id='word_1_1198' title='bbox 2009 2173 2044 2205; x_wconf 89' lang='lat' dir='ltr'>ad</span> <span class='ocrx_word' id='word_1_1199' title='bbox 2057 2172 2232 2212; x_wconf 87' lang='lat' dir='ltr'>relevandas,</span> <span class='ocrx_word' id='word_1_1200' title='bbox 2252 2173 2403 2203; x_wconf 82' lang='lat' dir='ltr'>continua-</span> 
     </span>
     <span class='ocr_line' id='line_1_152' title="bbox 1338 2212 2403 2254; baseline -0.005 -8"><span class='ocrx_word' id='word_1_1201' title='bbox 1338 2224 1378 2246; x_wconf 89' lang='lat' dir='ltr'>tas</span> <span class='ocrx_word' id='word_1_1202' title='bbox 1391 2218 1428 2246; x_wconf 87' lang='lat' dir='ltr'>ab</span> <span class='ocrx_word' id='word_1_1203' title='bbox 1439 2215 1526 2254; x_wconf 86' lang='lat' dir='ltr'>olim,</span> <span class='ocrx_word' id='word_1_1204' title='bbox 1542 2217 1637 2246; x_wconf 89' lang='lat' dir='ltr'>immo</span> <span class='ocrx_word' id='word_1_1205' title='bbox 1649 2215 1724 2254; x_wconf 84' lang='lat' dir='ltr'>quasi</span> <span class='ocrx_word' id='word_1_1206' title='bbox 1738 2215 1876 2246; x_wconf 87' lang='lat' dir='ltr'>continue</span> <span class='ocrx_word' id='word_1_1207' title='bbox 1886 2221 2074 2254; x_wconf 86' lang='lat' dir='ltr'>augmentatas</span> <span class='ocrx_word' id='word_1_1208' title='bbox 2082 2212 2222 2251; x_wconf 87' lang='lat' dir='ltr'>‚ejusdem</span> <span class='ocrx_word' id='word_1_1209' title='bbox 2238 2220 2320 2242; x_wconf 84' lang='lat' dir='ltr'>terrae</span> <span class='ocrx_word' id='word_1_1210' title='bbox 2327 2221 2403 2250; x_wconf 89' lang='lat' dir='ltr'>pres-</span> 
     </span>
     <span class='ocr_line' id='line_1_153' title="bbox 1337 2249 2403 2294; baseline -0.005 -9"><span class='ocrx_word' id='word_1_1211' title='bbox 1337 2254 1429 2285; x_wconf 88' lang='lat' dir='ltr'>suras?</span> <span class='ocrx_word' id='word_1_1212' title='bbox 1447 2264 1499 2294; x_wconf 87' lang='lat' dir='ltr'>an,</span> <span class='ocrx_word' id='word_1_1213' title='bbox 1517 2254 1596 2293; x_wconf 89' lang='lat' dir='ltr'>quod</span> <span class='ocrx_word' id='word_1_1214' title='bbox 1611 2254 1775 2284; x_wconf 89' lang='lat' dir='ltr'>communis</span> <span class='ocrx_word' id='word_1_1215' title='bbox 1787 2254 1887 2284; x_wconf 89' lang='lat' dir='ltr'>notitia</span> <span class='ocrx_word' id='word_1_1216' title='bbox 1899 2252 2025 2292; x_wconf 87' lang='lat' dir='ltr'>publicat</span> <span class='ocrx_word' id='word_1_1217' title='bbox 2038 2276 2049 2290; x_wconf 84' lang='lat'>,</span> <span class='ocrx_word' id='word_1_1218' title='bbox 2067 2252 2100 2283; x_wconf 88' lang='lat'>&amp;</span> <span class='ocrx_word' id='word_1_1219' title='bbox 2114 2250 2270 2281; x_wconf 89' lang='lat' dir='ltr'>manifestat</span> <span class='ocrx_word' id='word_1_1220' title='bbox 2285 2249 2403 2281; x_wconf 76' lang='lat' dir='ltr'>eviden-</span> 
     </span>
     <span class='ocr_line' id='line_1_154' title="bbox 1339 2288 2404 2337; baseline -0.006 -13"><span class='ocrx_word' id='word_1_1221' title='bbox 1339 2294 1376 2337; x_wconf 78' lang='lat' dir='ltr'>tia</span> <span class='ocrx_word' id='word_1_1222' title='bbox 1395 2293 1462 2324; x_wconf 67' lang='lat' dir='ltr'>faeti</span> <span class='ocrx_word' id='word_1_1223' title='bbox 1476 2317 1486 2332; x_wconf 89' lang='lat'>,</span> <span class='ocrx_word' id='word_1_1224' title='bbox 1510 2303 1563 2324; x_wconf 90' lang='lat' dir='ltr'>vos</span> <span class='ocrx_word' id='word_1_1225' title='bbox 1584 2293 1676 2323; x_wconf 85' lang='lat' dir='ltr'>latet?</span> <span class='ocrx_word' id='word_1_1226' title='bbox 1701 2302 1772 2322; x_wconf 89' lang='lat' dir='ltr'>num</span> <span class='ocrx_word' id='word_1_1227' title='bbox 1785 2293 1918 2331; x_wconf 87' lang='lat' dir='ltr'>ignoratis</span> <span class='ocrx_word' id='word_1_1228' title='bbox 1933 2290 2088 2329; x_wconf 87' lang='lat' dir='ltr'>Civitates,</span> <span class='ocrx_word' id='word_1_1229' title='bbox 2109 2288 2227 2328; x_wconf 89' lang='lat' dir='ltr'>Castra,</span> <span class='ocrx_word' id='word_1_1230' title='bbox 2245 2298 2404 2328; x_wconf 83' lang='lat' dir='ltr'>caeteraque</span> 
     </span>
     <span class='ocr_line' id='line_1_155' title="bbox 1340 2326 2405 2370; baseline -0.005 -8"><span class='ocrx_word' id='word_1_1231' title='bbox 1340 2332 1449 2362; x_wconf 85' lang='lat' dir='ltr'>illarum</span> <span class='ocrx_word' id='word_1_1232' title='bbox 1471 2333 1593 2370; x_wconf 83' lang='lat' dir='ltr'>partium</span> <span class='ocrx_word' id='word_1_1233' title='bbox 1612 2330 1678 2361; x_wconf 88' lang='lat' dir='ltr'>loca</span> <span class='ocrx_word' id='word_1_1234' title='bbox 1697 2330 1819 2362; x_wconf 89' lang='lat' dir='ltr'>solennia</span> <span class='ocrx_word' id='word_1_1235' title='bbox 1833 2355 1844 2369; x_wconf 94' lang='lat'>,</span> <span class='ocrx_word' id='word_1_1236' title='bbox 1869 2331 1902 2362; x_wconf 90' lang='lat'>&amp;</span> <span class='ocrx_word' id='word_1_1237' title='bbox 1919 2328 2071 2360; x_wconf 82' lang='lat' dir='ltr'>noviffime</span> <span class='ocrx_word' id='word_1_1238' title='bbox 2083 2328 2220 2366; x_wconf 89' lang='lat' dir='ltr'>Tripolin</span> <span class='ocrx_word' id='word_1_1239' title='bbox 2236 2326 2405 2366; x_wconf 84' lang='lat' dir='ltr'>(Civitatem</span> 
     </span>
     <span class='ocr_line' id='line_1_156' title="bbox 1340 2365 2406 2409; baseline -0.005 -8"><span class='ocrx_word' id='word_1_1240' title='bbox 1340 2371 1469 2401; x_wconf 89' lang='lat' dir='ltr'>nobilem</span> <span class='ocrx_word' id='word_1_1241' title='bbox 1485 2371 1553 2409; x_wconf 86' lang='lat' dir='ltr'>fitu,</span> <span class='ocrx_word' id='word_1_1242' title='bbox 1570 2370 1604 2400; x_wconf 73' lang='grc' dir='ltr'>δε</span> <span class='ocrx_word' id='word_1_1243' title='bbox 1619 2368 1836 2400; x_wconf 89' lang='lat' dir='ltr'>circumstantiis</span> <span class='ocrx_word' id='word_1_1244' title='bbox 1850 2367 1963 2399; x_wconf 81' lang='lat' dir='ltr'>diverfis</span> <span class='ocrx_word' id='word_1_1245' title='bbox 1974 2376 2115 2399; x_wconf 87' lang='lat' dir='ltr'>amaenam</span> <span class='ocrx_word' id='word_1_1246' title='bbox 2128 2389 2138 2406; x_wconf 92' lang='lat'>,</span> <span class='ocrx_word' id='word_1_1247' title='bbox 2158 2365 2326 2397; x_wconf 84' lang='lat' dir='ltr'>foecundam</span> <span class='ocrx_word' id='word_1_1248' title='bbox 2340 2366 2406 2405; x_wconf 90' lang='lat' dir='ltr'>opi-</span> 
     </span>
     <span class='ocr_line' id='line_1_157' title="bbox 1341 2404 2406 2448; baseline -0.002 -9"><span class='ocrx_word' id='word_1_1249' title='bbox 1341 2410 1413 2448; x_wconf 89' lang='lat' dir='ltr'>bus,</span> <span class='ocrx_word' id='word_1_1250' title='bbox 1430 2409 1616 2440; x_wconf 87' lang='lat' dir='ltr'>habitantium</span> <span class='ocrx_word' id='word_1_1251' title='bbox 1638 2418 1695 2446; x_wconf 91' lang='lat' dir='ltr'>ope</span> <span class='ocrx_word' id='word_1_1252' title='bbox 1716 2407 1859 2445; x_wconf 90' lang='lat' dir='ltr'>refertam)</span> <span class='ocrx_word' id='word_1_1253' title='bbox 1878 2407 1972 2439; x_wconf 88' lang='lat' dir='ltr'>eversa</span> <span class='ocrx_word' id='word_1_1254' title='bbox 1990 2416 2039 2444; x_wconf 90' lang='lat' dir='ltr'>per</span> <span class='ocrx_word' id='word_1_1255' title='bbox 2055 2407 2160 2444; x_wconf 90' lang='lat' dir='ltr'>impios</span> <span class='ocrx_word' id='word_1_1256' title='bbox 2174 2428 2184 2446; x_wconf 80' lang='lat'><em>‚</em></span> <span class='ocrx_word' id='word_1_1257' title='bbox 2201 2404 2236 2435; x_wconf 88' lang='lat' dir='ltr'>ad</span> <span class='ocrx_word' id='word_1_1258' title='bbox 2252 2404 2406 2437; x_wconf 86' lang='lat' dir='ltr'>nichilum·</span> 
     </span>
     <span class='ocr_line' id='line_1_158' title="bbox 1342 2444 2130 2488; baseline -0.006 -9"><span class='ocrx_word' id='word_1_1259' title='bbox 1342 2457 1399 2487; x_wconf 91' lang='lat' dir='ltr'>que</span> <span class='ocrx_word' id='word_1_1260' title='bbox 1413 2447 1524 2479; x_wconf 70' lang='lat' dir='ltr'>reda&amp;a</span> <span class='ocrx_word' id='word_1_1261' title='bbox 1539 2447 1665 2488; x_wconf 88' lang='lat' dir='ltr'>ipsorum</span> <span class='ocrx_word' id='word_1_1262' title='bbox 1677 2447 1778 2478; x_wconf 91' lang='lat' dir='ltr'>incolis</span> <span class='ocrx_word' id='word_1_1263' title='bbox 1789 2447 1952 2477; x_wconf 90' lang='lat' dir='ltr'>immaniter</span> <span class='ocrx_word' id='word_1_1264' title='bbox 1967 2444 2130 2476; x_wconf 86' lang='lat' dir='ltr'>trucidatis?</span> 
     </span>
    </p>

    <p class='ocr_par' dir='ltr' id='par_1_31' title="bbox 1341 2482 2408 2711">
     <span class='ocr_line' id='line_1_159' title="bbox 1379 2482 2406 2524; baseline -0.006 -6"><span class='ocrx_word' id='word_1_1265' title='bbox 1379 2487 1520 2518; x_wconf 70' lang='lat' dir='ltr'>Profe&amp;o</span> <span class='ocrx_word' id='word_1_1266' title='bbox 1567 2487 1640 2517; x_wconf 78' lang='lat' dir='ltr'>etim</span> <span class='ocrx_word' id='word_1_1267' title='bbox 1653 2509 1663 2524; x_wconf 97' lang='lat'>,</span> <span class='ocrx_word' id='word_1_1268' title='bbox 1684 2485 1842 2516; x_wconf 89' lang='lat' dir='ltr'>secundum</span> <span class='ocrx_word' id='word_1_1269' title='bbox 1861 2484 2036 2523; x_wconf 90' lang='lat' dir='ltr'>Apostolum</span> <span class='ocrx_word' id='word_1_1270' title='bbox 2050 2508 2060 2522; x_wconf 90' lang='lat'>,</span> <span class='ocrx_word' id='word_1_1271' title='bbox 2090 2492 2192 2514; x_wconf 88' lang='lat' dir='ltr'>omnes</span> <span class='ocrx_word' id='word_1_1272' title='bbox 2212 2482 2295 2513; x_wconf 84' lang='lat' dir='ltr'>fimus</span> <span class='ocrx_word' id='word_1_1273' title='bbox 2316 2491 2406 2513; x_wconf 88' lang='lat' dir='ltr'>unum</span> 
     </span>
     <span class='ocr_line' id='line_1_160' title="bbox 1342 2510 2407 2564; baseline -0.005 -8"><span class='ocrx_word' id='word_1_1274' title='bbox 1342 2536 1447 2564; x_wconf 88' lang='lat' dir='ltr'>corpus</span> <span class='ocrx_word' id='word_1_1275' title='bbox 1467 2527 1497 2556; x_wconf 91' lang='lat' dir='ltr'>in</span> <span class='ocrx_word' id='word_1_1276' title='bbox 1520 2510 1640 2556; x_wconf 75' lang='lat' dir='ltr'>Christo</span> <span class='ocrx_word' id='word_1_1277' title='bbox 1655 2548 1664 2563; x_wconf 88' lang='lat'>‚</span> <span class='ocrx_word' id='word_1_1278' title='bbox 1682 2534 1743 2554; x_wconf 89' lang='lat' dir='ltr'>nori</span> <span class='ocrx_word' id='word_1_1279' title='bbox 1754 2525 1921 2562; x_wconf 77' lang='lat' dir='ltr'>immerito,</span> <span class='ocrx_word' id='word_1_1280' title='bbox 1937 2533 2006 2555; x_wconf 91' lang='lat' dir='ltr'>cum</span> <span class='ocrx_word' id='word_1_1281' title='bbox 2022 2523 2088 2560; x_wconf 87' lang='lat' dir='ltr'>illis,</span> <span class='ocrx_word' id='word_1_1282' title='bbox 2105 2522 2142 2553; x_wconf 92' lang='lat' dir='ltr'>de</span> <span class='ocrx_word' id='word_1_1283' title='bbox 2156 2521 2257 2561; x_wconf 90' lang='lat' dir='ltr'>quibus</span> <span class='ocrx_word' id='word_1_1284' title='bbox 2270 2521 2407 2560; x_wconf 89' lang='lat' dir='ltr'>scriptum</span> 
     </span>
     <span class='ocr_line' id='line_1_161' title="bbox 1343 2560 2405 2605; baseline -0.005 -11"><span class='ocrx_word' id='word_1_1285' title='bbox 1343 2564 1401 2603; x_wconf 75' lang='lat' dir='ltr'>est,</span> <span class='ocrx_word' id='word_1_1286' title='bbox 1412 2564 1556 2605; x_wconf 76' lang='lat' dir='ltr'>percuffisti</span> <span class='ocrx_word' id='word_1_1287' title='bbox 1577 2575 1619 2594; x_wconf 78' lang='lat' dir='ltr'>eos</span> <span class='ocrx_word' id='word_1_1288' title='bbox 1640 2562 1678 2598; x_wconf 71' lang='lat'>&amp;0</span> <span class='ocrx_word' id='word_1_1289' title='bbox 1694 2575 1747 2593; x_wconf 84' lang='lat' dir='ltr'>mm</span> <span class='ocrx_word' id='word_1_1290' title='bbox 1767 2562 1926 2601; x_wconf 78' lang='lat' dir='ltr'>doluerunt,</span> <span class='ocrx_word' id='word_1_1291' title='bbox 1941 2561 2152 2593; x_wconf 87' lang='lat' dir='ltr'>insensibilitatis</span> <span class='ocrx_word' id='word_1_1292' title='bbox 2164 2562 2306 2598; x_wconf 87' lang='lat' dir='ltr'>arguitur,</span> <span class='ocrx_word' id='word_1_1293' title='bbox 2327 2560 2405 2598; x_wconf 89' lang='lat' dir='ltr'>quis-</span> 
     </span>
     <span class='ocr_line' id='line_1_162' title="bbox 1343 2599 2407 2641; baseline -0.007 -7"><span class='ocrx_word' id='word_1_1294' title='bbox 1343 2605 1405 2640; x_wconf 87' lang='lat' dir='ltr'>quis</span> <span class='ocrx_word' id='word_1_1295' title='bbox 1418 2613 1524 2634; x_wconf 87' lang='lat' dir='ltr'>tantam</span> <span class='ocrx_word' id='word_1_1296' title='bbox 1539 2604 1619 2641; x_wconf 85' lang='lat' dir='ltr'>hujus</span> <span class='ocrx_word' id='word_1_1297' title='bbox 1633 2601 1720 2632; x_wconf 89' lang='lat' dir='ltr'>nostri</span> <span class='ocrx_word' id='word_1_1298' title='bbox 1734 2602 1863 2640; x_wconf 87' lang='lat' dir='ltr'>corporis</span> <span class='ocrx_word' id='word_1_1299' title='bbox 1879 2601 2104 2638; x_wconf 86' lang='lat' dir='ltr'>mutilationem,</span> <span class='ocrx_word' id='word_1_1300' title='bbox 2123 2599 2344 2637; x_wconf 68' lang='lat' dir='ltr'>praediCtorum,</span> <span class='ocrx_word' id='word_1_1301' title='bbox 2362 2599 2407 2628; x_wconf 91' lang='lat' dir='ltr'>vi-</span> 
     </span>
     <span class='ocr_line' id='line_1_163' title="bbox 1341 2637 2408 2680; baseline -0.005 -9"><span class='ocrx_word' id='word_1_1302' title='bbox 1341 2641 1462 2680; x_wconf 91' lang='lat' dir='ltr'>delicet,</span> <span class='ocrx_word' id='word_1_1303' title='bbox 1479 2642 1639 2674; x_wconf 87' lang='lat' dir='ltr'>incolarum</span> <span class='ocrx_word' id='word_1_1304' title='bbox 1652 2651 1713 2671; x_wconf 91' lang='lat' dir='ltr'>non</span> <span class='ocrx_word' id='word_1_1305' title='bbox 1725 2640 1808 2671; x_wconf 88' lang='lat' dir='ltr'>sentit</span> <span class='ocrx_word' id='word_1_1306' title='bbox 1823 2639 1982 2677; x_wconf 88' lang='lat' dir='ltr'>excidium,</span> <span class='ocrx_word' id='word_1_1307' title='bbox 1999 2640 2034 2670; x_wconf 92' lang='lat'>&amp;</span> <span class='ocrx_word' id='word_1_1308' title='bbox 2047 2648 2107 2669; x_wconf 85' lang='lat' dir='ltr'>tarn</span> <span class='ocrx_word' id='word_1_1309' title='bbox 2120 2639 2241 2678; x_wconf 88' lang='lat' dir='ltr'>graviter</span> <span class='ocrx_word' id='word_1_1310' title='bbox 2253 2637 2331 2678; x_wconf 87' lang='lat' dir='ltr'>argui</span> <span class='ocrx_word' id='word_1_1311' title='bbox 2347 2645 2408 2667; x_wconf 91' lang='lat' dir='ltr'>non</span> 
     </span>
     <span class='ocr_line' id='line_1_164' title="bbox 1341 2688 1462 2711; baseline -0.008 -1"><span class='ocrx_word' id='word_1_1312' title='bbox 1341 2688 1462 2711; x_wconf 71' lang='lat' dir='ltr'>veretur.</span> 
     </span>
    </p>

    <p class='ocr_par' dir='ltr' id='par_1_32' title="bbox 1344 2710 2416 3257">
     <span class='ocr_line' id='line_1_165' title="bbox 1382 2710 2410 2758; baseline -0.007 -8"><span class='ocrx_word' id='word_1_1313' title='bbox 1382 2719 1577 2758; x_wconf 88' lang='lat' dir='ltr'>Accingimini</span> <span class='ocrx_word' id='word_1_1314' title='bbox 1595 2728 1625 2748; x_wconf 93' lang='lat' dir='ltr'>er</span> <span class='ocrx_word' id='word_1_1315' title='bbox 1644 2728 1664 2747; x_wconf 95' lang='lat' dir='ltr'>o</span> <span class='ocrx_word' id='word_1_1316' title='bbox 1686 2716 1794 2746; x_wconf 85' lang='lat' dir='ltr'>Christi</span> <span class='ocrx_word' id='word_1_1317' title='bbox 1814 2715 1931 2754; x_wconf 86' lang='lat' dir='ltr'>fideles,</span> <span class='ocrx_word' id='word_1_1318' title='bbox 1955 2715 1989 2745; x_wconf 92' lang='lat'>&amp;</span> <span class='ocrx_word' id='word_1_1319' title='bbox 2011 2710 2061 2753; x_wconf 89' lang='lat' dir='ltr'>qui</span> <span class='ocrx_word' id='word_1_1320' title='bbox 2081 2713 2240 2744; x_wconf 82' lang='lat' dir='ltr'>Christiana</span> <span class='ocrx_word' id='word_1_1321' title='bbox 2254 2712 2410 2752; x_wconf 88' lang='lat' dir='ltr'>Religione</span> 
     </span>
     <span class='ocr_line' id='line_1_166' title="bbox 1344 2750 2408 2795; baseline -0.006 -7"><span class='ocrx_word' id='word_1_1322' title='bbox 1344 2758 1521 2795; x_wconf 87' lang='lat' dir='ltr'>censemini,</span> <span class='ocrx_word' id='word_1_1323' title='bbox 1545 2766 1597 2788; x_wconf 90' lang='lat' dir='ltr'>vos</span> <span class='ocrx_word' id='word_1_1324' title='bbox 1647 2754 1794 2785; x_wconf 87' lang='lat' dir='ltr'>hristianos</span> <span class='ocrx_word' id='word_1_1325' title='bbox 1812 2754 1869 2785; x_wconf 81' lang='lat' dir='ltr'>effe</span> <span class='ocrx_word' id='word_1_1326' title='bbox 1896 2754 1990 2792; x_wconf 89' lang='lat' dir='ltr'>operis</span> <span class='ocrx_word' id='word_1_1327' title='bbox 2006 2752 2206 2790; x_wconf 90' lang='lat' dir='ltr'>prosecutione</span> <span class='ocrx_word' id='word_1_1328' title='bbox 2228 2750 2408 2782; x_wconf 84' lang='lat' dir='ltr'>monstrate:</span> 
     </span>
     <span class='ocr_line' id='line_1_167' title="bbox 1345 2790 2408 2834; baseline -0.007 -8"><span class='ocrx_word' id='word_1_1329' title='bbox 1345 2797 1480 2834; x_wconf 90' lang='lat' dir='ltr'>Accipite</span> <span class='ocrx_word' id='word_1_1330' title='bbox 1492 2795 1648 2826; x_wconf 88' lang='lat' dir='ltr'>devotione</span> <span class='ocrx_word' id='word_1_1331' title='bbox 1660 2818 1670 2832; x_wconf 90' lang='lat'>,</span> <span class='ocrx_word' id='word_1_1332' title='bbox 1690 2793 1748 2831; x_wconf 70' lang='lat' dir='ltr'>qua</span> <span class='ocrx_word' id='word_1_1333' title='bbox 1762 2793 1846 2824; x_wconf 89' lang='lat' dir='ltr'>decet</span> <span class='ocrx_word' id='word_1_1334' title='bbox 1859 2815 1869 2831; x_wconf 90' lang='lat'>,</span> <span class='ocrx_word' id='word_1_1335' title='bbox 1891 2791 2015 2823; x_wconf 89' lang='lat' dir='ltr'>vivificae</span> <span class='ocrx_word' id='word_1_1336' title='bbox 2037 2791 2130 2822; x_wconf 87' lang='lat' dir='ltr'>crucis</span> <span class='ocrx_word' id='word_1_1337' title='bbox 2151 2790 2279 2830; x_wconf 71' lang='lat' dir='ltr'>signum,</span> <span class='ocrx_word' id='word_1_1338' title='bbox 2298 2790 2365 2820; x_wconf 88' lang='lat' dir='ltr'>illud</span> <span class='ocrx_word' id='word_1_1339' title='bbox 2378 2791 2408 2819; x_wconf 88' lang='lat' dir='ltr'>in</span> 
     </span>
     <span class='ocr_line' id='line_1_168' title="bbox 1345 2828 2413 2867; baseline -0.007 -1"><span class='ocrx_word' id='word_1_1340' title='bbox 1345 2835 1575 2866; x_wconf 75' lang='lat' dir='ltr'>considerationis</span> <span class='ocrx_word' id='word_1_1341' title='bbox 1588 2832 1687 2864; x_wconf 84' lang='lat' dir='ltr'>vestrae</span> <span class='ocrx_word' id='word_1_1342' title='bbox 1699 2831 1866 2863; x_wconf 90' lang='lat' dir='ltr'>scrutinium</span> <span class='ocrx_word' id='word_1_1343' title='bbox 1882 2828 2156 2867; x_wconf 81' lang='lat' dir='ltr'>deducentes,quod</span> <span class='ocrx_word' id='word_1_1344' title='bbox 2170 2829 2250 2866; x_wconf 83' lang='lat' dir='ltr'>viris,</span> <span class='ocrx_word' id='word_1_1345' title='bbox 2260 2837 2413 2867; x_wconf 80' lang='lat' dir='ltr'>quantum-</span> 
     </span>
     <span class='ocr_line' id='line_1_169' title="bbox 1347 2867 2413 2912; baseline -0.007 -7"><span class='ocrx_word' id='word_1_1346' title='bbox 1347 2883 1473 2912; x_wconf 91' lang='lat' dir='ltr'>cumque</span> <span class='ocrx_word' id='word_1_1347' title='bbox 1487 2871 1667 2912; x_wconf 86' lang='lat' dir='ltr'>magnificis,</span> <span class='ocrx_word' id='word_1_1348' title='bbox 1693 2879 1923 2909; x_wconf 69' lang='lat' dir='ltr'>quantacumque</span> <span class='ocrx_word' id='word_1_1349' title='bbox 1942 2868 2076 2908; x_wconf 88' lang='lat' dir='ltr'>dignitate</span> <span class='ocrx_word' id='word_1_1350' title='bbox 2098 2867 2219 2906; x_wconf 87' lang='lat' dir='ltr'>praeditis</span> <span class='ocrx_word' id='word_1_1351' title='bbox 2236 2868 2270 2898; x_wconf 91' lang='lat'>&amp;</span> <span class='ocrx_word' id='word_1_1352' title='bbox 2290 2868 2413 2905; x_wconf 88' lang='lat' dir='ltr'>virtute,</span> 
     </span>
     <span class='ocr_line' id='line_1_170' title="bbox 1347 2905 2412 2952; baseline -0.008 -9"><span class='ocrx_word' id='word_1_1353' title='bbox 1347 2913 1382 2943; x_wconf 90' lang='lat' dir='ltr'>ad</span> <span class='ocrx_word' id='word_1_1354' title='bbox 1394 2912 1515 2952; x_wconf 88' lang='lat' dir='ltr'>gloriam</span> <span class='ocrx_word' id='word_1_1355' title='bbox 1529 2920 1659 2951; x_wconf 88' lang='lat' dir='ltr'>magnam</span> <span class='ocrx_word' id='word_1_1356' title='bbox 1672 2909 1833 2946; x_wconf 85' lang='lat' dir='ltr'>ascribitur,</span> <span class='ocrx_word' id='word_1_1357' title='bbox 1849 2908 1869 2938; x_wconf 88' lang='lat' dir='ltr'><strong>fi</strong></span> <span class='ocrx_word' id='word_1_1358' title='bbox 1882 2909 1919 2938; x_wconf 90' lang='lat' dir='ltr'>eis</span> <span class='ocrx_word' id='word_1_1359' title='bbox 1928 2932 1937 2946; x_wconf 90' lang='lat'>,</span> <span class='ocrx_word' id='word_1_1360' title='bbox 1957 2908 2058 2946; x_wconf 91' lang='lat' dir='ltr'>quovis</span> <span class='ocrx_word' id='word_1_1361' title='bbox 2073 2907 2102 2936; x_wconf 91' lang='lat' dir='ltr'>in</span> <span class='ocrx_word' id='word_1_1362' title='bbox 2118 2905 2412 2945; x_wconf 84' lang='lat' dir='ltr'>bello,dominorum</span> 
     </span>
     <span class='ocr_line' id='line_1_171' title="bbox 1348 2945 2413 2990; baseline -0.008 -8"><span class='ocrx_word' id='word_1_1363' title='bbox 1348 2951 1462 2990; x_wconf 86' lang='lat' dir='ltr'>insignia</span> <span class='ocrx_word' id='word_1_1364' title='bbox 1479 2959 1577 2990; x_wconf 91' lang='lat' dir='ltr'>gerere</span> <span class='ocrx_word' id='word_1_1365' title='bbox 1593 2948 1786 2986; x_wconf 89' lang='lat' dir='ltr'>concedatur,</span> <span class='ocrx_word' id='word_1_1366' title='bbox 1803 2947 1853 2977; x_wconf 91' lang='lat' dir='ltr'>sub</span> <span class='ocrx_word' id='word_1_1367' title='bbox 1867 2947 1969 2985; x_wconf 91' lang='lat' dir='ltr'>quibus</span> <span class='ocrx_word' id='word_1_1368' title='bbox 1991 2945 2134 2982; x_wconf 87' lang='lat' dir='ltr'>contingit</span> <span class='ocrx_word' id='word_1_1369' title='bbox 2154 2945 2332 2983; x_wconf 87' lang='lat' dir='ltr'>frequenter,</span> <span class='ocrx_word' id='word_1_1370' title='bbox 2351 2953 2413 2974; x_wconf 91' lang='lat' dir='ltr'>non</span> 
     </span>
     <span class='ocr_line' id='line_1_172' title="bbox 1348 2983 2414 3024; baseline -0.009 -2"><span class='ocrx_word' id='word_1_1371' title='bbox 1348 2991 1406 3022; x_wconf 86' lang='lat' dir='ltr'>fine</span> <span class='ocrx_word' id='word_1_1372' title='bbox 1427 2988 1516 3020; x_wconf 83' lang='lat' dir='ltr'>salutis</span> <span class='ocrx_word' id='word_1_1373' title='bbox 1536 2997 1650 3019; x_wconf 71' lang='lat' dir='ltr'>aeternae</span> <span class='ocrx_word' id='word_1_1374' title='bbox 1671 2987 1832 3018; x_wconf 90' lang='lat' dir='ltr'>discrimine</span> <span class='ocrx_word' id='word_1_1375' title='bbox 1845 3010 1854 3024; x_wconf 83' lang='lat'>,</span> <span class='ocrx_word' id='word_1_1376' title='bbox 1882 2985 1983 3015; x_wconf 87' lang='lat' dir='ltr'>mortis</span> <span class='ocrx_word' id='word_1_1377' title='bbox 1996 2985 2088 3015; x_wconf 90' lang='lat' dir='ltr'>subire</span> <span class='ocrx_word' id='word_1_1378' title='bbox 2100 2983 2276 3022; x_wconf 89' lang='lat' dir='ltr'>periculum,</span> <span class='ocrx_word' id='word_1_1379' title='bbox 2294 2983 2344 3014; x_wconf 89' lang='lat' dir='ltr'>sub</span> <span class='ocrx_word' id='word_1_1380' title='bbox 2361 2992 2414 3013; x_wconf 86' lang='lat' dir='ltr'>cu-</span> 
     </span>
     <span class='ocr_line' id='line_1_173' title="bbox 1346 3022 2414 3070; baseline -0.009 -10"><span class='ocrx_word' id='word_1_1381' title='bbox 1346 3029 1459 3070; x_wconf 89' lang='lat' dir='ltr'>jussibet</span> <span class='ocrx_word' id='word_1_1382' title='bbox 1480 3027 1714 3058; x_wconf 86' lang='lat' dir='ltr'>remunerationis</span> <span class='ocrx_word' id='word_1_1383' title='bbox 1731 3027 1844 3056; x_wconf 88' lang='lat' dir='ltr'>incerto</span> <span class='ocrx_word' id='word_1_1384' title='bbox 1859 3034 1866 3053; x_wconf 88' lang='lat'>·.</span> <span class='ocrx_word' id='word_1_1385' title='bbox 1926 3031 2012 3054; x_wconf 88' lang='lat' dir='ltr'>uanto</span> <span class='ocrx_word' id='word_1_1386' title='bbox 2026 3024 2108 3062; x_wconf 86' lang='lat' dir='ltr'>igitur</span> <span class='ocrx_word' id='word_1_1387' title='bbox 2125 3022 2290 3062; x_wconf 84' lang='lat' dir='ltr'>gloriosius,</span> <span class='ocrx_word' id='word_1_1388' title='bbox 2305 3029 2414 3059; x_wconf 89' lang='lat' dir='ltr'>quanto</span> 
     </span>
     <span class='ocr_line' id='line_1_174' title="bbox 1350 3059 2414 3105; baseline -0.009 -6"><span class='ocrx_word' id='word_1_1389' title='bbox 1350 3068 1469 3100; x_wconf 91' lang='lat' dir='ltr'>securius</span> <span class='ocrx_word' id='word_1_1390' title='bbox 1488 3066 1577 3105; x_wconf 84' lang='lat' dir='ltr'>Regis</span> <span class='ocrx_word' id='word_1_1391' title='bbox 1598 3065 1738 3104; x_wconf 84' lang='lat' dir='ltr'>Regum,</span> <span class='ocrx_word' id='word_1_1392' title='bbox 1763 3065 1793 3093; x_wconf 94' lang='lat' dir='ltr'>in</span> <span class='ocrx_word' id='word_1_1393' title='bbox 1815 3064 1872 3093; x_wconf 73' lang='lat' dir='ltr'>e‘us</span> <span class='ocrx_word' id='word_1_1394' title='bbox 1894 3063 1914 3093; x_wconf 94' lang='lat' dir='ltr'>b</span> <span class='ocrx_word' id='word_1_1395' title='bbox 1951 3072 1990 3100; x_wconf 89' lang='lat' dir='ltr'>o,</span> <span class='ocrx_word' id='word_1_1396' title='bbox 2007 3062 2192 3092; x_wconf 73' lang='lat' dir='ltr'>victoriosum</span> <span class='ocrx_word' id='word_1_1397' title='bbox 2207 3060 2313 3100; x_wconf 86' lang='lat' dir='ltr'>gestare</span> <span class='ocrx_word' id='word_1_1398' title='bbox 2325 3059 2414 3089; x_wconf 78' lang='lat' dir='ltr'>vexil-</span> 
     </span>
     <span class='ocr_line' id='line_1_175' title="bbox 1351 3098 2416 3145; baseline -0.01 -7"><span class='ocrx_word' id='word_1_1399' title='bbox 1351 3109 1430 3145; x_wconf 70' lang='lat' dir='ltr'>lum,</span> <span class='ocrx_word' id='word_1_1400' title='bbox 1446 3104 1630 3143; x_wconf 86' lang='lat' dir='ltr'>salutiferam,</span> <span class='ocrx_word' id='word_1_1401' title='bbox 1647 3102 1797 3139; x_wconf 88' lang='lat' dir='ltr'>videlicet,</span> <span class='ocrx_word' id='word_1_1402' title='bbox 1843 3101 1921 3132; x_wconf 91' lang='lat' dir='ltr'>hristi</span> <span class='ocrx_word' id='word_1_1403' title='bbox 1935 3100 2075 3133; x_wconf 89' lang='lat' dir='ltr'>crucem?</span> <span class='ocrx_word' id='word_1_1404' title='bbox 2094 3099 2144 3130; x_wconf 89' lang='lat' dir='ltr'>sub</span> <span class='ocrx_word' id='word_1_1405' title='bbox 2157 3099 2213 3138; x_wconf 72' lang='lat' dir='ltr'>qua</span> <span class='ocrx_word' id='word_1_1406' title='bbox 2228 3121 2239 3137; x_wconf 84' lang='grc'>,</span> <span class='ocrx_word' id='word_1_1407' title='bbox 2257 3098 2416 3129; x_wconf 89' lang='lat' dir='ltr'>devotione</span> 
     </span>
     <span class='ocr_line' id='line_1_176' title="bbox 1351 3135 2415 3185; baseline -0.01 -9"><span class='ocrx_word' id='word_1_1408' title='bbox 1351 3143 1494 3185; x_wconf 62' lang='lat' dir='ltr'>congruit,</span> <span class='ocrx_word' id='word_1_1409' title='bbox 1511 3153 1584 3183; x_wconf 88' lang='lat' dir='ltr'>puro</span> <span class='ocrx_word' id='word_1_1410' title='bbox 1596 3141 1685 3174; x_wconf 91' lang='lat' dir='ltr'>corde</span> <span class='ocrx_word' id='word_1_1411' title='bbox 1698 3140 1841 3180; x_wconf 73' lang='lat' dir='ltr'>suscepta,</span> <span class='ocrx_word' id='word_1_1412' title='bbox 1859 3148 2036 3178; x_wconf 90' lang='lat' dir='ltr'>conceptum</span> <span class='ocrx_word' id='word_1_1413' title='bbox 2052 3138 2285 3177; x_wconf 89' lang='lat' dir='ltr'>prosequentibus</span> <span class='ocrx_word' id='word_1_1414' title='bbox 2301 3135 2415 3166; x_wconf 90' lang='lat' dir='ltr'>mundi-</span> 
     </span>
     <span class='ocr_line' id='line_1_177' title="bbox 1351 3177 2415 3219; baseline -0.009 -4"><span class='ocrx_word' id='word_1_1415' title='bbox 1351 3185 1391 3216; x_wconf 72' lang='lat' dir='ltr'>tia</span> <span class='ocrx_word' id='word_1_1416' title='bbox 1405 3181 1569 3214; x_wconf 71' lang='lat' dir='ltr'>continuata</span> <span class='ocrx_word' id='word_1_1417' title='bbox 1580 3179 1773 3219; x_wconf 87' lang='lat' dir='ltr'>propositum,</span> <span class='ocrx_word' id='word_1_1418' title='bbox 1791 3180 1882 3218; x_wconf 89' lang='lat' dir='ltr'>mori,</span> <span class='ocrx_word' id='word_1_1419' title='bbox 1901 3178 1944 3209; x_wconf 86' lang='lat' dir='ltr'>est</span> <span class='ocrx_word' id='word_1_1420' title='bbox 1957 3179 2024 3209; x_wconf 78' lang='lat' dir='ltr'>vitae</span> <span class='ocrx_word' id='word_1_1421' title='bbox 2039 3178 2168 3215; x_wconf 89' lang='lat' dir='ltr'>perennis</span> <span class='ocrx_word' id='word_1_1422' title='bbox 2183 3177 2310 3214; x_wconf 72' lang='lat' dir='ltr'>initium,</span> <span class='ocrx_word' id='word_1_1423' title='bbox 2327 3183 2415 3216; x_wconf 76' lang='lat' dir='ltr'>traris7</span> 
     </span>
     <span class='ocr_line' id='line_1_178' title="bbox 1352 3214 2234 3257; baseline -0.011 -3"><span class='ocrx_word' id='word_1_1424' title='bbox 1352 3224 1444 3255; x_wconf 84' lang='lat' dir='ltr'>itoriae</span> <span class='ocrx_word' id='word_1_1425' title='bbox 1458 3221 1559 3252; x_wconf 90' lang='lat' dir='ltr'>mortis</span> <span class='ocrx_word' id='word_1_1426' title='bbox 1571 3220 1648 3257; x_wconf 88' lang='lat' dir='ltr'>finis,</span> <span class='ocrx_word' id='word_1_1427' title='bbox 1666 3219 1858 3250; x_wconf 87' lang='lat' dir='ltr'>retributionis</span> <span class='ocrx_word' id='word_1_1428' title='bbox 1873 3216 2069 3248; x_wconf 88' lang='lat' dir='ltr'>inextimabilis</span> <span class='ocrx_word' id='word_1_1429' title='bbox 2082 3214 2234 3247; x_wconf 86' lang='lat' dir='ltr'>certitudo.</span> 
     </span>
    </p>

    <p class='ocr_par' dir='ltr' id='par_1_33' title="bbox 1352 3250 2417 3605">
     <span class='ocr_line' id='line_1_179' title="bbox 1392 3250 2416 3298; baseline -0.01 -6"><span class='ocrx_word' id='word_1_1430' title='bbox 1392 3260 1547 3298; x_wconf 87' lang='lat' dir='ltr'>Festinate,</span> <span class='ocrx_word' id='word_1_1431' title='bbox 1563 3260 1656 3296; x_wconf 90' lang='lat' dir='ltr'>itaque</span> <span class='ocrx_word' id='word_1_1432' title='bbox 1664 3281 1673 3295; x_wconf 85' lang='lat'>,</span> <span class='ocrx_word' id='word_1_1433' title='bbox 1686 3256 1827 3288; x_wconf 82' lang='lat' dir='ltr'>festinate:</span> <span class='ocrx_word' id='word_1_1434' title='bbox 1846 3257 1881 3287; x_wconf 90' lang='lat' dir='ltr'>ad</span> <span class='ocrx_word' id='word_1_1435' title='bbox 1896 3256 1987 3287; x_wconf 88' lang='lat' dir='ltr'>salutis</span> <span class='ocrx_word' id='word_1_1436' title='bbox 1999 3254 2100 3286; x_wconf 82' lang='lat' dir='ltr'>vestrae</span> <span class='ocrx_word' id='word_1_1437' title='bbox 2113 3261 2262 3292; x_wconf 86' lang='lat' dir='ltr'>properate</span> <span class='ocrx_word' id='word_1_1438' title='bbox 2274 3250 2416 3290; x_wconf 65' lang='lat' dir='ltr'>comperi-r</span> 
     </span>
     <span class='ocr_line' id='line_1_180' title="bbox 1352 3290 2416 3334; baseline -0.012 -2"><span class='ocrx_word' id='word_1_1439' title='bbox 1352 3300 1446 3332; x_wconf 86' lang='lat' dir='ltr'>dium:</span> <span class='ocrx_word' id='word_1_1440' title='bbox 1465 3298 1515 3329; x_wconf 90' lang='lat' dir='ltr'>Co</span> <span class='ocrx_word' id='word_1_1441' title='bbox 1570 3307 1599 3328; x_wconf 87' lang='lat' dir='ltr'>ra</span> <span class='ocrx_word' id='word_1_1442' title='bbox 1613 3296 1720 3334; x_wconf 87' lang='lat' dir='ltr'>vestra,</span> <span class='ocrx_word' id='word_1_1443' title='bbox 1737 3297 1770 3327; x_wconf 65' lang='grc' dir='ltr'>ὃς</span> <span class='ocrx_word' id='word_1_1444' title='bbox 1785 3295 1873 3327; x_wconf 89' lang='lat' dir='ltr'>corda</span> <span class='ocrx_word' id='word_1_1445' title='bbox 1894 3296 1994 3333; x_wconf 88' lang='lat' dir='ltr'>pariter</span> <span class='ocrx_word' id='word_1_1446' title='bbox 2006 3318 2016 3332; x_wconf 87' lang='lat'>,</span> <span class='ocrx_word' id='word_1_1447' title='bbox 2042 3292 2166 3331; x_wconf 85' lang='lat' dir='ltr'>ejusdem</span> <span class='ocrx_word' id='word_1_1448' title='bbox 2185 3290 2309 3323; x_wconf 66' lang='lat' dir='ltr'>vivifica:</span> <span class='ocrx_word' id='word_1_1449' title='bbox 2322 3291 2416 3322; x_wconf 83' lang='lat' dir='ltr'>crucis</span> 
     </span>
     <span class='ocr_line' id='line_1_181' title="bbox 1353 3327 2416 3378; baseline -0.01 -9"><span class='ocrx_word' id='word_1_1450' title='bbox 1353 3340 1450 3378; x_wconf 85' lang='lat' dir='ltr'>figno,</span> <span class='ocrx_word' id='word_1_1451' title='bbox 1468 3339 1497 3367; x_wconf 90' lang='lat' dir='ltr'>in</span> <span class='ocrx_word' id='word_1_1452' title='bbox 1541 3345 1611 3366; x_wconf 86' lang='lat' dir='ltr'>errae</span> <span class='ocrx_word' id='word_1_1453' title='bbox 1623 3335 1747 3373; x_wconf 81' lang='lat' dir='ltr'>praefatae</span> <span class='ocrx_word' id='word_1_1454' title='bbox 1759 3334 1910 3365; x_wconf 86' lang='lat' dir='ltr'>subsidium</span> <span class='ocrx_word' id='word_1_1455' title='bbox 1922 3332 2068 3372; x_wconf 75' lang='lat' dir='ltr'>insignite,</span> <span class='ocrx_word' id='word_1_1456' title='bbox 2082 3341 2161 3361; x_wconf 89' lang='lat' dir='ltr'>nunc</span> <span class='ocrx_word' id='word_1_1457' title='bbox 2175 3327 2416 3369; x_wconf 80' lang='lat' dir='ltr'>praecipue‚diim</span> 
     </span>
     <span class='ocr_line' id='line_1_182' title="bbox 1355 3367 2417 3417; baseline -0.012 -7"><span class='ocrx_word' id='word_1_1458' title='bbox 1355 3377 1436 3417; x_wconf 90' lang='lat' dir='ltr'>ipsius</span> <span class='ocrx_word' id='word_1_1459' title='bbox 1455 3377 1556 3407; x_wconf 85' lang='lat' dir='ltr'>Terrae</span> <span class='ocrx_word' id='word_1_1460' title='bbox 1575 3374 1724 3404; x_wconf 89' lang='lat' dir='ltr'>subventio</span> <span class='ocrx_word' id='word_1_1461' title='bbox 1749 3373 1858 3412; x_wconf 84' lang='lat' dir='ltr'>(multis</span> <span class='ocrx_word' id='word_1_1462' title='bbox 1879 3372 1915 3402; x_wconf 90' lang='lat' dir='ltr'>ab</span> <span class='ocrx_word' id='word_1_1463' title='bbox 1935 3371 2006 3402; x_wconf 92' lang='lat' dir='ltr'>olim</span> <span class='ocrx_word' id='word_1_1464' title='bbox 2029 3380 2080 3410; x_wconf 86' lang='lat' dir='ltr'>per</span> <span class='ocrx_word' id='word_1_1465' title='bbox 2100 3369 2194 3400; x_wconf 90' lang='lat' dir='ltr'>sedem</span> <span class='ocrx_word' id='word_1_1466' title='bbox 2217 3367 2417 3410; x_wconf 66' lang='lat' dir='ltr'>Apostolicarp</span> 
     </span>
     <span class='ocr_line' id='line_1_183' title="bbox 1356 3403 2417 3455; baseline -0.01 -9"><span class='ocrx_word' id='word_1_1467' title='bbox 1356 3415 1488 3455; x_wconf 76' lang='lat' dir='ltr'>exquisita</span> <span class='ocrx_word' id='word_1_1468' title='bbox 1508 3414 1535 3444; x_wconf 79' lang='lat' dir='ltr'>v‘</span> <span class='ocrx_word' id='word_1_1469' title='bbox 1559 3412 1606 3442; x_wconf 88' lang='lat' dir='ltr'>&#39;liis</span> <span class='ocrx_word' id='word_1_1470' title='bbox 1620 3437 1628 3451; x_wconf 90' lang='lat'>,</span> <span class='ocrx_word' id='word_1_1471' title='bbox 1655 3412 1752 3443; x_wconf 88' lang='lat' dir='ltr'>multis</span> <span class='ocrx_word' id='word_1_1472' title='bbox 1772 3411 1914 3442; x_wconf 88' lang='lat' dir='ltr'>laboribus</span> <span class='ocrx_word' id='word_1_1473' title='bbox 1935 3411 1969 3441; x_wconf 92' lang='lat'>&amp;</span> <span class='ocrx_word' id='word_1_1474' title='bbox 1983 3409 2117 3439; x_wconf 88' lang='lat' dir='ltr'>oneribus</span> <span class='ocrx_word' id='word_1_1475' title='bbox 2130 3414 2296 3446; x_wconf 72' lang='lat' dir='ltr'>procurata,</span> <span class='ocrx_word' id='word_1_1476' title='bbox 2313 3404 2359 3437; x_wconf 94' lang='lat' dir='ltr'>sed</span> <span class='ocrx_word' id='word_1_1477' title='bbox 2371 3403 2417 3445; x_wconf 24' lang='lat' dir='ltr'>,di-</span> 
     </span>
     <span class='ocr_line' id='line_1_184' title="bbox 1355 3444 2416 3488; baseline -0.012 -2"><span class='ocrx_word' id='word_1_1478' title='bbox 1355 3455 1439 3488; x_wconf 88' lang='lat' dir='ltr'>versis</span> <span class='ocrx_word' id='word_1_1479' title='bbox 1460 3454 1494 3485; x_wconf 89' lang='lat'>&amp;</span> <span class='ocrx_word' id='word_1_1480' title='bbox 1515 3462 1530 3481; x_wconf 88' lang='lat' dir='ltr'>a</span> <span class='ocrx_word' id='word_1_1481' title='bbox 1551 3451 1634 3481; x_wconf 86' lang='lat' dir='ltr'>versis</span> <span class='ocrx_word' id='word_1_1482' title='bbox 1656 3451 1804 3483; x_wconf 88' lang='lat' dir='ltr'>eventibus</span> <span class='ocrx_word' id='word_1_1483' title='bbox 1823 3449 1926 3480; x_wconf 89' lang='lat' dir='ltr'>diutius</span> <span class='ocrx_word' id='word_1_1484' title='bbox 1943 3447 2090 3487; x_wconf 87' lang='lat' dir='ltr'>impedita)</span> <span class='ocrx_word' id='word_1_1485' title='bbox 2111 3445 2224 3483; x_wconf 73' lang='lat' dir='ltr'>divina,</span> <span class='ocrx_word' id='word_1_1486' title='bbox 2241 3452 2274 3475; x_wconf 88' lang='lat' dir='ltr'>ut</span> <span class='ocrx_word' id='word_1_1487' title='bbox 2285 3444 2416 3485; x_wconf 60' lang='lat' dir='ltr'>supponit</span> 
     </span>
     <span class='ocr_line' id='line_1_185' title="bbox 1356 3482 2416 3527; baseline -0.014 -2"><span class='ocrx_word' id='word_1_1488' title='bbox 1356 3495 1461 3525; x_wconf 77' lang='lat' dir='ltr'>devota</span> <span class='ocrx_word' id='word_1_1489' title='bbox 1473 3489 1620 3522; x_wconf 88' lang='lat' dir='ltr'>credulitas</span> <span class='ocrx_word' id='word_1_1490' title='bbox 1634 3513 1643 3527; x_wconf 88' lang='lat'>,</span> <span class='ocrx_word' id='word_1_1491' title='bbox 1665 3489 1827 3527; x_wconf 89' lang='lat' dir='ltr'>provisione</span> <span class='ocrx_word' id='word_1_1492' title='bbox 1840 3488 1983 3527; x_wconf 87' lang='lat' dir='ltr'>dirigitur,</span> <span class='ocrx_word' id='word_1_1493' title='bbox 2002 3487 2036 3517; x_wconf 73' lang='grc' dir='ltr'>δε</span> <span class='ocrx_word' id='word_1_1494' title='bbox 2049 3485 2084 3516; x_wconf 92' lang='lat' dir='ltr'>ad</span> <span class='ocrx_word' id='word_1_1495' title='bbox 2099 3482 2245 3523; x_wconf 86' lang='lat' dir='ltr'>expiandas</span> <span class='ocrx_word' id='word_1_1496' title='bbox 2259 3482 2358 3525; x_wconf 77' lang='lat' dir='ltr'>Terrae</span> <span class='ocrx_word' id='word_1_1497' title='bbox 2371 3489 2416 3517; x_wconf 84' lang='lat' dir='ltr'>ip-</span> 
     </span>
     <span class='ocr_line' id='line_1_186' title="bbox 1358 3521 2417 3569; baseline -0.014 -7"><span class='ocrx_word' id='word_1_1498' title='bbox 1358 3533 1410 3563; x_wconf 87' lang='lat' dir='ltr'>fius</span> <span class='ocrx_word' id='word_1_1499' title='bbox 1423 3528 1558 3569; x_wconf 83' lang='lat' dir='ltr'>angustias</span> <span class='ocrx_word' id='word_1_1500' title='bbox 1570 3552 1580 3566; x_wconf 86' lang='lat'>,</span> <span class='ocrx_word' id='word_1_1501' title='bbox 1603 3537 1738 3566; x_wconf 79' lang='lat' dir='ltr'>eamque,</span> <span class='ocrx_word' id='word_1_1502' title='bbox 1757 3535 1891 3565; x_wconf 86' lang='lat' dir='ltr'>quatenus</span> <span class='ocrx_word' id='word_1_1503' title='bbox 1913 3532 2053 3562; x_wconf 89' lang='lat' dir='ltr'>occupata</span> <span class='ocrx_word' id='word_1_1504' title='bbox 2066 3531 2192 3560; x_wconf 86' lang='lat' dir='ltr'>tenetur,</span> <span class='ocrx_word' id='word_1_1505' title='bbox 2210 3521 2246 3552; x_wconf 90' lang='lat' dir='ltr'>de</span> <span class='ocrx_word' id='word_1_1506' title='bbox 2259 3521 2417 3557; x_wconf 87' lang='lat' dir='ltr'>impiorum</span> 
     </span>
     <span class='ocr_line' id='line_1_187' title="bbox 1357 3560 2416 3605; baseline -0.013 -4"><span class='ocrx_word' id='word_1_1507' title='bbox 1357 3570 1488 3602; x_wconf 88' lang='lat' dir='ltr'>manibus</span> <span class='ocrx_word' id='word_1_1508' title='bbox 1505 3566 1658 3598; x_wconf 78' lang='lat' dir='ltr'>emendam</span> <span class='ocrx_word' id='word_1_1509' title='bbox 1671 3590 1681 3605; x_wconf 86' lang='lat'>,</span> <span class='ocrx_word' id='word_1_1510' title='bbox 1706 3565 1861 3597; x_wconf 85' lang='lat' dir='ltr'>efficaciter</span> <span class='ocrx_word' id='word_1_1511' title='bbox 1882 3564 1932 3595; x_wconf 87' lang='lat' dir='ltr'>sub</span> <span class='ocrx_word' id='word_1_1512' title='bbox 1952 3563 2000 3602; x_wconf 89' lang='lat' dir='ltr'>spe</span> <span class='ocrx_word' id='word_1_1513' title='bbox 2019 3562 2108 3593; x_wconf 89' lang='lat' dir='ltr'>divini</span> <span class='ocrx_word' id='word_1_1514' title='bbox 2123 3560 2264 3591; x_wconf 88' lang='lat' dir='ltr'>Numinis</span> <span class='ocrx_word' id='word_1_1515' title='bbox 2280 3566 2416 3598; x_wconf 83' lang='lat' dir='ltr'>praepara-</span> 
     </span>
    </p>

    <p class='ocr_par' dir='ltr' id='par_1_34' title="bbox 1371 3620 1410 3640">
     <span class='ocr_line' id='line_1_188' title="bbox 1371 3620 1410 3640; baseline -0.026 0"><span class='ocrx_word' id='word_1_1516' title='bbox 1371 3620 1410 3640; x_wconf 86' lang='lat' dir='ltr'>ur.</span> 
     </span>
    </p>

    <p class='ocr_par' dir='ltr' id='par_1_35' title="bbox 1355 3619 2422 3994">
     <span class='ocr_line' id='line_1_189' title="bbox 1355 3619 2419 3686; baseline -0.015 -8"><span class='ocrx_word' id='word_1_1517' title='bbox 1355 3619 1369 3642; x_wconf 90' lang='lat' dir='ltr'>t</span> <span class='ocrx_word' id='word_1_1518' title='bbox 1395 3644 1541 3686; x_wconf 89' lang='lat' dir='ltr'>Siquidem</span> <span class='ocrx_word' id='word_1_1519' title='bbox 1564 3642 1717 3674; x_wconf 87' lang='lat' dir='ltr'>cariffimus</span> <span class='ocrx_word' id='word_1_1520' title='bbox 1734 3644 1763 3673; x_wconf 93' lang='lat' dir='ltr'>in</span> <span class='ocrx_word' id='word_1_1521' title='bbox 1786 3641 1905 3673; x_wconf 86' lang='lat' dir='ltr'>Christo</span> <span class='ocrx_word' id='word_1_1522' title='bbox 1923 3639 1993 3670; x_wconf 87' lang='lat' dir='ltr'>filius</span> <span class='ocrx_word' id='word_1_1523' title='bbox 2021 3638 2117 3670; x_wconf 86' lang='lat' dir='ltr'>noster</span> <span class='ocrx_word' id='word_1_1524' title='bbox 2131 3662 2142 3676; x_wconf 90' lang='lat'>,</span> <span class='ocrx_word' id='word_1_1525' title='bbox 2168 3638 2230 3667; x_wconf 87' lang='lat' dir='ltr'>CH</span> <span class='ocrx_word' id='word_1_1526' title='bbox 2236 3636 2286 3665; x_wconf 86' lang='lat' dir='ltr'>RI</span> <span class='ocrx_word' id='word_1_1527' title='bbox 2292 3636 2311 3678; x_wconf 62' lang='grc' dir='ltr'>ξ’</span> <span class='ocrx_word' id='word_1_1528' title='bbox 2317 3635 2364 3663; x_wconf 89' lang='lat' dir='ltr'>TI</span> <span class='ocrx_word' id='word_1_1529' title='bbox 2370 3636 2419 3663; x_wconf 87' lang='lat' dir='ltr'>A-</span> 
     </span>
     <span class='ocr_line' id='line_1_190' title="bbox 1360 3671 2419 3716; baseline -0.011 -1"><span class='ocrx_word' id='word_1_1530' title='bbox 1360 3685 1590 3716; x_wconf 86' lang='lat' dir='ltr'><strong><em>NISSIMUS</em></strong></span> <span class='ocrx_word' id='word_1_1531' title='bbox 1614 3684 1670 3711; x_wconf 90' lang='lat' dir='ltr'>PR</span> <span class='ocrx_word' id='word_1_1532' title='bbox 1681 3683 1856 3712; x_wconf 87' lang='lat' dir='ltr'>INCEPS</span> <span class='ocrx_word' id='word_1_1533' title='bbox 1880 3679 2166 3709; x_wconf 88' lang='lat' dir='ltr'>EDWARDUS</span> <span class='ocrx_word' id='word_1_1534' title='bbox 2181 3697 2192 3713; x_wconf 91' lang='lat'>,</span> <span class='ocrx_word' id='word_1_1535' title='bbox 2217 3671 2330 3709; x_wconf 84' lang='lat' dir='ltr'>Anghae</span> <span class='ocrx_word' id='word_1_1536' title='bbox 2352 3671 2419 3703; x_wconf 82' lang='lat' dir='ltr'>Rex</span> 
     </span>
     <span class='ocr_line' id='line_1_191' title="bbox 1361 3710 2420 3760; baseline -0.015 -6"><span class='ocrx_word' id='word_1_1537' title='bbox 1361 3723 1472 3756; x_wconf 85' lang='lat' dir='ltr'>illustris</span> <span class='ocrx_word' id='word_1_1538' title='bbox 1491 3721 1653 3760; x_wconf 90' lang='lat' dir='ltr'>(vulnerum</span> <span class='ocrx_word' id='word_1_1539' title='bbox 1667 3744 1677 3760; x_wconf 91' lang='lat'>,</span> <span class='ocrx_word' id='word_1_1540' title='bbox 1701 3722 1730 3751; x_wconf 89' lang='lat' dir='ltr'>in</span> <span class='ocrx_word' id='word_1_1541' title='bbox 1750 3719 1849 3751; x_wconf 69' lang='lat' dir='ltr'>eadem</span> <span class='ocrx_word' id='word_1_1542' title='bbox 1873 3717 1963 3755; x_wconf 68' lang='lat' dir='ltr'>terra,</span> <span class='ocrx_word' id='word_1_1543' title='bbox 1981 3716 2031 3747; x_wconf 91' lang='lat' dir='ltr'>sibi</span> <span class='ocrx_word' id='word_1_1544' title='bbox 2047 3710 2302 3757; x_wconf 73' lang='lat' dir='ltr'>ascifinicujusdam</span> <span class='ocrx_word' id='word_1_1545' title='bbox 2317 3710 2420 3744; x_wconf 79' lang='lat' dir='ltr'>insidiis</span> 
     </span>
     <span class='ocr_line' id='line_1_192' title="bbox 1360 3749 2420 3798; baseline -0.014 -5"><span class='ocrx_word' id='word_1_1546' title='bbox 1360 3762 1539 3794; x_wconf 59' lang='lat' dir='ltr'>inflictorum</span> <span class='ocrx_word' id='word_1_1547' title='bbox 1555 3783 1565 3798; x_wconf 91' lang='lat'>,</span> <span class='ocrx_word' id='word_1_1548' title='bbox 1589 3770 1653 3798; x_wconf 88' lang='lat' dir='ltr'>quae</span> <span class='ocrx_word' id='word_1_1549' title='bbox 1675 3767 1802 3790; x_wconf 90' lang='lat' dir='ltr'>mortem</span> <span class='ocrx_word' id='word_1_1550' title='bbox 1824 3758 1982 3795; x_wconf 79' lang='lat' dir='ltr'>proximam</span> <span class='ocrx_word' id='word_1_1551' title='bbox 1999 3754 2094 3793; x_wconf 73' lang='lat' dir='ltr'>potius</span> <span class='ocrx_word' id='word_1_1552' title='bbox 2115 3750 2290 3795; x_wconf 78' lang='lat' dir='ltr'>minabantur</span> <span class='ocrx_word' id='word_1_1553' title='bbox 2303 3772 2313 3788; x_wconf 93' lang='lat'>,</span> <span class='ocrx_word' id='word_1_1554' title='bbox 2325 3749 2420 3794; x_wconf 39' lang='lat' dir='ltr'>&#39;quam</span> 
     </span>
     <span class='ocr_line' id='line_1_193' title="bbox 1361 3788 2420 3839; baseline -0.014 -8"><span class='ocrx_word' id='word_1_1555' title='bbox 1361 3802 1440 3839; x_wconf 87' lang='lat' dir='ltr'>spem</span> <span class='ocrx_word' id='word_1_1556' title='bbox 1454 3800 1522 3830; x_wconf 85' lang='lat' dir='ltr'>vitae</span> <span class='ocrx_word' id='word_1_1557' title='bbox 1556 3797 1743 3829; x_wconf 89' lang='lat' dir='ltr'>raetenderent</span> <span class='ocrx_word' id='word_1_1558' title='bbox 1756 3821 1766 3835; x_wconf 93' lang='lat'>,</span> <span class='ocrx_word' id='word_1_1559' title='bbox 1784 3796 1859 3834; x_wconf 86' lang='lat' dir='ltr'>quasi</span> <span class='ocrx_word' id='word_1_1560' title='bbox 1874 3794 1938 3833; x_wconf 88' lang='lat' dir='ltr'>post</span> <span class='ocrx_word' id='word_1_1561' title='bbox 1958 3801 2070 3836; x_wconf 77' lang='lat' dir='ltr'>tergum</span> <span class='ocrx_word' id='word_1_1562' title='bbox 2085 3788 2192 3828; x_wconf 71' lang='lat' dir='ltr'>abje&amp;a</span> <span class='ocrx_word' id='word_1_1563' title='bbox 2207 3789 2359 3835; x_wconf 67' lang='lat' dir='ltr'>memoria)</span> <span class='ocrx_word' id='word_1_1564' title='bbox 2377 3797 2420 3832; x_wconf 72' lang='lat' dir='ltr'>vi-</span> 
     </span>
     <span class='ocr_line' id='line_1_194' title="bbox 1363 3829 2419 3877; baseline -0.015 -7"><span class='ocrx_word' id='word_1_1565' title='bbox 1363 3848 1423 3872; x_wconf 87' lang='lat' dir='ltr'>tam</span> <span class='ocrx_word' id='word_1_1566' title='bbox 1443 3838 1494 3869; x_wconf 89' lang='lat' dir='ltr'>fibi</span> <span class='ocrx_word' id='word_1_1567' title='bbox 1512 3838 1528 3867; x_wconf 76' lang='lat' dir='ltr'>a</span> <span class='ocrx_word' id='word_1_1568' title='bbox 1577 3839 1678 3868; x_wconf 91' lang='lat' dir='ltr'>omino</span> <span class='ocrx_word' id='word_1_1569' title='bbox 1690 3861 1701 3877; x_wconf 93' lang='lat'>,</span> <span class='ocrx_word' id='word_1_1570' title='bbox 1718 3846 1779 3867; x_wconf 88' lang='lat' dir='ltr'>non</span> <span class='ocrx_word' id='word_1_1571' title='bbox 1790 3829 2132 3866; x_wconf 75' lang='lat' dir='ltr'>solum-nusencorditer,</span> <span class='ocrx_word' id='word_1_1572' title='bbox 2149 3835 2250 3871; x_wconf 75' lang='lat' dir='ltr'>verum</span> <span class='ocrx_word' id='word_1_1573' title='bbox 2264 3834 2350 3857; x_wconf 88' lang='lat' dir='ltr'>etiam</span> <span class='ocrx_word' id='word_1_1574' title='bbox 2363 3831 2419 3856; x_wconf 71' lang='lat' dir='ltr'>ini-¹</span> 
     </span>
     <span class='ocr_line' id='line_1_195' title="bbox 1363 3865 2419 3935; baseline -0.008 -26"><span class='ocrx_word' id='word_1_1575' title='bbox 1363 3878 1505 3914; x_wconf 82' lang='lat' dir='ltr'>rabiliter,</span> <span class='ocrx_word' id='word_1_1576' title='bbox 1521 3877 1686 3908; x_wconf 87' lang='lat' dir='ltr'>reservatam</span> <span class='ocrx_word' id='word_1_1577' title='bbox 1700 3874 1796 3906; x_wconf 88' lang='lat' dir='ltr'>debita</span> <span class='ocrx_word' id='word_1_1578' title='bbox 1814 3870 1982 3913; x_wconf 80' lang='lat' dir='ltr'>gratitudine</span> <span class='ocrx_word' id='word_1_1579' title='bbox 1997 3865 2221 3910; x_wconf 65' lang='lat' dir='ltr'>recognoscens,</span> <span class='ocrx_word' id='word_1_1580' title='bbox 2239 3865 2419 3935; x_wconf 52' lang='lat' dir='ltr'>lnam</span> 
     </span>
     <span class='ocr_line' id='line_1_196' title="bbox 1363 3904 2422 3955; baseline -0.008 -8"><span class='ocrx_word' id='word_1_1581' title='bbox 1363 3927 1431 3947; x_wconf 90' lang='lat' dir='ltr'>nere</span> <span class='ocrx_word' id='word_1_1582' title='bbox 1449 3916 1531 3954; x_wconf 90' lang='lat' dir='ltr'>ipsius</span> <span class='ocrx_word' id='word_1_1583' title='bbox 1553 3915 1692 3954; x_wconf 86' lang='lat' dir='ltr'>obsequiis</span> <span class='ocrx_word' id='word_1_1584' title='bbox 1703 3939 1714 3953; x_wconf 84' lang='lat'>‚</span> <span class='ocrx_word' id='word_1_1585' title='bbox 1737 3913 1840 3944; x_wconf 84' lang='lat' dir='ltr'>Terrae</span> <span class='ocrx_word' id='word_1_1586' title='bbox 1857 3909 1982 3955; x_wconf 66' lang='lat' dir='ltr'>praesaoe</span> <span class='ocrx_word' id='word_1_1587' title='bbox 2001 3904 2179 3947; x_wconf 80' lang='lat' dir='ltr'>personaliter</span> <span class='ocrx_word' id='word_1_1588' title='bbox 2203 3904 2272 3935; x_wconf 81' lang='lat' dir='ltr'>subv</span> <span class='ocrx_word' id='word_1_1589' title='bbox 2373 3912 2422 3949; x_wconf 20' lang='lat'>0⁷2]</span> 
     </span>
     <span class='ocr_line' id='line_1_197' title="bbox 1362 3952 2418 3994; baseline -0.004 -9"><span class='ocrx_word' id='word_1_1590' title='bbox 1362 3955 1496 3994; x_wconf 85' lang='lat' dir='ltr'>disposuit</span> <span class='ocrx_word' id='word_1_1591' title='bbox 1510 3955 1619 3992; x_wconf 88' lang='lat' dir='ltr'>accepti</span> <span class='ocrx_word' id='word_1_1592' title='bbox 1633 3952 1767 3985; x_wconf 79' lang='lat' dir='ltr'>beneficii</span> <span class='ocrx_word' id='word_1_1593' title='bbox 1780 3959 1841 3981; x_wconf 91' lang='lat' dir='ltr'>non</span> <span class='ocrx_word' id='word_1_1594' title='bbox 1854 3954 1985 3987; x_wconf 77' lang='lat' dir='ltr'>ingratus-</span> <span class='ocrx_word' id='word_1_1595' title='bbox 2032 3982 2038 3988; x_wconf 61' lang='grc'><em>,</em></span> <span class='ocrx_word' id='word_1_1596' title='bbox 2180 3982 2186 3988; x_wconf 56' lang='lat'>‚</span> <span class='ocrx_word' id='word_1_1597' title='bbox 2364 3979 2366 3981; x_wconf 91' lang='lat'>.</span> <span class='ocrx_word' id='word_1_1598' title='bbox 2400 3974 2418 3986; x_wconf 57' lang='lat' dir='ltr'>f</span> 
     </span>
    </p>

    <p class='ocr_par' dir='ltr' id='par_1_36' title="bbox 1401 3979 2424 4049">
     <span class='ocr_line' id='line_1_198' title="bbox 1401 3979 2424 4049; baseline -0.007 -28"><span class='ocrx_word' id='word_1_1599' title='bbox 1401 3993 1430 4026; x_wconf 86' lang='lat' dir='ltr'>A</span> <span class='ocrx_word' id='word_1_1600' title='bbox 1443 3994 1538 4027; x_wconf 65' lang='lat' dir='ltr'>multis</span> <span class='ocrx_word' id='word_1_1601' title='bbox 1551 4002 1675 4033; x_wconf 73' lang='lat' dir='ltr'>namque</span> <span class='ocrx_word' id='word_1_1602' title='bbox 1686 3991 1765 4026; x_wconf 55' lang='lat' dir='ltr'>retr&amp;</span> <span class='ocrx_word' id='word_1_1603' title='bbox 1776 3985 1953 4027; x_wconf 72' lang='lat' dir='ltr'>temporibus</span> <span class='ocrx_word' id='word_1_1604' title='bbox 1964 3980 2018 4023; x_wconf 75' lang='lat' dir='ltr'>,ad</span> <span class='ocrx_word' id='word_1_1605' title='bbox 2029 3979 2060 4013; x_wconf 77' lang='lat' dir='ltr'>ld</span> <span class='ocrx_word' id='word_1_1606' title='bbox 2072 3979 2208 4014; x_wconf 68' lang='lat' dir='ltr'>desiderio</span> <span class='ocrx_word' id='word_1_1607' title='bbox 2221 3980 2331 4015; x_wconf 85' lang='lat' dir='ltr'>ardenti</span> <span class='ocrx_word' id='word_1_1608' title='bbox 2339 3979 2424 4049; x_wconf 47' lang='grc' dir='ltr'>ἕξεθ’</span> 
     </span>
    </p>

    <p class='ocr_par' dir='ltr' id='par_1_37' title="bbox 2405 4037 2418 4053">
     <span class='ocr_line' id='line_1_199' title="bbox 2405 4037 2418 4053; baseline 0 0"><span class='ocrx_word' id='word_1_1609' title='bbox 2405 4037 2418 4053; x_wconf 72' lang='grc'><em>,</em></span> 
     </span>
    </p>
   </div>
   <div class='ocr_carea' id='block_1_16' title="bbox 2397 127 2564 322">
    <p class='ocr_par' dir='ltr' id='par_1_38' title="bbox 2397 127 2564 322">
     <span class='ocr_line' id='line_1_200' title="bbox 2511 127 2560 153; baseline 0 0"><span class='ocrx_word' id='word_1_1610' title='bbox 2511 149 2518 153; x_wconf 88' lang='grc'>.</span> <span class='ocrx_word' id='word_1_1611' title='bbox 2556 127 2560 153; x_wconf 95' lang='grc' dir='ltr'>Ι</span> 
     </span>
     <span class='ocr_line' id='line_1_201' title="bbox 2397 171 2562 228; baseline -0.006 -3"><span class='ocrx_word' id='word_1_1612' title='bbox 2397 171 2531 228; x_wconf 56' lang='lat' dir='ltr'>AnnD:</span> <span class='ocrx_word' id='word_1_1613' title='bbox 2557 182 2562 188; x_wconf 64' lang='grc'><em>’</em></span> 
     </span>
     <span class='ocr_line' id='line_1_202' title="bbox 2420 230 2563 272; baseline -0.014 -9"><span class='ocrx_word' id='word_1_1614' title='bbox 2420 230 2531 272; x_wconf 54' lang='lat'>129121</span> <span class='ocrx_word' id='word_1_1615' title='bbox 2557 235 2563 261; x_wconf 91' lang='grc' dir='ltr'>Ι</span> 
     </span>
     <span class='ocr_line' id='line_1_203' title="bbox 2401 274 2564 322; baseline -0.006 -20"><span class='ocrx_word' id='word_1_1616' title='bbox 2401 274 2468 302; x_wconf 74' lang='lat' dir='ltr'>Edu.</span> <span class='ocrx_word' id='word_1_1617' title='bbox 2487 280 2512 301; x_wconf 73' lang='grc' dir='ltr'>Ι.</span> <span class='ocrx_word' id='word_1_1618' title='bbox 2539 304 2542 306; x_wconf 49' lang='grc'>,</span> <span class='ocrx_word' id='word_1_1619' title='bbox 2560 313 2564 322; x_wconf 43' lang='lat' dir='ltr'>K</span> 
     </span>
    </p>
   </div>
   <div class='ocr_carea' id='block_1_17' title="bbox 2552 133 2570 482">
    <p class='ocr_par' dir='ltr' id='par_1_39' title="bbox 2552 133 2570 482">
     <span class='ocr_line' id='line_1_204' title="bbox 2552 133 2570 482; baseline 0 -273"><span class='ocrx_word' id='word_1_1620' title='bbox 2552 133 2570 209; x_wconf 95' lang='lat' dir='ltr'>  </span> <span class='ocrx_word' id='word_1_1621' title='bbox 2557 133 2570 482; x_wconf 95' lang='lat' dir='ltr'>   </span> 
     </span>
    </p>
   </div>
   <div class='ocr_carea' id='block_1_18' title="bbox 2399 466 2570 569">
    <p class='ocr_par' dir='ltr' id='par_1_40' title="bbox 2399 447 2570 569">
     <span class='ocr_line' id='line_1_205' title="bbox 2403 466 2515 498; baseline 0 -8"><span class='ocrx_word' id='word_1_1622' title='bbox 2403 466 2455 490; x_wconf 78' lang='lat' dir='ltr'>An.</span> <span class='ocrx_word' id='word_1_1623' title='bbox 2474 472 2515 498; x_wconf 84' lang='lat'>19.</span> 
     </span>
     <span class='ocr_line' id='line_1_206' title="bbox 2399 498 2570 531; baseline -0.006 -2"><span class='ocrx_word' id='word_1_1624' title='bbox 2399 506 2428 529; x_wconf 80' lang='lat' dir='ltr'>E.</span> <span class='ocrx_word' id='word_1_1625' title='bbox 2451 511 2475 529; x_wconf 83' lang='grc' dir='ltr'>ι.</span> <span class='ocrx_word' id='word_1_1626' title='bbox 2564 498 2570 531; x_wconf 80' lang='lat' dir='ltr'>l</span> 
     </span>
     <span class='ocr_line' id='line_1_207' title="bbox 2402 543 2570 569; baseline 0.006 -1"><span class='ocrx_word' id='word_1_1627' title='bbox 2402 545 2443 568; x_wconf 77' lang='lat' dir='ltr'>Ex</span> <span class='ocrx_word' id='word_1_1628' title='bbox 2458 543 2515 569; x_wconf 78' lang='lat' dir='ltr'>Au·</span> <span class='ocrx_word' id='word_1_1629' title='bbox 2567 554 2570 569; x_wconf 73' lang='lat' dir='ltr'>a</span> 
     </span>
    </p>
   </div>
   <div class='ocr_carea' id='block_1_19' title="bbox 2407 582 2530 617">
    <p class='ocr_par' dir='ltr' id='par_1_41' title="bbox 2407 582 2530 617">
     <span class='ocr_line' id='line_1_208' title="bbox 2407 582 2530 617; baseline 0 -11"><span class='ocrx_word' id='word_1_1630' title='bbox 2407 587 2473 617; x_wconf 76' lang='lat' dir='ltr'>togr.</span> <span class='ocrx_word' id='word_1_1631' title='bbox 2499 601 2502 606; x_wconf 90' lang='lat'>.</span> <span class='ocrx_word' id='word_1_1632' title='bbox 2517 582 2530 597; x_wconf 75' lang='lat'><em>⁰</em></span> 
     </span>
    </p>
   </div>
   <div class='ocr_carea' id='block_1_20' title="bbox 2411 1081 2542 1117">
    <p class='ocr_par' dir='ltr' id='par_1_42' title="bbox 2411 1081 2542 1117">
     <span class='ocr_line' id='line_1_209' title="bbox 2411 1081 2542 1117; baseline -0.023 -7"><span class='ocrx_word' id='word_1_1633' title='bbox 2411 1081 2542 1117; x_wconf 74' lang='lat'>‘11.514.</span> 
     </span>
    </p>
   </div>
  </div>
 </body>
</html>
