2570 4261
249 153 331 190 126

696 138 1502 192 coNVEN‘rioNES,

1557 137 1958 188 LlTERAE‚

99 235 174 266 Ann.
186 232 226 264 D.
246 234 382 272 fecimus,
402 234 436 264 &
452 231 530 271 quod
545 230 579 261 ad
594 229 729 270 praedicta
744 230 842 260 omnia
855 229 1077 268 percomplenda
1091 239 1222 267 nos‚pr0
1229 228 1312 266 legali
1348 235 1381 257 ut
1395 234 1490 270 tamen
1512 224 1646 264 praeditta
1659 236 1747 265 poena
1766 237 1827 258 non
1849 228 1879 257 in
1892 225 2029 265 solidum,
2048 225 2088 257 set
2103 235 2158 266 pro
2171 232 2246 266 rata,
2263 236 2315 266 per
2329 228 2422 270 singu-
2442 228 2570 260 ΛΜΗ),

125 273 210 311 1236.
248 273 328 311 posse
343 271 459 309 nostro,
479 272 554 300 bona
569 269 625 299 fide
637 269 798 298 curabimus
813 269 948 298 laborare.
1171 306 1175 311 ἡ
1253 306 1258 310 .

99 316 163 342 Heri.
185 322 210 348 3.
287 311 321 341 In
337 312 414 348 cujus
430 311 468 338 rei
482 308 680 339 testimonium
692 307 770 337 idem
785 307 851 338 Rex
866 307 978 347 Angliae
992 306 1104 338 illustris
1128 306 1195 337 huic
1208 305 1312 343 scripto

250 350 369 389 sigillum
383 349 463 379 suum
476 345 610 384 apposuit.

289 424 355 454 Dat.
379 423 451 460 apud
473 421 711 453 VVestmonaster.
733 424 818 454 tertio
841 422 886 454 die
908 423 998 460 Maii,
1017 431 1093 464 anno
1113 419 1210 459 Regni
1232 417 1316 456 ipsius

250 461 373 493 Domini
389 462 478 501 Regis
493 461 606 499 Angliae
620 461 737 493 decimo
752 472 850 500 nono,
868 472 918 501 per
935 471 1034 492 manus
1047 463 1137 499 ipsius.

381 602 543 648 Ejusmodi
561 601 754 636 Mandatum
775 587 1000 649 Archiepifiopo
1017 602 1183 646 Coloniensi.

100 711 177 742 Am,-
192 708 232 739 D⁴
252 698 392 760 NOS
418 699 562 743 Henricus
574 723 585 737 ,
607 698 667 729 Dei
685 700 770 767 gratia
784 722 794 738 ‚
818 698 983 742 Coloniens.
1008 697 1317 746 Archiepiscopusper

130 749 213 778 12³6.
347 737 539 777 praescriptum
562 746 663 768 notum
705 747 743 768 eri
765 737 900 768 volumus
912 747 1059 775 univeriis,
1079 742 1226 775 praeientes
1243 740 1318 770 litte-

99 791 154 815 An.
171 769 214 814 io.
251 788 290 808 ras
307 777 484 815 inspeeturis,
494 776 571 814 quod
586 786 601 806 a
616 775 751 807 Domino
767 773 1006 815 Frederico,&c.
1021 783 1052 804 ut
1068 779 1097 806 in
1113 775 1213 806 litteris
1220 783 1318 818 proxi—

99 831 204 892 Zissin.
249 815 415 893 'noffiulgiiius
428 854 467 884 rei
481 852 678 885 testimonium
692 853 769 884 idem
783 853 850 884 Rex
864 851 977 891 Angliae
991 852 1102 884 illustris
1125 854 1192 885 huic
1213 855 1317 894 scripto

248 893 368 933 sigillum
383 893 464 924 suum
479 893 614 931 apposuit.

288 971 365 1002 Data
377 978 408 1000 ut
415 970 500 1011 firpra
510 972 644 1009 proximo.
683 969 732 1000 Set
745 968 924 1000 memorand.
939 970 1017 1008 quod
1033 970 1213 1002 interlinearis
1235 971 1316 1010 super

251 1009 355 1048 scripto
376 1017 435 1039 tam
458 1010 491 1039 a'e
510 1012 631 1039 Domina
651 1007 848 1047 desporfimda‚
866 1010 929 1040 &c.
947 1019 1008 1039 non
1029 1009 1156 1040 inseritur
1177 1011 1207 1041 in
1220 1010 1316 1042 litteris

251 1049 467 1087 Archiepiscopi
482 1047 589 1079 Colon.

250 1189 372 1220 Littera
390 1189 531 1233 Gregorio
552 1189 634 1232 Papae
645 1212 654 1227 ‚
681 1197 743 1232 qna
763 1188 829 1219 Rex
844 1186 959 1232 Angliae
968 1186 1003 1232 fi
1019 1186 1114 1220 eidem
1141 1191 1221 1235 Papa:
1239 1188 1317 1235 fiaeb-

291 1238 366 1282 jicit
384 1235 575 1281 desolatione
591 1238 717 1282 pecunia
730 1246 800 1267 cum
816 1232 966 1280 Ifizbella,
985 1235 1087 1280 sorore
1105 1237 1168 1282 fita
1180 1264 1190 1280 ,
1216 1241 1316 1287 Impe-

302 1289 399 1318 ratori
421 1284 505 1319 datae.

99 1390 179 1420 Ann.
189 1388 230 1419 D.
254 1380 470 1445 SAriffissimo
486 1382 515 1411 in
530 1380 650 1426 Chr-isto
664 1381 752 1420 patri,
768 1381 804 1425 .&
818 1380 953 1412 Domino
968 1381 1111 1426 karissimo
1127 1382 1167 1415 G·
1184 1382 1243 1428 Dei
1257 1394 1318 1424 gra-

123 1429 208 1468 1236,
314 1429 365 1458 tia,
384 1421 497 1450 summo
513 1420 662 1463 Pontifici,
682 1420 824 1450 Henncus
839 1420 937 1451 eadem
954 1429 1039 1459 gratia
1060 1421 1125 1452 Rex
1147 1421 1257 1462 Angliae
1278 1423 1318 1454 sa-

100 1470 153 1496 An,
174 1477 217 1495 20,
255 1459 360 1496 lutem,
380 1460 414 1490 &
428 1468 549 1489 omnem
564 1459 758 1490 devotionem.

101 1510 136 1533 H.
159 1515 183 1541 3,
286 1497 370 1536 Juxta
391 1497 539 1528 sanstitatis
559 1497 660 1528 vestrae
683 1497 834 1528 consilium
854 1498 888 1529 &
910 1498 1094 1537 mandatum,
1114 1499 1192 1538 quod
1215 1501 1314 1540 nobis,

99 1544 239 1580 (Mus-¹9·
253 1546 302 1580 per
317 1535 490 1580 INfIagiItmm
505 1535 623 1566 Petrum
638 1536 674 1566 de
689 1535 797 1574 Vinea,
814 1536 940 1580 Domini
955 1536 1113 1575 Frederici,
1134 1537 1191 1568 Dei
1233 1541 1316 1578 tatia,

100 1587 135 1610 Η,
154 1592 178 1618 3,
191 1589 215 1620 p,
251 1574 424 1619 illustrissimi
437 1574 643 1619 Romanorum
654 1574 956 1620 Imperatoris-semper
971 1575 1108 1620 Augusti,
1122 1575 1172 1614 Jer
1228 1580 1318 1610 ern&

102 1631 129 1649 2,
150 1631 187 1649 m,
205 1631 232 1657 4,
252 1613 354 1645 Siciliae
368 1614 474 1653 Regis,
494 1613 666 1651 Nuncium,
686 1613 858 1652 Apostolicis
872 1614 966 1645 litteris
980 1614 1125 1645 direxistis.

289 1653 450 1690 isabellam,
468 1651 638 1682 kariffimam
660 1652 789 1682 sororem
811 1652 956 1691 nostram,
975 1653 1112 1683 consensu
1126 1678 1135 1692 ‚
1160 1664 1210 1691 per
1230 1657 1317 1687 verba

252 1691 289 1721 de
312 1691 439 1729 praesenti
476 1692 505 1721 in
526 1701 607 1730 eam,
626 1692 659 1722 δε
682 1691 717 1720 ab
738 1701 786 1729 m,
806 1701 854 1729 per
877 1691 1046 1729 praedictum
1067 1691 1120 1721 Ma
1142 1692 1240 1724 istrum
1263 1695 1317 1725 Pe-

252 1739 346 1769 trum,
365 1731 422 1769 ejus
437 1714 657 1761 1510curatorem
670 1728 817 1767 specialem
841 1731 875 1760 &
897 1731 1055 1769 legitimum
1091 1731 1126 1760 ha
1148 1732 1205 1770 ito,
1224 1734 1257 1764 &
1277 1733 1318 1765 sa-

252 1778 402 1800 cramento
414 1779 431 1799 a
442 1770 526 1799 nobis
544 1768 729 1806 corporaliter
750 1767 891 1807 praestito,
907 1768 1042 1800 Domino
1063 1755 1231 1808 Imperatori
1245 1782 1318 1811 prae-

252 1807 313 1839 fato
325 1808 455 1839 dedimus
469 1808 498 1838 in
514 1817 652 1845 uxorem3

289 1846 370 1878 Cum
390 1848 502 1886 triginta
520 1846 643 1877 millibus
658 1845 825 1877 Mircarum
844 1846 979 1887 Argenti,
995 1857 1158 1880 memorato
1181 1848 1317 1883 Domino

249 1885 419 1924 Imperatori
454 1886 500 1916 vel
514 1886 571 1924 ejus
584 1884 727 1923 Nunciis,
746 1885 852 1916 statutis
866 1886 936 1916 locis
951 1887 1136 1926 &terminis,
1154 1889 1316 1926 persolven-

250 1924 310 1963 dis,
328 1933 414 1963 prout
425 1910 488 1954 iiaec
503 1925 535 1955 ὃς
549 1925 599 1954 alia
609 1925 638 1954 in
653 1924 755 1961 scripto
767 1926 1012 1964 conventionum,
1029 1928 1102 1957 inter
1115 1937 1167 1957 nos
1189 1928 1223 1958 ὅ(
1243 1938 1315 1966 prae-

249 1963 361 1994 distum
376 1963 546 2003 Magistrum
563 1963 679 1993 Petrum
693 1963 729 1993 de
742 1962 833 1993 Vinea
844 1963 1018 2003 habitarum,
1038 1965 1126 2005 sigillo
1140 1965 1240 1997 nostro
1249 1977 1315 1999 mu-

251 2003 315 2033 nito
324 2026 333 2040 ,
353 2003 461 2040 plenius
474 2003 667 2033 continentur.

288 2040 369 2071 Cum
385 2042 469 2079 igitur
483 2041 520 2071 de
535 2041 673 2071 solutione
689 2040 818 2078 pecuniae
831 2041 995 2080 supradictae
1009 2042 1101 2073 eidem
1110 2042 1245 2076 Domino
1252 2044 1314 2076 Im-

252 2081 375 2117 peratori
389 2089 490 2110 cavere
505 2079 608 2110 idonee
623 2079 791 2118 debeamus,
810 2082 966 2118 paternitati
981 2081 1082 2112 vestrae
1103 2083 1237 2114 volumus
1257 2085 1314 2117 esse

252 2127 357 2149 notum
379 2118 457 2156 quod
477 2129 550 2157 nos,
568 2119 602 2149 ad
623 2118 760 2149 cautelam
783 2119 962 2157 Imperatoris
983 2120 1124 2160 ejusdem,
1143 2122 1314 2161 subjecimus

252 2167 306 2187 nos
326 2158 359 2189 &
381 2157 551 2188 succeffores
564 2157 674 2188 nostros
686 2156 873 2195 jurisdictioni
886 2159 919 2189 &
934 2158 1077 2189 sententiae
1090 2159 1192 2191 vestrae
1226 2171 1259 2193 ac
1274 2162 1314 2193 sa-

250 2195 406 2226 crosmdtae
429 2196 571 2226 Romanae
592 2196 743 2234 Ecclefiae3
761 2204 793 2227 ut
815 2207 867 2228 vos
884 2222 893 2235 ,
910 2198 944 2229 &
964 2197 1134 2230 successores
1157 2185 1260 2239 vestri,
1279 2202 1314 2233 ὅτ.

250 2233 387 2264 Romana
401 2233 543 2273 Ecclefia‚
561 2234 582 2264 si
596 2236 625 2264 in
637 2234 775 2266 solutione
795 2235 940 2276 praediffae
959 2238 1106 2277 pecuniae,
1125 2248 1175 2276 per
1194 2238 1316 2280 singulos

250 2274 388 2304 terminos
406 2273 623 2312 cessaverimus,
649 2273 754 2311 poffitis
776 2284 829 2304 nos
849 2275 882 2306 &
909 2275 1080 2307 successores
1105 2276 1219 2307 nostros
1232 2301 1242 2317 ,
1268 2288 1318 2320 per

253 2312 401 2342 censuram
422 2311 648 2343 Ecclesiasticam
671 2312 759 2342 libere
779 2313 956 2352 cohercere,
982 2316 1151 2353 exceptione
1172 2316 1227 2346 fori
1271 2318 1318 2348 vel

258 2352 344 2388 regiae
364 2350 504 2419 dciignitatis
517 2375 526 2389 ,
555 2361 571 2380 a
590 2351 673 2381 nobis
687 2374 697 2389 ,
727 2359 774 2380 aut
800 2352 1003 2383 successoribus
1024 2354 1147 2393 nostris,
1180 2342 1318 2388 Ecclefia-

256 2388 335 2420 stico
346 2390 379 2428 ju
399 2391 456 2420 icio
471 2390 590 2420 minime
604 2389 791 2428 opponenda,
811 2399 857 2422 aut
872 2392 1018 2430 opposita,
1036 2403 1096 2423 non
1109 2393 1248 2425 obstante.

287 2465 378 2498 Teste
394 2467 477 2508 Rege
490 2466 564 2507 apud
581 2466 892 2507 Westmonasterium‚
908 2469 992 2499 tertio
1003 2468 1050 2500 die
1065 2468 1147 2500 Maii.

104 2623 151 2650 ⁶1.
166 2622 233 2661 352·
248 2611 276 2637 ²1<
302 2612 422 2645 Littera
447 2614 588 2659 Gregorio
616 2615 719 2658 Papae,
743 2613 824 2658 qnod
834 2613 869 2658 ft
898 2615 1080 2659 Imperatori
1106 2612 1251 2662 obligaret
1261 2626 1320 2664 pro

628 2665 756 2708 pecunia
768 2661 931 2696 antediHa.

101 2757 230 2789 Arm-D·
252 2746 475 2809 SAnffiffimo
496 2748 524 2778 in
545 2747 665 2778 Christo
686 2749 771 2786 patri,
790 2749 823 2780 &
846 2747 980 2780 Domino
996 2749 1138 2782 carissimo
1154 2750 1319 2792 Gregorio,

128 2798 212 2826 1225,
312 2785 370 2817 Dei
393 2788 477 2826 gratia
491 2810 501 2825 ,
520 2787 633 2817 summo
657 2786 790 2817 Pontifici
805 2811 815 2824 ,
834 2787 978 2819 Henricus
993 2814 1002 2827 ,
1021 2789 1120 2820 eadem
1142 2792 1229 2829 gratia
1252 2791 1319 2822 Rex

100 2838 154 2863 A„-
170 2818 218 2864 ³20,
254 2823 382 2864 Angliae‚
401 2825 517 2856 salutem
532 2827 565 2857 δε
581 2835 702 2856 omnem
714 2825 912 2856 devotionem.

100 2878 134 2901 H·
157 2883 184 2910 3,
285 2863 370 2901 Juxta
390 2864 538 2895 sanctitatis
558 2864 659 2895 vestrae
679 2864 830 2894 confilium
853 2866 886 2896 δε
910 2865 1091 2905 mandatum,
1112 2867 1190 2906 quod
1212 2870 1316 2909 nobis,

100 2911 205 2941 uidem„
252 2910 303 2938 per
319 2901 490 2933 Maoistmm
504 2902 623 2933 Petrum
636 2902 672 2933 de
693 2903 798 2942 Vinea,
818 2902 942 2934 Domini
964 2905 1121 2944 Frederici,
1140 2906 1198 2938 Dei
1219 2910 1320 2948 gratia,

252 2938 349 2969 illustri
375 2942 424 2970 imi
446 2941 651 2972 Romanorum
670 2940 849 2980 Imperatoris
874 2943 982 2980 semper
1003 2944 1122 2975 Auousti
1163 2945 1318 2983 Jerusalem

255 2978 290 3009 δε
305 2977 408 3009 Siciliae
422 2978 531 3018 Regis,
550 2980 703 3011 Nuncium
712 3004 721 3019 ,
741 2980 914 3019 Apostolicis
929 2983 1024 3013 littei-is
1038 2971 1124 3013 direxi
1154 2986 1181 3013 ἐ.

291 3015 435 3047 Isabeliam
451 3041 461 3055 ,
480 3018 647 3049 karissimam
667 3019 796 3050 sororem
819 3019 945 3050 nostram
961 3045 970 3059 ,
987 3022 1124 3052 consensu
1138 3047 1147 3061 ,
1165 3033 1216 3060 per
1233 3025 1320 3055 verba

254 3054 291 3085 de
305 3055 434 3093 praesenti
450 3057 479 3086 in
493 3066 555 3086 eam
569 3058 602 3088 &
619 3058 654 3087 ab
668 3068 716 3096 ea,
735 3068 783 3096 per
800 3058 968 3095 praedictum
992 3060 1165 3100 Magistrum
1185 3061 1320 3102 Petrum,

252 3095 311 3132 ejus
324 3093 545 3125 Procuratorem
558 3095 702 3132 specialem
721 3098 754 3127 ὃς
768 3097 946 3136 legitimum,
965 3099 1081 3137 habito,
1100 3100 1133 3130 &
1147 3100 1322 3133 sacramento

251 3142 269 3176 a
282 3132 365 3163 nobis
380 3134 562 3171 corporaliter
576 3133 859 3172 praestito,D0mino
874 3135 1041 3174 Imperatori
1056 3138 1175 3175 praefato
1190 3139 1321 3171 dedimus

253 3181 283 3201 m
299 3181 440 3209 uxorem;

290 3208 372 3240 Cum
392 3211 503 3250 triginta
523 3211 646 3241 millibus
669 3210 833 3242 Marmrum
856 3213 990 3254 Argenti,
1008 3224 1170 3247 memorato
1185 3215 1322 3249 Domino

251 3247 438 3287 Imperatori,
455 3250 501 3279 vel
516 3250 573 3287 ejus
588 3249 730 3288 Nunciis,
748 3250 852 3281 statutis
867 3252 936 3282 locis
952 3255 985 3284 &
1000 3255 1143 3292 terminis,
1159 3255 1321 3292 persolven-

253 3285 315 3324 dis,
331 3297 417 3325 prout
439 3287 503 3318 haec
525 3289 559 3319 &
581 3288 631 3318 alia
654 3290 683 3318 in
705 3289 809 3327 scripto
828 3293 1057 3322 conventionum
1071 3318 1081 3331 ,
1099 3294 1173 3324 inter
1197 3304 1268 3333 nos,
1286 3296 1319 3326 δί

257 3325 405 3361 praefatum
419 3325 593 3366 Magistrum
608 3326 726 3358 Petrum
746 3328 783 3358 de
807 3327 896 3359 Vinea
915 3330 1090 3371 habitarum,
1111 3332 1199 3371 sigillo
1221 3332 1321 3364 nostro

263 3365 391 3403 munito,
410 3365 516 3402 plenius
532 3367 725 3396 continentur.

295 3401 375 3432 Cum
393 3405 478 3440 igitur
499 3403 536 3434 de
555 3403 694 3435 solutione
714 3405 844 3442 pecuniae
863 3405 1027 3444 supradiffitae
1047 3408 1141 3439 eidem
1154 3408 1322 3446 Imperatori

262 3447 361 3482 cavere
376 3441 478 3472 idonee
492 3442 660 3481 debeamus,
675 3445 869 3484 paternitatem
881 3445 1005 3475 vestram
1023 3446 1176 3477 affectuose
1191 3458 1322 3487 rogamus

260 3485 406 3517 quatinus,
425 3482 544 3511 nomine
560 3480 750 3512 Sacrosantstae
765 3481 909 3513 Romanae
934 3483 1069 3515 Ecclesiae
1083 3509 1092 3523 ,
1111 3496 1165 3523 pro
1177 3495 1254 3523 parte
1267 3497 1321 3517 no-

258 3513 313 3544 stra
327 3539 336 3553 ,
362 3516 496 3549 Domino
514 3518 683 3557 Imperatori
704 3521 859 3559 praedi'cio,
877 3522 913 3552 de
927 3522 1058 3553 solvenda
1071 3525 1190 3561 pecunia
1203 3525 1322 3562 praedic-

255 3559 300 3589 ta,
318 3563 370 3584 vos
390 3556 518 3593 obligare
536 3557 626 3588 velitis
643 3559 720 3596 juxta
738 3559 865 3590 formam
887 3562 1088 3592 conventionis
1116 3563 1262 3601 praefatae3
1285 3565 1322 3594 ita

280 3590 337 3620 uod
358 3593 506 3638 praediffitus
527 3595 672 3627 Dominus
693 3597 850 3634 Imperator
868 3608 918 3635 per
932 3600 1136 3639 obligationem
1150 3600 1273 3632 vestram
1288 3603 1322 3633 δε

286 3628 419 3674 eclesiae,-
428 3632 477 3661 sibi
491 3633 524 3663 δε
537 3634 694 3665 haeredibus
707 3635 759 3665 suis
773 3636 892 3675 fa&am,
909 3638 1008 3668 habeat
1022 3639 1105 3676 plene
1117 3649 1242 3670 cautum.

291 3666 362 3711 Nos
377 3678 453 3698 enim
469 3670 634 3702 Romanam
649 3672 806 3704 Ecclesiam
819 3674 855 3705 de
868 3676 921 3706 hac
936 3676 1121 3715 indempnem
1135 3678 1242 3708 servare
1256 3689 1322 3716 pro—

255 3714 412 3743 mitomus,
431 3708 481 3744 &,
499 3709 534 3738 ad
546 3711 704 3741 cavendum
726 3713 845 3750 proinde
861 3715 943 3744 vobis
958 3717 992 3746 &
1011 3715 1155 3747 Romanae
1169 3716 1322 3755 Eccleiiae‚

255 3753 408 3786 pro—parte
431 3745 524 3775 nostra
546 3747 646 3779 latores
668 3750 847 3787 praesentium
870 3751 1066 3793 destinamus,
1090 3756 1192 3792 quibus
1202 3756 1321 3801 plenam

256 3781 386 3826 dedimus
408 3783 574 3827 pntestatem
588 3810 597 3823 ,
621 3787 655 3817 &
669 3788 784 3825 speciale
797 3789 962 3821 mandatum
972 3816 982 3829 ,
1000 3793 1030 3822 in
1044 3793 1215 3831 infrascripta
1228 3794 1321 3824 forma

254 3819 430 3888 segi-lfflnde,
449 3829 568 3852 nomine
581 3825 696 3864 nostro,
715 3827 797 3858 vobis
811 3829 845 3859 δε
860 3828 1006 3860 Romanae
1027 3831 1163 3862 Ecclesiae
1178 3831 1321 3871 obligare,

258 3869 278 3889 v
308 3869 324 3888 e
363 3869 378 3888 e
399 3868 405 3887 z

293 3896 385 3939 Qod
398 3905 516 3927 nomine
529 3898 628 3930 nostro
642 3903 806 3938 promittant
842 3903 1019 3942 stipulatione
1040 3907 1160 3938 solemni
1172 3908 1320 3945 interposi-

255 3942 281 3977 ta
296 3959 306 3972 ,
333 3936 382 3965 iub
406 3945 492 3973 poena
513 3934 615 3980 decem
629 3940 755 3981 'millium
779 3927 945 3973 Nfarcarum
966 3945 1107 3984 Argenti,
1127 3945 1206 3984 quod
1220 3957 1271 3976 nos
1287 3947 1321 3977 &

252 3972 547 4017 successoresnostri,
566 3975 648 4018 vobis
669 3978 702 4007 δε
721 3979 924 4010 succefforibus
942 3982 1039 4013 vestris
1052 4009 1062 4022 ,
1085 3986 1321 4022 praenominatam

253 4020 403 4055 pecuniam
425 4021 536 4048 integre
552 4012 699 4056 ⁴restituere
717 4016 868 4047 debeamus
891 4020 920 4048 in
944 4020 1047 4057 Anglia
1061 4047 1070 4059 ,
1096 4033 1146 4060 per
1168 4024 1321 4061 terminos,

253 4057 324 4080 mter
335 4059 405 4088 nos,
425 4050 458 4081 δε
470 4051 640 4090 ρωεὼξὶυη)
656 4052 827 4091 Magistrum
842 4055 961 4088 Petrum
974 4058 1010 4089 de
1026 4059 1116 4092 Vinea
1131 4060 1320 4100 constitutos3

1351 265 1394 296 los
1409 273 1545 295 terminos
1554 287 1564 303 ‚
1583 267 1790 297 committatur.

2462 278 2497 299 12
2518 270 2546 298 6.

1389 303 1531 335 Dedimus
1559 304 1643 333 etiam
1672 305 1812 342 praedicitis
1838 303 2074 335 procuratoribus
2100 304 2134 336 &
2155 302 2282 336 Nunciis
2305 305 2422 347 speciale
2438 278 2548 344 Hen.33.

1354 342 1519 372 mandatum
1539 341 1618 379 quod
1633 366 1644 379 ,
1667 345 1787 373 nomine
1803 342 1921 380 nostro,
1939 343 1973 373 &
1995 344 2024 372 in
2045 343 2139 373 anima
2158 344 2270 382 jurent,
2289 345 2369 376 tactis
2383 347 2424 377 sa-

1355 381 1488 448 ςῖοίὲέὶίε
1507 379 1666 420 Evangeliis
1679 405 1690 420 ,
1715 381 1795 420 quod
1815 392 1869 412 nos
1887 381 2030 412 antedicta
2047 383 2148 414 omnia
2167 382 2201 413 &
2216 383 2323 422 singula
2338 394 2423 415 com-

1355 429 1375 456 p
1386 429 1488 449 eamus.

1394 456 1433 487 Et
1446 481 1456 495 ,
1480 456 1515 487 ad
1540 458 1679 496 majorem
1698 458 1843 489 Romanae
1865 457 2000 490 Ecclesiae
2019 459 2158 490 cautelam
2169 483 2180 497 ,
2205 469 2254 497 per
2269 461 2422 499 praedicstos

1356 495 1485 533 speciales
1498 495 1698 527 Procuratores
1711 498 1745 528 &
1758 497 1896 528 Nuncios
1910 497 2040 536 nostros,
2060 498 2221 536 subjicimus
2242 509 2295 530 nos
2310 501 2343 531 &
2358 501 2422 532 suc-

1356 534 1480 564 cessores
1499 534 1611 565 nostros
1626 535 1809 574 jurisdidtioni
1829 537 1863 566 &
1881 535 2024 567 sententiae
2042 535 2143 567 vestrae
2156 559 2166 575 ‚
2191 546 2224 566 ac
2237 537 2422 570 sacrosanctae

1358 571 1505 602 Romanae
1517 572 1669 612 Ecclesiae,
1688 583 1719 605 ut
1732 584 1784 605 vos
1819 575 1853 605 &
1865 574 2035 605 successores
2047 574 2134 607 vestri
2166 584 2199 604 ac
2214 574 2349 608 Romana
2361 577 2422 610 Ec-

1356 611 1453 649 clesia,
1472 611 1492 641 si
1511 612 1540 640 in
1560 612 1699 642 solutione
1720 597 1865 651 praedidtae
1885 614 2014 651 pecuniae
2028 638 2038 652 ,
2060 623 2110 652 per
2130 599 2253 652 singulos
2267 617 2423 657 terminos,

1357 649 1559 680 ceffaverimus
1573 674 1583 688 ,
1606 650 1711 688 possitis
1733 662 1785 682 nos
1799 676 1809 690 ,
1833 652 1867 683 δέ
1877 652 2047 682 successores
2062 650 2190 690 nostros,
2210 661 2259 690 per
2273 653 2422 688 censuram

1358 687 1584 718 Ecclefiasticam
1593 688 1682 719 libere
1694 691 1866 729 cohercere,
1884 692 2053 728 exceptione
2073 691 2130 721 fori
2171 691 2218 721 vel
2231 692 2315 730 regiae
2328 691 2421 732 digni-

1357 728 1432 766 tatis,
1450 737 1465 756 a
1479 727 1579 765 nobb,
1596 736 1643 758 aut
1653 727 1856 759 succefforibus
1869 729 1987 768 nostris,
2004 715 2205 760 Ecclesiastico
2211 729 2323 768 judicio
2335 732 2422 762 mini-

1358 775 1406 796 me
1420 766 1608 804 opponenda,
1625 776 1672 797 aut
1683 768 1826 807 oppoiita,
1844 777 1905 798 non
1918 767 2057 798 obstante.

1395 805 1465 836 Nos
1484 806 1563 836 enim
1582 805 1787 844 obligationem
1806 816 1910 836 eorum
1927 808 1956 836 in
1977 806 2072 837 forma
2092 806 2242 847 praedicta,
2264 807 2421 840 sacramen-

1356 852 1435 882 tum,
1454 845 1487 875 &
1503 844 1762 882 renunciationem,
1781 845 1819 875 fic
1832 854 1888 875 rata
1903 846 1936 876 δε
1950 844 2031 875 firma
2043 846 2228 884 habebimus,
2247 857 2280 877 ac
2295 847 2330 885 ii,
2340 847 2420 885 quod

1356 883 1405 920 ipii
1427 883 1605 920 promiserint
1626 884 1659 913 ὃ(
1679 882 1851 914 firmaverint
1872 885 1901 913 in
1919 884 2058 914 antedicta
2079 884 2172 915 forma
2189 908 2199 925 ,
2217 885 2422 924 praesentialiter

1356 931 1406 962 per
1420 932 1473 953 nos
1488 921 1658 964 promiffum
1669 921 1800 953 existeret
1812 923 1846 954 &
1861 921 2015 954 firmatum.

1395 999 1486 1030 Teste
1500 1008 1531 1030 ut
1544 999 1630 1038 supra.

1356 1126 1406 1158 De
1421 1123 1575 1158 Condnffn
1594 1122 1746 1172 Magistri
1763 1123 1889 1157 PValteri
1905 1150 1915 1167 ,
1939 1125 2060 1156 Nuncii
2072 1126 2200 1158 Domini
2217 1127 2422 1171 Imperatoris.

1357 1209 1495 1273 REX
1516 1210 1650 1242 omnibus
1669 1210 1779 1241 Ballivis
1799 1211 1834 1241 &
1853 1209 1980 1240 fidelibus
2002 1209 2053 1240 suis
2073 1208 2185 1250 Angliae
2201 1233 2212 1248 ,
2234 1209 2350 1241 Walliae
2363 1235 2373 1249 ,
2390 1211 2424 1241 &
2443 1211 2519 1243 Ann.
2531 1212 2570 1248 D,

1440 1249 1612 1288 Hibemiae,
1638 1259 1687 1287 per
1708 1259 1781 1287 quos
1804 1248 1942 1288 Magister
1965 1248 2134 1288 Gualterus,
2152 1248 2288 1279 Nuncius
2300 1248 2425 1280 Domini
2470 1254 2554 1291 1236.

1359 1286 1404 1317 Im
1426 1290 1558 1332 cratoris,
1572 1288 1719 1320 transitum
1733 1287 1856 1332 fasturus
1872 1287 1913 1318 est
1920 1287 2072 1355 &salntem
2331 1326 2337 1332 .
2441 1294 2494 1319 An.
2511 1302 2558 1324 20,

1358 1365 1393 1396 &
1414 1326 1933 1409 icxlatiiiscssssfflkigisffiss'nffiiffiishssffin
1941 1387 1951 1403 ‚
1964 1325 2123 1410 axiigssffic?
2124 1326 2248 1396 {331¹ss
2258 1325 2408 1409 0ᾙέξὲιὲἓέ
2414 1351 2425 1403 ζ
2440 1334 2559 1398 ι’ἷέιῗὲο.

1358 1403 1564 1436 Romanorum
1575 1404 1752 1442 Imperatoris
1765 1403 1873 1441 semper
1885 1403 2005 1443 Augusti
2013 1427 2022 1441 ,
2037 1403 2191 1442 Jerusalem
2203 1404 2237 1435 &
2249 1403 2352 1434 Siciliae
2361 1403 2425 1434 Re—
2441 1411 2475 1435 H.
2495 1415 2520 1443 3.
2535 1419 2563 1436 n,

1358 1443 1400 1482 gis
1422 1443 1551 1482 illustris,
1570 1444 1604 1474 &
1624 1442 1735 1473 dileetae
1753 1442 1852 1473 sororis
1871 1441 1977 1472 nostrae
1991 1440 2128 1480 Isabellae,
2147 1441 2350 1473 Romanorum
2364 1441 2424 1473 Im-
2445 1454 2488 1473 ii.

1357 1483 1497 1519 peratricis
1512 1507 1520 1521 ,
1553 1483 1648 1513 uxoris
1667 1482 1721 1512 suae
1734 1504 1744 1520 ‚
1767 1482 1895 1518 cepimus
1907 1482 1936 1510 in
1948 1479 2054 1511 salvum
2068 1481 2102 1512 &
2115 1481 2245 1511 securum
2260 1481 2279 1501 ¹*
2295 1480 2426 1511 conduc-

1357 1528 1438 1559 tum,
1456 1523 1485 1551 in
1508 1520 1605 1551 eundo
1625 1522 1652 1550 in
1674 1520 1829 1550 Nuncium
1848 1518 1974 1558 praedieti
1987 1518 2166 1558 Imperatoris
2180 1529 2229 1558 per
2239 1528 2342 1550 terram
2357 1529 2426 1551 nos-

1356 1567 1430 1590 tram
1443 1559 1572 1599 Angliae,
1590 1559 1706 1589 Walliae
1721 1559 1754 1590 &
1769 1557 1927 1588 Hiberniae.
2048 1597 2054 1602 ·

1395 1598 1506 1629 Etideo
1513 1599 1596 1629 vobis
1603 1597 1769 1628 mandamus
1776 1596 1854 1635 quod
1869 1597 1957 1641 ipsum
1973 1595 2148 1636 Magistrum
2161 1595 2340 1635 walterum,
2356 1606 2427 1628 cum

1357 1647 1407 1675 per
1416 1646 1504 1675 partes
1512 1637 1614 1668 vestras
1622 1636 1765 1667 tranfiturn
1773 1635 1872 1666 fecerit
1880 1646 1908 1666 in
1916 1635 2026 1674 eundo,
2045 1634 2201 1673 morando,
2219 1635 2425 1674 &redeundo,

1358 1685 1428 1706 cum
1449 1677 1561 1706 honore
1577 1676 1729 1715 recipiatis,
1747 1675 1947 1705 manuteneatis
1960 1697 1971 1713 ,
1995 1675 2162 1713 protegatis,
2181 1675 2234 1712 &‚
2251 1684 2322 1705 cum
2336 1675 2372 1705 ab
2386 1685 2426 1706 eo

1357 1714 1617 1784 ἒῑῖἓίἓξὲἑὲξῗίῗῖἐ
1630 1712 2129 1792 ἕξὲἕῖῗῗῖῑξέἳιὲεὲᾙέἔέιῖε
2139 1711 2424 1783 ἓὲἒὲἒέωἳῖ

1548 1777 1558 1791 ¹)

1357 1791 1392 1822 In
1406 1792 1502 1832 cujus,
1521 1792 1582 1824 &c.

1389 1870 1481 1903 Teste
1495 1871 1579 1913 Rege
1594 1871 1668 1911 apud
1683 1871 1818 1903 Winton.
1836 1871 1954 1902 decimo
1971 1879 2052 1901 nono
2065 1869 2111 1900 die
2127 1868 2209 1901 Maii.

1354 2009 1404 2041 De
1419 2007 1598 2055 proteffione
1617 2018 1673 2055 pro
1699 2008 1802 2042 Olavo
1828 2010 1905 2101 1-ῐῖἒὲ
1925 2009 2063 2040 Manm'ae
2080 2005 2125 2039 ad
2138 2014 2242 2053 partes
2258 2006 2424 2052 Norwegiae

1788 2067 1843 2103 pro
1860 2069 1887 2090 CC
1903 2068 1969 2090 HYB-

1355 2139 1494 2210 REI-X
1512 2143 1647 2187 omnibus
1667 2141 1777 2174 Bailivis
1796 2143 1830 2174 &
1851 2141 1979 2173 fidelibus
2000 2140 2054 2173 suis
2067 2165 2078 2179 ,
2103 2140 2251 2180 praesentes
2261 2141 2364 2172 litteras
2378 2139 2422 2170 in-
2439 2142 2517 2175 Ann.
2532 2144 2570 2176 D⁴

1391 2181 1727 2258 Sciaiiiesstrkidssi'ussdtdpiffe
1746 2221 1775 2250 in
1799 2219 2011 2258 protefflonem
2032 2219 2067 2250 &
2086 2217 2281 2249 defenfionem
2294 2217 2424 2249 nostram
2440 2184 2557 2250 Effig-

1355 2257 1488 2289 homines
1502 2283 1512 2297 ,
1533 2267 1617 2290 terras
1629 2284 1639 2297 ,
1663 2269 1705 2290 rec
1716 2283 1726 2297 ,
1750 2257 1874 2289 redditus
1887 2283 1897 2296 ,
1916 2260 1950 2290 ὃς
1963 2267 2065 2289 omnes
2079 2257 2264 2295 possessiones
2278 2256 2375 2287 dilecti
2388 2258 2423 2288 &
2441 2266 2476 2289 H.
2497 2271 2524 2299 3.

1355 2295 1444 2327 fidelis
1459 2297 1549 2328 nostri
1566 2297 1653 2328 Olavi
1667 2297 1756 2337 Regis
1772 2296 1899 2327 Manniae
1914 2297 1947 2328 &
1962 2296 2135 2334 Insularum,
2152 2297 2218 2336 qui,
2234 2306 2288 2334 pro
2303 2306 2323 2326 n
2359 2296 2423 2326 otiis
2442 2304 2505 2328 Par.
2529 2309 2570 2327 20.

1357 2335 1425 2373 suis,
1443 2335 1476 2366 ad
1492 2345 1581 2375 partes
1593 2336 1764 2376 Norwegiae
1777 2335 1814 2366 de
1828 2335 1963 2366 mandato
1982 2335 2072 2375 Regis
2085 2333 2261 2374 Norwegiae
2276 2344 2330 2373 pro
2344 2334 2426 2364 ectu·
2444 2343 2477 2368 H.
2496 2348 2522 2375 3.
2539 2348 2570 2367 m.

1357 2374 1521 2444 msEetsti‘deo
1541 2414 1624 2445 vobis
1646 2413 1811 2445 mandamus
1852 2413 1910 2444 uod
1922 2412 2072 2450 homiues,
2087 2420 2172 2443 terras
2207 2421 2268 2450 res,
2286 2410 2426 2448 redditus,
2443 2386 2472 2413 7·

1358 2451 1392 2483 sc
1413 2461 1514 2496 ornnes
1536 2452 1719 2496 possessiones
1739 2452 1821 2490 ipfius
1831 2424 1932 2496 ‘iugis
1945 2450 2076 2482 Manniae
2088 2452 2122 2484 sc
2135 2436 2309 2489 Maiarum,
2327 2458 2430 2480 manu-

1359 2490 1913 2561 ‘effifrft‘e‘z‘ffiissizffissessffssnsssffi
2044 2512 2047 2514 ’

1397 2567 1454 2606 Et,
1473 2568 1493 2599 fi
1507 2570 1556 2608 qui
1571 2570 1597 2600 ei
1612 2568 1678 2600 inde
1692 2569 1775 2600 fuerit
1791 2554 1984 2607 fssrisfaeium,
2003 2569 2064 2601 &c.

1396 2645 1488 2676 Teste
1499 2645 1582 2687 Rege
1596 2646 1670 2686 apud
1686 2645 1855 2685 Merewell,
1874 2645 2010 2677 vicesimo
2026 2653 2129 2684 quarto
2146 2645 2194 2676 die
2208 2644 2291 2677 Maii.

1362 2786 1483 2818 Littera
1501 2781 1628 2830 Joannae
1647 2783 1796 2830 Comitiffae
1810 2781 1960 2816 flandriae
1970 2808 1980 2824 ,
2014 2780 2068 2814 ubi
2087 2785 2196 2815 mentio
2202 2781 2244 2826 fit
2265 2781 2302 2814 de
2319 2781 2428 2816 feodo.

1359 2869 1422 2931 R
1432 2867 1496 2938 E}
1511 2867 1540 2913 J,
1558 2867 1670 2900 Comiti
1685 2867 1840 2913 Flandriae‚
1856 2869 1890 2901 &
1904 2867 2067 2912 Hanoniae,
2082 2868 2206 2899 salutem.
2403 2906 2410 2912 ·
2445 2875 2522 2907 Am,
2536 2875 2570 2907 D

1485 2918 1493 2937 1
1514 2907 1659 2952 nificamus
1672 2907 1754 2938 vobis
1769 2906 1862 2952 quod,
1882 2916 1952 2952 cum
1967 2906 2118 2937 Chidulfus
2131 2907 2168 2937 de
2182 2907 2266 2976 Βωέ.
2285 2907 2319 2938 &
2332 2905 2426 2951 Baldi-
2466 2916 2552 2954 1236,

1359 2955 1412 2976 nus
1432 2945 1486 2976 Ho
1514 2957 1594 2977 iarius
1607 2971 1617 2985 ,
1641 2946 1675 2977 ad
1698 2957 1751 2977 nos
1771 2957 1801 2977 in
1823 2946 1925 2986 Angha
1937 2970 1947 2984 ,
1963 2955 1998 2976 ex
2014 2954 2090 2984 parte
2103 2945 2213 2984 vestra,
2269 2945 2375 2983 stinati,
2393 2945 2428 2975 ad
2445 2958 2497 2982 An,
2515 2964 2562 2982 20,

1359 2994 1413 3014 nos
1432 2985 1573 3016 venissent
1587 3009 1597 3023 ,
1621 2986 1656 3017 ὃ(
1675 2985 1759 3016 nobis
1780 2984 1967 3025 exposuiffent
1988 2986 2101 3024 negotia
2115 2986 2153 3015 eis
2167 2985 2309 3023 injuncta,
2327 2984 2428 3024 benig—
2444 2998 2480 3021 H.
2500 3001 2528 3031 3,

1361 3032 1432 3053 num
1447 3025 1485 3053 eis
1497 3023 1626 3054 dedimus
1641 3024 1767 3055 auditum
1776 3048 1786 3062 ,
1801 3025 1956 3054 amicitiam
1970 3023 2092 3054 vestram
2116 3024 2185 3054 scire
2205 3022 2333 3055 volentes
2346 3023 2426 3061 quod
2441 3032 2566 3070 Claus¹9

1361 3071 1422 3092 non
1435 3061 1488 3092 fuit
1498 3063 1581 3093 nobis
1594 3071 1706 3102 gratum
1718 3062 1764 3093 vel
1776 3071 1942 3101 acceptum,
1959 3071 2013 3092 nec
2026 3062 2122 3100 aliquo
2136 3061 2229 3093 modo
2245 3071 2295 3100 per
2308 3071 2361 3092 nos
2369 3061 2424 3092 ste-
2444 3076 2478 3099 H.
2498 3081 2525 3109 3·
2537 3076 2565 3106 p,

1361 3101 1395 3130 tit
1410 3100 1488 3139 quod
1501 3101 1624 3140 injuriae,
1642 3101 1688 3132 vel
1706 3101 1826 3140 dampna
1844 3101 1936 3140 aliqua
1947 3101 2066 3140 irrogata
2079 3101 2211 3139 fuerunt,
2227 3101 2258 3130 in
2272 3109 2345 3130 terra
2358 3109 2426 3130 nos-
2444 3119 2470 3137 2,
2480 3120 2516 3138 m·
2531 3117 2561 3144 5,

1361 3147 1421 3178 tra,
1440 3139 1651 3170 Mercatoribus
1669 3139 1792 3178 vestris,
1816 3140 1910 3170 immo
1930 3139 2011 3170 valde
2029 3139 2082 3170 fuit
2104 3139 2186 3170 nobis
2199 3138 2373 3177 molestum,
2390 3139 2425 3170 &
2441 3149 2516 3187 dorp,

1362 3178 1518 3215 plurimum
1543 3179 1647 3209 fuimus
1670 3178 1735 3208 inde
1752 3180 1824 3210 moti
1844 3180 1876 3210 &
1892 3179 2061 3217 perturbati,
2080 3177 2151 3209 sicut
2166 3177 2296 3216 praedieti
2310 3176 2346 3208 N
2348 3177 2426 3208 uncii

1361 3216 1447 3247 vestri
1461 3217 1544 3247 vobis
1559 3225 1693 3254 poterunt
1707 3217 1814 3255 plenius
1828 3217 1985 3248 ostendere.

1397 3254 1490 3292 Qiod
1512 3256 1597 3295 igitur
1614 3254 1648 3285 ad
1670 3256 1788 3293 praesens
1808 3255 1868 3286 fieri
1889 3257 1982 3294 potuit
1996 3254 2035 3285 de
2049 3254 2178 3293 dampnis
2191 3254 2342 3293 &injuriis
2355 3263 2428 3291 prae-

1360 3292 1458 3330 dietis,
1478 3293 1549 3324 sicut
1566 3294 1673 3334 plenius
1695 3293 1805 3325 constat
1825 3294 1930 3325 eisdem
1945 3294 2071 3324 Nunciis
2088 3293 2187 3325 vestris
2212 3293 2247 3323 ad
2262 3291 2428 3323 satisfacien-

1360 3331 1431 3361 dum
1444 3333 1502 3361 t-'am
1517 3331 1770 3377 voluntati-vestrae
1784 3358 1793 3371 ,
1817 3334 1906 3371 qu‘am
1921 3333 2133 3377 Mercatoribus
2151 3317 2269 3377 yeih‘iS,
2287 3330 2428 3376 concessi-

1361 3380 1431 3439 {¹3:1¹}
1439 3369 2088 3448 ississ’ifiiiss,qffliv‘issffiinssaeffiiff‘ffluffffi
2099 3381 2190 3439 liffm’s
2227 3369 2426 3452 2551&ss

1362 3447 1396 3477 &
1416 3456 1470 3484 pro
1491 3447 1575 3477 melle
1593 3448 1627 3478 &
1647 3448 1703 3478 aliis
1720 3448 1908 3480 mercandisiis
1929 3457 2046 3481 centum
2063 3449 2097 3480 &
2112 3447 2218 3485 septem
2232 3446 2314 3477 libras
2326 3447 2361 3479 &
2375 3446 2428 3476 de-

1362 3494 1429 3515 cem
1446 3485 1550 3516 solidos
1564 3486 1678 3516 Turon.

1400 3522 1481 3554 Cum
1495 3533 1606 3562 autem,
1624 3526 1774 3556 occasione
1791 3526 1933 3567 Maritagii
1949 3526 2049 3558 sororis
2062 3522 2280 3563 nostrae,quam
2295 3523 2426 3553 dedimus

1362 3563 1391 3592 in
1407 3572 1527 3592 uxorem
1544 3562 1680 3594 Domino
1693 3564 1876 3604 Imperatori,
1896 3567 1966 3597 sicut
1978 3562 2090 3595 audistis
2103 3586 2113 3601 ‚
2129 3562 2166 3592 de
2181 3564 2303 3605 pecunia,
2313 3562 2348 3593 &
2360 3562 2425 3591 the-

1360 3601 1440 3631 sauro
1454 3601 1554 3631 nostro
1566 3601 1689 3632 multum
1704 3603 1891 3635 effuderimus
1900 3628 1910 3644 ,
1929 3613 1992 3635 tum
2004 3603 2035 3632 in
2044 3601 2199 3640 jocalibus,
2219 3610 2282 3632 tum
2296 3609 2325 3629 m
2339 3609 2428 3637 pecu-

1361 3640 1406 3669 nia
1426 3648 1495 3669 cum
1517 3639 1572 3677 ipsa
1592 3639 1653 3670 data
1675 3641 1767 3672 eidem
1790 3642 1958 3684 Imperatori
1971 3666 1981 3680 ,
2004 3639 2039 3670 ad
2059 3639 2179 3683 praesens
2199 3650 2259 3670 non
2277 3639 2427 3682 ,pommus

1361 3676 1572 3708 Mercatoribus
1585 3679 1724 3715 praediftis
1737 3681 1905 3720 satisfacere,
1925 3679 1971 3711 sed
1986 3687 2142 3709 terminum
2156 3679 2194 3708 eis
2205 3677 2347 3715 posuimus
2363 3701 2373 3714 ,
2390 3677 2426 3708 ad

1361 3715 1498 3745 nundinas
1512 3716 1607 3747 San-{ti
1622 3717 1716 3755 Egidii
1728 3719 1862 3751 Winton.
1881 3719 1915 3750 ad
1937 3717 2102 3758 praedictam
2121 3717 2271 3755 pecuniam
2289 3716 2428 3752 recipien-

1361 3753 1429 3783 dam
1444 3766 1454 3792 3
1475 3754 1575 3784 faeturi
1595 3755 1675 3795 alias,
1693 3767 1747 3795 pro
1768 3758 1836 3789 loco
1857 3759 1891 3789 &
1911 3766 2061 3795 tempore,
2079 3755 2116 3786 de
2130 3754 2306 3797 dampnis&
2322 3754 2429 3792 injuriis

1361 3792 1434 3830 aliis,
1455 3791 1544 3830 siquid
1560 3793 1642 3825 fuerit
1654 3795 1746 3826 adhuc
1761 3795 1990 3832 emendandum,
2001 3794 2050 3824 De
2065 3803 2124 3832 quo
2139 3792 2277 3822 debebitis
2291 3792 2348 3823 effe
2355 3803 2429 3823 con-

1361 3831 1448 3867 tenti,
1468 3832 1532 3868 quia
1544 3832 1698 3869 plurimum
1713 3835 1864 3873 volumus,
1883 3836 1916 3866 &
1931 3833 2117 3865 deiideramus
2154 3829 2211 3861 uod
2225 3839 2323 3861 mutua
2337 3831 2369 3862 sit
2383 3832 2428 3861 in-

1361 3878 1404 3899 ter
1415 3879 1467 3899 nos
1480 3869 1608 3900 dileetio·
1630 3873 1663 3902 &
1680 3873 1758 3911 quod
1776 3872 1953 3904 Mercatores
1966 3871 2002 3902 de
2017 3879 2087 3900 terra
2100 3879 2137 3898 ve
2197 3893 2207 3906 ,
2227 3869 2260 3899 &
2277 3868 2429 3900 Mercato-

1361 3917 1404 3937 res
1424 3907 1460 3937 de
1473 3915 1543 3938 terra
1556 3895 1650 3939 nostra
1668 3912 1822 3949 utrobique
1835 3911 1887 3941 sint
1902 3911 2008 3947 securi,
2025 3909 2059 3939 &
2073 3908 2102 3936 in
2117 3906 2220 3947 Anglia
2236 3907 2379 3945 potiffime
2393 3916 2428 3938 ex

1361 3954 1438 3984 parte
1453 3946 1564 3985 nostra,
1583 3949 1616 3978 δε
1631 3949 1709 3986 quod
1724 3949 1823 3980 vestris
1838 3949 1968 3980 solatium
1983 3944 2185 3984 inpendamus‚
2205 3955 2337 3984 tanquam
2351 3956 2429 3984 para-

1362 3985 1381 4014 ti
1405 3985 1498 4027 facere
1511 3995 1564 4023 pro
1581 3987 1663 4016 vobis
1676 3987 1812 4026 quicquid
1826 3987 1979 4018 viderimus
1994 3983 2157 4016 commodo
2173 3984 2269 4017 vestro
2283 3985 2317 4017 &
2331 3985 2428 4015 hono-

1361 4024 1400 4061 ri,
1422 4023 1502 4053 iimul
1519 4025 1552 4055 ὅτ
1565 4024 1664 4055 nostro
1680 4026 1820 4063 expedire.

1402 4060 1461 4092 Vos
1485 4063 1567 4103 igitur
1585 4072 1718 4104 rogamus
1729 4064 1860 4095 attentius
1873 4070 2025 4101 quatenus,
2044 4060 2144 4092 eadem
2157 4061 2304 4100 facilitate,
2320 4059 2429 4131 τεᾞὶιῗί
