2570 4261
758 205 868 244 ET
949 207 1215 249 ACTA
1298 208 1791 262 PUBLICA„

7 279 92 311 Arm·
107 276 149 308 D·
169 286 346 319 octabam
367 289 534 333 Epiphaniae
553 299 612 320 non
633 289 668 321 ad
685 289 862 334 eligendum,
879 290 923 321 sed
937 292 970 322 ad
986 293 1159 324 tractandum
1180 291 1223 323 su-

17 318 101 357 1263·
168 335 217 364 per
238 327 376 358 electione
396 329 514 359 taciendi
534 328 620 368 Regis
641 330 675 360 &
698 328 874 366 imperatoris
887 354 897 368 ,
922 331 955 361 &
977 331 1010 361 ad
1030 332 1222 372 assignandum

15 360 82 384 Han.
102 364 129 392 3·
166 364 243 394 diem
265 365 298 396 ad
318 367 516 397 celebrandum
534 368 703 398 eleetionem
724 368 871 405 eamdem,
889 379 946 399 non
969 380 1016 409 per
1030 380 1128 401 omnes
1143 394 1153 409 ,
1176 370 1222 400 1ed

165 404 302 440 quosdam
317 413 351 435 ex
363 406 423 442 ipsis
436 405 613 449 Principibus
625 407 712 436 extitit
725 406 880 445 affignatus.

2264 237 2320 275 79

1265 292 1353 337 literae
1366 300 1469 343 merito
1482 301 1702 347 funt⁴suspe<5tae‚
1720 316 1774 338 nec
1786 307 1933 339 credendae
1946 308 1982 339 de
1995 307 2115 346 ejusdem
2128 309 2315 341 Ptaedeceffo-
2332 314 2407 344 Ann.
2424 315 2465 345 I),

1265 342 1301 361 ris
1314 333 1461 367 Alexandri
1476 344 1646 372 commentia
1659 346 1813 384 ema1iaffe3
2358 354 2441 388 1263,

1299 370 1380 416 Tum
1401 376 1485 406 etiam
1508 380 1588 420 quia,
1610 381 1629 410 fi
1649 380 1684 410 de
1701 383 1781 426 ipsius
1802 385 1988 424 conscientia,
2013 386 2046 417 ὃς
2068 386 2182 417 fratrum
2203 387 2317 418 suorum
2336 397 2399 420 Heu.
2420 403 2447 429 3.

1264 411 1381 441 consilio
1400 416 1607 455 processissent,
1623 428 1691 449 cum
1712 423 1848 458 injuriosae
1866 424 1934 463 sint,
1948 423 2053 455 debent
2076 426 2179 456 merito
2202 435 2318 457 revoca-

20 1417 34 1433 *
46 1414 68 1446 I·
86 1417 151 1451 766.

205 442 273 481 Qia
287 443 332 473 die
342 443 466 483 praefati,
486 443 657 474 Trevirenfis
672 444 852 482 Archicpisco
873 455 920 484 υς,
945 448 977 477 &
992 447 1060 478 Dux
1074 447 1221 485 Saxonire,

163 489 218 516 pro
238 482 280 519 se,
304 491 337 511 ac
359 481 463 511 diiecto
484 481 559 519 filio,
578 482 666 512 nobili
688 484 749 512 viro
772 453 943 514 Mareliione
966 485 1198 525 Brandeburgenfi
1211 507 1221 522 ,

164 520 215 555 qui
235 520 335 549 eidem·
350 519 508 551 Trevirensi
530 519 754 560 Archiepiscopo
772 522 848 551 vices
868 524 922 553 suas
944 524 1141 562 commiserat,
1167 533 1220 553 nec

164 566 226 587 non
246 558 280 588 &
298 567 461 597 procurator
481 559 627 588 memorati
640 559 727 597 Regis
741 559 886 590 Boliemiae
900 561 933 591 ad
946 563 1113 601 praedit‘ltum
1127 562 1221 602 Oppi-

165 594 252 634 dum,
266 603 397 636 tanquam
411 598 462 627 viri
474 596 601 638 pacifici,
624 598 813 636 accerserunt,

201 632 359 671 Supradie'ti
381 637 469 674 vero,
497 634 673 665 Coloniensis
691 635 943 677 Archiepiscopus,
968 639 1002 669 &
1023 638 1132 669 Comes
1153 647 1221 669 cum

163 672 269 710 ingenti
289 681 458 704 armatorum
480 673 674 711 multitudine,
694 675 728 704 ad
743 675 806 705 loca
819 677 1023 707 circumvicina
1034 678 1115 717 ipsius
1128 677 1222 716 Oppi-

164 709 194 738 di
216 710 408 750 advenientes,
434 712 553 751 requisiti
576 721 623 749 per
644 713 846 744 Treverensem
863 714 1131 757 Archiepiscopum,
1156 715 1220 745 Du-

164 757 247 787 cem,
264 750 297 780 &
318 749 534 780 Procuratorem
549 750 696 788 praedietos
713 752 773 791 (qui
790 762 889 783 eorum
903 753 1112 794 impressionem
1127 754 1221 783 verifi-

165 786 269 818 militer
289 788 488 826 formidabant)
508 797 539 818 ut
563 788 637 818 idern
650 790 788 827 oppidum
804 792 934 821 intrarent
950 802 1018 822 cum
1033 793 1163 822 societate
1173 792 1224 821 de-

166 827 259 864 centi,
273 826 310 856 de
328 826 489 867 assignando
510 826 556 857 die
570 827 603 857 ad
616 828 785 858 electionem
801 830 1011 868 celebrandam,
1029 838 1113 869 prout
1126 831 1224 859 termi-

166 873 218 893 nus
237 865 364 903 exigebat
386 865 418 902 (fi
438 865 472 895 ad
491 865 548 895 hoc
560 865 647 896 essent
660 866 774 903 habiles)
795 869 848 898 una
864 879 931 898 curn
947 869 1008 906 ipfis
1022 868 1137 909 pacifice
1151 875 1224 897 trac-

166 903 265 940 taturi,
282 912 342 933 non
362 903 452 934 solum
471 904 500 934 id
513 903 604 934 facere
618 906 859 944 contempserunt,
877 907 976 937 verum
992 909 1075 937 etiam
1089 929 1098 945 ,
1121 906 1224 945 proprii

165 939 356 982 prosecutores
368 943 489 980 arbitrii,
507 943 737 983 praesumpserunt
751 952 779 974 te
792 946 821 974 in
837 945 949 984 Regem
965 945 1224 982 Alemanniae,non

164 982 223 1008 iine
238 979 329 1010 multo
344 989 509 1020 contemptu
523 981 640 1011 aliorum
656 981 835 1021 Principum,
853 985 1005 1014 nominare.

205 1016 360 1048 Memorati
371 1027 482 1058 autem,
499 1019 676 1050 Treverensis
690 1021 938 1062 Archiepiscopus,
957 1022 1027 1052 Dux
1039 1023 1073 1053 &
1087 1020 1224 1051 Procura-

166 1063 212 1085 tor
248 1057 471 1088 nominationem
488 1057 644 1095 huiusmodi
658 1059 828 1090 attendentes
843 1062 950 1100 penitus
962 1060 1018 1091 effe
1029 1059 1152 1098 nullam,
1180 1097 1185 1102 ι

203 1077 359 1125 13raesertim
381 1106 449 1127 cum
470 1095 646 1127 Coloniensis
665 1098 915 1139 Archiepiscopus,
935 1108 988 1136 pro
1005 1108 1058 1136 eo,
1083 1098 1159 1137 quod
1178 1107 1226 1135 in,

166 1132 254 1162 bonae
271 1135 434 1173 memoriae,
463 1134 495 1165 P.
512 1135 607 1166 Sancti
628 1136 770 1177 Georgii,
791 1137 825 1167 ad
846 1138 940 1167 velum
960 1146 1091 1174 aureum,
1116 1136 1226 1166 Diaco-

164 1180 236 1214 num
255 1171 451 1210 Cardinalem,
469 1181 539 1204 tunc
560 1174 697 1214 Legatum
719 1176 748 1205 in
769 1174 945 1206 Alemanniae
959 1175 1079 1213 partibus
1091 1196 1100 1212 ,
1127 1183 1226 1217 mantus

164 1211 296 1247 injecerat
326 1221 359 1242 ac
381 1213 571 1243 venerabilem
589 1214 702 1244 fratrem
723 1213 868 1251 nostrum,
886 1212 1129 1243 Padebornensem
1145 1212 1225 1249 Epis-

164 1257 272 1285 copum
291 1234 426 1295 detineret
446 1252 608 1295 captivum,
626 1252 826 1290 propterquod
843 1262 891 1292 pei·
904 1252 1023 1282 eundem
1038 1251 1121 1281 etiam
1136 1250 1226 1289 Lega-

166 1294 228 1315 tum
242 1297 504 1319 excommunicatus
519 1298 626 1326 extitit,

201 1323 309 1356 Comes
333 1337 421 1367 vero,
439 1336 553 1367 propter
569 1326 748 1357 Clericorum
762 1328 795 1358 &
810 1326 1001 1366 religiosorum
1016 1326 1106 1357 caedes
1124 1328 1158 1357 ὃς
1172 1337 1226 1356 ηο-

165 1364 247 1394 torias
268 1367 426 1409 captiones,
450 1366 483 1396 &
528 1366 571 1396 uia
593 1374 690 1395 contra
711 1365 874 1395 sententiam
889 1387 898 1403 ,
920 1365 1007 1395 felicis
1027 1365 1227 1396 recordationis

166 1402 327 1434 Innocentii
345 1403 430 1444 Papae
475 1427 480 1433 .
526 1403 713 1434 raedecefforis
729 1405 745 1421 '¹⁵
759 1403 863 1442 nostri,
880 1403 1022 1441 quondam
1038 1404 1060 1433 F
1062 1403 1180 1434 riderico
1194 1414 1227 1434 o—

165 1440 216 1470 lim
234 1441 434 1473 Romanorum
451 1412 635 1480 imperatori,
654 1443 687 1473 &
704 1441 841 1472 Conrado
854 1451 921 1472 nato
934 1443 989 1480 ejus
1002 1442 1163 1481 praestiterat
1178 1453 1229 1480 pu-

165 1479 240 1513 blice
252 1480 401 1511 consilium
410 1504 420 1520 ,
437 1481 567 1511 auxilium
582 1482 615 1511 ὃς
629 1480 772 1519 favorem,
790 1489 885 1518 erant,
904 1481 984 1520 ipsius
996 1481 1140 1511 electionis
1154 1490 1228 1511 tem-

166 1527 254 1556 pore,
272 1519 328 1549 tam
341 1519 356 1549 ὲι
370 1528 494 1558 canone,
512 1519 595 1560 quam
607 1520 642 1550 ab
656 1519 773 1550 homine
787 1520 866 1551 variis
879 1518 1228 1550 Excommunicationibus

164 1557 307 1596 innodati,
325 1558 359 1588 &
379 1557 565 1597 Maguntinus
588 1558 841 1598 ArchiepiscopuS,
858 1559 940 1596 cujus
959 1558 1036 1588 idem
1052 1557 1230 1588 Colonienfis

164 1594 397 1636 Archiepiscopus
408 1596 435 1626 se
448 1598 524 1627 vices
537 1606 631 1636 gerere
643 1597 790 1635 asserebat,
808 1597 838 1626 in
851 1597 970 1627 vinculis
982 1605 1136 1635 teneretur,
1145 1607 1230 1636 prop—

165 1641 207 1663 ter
220 1634 315 1675 quod,
339 1645 435 1665 carens
449 1635 552 1665 arbitrii
566 1635 691 1666 libertate
701 1659 711 1675 ,
730 1634 857 1675 praestare
869 1644 929 1665 non
945 1636 1053 1673 potuit,
1075 1643 1158 1676 prout
1174 1636 1230 1673 jura

165 1673 294 1712 exigunt,
311 1673 430 1704 liberum
445 1674 474 1704 in
489 1674 626 1704 electione
641 1673 824 1712 consensum,
848 1683 902 1703 nec
918 1675 1001 1704 etiam
1014 1674 1091 1704 facto
1105 1674 1232 1714 praestitit

164 1711 199 1741 ad
212 1711 380 1742 electionem
395 1712 608 1750 celebrandam,

199 1748 321 1780 Certum
336 1751 490 1780 terminum
506 1750 648 1780 statuerint
660 1749 869 1790 subsequentem
881 1750 1070 1781 Dominicam
1084 1750 1229 1790 pastionis,

164 1797 224 1826 quo
249 1788 365 1826 quidem
384 1789 507 1819 termino
526 1788 609 1828 usque
627 1788 660 1819 ad
680 1791 839 1828 proximam
861 1788 1049 1820 Dominicam
1071 1790 1228 1830 palmarum

164 1827 331 1857 continuato
353 1826 388 1859 de
410 1827 456 1858 die
475 1828 505 1857 in
520 1827 612 1865 diem,
631 1828 664 1859 &
680 1836 840 1858 memorato
858 1827 893 1857 M
911 1829 1029 1858 ‹Juntino
1047 1827 1126 1866 (tunc
1140 1838 1156 1858 a
1167 1829 1230 1858 vin-

165 1865 236 1894 culis
253 1865 381 1902 liberato)
401 1865 568 1896 Coloniensi
592 1866 830 1907 Archiepiscopo,
846 1867 879 1897 &
925 1868 1015 1897 omite
1029 1867 1177 1906 requisitis,
1196 1868 1229 1897 ὃς

164 1903 325 1934 nolentibus
342 1903 468 1934 interesse
502 1904 593 1934 dietus
604 1905 775 1935 Trevirensis
789 1905 1022 1945 Archiepiscopus
1038 1906 1064 1943 (a
1078 1905 1160 1944 Rege
1174 1905 1230 1935 Bo-

165 1941 267 1972 hemiae
281 1966 290 1980 ,
311 1942 397 1973 Duce
418 1944 451 1974 δε
474 1927 644 1974 Marchione
665 1943 715 1974 sibi
734 1943 814 1982 super
832 1944 889 1973 hoc
912 1943 1047 1983 potestate
1060 1944 1228 1982 commissa)

165 1979 274 2010 dietum
296 1980 409 2021 Regem
428 1979 577 2020 Castellae,
592 1982 642 2012 suo
662 1982 696 2013 &
715 1982 828 2012 illorum
849 1983 984 2020 nomine,
1003 1982 1118 2023 publice
1131 1983 1164 2012 δε
1185 1982 1230 2012 so-

166 2019 312 2058 lemniter,
331 2021 359 2050 in
376 2019 478 2051 eodem
490 2019 608 2060 Oppido
623 2020 660 2051 de
673 2020 696 2050 F
698 2020 882 2060 rankenford,
901 2020 960 2050 Dei
975 2022 1093 2051 nomine
1110 2022 1229 2052 invoca-

166 2065 216 2095 ῐο,
241 2058 442 2089 Rornanorum
469 2058 517 2089 Re
537 2068 584 2088 em
605 2059 639 2089 &
660 2058 861 2096 Imperatorem
886 2059 928 2089 ele
949 2061 986 2097 it,
1004 2060 1037 2090 &
1059 2059 1228 2090 electionem

166 2097 251 2134 ipsam
271 2098 404 2128 omnibus
424 2068 574 2128 astantibus
599 2097 765 2137 publicavit:
788 2097 923 2135 Idemque
969 2107 1004 2127 ex
1017 2096 1147 2128 Castellae
1163 2098 1230 2136 (ipsa

166 2135 307 2165 elec‘tione
329 2136 378 2165 sibi
400 2145 450 2175 per
470 2146 553 2174 quam
573 2135 644 2165 iures
658 2135 804 2176 Magnates
819 2136 935 2176 Imperii
952 2136 1103 2174 (adipsum
1136 2145 1231 2174 ropter

166 2174 225 2204 hoc
245 2174 274 2204 in
292 2173 457 2214 Hispaniam
480 2145 657 2211 accedentes)
684 2173 870 2214 postmodum
890 2173 1070 2214 praesentata)
1096 2184 1112 2204 e
1124 2175 1229 2206 ectioni

166 2211 305 2242 consensit
318 2213 421 2243 eidem.

203 2250 247 2280 Ex
268 2251 414 2290 praemissis
439 2250 501 2282 sane
517 2251 602 2281 iidem
618 2259 810 2290 procuratores
823 2251 856 2282 δε
870 2250 978 2282 Nuntii
994 2251 1127 2291 praelibati
1144 2251 1190 2282 Re
1210 2252 1231 2282 is

165 2288 313 2328 Castellae,
331 2290 454 2321 dicentes
474 2290 643 2320 electionem
666 2291 674 2320 i
695 2290 749 2320 sam
765 2290 832 2328 ubi,
851 2290 884 2320 &
899 2291 914 2320 a
928 2291 1029 2328 quibus
1044 2289 1141 2321 debuit
1156 2301 1189 2321 ce
1201 2301 1230 2321 e—

165 2329 272 2358 bratam
292 2329 432 2369 legitime,
448 2328 600 2368 allegabant
621 2329 663 2359 ele
682 2330 792 2359 tionem
811 2328 929 2358 eandem
952 2329 1081 2367 impediri
1103 2339 1163 2359 non
1177 2340 1229 2370 po-

164 2366 245 2397 tuisse
256 2377 305 2405 per
320 2377 415 2405 tuam,
435 2377 517 2405 quae,
534 2367 602 2398 ficut
616 2367 731 2406 dicunt,
749 2367 824 2398 nulla
838 2368 930 2397 extitit
945 2368 1003 2405 ipso
1011 2369 1081 2406 jure.

200 2405 300 2443 Nam,
317 2416 385 2436 curn
404 2406 553 2446 praedidtus
579 2406 636 2436 dies
649 2406 844 2443 Ocstabarum,
861 2415 922 2434 non
937 2406 971 2435 ad
987 2406 1162 2445 eligendum,
1181 2406 1227 2437 sed

164 2444 200 2474 ad
221 2444 398 2474 tractandum
421 2443 456 2474 de
470 2443 573 2474 statuto
585 2444 631 2473 die
643 2443 676 2474 ad
690 2444 859 2473 elmstionem
873 2443 1068 2474 celebrandam
1083 2446 1153 2474 novi
1168 2444 1230 2474 Re-

165 2483 224 2521 gis,
241 2482 322 2513 fuerit
344 2493 404 2513 non
423 2491 472 2522 per
495 2491 594 2511 omnes
609 2482 759 2520 praediCtos
774 2480 935 2520 Principes,
952 2481 997 2511 sed
1011 2492 1060 2522 per
1073 2483 1108 2512 ali
1129 2492 1179 2513 uos
1195 2493 1229 2513 ex

165 2520 220 2558 eis,
235 2529 267 2550 ut
287 2521 483 2558 praemittitur,
500 2519 664 2559 affignatus,
685 2521 744 2558 (qui
758 2520 862 2550 etiarnsi
877 2520 911 2550 ad
934 2520 1095 2559 eligendum
1141 2529 1230 2551 atutus

165 2558 258 2589 fuisset
279 2569 327 2596 per
348 2560 484 2597 majorem
505 2567 611 2596 partem
634 2558 788 2589 eorundem
810 2558 995 2597 Principum,
1014 2559 1131 2589 minoris
1149 2560 1230 2597 partis

166 2607 228 2627 non
248 2597 376 2628 obstante
393 2597 633 2635 contradifflone,
652 2598 751 2627 mutari
771 2597 805 2627 &
826 2599 969 2636 prorogari
985 2598 1094 2634 potuit,
1115 2598 1148 2628 ὃ(
1163 2599 1232 2628 exti-

167 2636 203 2666 tit
218 2636 393 2676 prorogatus)
415 2634 526 2666 constat
542 2635 711 2665 eledtionem
727 2635 763 2665 de
775 2643 821 2673 te,
839 2635 962 2665 maxime
976 2645 1023 2673 per
1039 2636 1182 2673 pauciores
1194 2637 1230 2666 de

165 2674 229 2712 ipsis
251 2674 428 2714 Principibus
447 2675 706 2705 excommunicatos
720 2696 730 2712 ,
755 2672 815 2711 ipso
832 2673 877 2703 die
900 2672 1077 2705 OcCtavarurn
1100 2674 1203 2706 fastam
1220 2699 1230 2714 ,

165 2712 273 2743 nullam
287 2714 396 2754 penitus
408 2712 532 2743 extitisse.

204 2751 541 2782 Excommunicationem
561 2750 645 2781 etiam
659 2773 669 2788 ,
701 2758 800 2781 contra
822 2759 1012 2782 memoratum
1032 2750 1231 2792 Archiepisco-

165 2800 234 2820 cum
247 2790 278 2820 T
279 2790 452 2820 reverensem
462 2789 606 2827 objectam
616 2812 625 2827 ,
643 2790 678 2820 &
693 2788 940 2828 consuetudinem,
959 2800 1024 2830 quae
1037 2790 1073 2820 de
1087 2791 1231 2821 celebran-

167 2828 220 2866 da,
235 2837 363 2868 tempore
383 2828 505 2858 vacantis
532 2826 659 2867 Imperii,
676 2828 746 2857 infra
759 2837 866 2858 annum
882 2828 915 2858 &
928 2828 1004 2858 diem
1018 2827 1106 2868 Regis
1120 2829 1230 2860 Roma-

168 2877 273 2898 norum
287 2867 425 2897 electione
437 2866 625 2905 praeponitur,
643 2876 675 2896 ac
691 2866 753 2896 alias
766 2867 890 2896 omnino
903 2875 1049 2907 negantes,
1075 2867 1230 2908 allegabant

165 2905 244 2944 quod
254 2929 264 2945 ,
278 2907 299 2936 si
315 2907 429 2936 veritate
443 2904 604 2935 hu'usmodi
617 2905 771 2944 propositio
783 2905 942 2943 fulciretur,
962 2905 1065 2936 electio
1082 2914 1145 2944 tua,
1165 2916 1228 2946 quae

164 2944 330 2982 quindecim
352 2943 448 2973 diebus
487 2953 503 2973 e
525 2943 585 2981 ipso
602 2953 730 2981 tempore
750 2943 841 2974 adhuc
861 2942 1041 2974 existentibus
1056 2967 1066 2982 ,
1092 2945 1228 2975 celebrata

166 2984 271 3020 fertur,
288 2992 321 3012 ex
341 2981 398 3012 hoc
420 2982 504 3011 etiam
527 2982 601 3011 nulla
621 2982 705 3020 esset,
723 2992 792 3012 cum
816 2991 876 3012 non
894 2982 1001 3013 licuerit
1022 2984 1127 3014 minori
1143 2985 1230 3022 parti,

168 3021 274 3056 maiore
286 3019 467 3059 contempta,
485 3019 560 3049 diem
576 3020 704 3051 ultimam
719 3022 799 3058 ipsius
813 3022 946 3062 temporis
961 3022 1122 3061 praevenire.

204 3057 260 3088 Per
292 3068 336 3088 uae
348 3067 478 3096 apparere
489 3058 620 3089 dicebant
635 3059 713 3097 quod
728 3059 872 3090 Eleffitores
887 3059 1008 3097 ejusdem
1021 3060 1106 3099 Regis
1120 3060 1229 3091 Castel-

168 3096 222 3134 lae,
241 3068 365 3127 nociendo
383 3097 428 3126 die
449 3096 498 3126 illo
510 3097 627 3140 eligere,
644 3099 704 3127 n'on
717 3098 828 3128 fuerunt
843 3097 960 3137 eligendi
975 3100 1032 3136 jure
1043 3100 1158 3138 privati,
1175 3109 1228 3129 nec

170 3135 190 3165 fi
209 3136 295 3166 etiam
330 3143 360 3166 ut
379 3145 438 3173 pars
458 3134 566 3165 adveria
581 3137 728 3175 proponit,
747 3136 781 3167 ad
796 3137 937 3167 minorem
971 3145 1059 3167 artem
1076 3138 1228 3168 renuissent

170 3175 259 3204 exire:
279 3158 362 3203 Nam
374 3183 458 3211 cum,
475 3173 545 3203 infra
560 3174 728 3210 praedictum
739 3174 888 3215 Oppidum
903 3175 938 3205 de
963 3175 1229 3213 “ranckeford‚Ro-

172 3212 249 3243 mani
270 3212 358 3251 Regis
380 3212 414 3242 &
434 3211 626 3251 Imperatoris,
642 3212 676 3242 ὅ(
699 3222 758 3242 non
775 3214 840 3244 alibi
853 3213 952 3244 debeat
964 3214 1067 3244 electio
1082 3215 1230 3252 celebrari,

173 3252 268 3280 minor
283 3260 342 3288 pars
357 3260 417 3280 non
426 3258 533 3288 poterat
544 3249 578 3280 ad
592 3250 690 3279 locum
704 3250 789 3281 alium
803 3254 945 3282 coaretate
956 3253 1100 3291 majorem.

209 3289 395 3326 Adjecerunt,
420 3296 568 3325 praeterea,
588 3289 806 3328 inunctionem,
830 3291 1086 3330 consecrationem,
1111 3301 1230 3322 corona-

172 3328 281 3358 tionem
297 3350 306 3365 ,
335 3337 369 3357 ac
390 3326 589 3365 posseffionem
608 3327 755 3366 praediecas
777 3328 874 3366 (quam
896 3330 1011 3367 quidem
1032 3330 1229 3370 poii‘essionem

172 3367 293 3396 omnino
308 3365 456 3405 negabant)
477 3366 510 3396 δε
525 3373 641 3403 caetera,
668 3375 719 3402 pro
733 3375 808 3402 parte
824 3375 869 3397 tua
883 3367 997 3399 indut‘ta
1013 3370 1092 3402 :scum
1107 3378 1141 3398 ex
1157 3369 1231 3399 elec-

172 3405 251 3434 tione
266 3403 326 3440 tua,
347 3413 429 3442 quae,
447 3410 479 3433 ut
493 3404 668 3442 praedicitur,
687 3403 759 3434 nulla
772 3405 912 3445 extiterat,
937 3406 1027 3437 secuta
1041 3407 1154 3444 fuerint)
1169 3416 1233 3437 tan-

173 3453 257 3493 quam
277 3442 366 3480 nulla,
393 3441 502 3472 nullum
523 3441 643 3481 potuisse
660 3449 712 3472 tuo
733 3444 942 3474 munimentum
963 3445 1077 3484 afferre,
1095 3454 1140 3476 aut
1162 3447 1232 3480 eius-

174 3492 241 3512 oem
264 3481 350 3520 Regis
369 3478 500 3510 Castellae
521 3481 572 3518 juri
585 3480 778 3518 praejudicium
793 3490 940 3521 generare3
961 3483 1154 3524 subjungentes
1170 3483 1231 3513 Co-

170 3520 325 3551 loniensem
339 3518 589 3558 Archiepiscopum
601 3517 784 3557 supraditstam
798 3520 1055 3561 consecrationem,
1074 3523 1117 3553 vel
1130 3524 1230 3552 inunc-

173 3559 299 3597 tionem,
317 3558 361 3588 seu
382 3558 615 3595 coronationem,
636 3566 700 3595 quae
720 3557 759 3594 jus
782 3558 921 3598 tribuant,
938 3559 1002 3590 dare
1015 3571 1075 3591 non
1090 3560 1169 3600 posse
1183 3561 1231 3590 nili

173 3595 218 3636 ei,
235 3599 283 3638 qui
304 3597 319 3626 a
339 3596 436 3634 majori
457 3596 491 3626 &
505 3595 605 3624 saniori
620 3603 694 3632 parte
709 3593 909 3638 praedidtorum
924 3597 1090 3636 Principum
1105 3598 1145 3628 est
1159 3599 1232 3628 elec-

173 3643 235 3673 tus3
257 3636 378 3675 alioquin
395 3634 440 3664 illa
452 3635 609 3672 sequeretur
622 3632 788 3671 absurditas,
810 3635 888 3671 quod
902 3634 972 3667 solus
986 3637 1161 3667 Coloniensis
1176 3636 1232 3666 Ar-

175 3674 383 3715 chiepiscopus,
400 3673 530 3710 precibus
550 3671 696 3709 inductus,
716 3671 760 3701 vel
779 3681 925 3713 corruptus
938 3677 1044 3715 pretio,
1071 3677 1117 3706 cui
1133 3675 1232 3714 vellet,

174 3710 330 3751 Imperium
342 3712 406 3743 dare
420 3711 518 3751 posset.
691 3749 695 3753 .
730 3748 735 3753 ·

212 3752 303 3790 Qiod
323 3759 415 3782 autem
435 3750 470 3780 de
489 3750 571 3779 literis
592 3747 736 3788 supradicti
756 3746 966 3780 Praedecessoris
987 3752 1137 3782 Alexandri
1158 3763 1232 3791 prae-

171 3790 291 3820 mittitur
306 3790 346 3827 (in
382 3789 460 3819 uibus
475 3789 525 3818 tibi
539 3788 665 3827 Regium
680 3796 788 3830 nomen
800 3785 944 3830 dicebatur
957 3789 1124 3828 ascriptum,
1149 3801 1233 3830 teque

170 3826 200 3855 in
219 3827 356 3897 pfraedggtis
408 3837 482 3867 egno
502 3827 535 3857 &
561 3826 682 3864 imperio
700 3825 757 3855 aliis
775 3824 856 3854 fuisse
869 3826 1023 3866 praelatum)
1040 3829 1230 3869 multipliciter

171 3873 228 3894 con
242 3874 285 3896 uta
322 3875 371 3904 nt,

1262 457 1293 477 ri.

1264 486 1393 564 detinsge
1402 490 1492 559 ἔξω
1512 492 1599 531 Regis
1611 494 1740 526 Castellae
1754 497 1947 530 Procuratores
1960 501 1993 531 ὅ(
2007 501 2114 532 Nuntii
2123 501 2318 541 ,eleffionem²

1391 567 1394 571 ι
1458 540 1522 568 am,

1263 572 1327 594 runt
1347 566 1473 614 objetfta,
1489 579 1662 614 nequaquam
1685 572 1874 612 obstantibus,
1893 575 1954 606 fore
1966 578 2136 616 legitimam,
2157 588 2255 619 utpote
2270 590 2317 610 ce-

1263 603 1394 634 lebratam
1414 617 1429 635 a
1442 616 1539 650 majori
1553 618 1629 646 parte
1641 610 1763 650 ipsorum
1778 612 1942 650 Principum
1958 616 2037 654 (quos
2052 617 2136 647 iidem
2152 618 2320 649 Procurato-

1264 651 1305 684 res
1316 643 1349 673 δε
1366 643 1472 688 Nuntii
1488 648 1588 677 variare
1603 658 1662 678 non
1678 650 1795 688 potuisse
1809 651 1980 690 allegant,&
1993 655 2101 685 variasse
2115 666 2173 685 non
2188 657 2316 695 credunt)

1264 690 1341 724 imo,
1356 680 1470 713 fistione
1486 685 1569 729 juris,
1587 687 1622 716 ab
1639 689 1772 719 omnibus
1792 689 1870 726 (cum
1892 691 1954 729 alii,
1972 700 2068 731 utpote
2080 693 2226 733 inhabiles,
2244 695 2316 725 elec-

1263 726 1334 762 tioni
1350 729 1408 764 non
1419 731 1561 760 potuerint
1577 747 1587 763 ,
1612 725 1656 755 vel
1670 726 1762 756 stltem
1777 729 1919 758 noluerint
1931 731 1959 759 in
1974 731 2041 760 loco
2056 731 2134 761 solito
2145 734 2177 762 ὃς
2191 741 2319 774 tempore

1263 755 1360 799 debito
1382 760 1517 798 intercise)
1537 772 1569 792 ac
1591 763 1678 801 ipsum
1702 767 1843 804 potiorem
1863 768 1891 797 in
1907 769 2045 805 praedictis
2058 769 2163 808 Regno
2176 772 2208 800 ὃς
2224 771 2319 811 Impe-

1264 803 1306 823 rio
1319 804 1476 837 arguentes,
1499 809 1565 844 cum
1579 801 1703 845 instantia
1718 804 1890 841 postularunt
1903 807 1952 844 ipsi
1967 807 2041 847 Regi
2055 807 2185 838 Caitcllae
2202 812 2318 840 consue-

1264 839 1343 876 tum·
1369 844 1486 881 vorem,
1503 838 1648 879 videlicet,
1667 842 1743 878 quod
1798 843 1889 873 uando
1909 845 1991 882 aliqui
2006 846 2039 875 ad
2055 845 2209 884 Imperium
2222 849 2252 878 in
2265 849 2319 879 dis-

1265 871 1361 918 cordia
1382 872 1553 920 Principum
1566 879 1715 920 eliguntur,
1741 865 1776 910 §e
1797 891 1824 910 es
1843 881 2009 919 Apostolica
2033 883 2128 923 illum,
2145 887 2191 924 qui
2215 887 2318 916 electus

1266 907 1307 937 est
1326 920 1340 939 a
1362 919 1437 950 parte
1460 924 1571 958 majori,
1597 919 1721 955 perionae
1742 919 1946 956 impedimentis
1967 921 2149 962 cessantibus,
2171 924 2320 954 denunciat

1265 946 1385 977 eiectum
1401 960 1554 993 canonice,
1579 964 1612 985 ac
1627 954 1738 994 Regem
1752 959 1880 988 nominat
1895 959 1927 989 ὅ(
1942 960 1967 988 ei
1980 960 2106 991 favorem
2119 961 2244 1000 praestat,
2268 963 2321 992 illi-

1265 995 1320 1022 que
1335 994 1486 1019 terminum
1499 991 1532 1020 ad
1545 993 1732 1035 recipiendam
1747 994 1896 1026 Coronam
1910 997 2039 1036 assignat,
2065 1000 2168 1030 etiamsi
2180 1000 2247 1029 alter
2262 1001 2321 1030 tali-

1266 1031 1307 1052 ter
1325 1024 1478 1069 eletftorum
1501 1028 1593 1068 Regni
1635 1031 1812 1062 offessionem
1841 1035 2011 1065 ira-sumserit
2030 1046 2168 1074 occupare
2183 1038 2264 1074 (ficut
2290 1040 2321 1068 in

1266 1061 1451 1106 eleiiionibus
1463 1065 1589 1096 Lotharii
1655 1068 1780 1100 Conradi
1789 1093 1798 1107 ,
1849 1072 1941 1101 thenis
1955 1074 1987 1102 Sc
2002 1073 2142 1115 Philippi,
2157 1086 2189 1106 ac
2203 1076 2320 1106 aliorum

1266 1100 1389 1143 plurium
1410 1103 1587 1135 observatum
1605 1107 1686 1137 fuisse
1698 1107 1840 1145 dicebant)
1862 1109 1965 1140 adhoc
1977 1113 2139 1148 praedietam
2154 1113 2322 1145 decretalem

1267 1137 1422 1183 Epistolam
1438 1142 1610 1173 inducentes.

1302 1176 1415 1208 Eisdem
1437 1188 1530 1211 autem
1544 1182 1651 1221 praefati
1668 1182 1755 1223 Regis
1781 1183 1909 1215 Castellae
1925 1185 2044 1217 Nuntiis
2059 1189 2186 1227 petitioni
2204 1190 2321 1229 praedic-

1268 1222 1322 1253 tae,
1340 1216 1419 1256 super
1439 1219 1533 1250 debita
1546 1219 1659 1262 justitia
1679 1222 1835 1253 exhibend&
1854 1224 1991 1262 porreetae
2004 1247 2013 1263 ,
2038 1225 2222 1257 insistentibus
2235 1252 2244 1266 ,
2268 1239 2321 1259 nos

1270 1263 1458 1299 memorat-um
1479 1257 1646 1301 Rofiensem
1667 1259 1837 1328 Egiscopum
1851 1285 1860 1299 ,
1887 1262 1920 1292 &
1942 1263 2008 1293 alios
2029 1272 2091 1293 tuos
2112 1264 2323 1306 Procuratores,

1268 1292 1304 1322 de
1326 1293 1526 1330 praedietorum
1542 1300 1659 1328 iratrum
1710 1300 1827 1338 onsilio,
1844 1300 1974 1331 duximus
1996 1302 2172 1341 requirendos
2187 1304 2206 1333 fi
2221 1305 2324 1336 vellent

1267 1330 1346 1371 super
1366 1333 1512 1369 praemissis
1529 1334 1634 1375 subire,
1651 1344 1701 1366 tuo
1721 1339 1852 1376 nomine,
1868 1338 1996 1369 nostrum
2010 1341 2043 1371 ὃς
2060 1340 2233 1378 Apostolicae
2247 1342 2324 1373 Sedis

1268 1379 1400 1400 examen:
1423 1372 1502 1411 Qii,
1519 1372 1616 1404 habito
1635 1375 1768 1414 consilio,
1786 1376 1986 1414 responderunt
2006 1378 2083 1416 quod
2107 1380 2186 1417 (cum
2200 1381 2231 1410 sis
2244 1379 2326 1410 Prin-

1269 1407 1516 1454 ceps—Catholicus
1532 1411 1665 1443 Ecclesiae
1684 1413 1826 1445 Romanae
1841 1415 1976 1454 devotus,
1992 1417 2078 1454 ipsam
2092 1427 2175 1457 caput
2189 1417 2326 1450 Christia-

1269 1455 1360 1490 nitatis
1374 1448 1407 1479 &
1421 1448 1516 1488 Fidei,
1535 1460 1666 1490 tuamque
1683 1451 1807 1483 Matrem
1822 1454 1855 1485 ὃς
1869 1453 2029 1485 Dominam
2041 1456 2259 1496 recognoscens,
2271 1468 2325 1489 nec

1269 1485 1394 1530 intendas
1414 1487 1486 1518 illius
1507 1489 1645 1520 declinare
1653 1490 1798 1528 Judicium
1834 1493 1863 1522 in
1878 1494 1977 1533 quibus
1992 1493 2058 1524 illud
2074 1494 2162 1524 subite
2176 1495 2277 1536 debes,
2291 1498 2325 1528 ὅς

1269 1524 1305 1568 de
1317 1535 1375 1562 Jure
1387 1527 1503 1570 teneris,
1523 1528 1556 1558 ὃς
1570 1529 1598 1558 in
1613 1527 1735 1569 Imperio
1745 1531 1789 1569 jus
1805 1515 1927 1570 iubens,
1949 1542 1981 1562 ac
1996 1532 2090 1572 Regni
2106 1533 2278 1565 Alamanniae
2292 1537 2327 1567 &

1271 1566 1450 1607 eltus'jurium
1470 1566 1669 1604 possessionem
1691 1569 1828 1607 obtineas)
1847 1572 1931 1609 parati
1953 1580 2043 1610 erant,
2064 1573 2090 1601 in
2106 1581 2239 1610 quantum
2255 1584 2327 1613 prae-

1271 1601 1338 1632 dieti
1359 1603 1498 1642 mandari,
1516 1605 1593 1642 quod
1617 1606 1632 1636 a
1654 1614 1682 1636 te
1702 1606 1854 1645 habebant,
1872 1608 1898 1638 se
1918 1610 1988 1639 vires
2001 1610 2169 1648 exrendunt,
2186 1621 2238 1648 pro
2251 1621 2280 1642 te
2292 1622 2326 1643 ac

1271 1648 1326 1685 tuo*
1343 1643 1474 1681 nomine,
1492 1652 1623 1683 tanquam
1644 1654 1696 1684 pro
1718 1645 1747 1675 R
1784 1657 1799 1676 e
1813 1656 1897 1685 vero,
1913 1657 1945 1678 ac
1963 1648 2088 1687 legitimo
2099 1649 2267 1689 polieffore,
2279 1651 2327 1689 ju-

1270 1679 1377 1709 dicium
1401 1681 1529 1711 nostrum
1552 1683 1585 1713 ὃς
1606 1681 1738 1714 Ecclefiae
1789 1695 1900 1715 omanae
1919 1685 2008 1716 subire
2042 1687 2061 1717 si
2081 1689 2141 1724 quis
2154 1697 2264 1728 apparet
2276 1690 2325 1728 qui

1269 1725 1313 1756 te,
1328 1717 1405 1755 super
1428 1720 1572 1759 praemiffis
1593 1722 1660 1764 velit
1681 1723 1831 1762 impetere,
1853 1733 1899 1754 aut
1921 1710 2024 1764 aliquid
2043 1735 2214 1764 quocunque
2235 1727 2326 1758 modo

1270 1766 1443 1801 proponere,
1459 1768 1507 1798 per
1519 1759 1594 1799 quod
1610 1761 1660 1790 tibi
1673 1761 1756 1798 possit
1769 1763 1881 1800 aliquod
1895 1763 2088 1803 praejudicium
2104 1765 2245 1804 generari,

1307 1795 1393 1839 Salws
1412 1798 1518 1837 {emper
1530 1801 1560 1827 in
1574 1799 1708 1829 omnibus
1723 1800 1756 1830 &
1788 1811 1817 1831 er
1829 1803 1924 1831 omnia
1938 1802 2126 1840 jurisdictione
2139 1826 2149 1841 ,
2175 1803 2327 1841 potestate,

1270 1833 1387 1878 officio,
1404 1836 1583 1879 auetoritate,
1602 1836 1735 1876 dignitate
1785 1849 1890 1878 onore,
1908 1850 1941 1870 ac
1962 1840 2084 1871 libertate
2103 1841 2179 1872 Sacri
2200 1842 2327 1872 Romani

1271 1871 1384 1916 Imperii
1407 1874 1523 1917 'ejusque
1536 1874 1701 1913 Principum
1717 1861 1753 1908 ad
1766 1888 1835 1916 quos
1850 1878 1996 1916 specialiter
2010 1878 2027 1908 s
2041 1879 2113 1910 astat
2126 1879 2253 1910 Romani
2267 1880 2328 1910 Re-

1271 1920 1311 1949 gis
1331 1896 1450 1950 elec‘iio,
1469 1914 1501 1944 ὃς
1522 1914 1622 1953 quibus
1643 1915 1819 1958 praejudicare
1831 1927 1891 1946 non
1907 1916 2020 1947 intende
2041 1926 2103 1955 ant,
2126 1919 2171 1948 vel
2182 1919 2243 1948 alias
2257 1928 2329 1959 quo-

1272 1949 1429 1981 modolibet
1451 1951 1601 1992 derogare,
1618 1955 1785 1992 petitionem
1808 1964 1859 1986 tuo
1872 1955 2042 1995 praemiffam
2055 1957 2173 1986 nomine
2186 1956 2329 1988 nihilomi-

1271 1997 1323 2018 nus
1336 1997 1498 2028 repetentes.

1311 2025 1406 2057 Ecce!
1427 2026 1479 2057 Fili
1501 2028 1672 2068 charissime,
1689 2029 1758 2060 dum
1779 2029 1813 2060 ad
1826 2031 1990 2068 petitionem
2001 2032 2122 2072 Justitiae
2135 2034 2172 2064 ab
2188 2044 2242 2064 una
2255 2042 2330 2074 parte

1271 2066 1448 2104 proceditur,
1467 2077 1521 2097 nec
1542 2068 1578 2098 ab
1592 2067 1674 2098 altera
1683 2068 1799 2106 Judicio
1813 2069 1934 2108 ceditur,
1953 2070 1997 2101 sed
2008 2081 2066 2112 ,per
2079 2072 2200 2111 ipsorum
2215 2073 2330 2112 Regum

1273 2105 1471 2143 concordiam,
1493 2106 1527 2136 &
1540 2106 1715 2137 concordem
1726 2107 1870 2145 supradiffi
1886 2109 2091 2140 ordinationem
2105 2110 2236 2150 Imperii,
2260 2112 2331 2142 desi-

1272 2141 1365 2173 derata
1377 2144 1474 2183 quietis
1492 2143 1574 2183 nobis
1588 2145 1713 2175 serenitas
1732 2145 1861 2176 arrideret
1876 2169 1886 2184 ,
1910 2147 1938 2177 in
1953 2147 2121 2186 judiciorum
2134 2149 2270 2188 inquietos
2282 2161 2331 2180 an-

1273 2179 1376 2250 gragus
1390 2183 1548 2251 ’ingerlimur
1560 2205 1571 2221 ,
1601 2184 1635 2215 δε
1656 2185 1786 2223 expetitae
1803 2184 1921 2223 Justitiae
1943 2185 2068 2217 instantia
2088 2187 2116 2217 in
2139 2189 2260 2226 ipsorum
2280 2198 2333 2218 nos

1295 2230 1313 2249 u
1346 2230 1427 2250 usim
1449 2232 1464 2251 e
1484 2229 1513 2251 it.

1311 2257 1402 2289 Ecce!
1423 2231 1522 2297 ἔπειτ)
1536 2261 1761 2300 expec‘tavimus,
1773 2261 1806 2293 &
1820 2271 1880 2292 noti
1895 2261 1989 2300 venit,
2000 2262 2177 2301 quaefivimus
2190 2263 2283 2302 bona,
2298 2264 2331 2295 &

1276 2298 1398 2328 turbatio
1410 2298 1539 2338 strepitus
1548 2299 1690 2337 judicialis
1703 2300 1827 2331 offertur.

1311 2335 1449 2367 Profecto
1469 2347 1529 2367 non
1549 2338 1579 2368 id
1592 2338 1760 2369 desiderabat
1774 2338 1907 2369 Ecclefiae
1920 2338 1966 2369 Im
1987 2339 2062 2369 eriali
2074 2339 2175 2369 auxilio
2189 2340 2334 2372 relevanda

1271 2374 1431 2414 neceffitas,
1449 2385 1509 2406 non
1528 2376 1556 2407 id
1577 2378 1724 2416 exigebant
1742 2377 1841 2408 lacerae
1860 2386 1947 2417 partes
1973 2379 2071 2417 mperii
2107 2380 2334 2416 occupatricibus

1271 2414 1402 2452 expositae
1422 2415 1549 2444 manibus
1570 2415 1761 2456 direptorum,
1780 2426 1839 2446 non
1855 2415 1883 2445 id
1898 2417 2052 2453 requirebat
2066 2400 2278 2448 Christianitatis
2290 2418 2333 2449 his

1271 2452 1443 2491 temporibus
1458 2452 1610 2484 miseranda
1624 2454 1752 2484 conditio
1785 2463 1870 2494 quam
1884 2455 2028 2485 intrinseca
2042 2453 2184 2493 plusquam

1418 2489 1571 2521 Tartaricae
1592 2491 1702 2523 feritatis
1723 2478 1867 2532 affligunt,
1886 2493 1986 2529 quibus
2027 2492 2100 2522 otius
2117 2492 2270 2524 debebatur
2283 2502 2331 2533 ut,

1272 2537 1322 2564 per
1340 2528 1469 2559 traCtatus
1487 2529 1638 2569 pacificos,
1657 2530 1775 2561 Caesarei
1799 2531 1929 2560 culminis
1942 2502 2119 2561 acceleranda
2132 2532 2254 2568 provisio
2269 2555 2279 2570 ,
2303 2533 2334 2562 in

1272 2567 1377 2634 unitatde
1395 2567 1490 2607 capitis
1506 2568 1613 2606 juribus
1634 2568 1822 2608 redintegratis
1842 2568 1972 2608 Imperii,
1990 2577 2089 2600 contra
2110 2576 2153 2599 tot
2173 2568 2333 2601 discrimina

1292 2614 1352 2634 rovr
1373 2613 1437 2634 eret.

1272 2614 1291 2641 p
1310 2642 1379 2673 Nos
1399 2643 1504 2683 itaque,
1527 2645 1602 2682 pacis
1625 2645 1808 2683 cogitationes
1827 2643 1932 2676 solicite
1952 2646 2122 2685 cogitantes,
2149 2656 2182 2676 ac
2208 2647 2244 2677 de
2263 2647 2334 2678 illius

1273 2681 1407 2719 sperantes
1416 2684 1623 2720 omnipotentia
1637 2684 1669 2714 &
1683 2683 1819 2713 immensa
1832 2685 1934 2714 virtute
1952 2707 1962 2723 ,
1985 2684 2033 2714 sub
2048 2694 2105 2724 quo
2120 2694 2269 2715 curvantur
2284 2687 2332 2724 qui

1273 2727 1384 2757 portant
1403 2721 1519 2759 orbem,
1535 2723 1583 2765 qui
1596 2722 1687 2753 ventis
1706 2722 1839 2760 imperat,
1858 2723 1890 2753 δε
1913 2721 1947 2752 ad
1967 2723 2022 2760 ejus
2041 2731 2141 2753 nutum
2155 2723 2205 2754 stat
2227 2724 2334 2763 spiritus

1273 2759 1457 2796 procellarum
1466 2782 1475 2798 ,
1495 2769 1570 2796 pacis
1583 2761 1740 2791 tractatibus
1753 2760 1926 2799 providimus
1938 2761 2125 2791 insistendum.

1310 2796 1346 2827 Et
1364 2798 1444 2836 ideo,
1469 2797 1536 2828 hinc
1551 2798 1615 2829 inde
1630 2800 1792 2838 propositis,
1817 2800 1831 2829 Ξι
1846 2799 1928 2829 nobis
1943 2799 2081 2837 praediftis
2096 2800 2221 2831 fratribus
2234 2800 2334 2831 nostris

1272 2836 1302 2865 in
1317 2835 1514 2866 discusiionem
1528 2837 1633 2867 exastae
1649 2837 1851 2868 deliberationis
1866 2838 1986 2869 induitis
1995 2861 2004 2876 ,
2015 2838 2050 2868 de
2065 2839 2073 2867 i
2094 2838 2186 2868 sorum
2199 2839 2334 2877 consilio,

1270 2875 1327 2904 tam
1347 2874 1382 2904 ad
1402 2875 1617 2913 magnificentiae
1637 2883 1694 2906 tuae
1716 2877 1889 2914 praesentiam
1904 2899 1914 2914 ,
1947 2876 2031 2915 quam
2053 2887 2068 2906 a
2109 2877 2197 2914 ipsum
2219 2876 2333 2917 Regem

1271 2911 1402 2956 Castellae
1416 2913 1544 2944 Nuntios
1558 2913 1772 2945 deliberavimus
1786 2914 1979 2954 destinandos,
1998 2915 2047 2953 qui
2064 2924 2114 2945 vos
2126 2913 2160 2944 ad
2175 2925 2276 2953 pacem
2289 2916 2334 2946 in-

1274 2960 1376 2981 vrtent:

1306 2989 1353 3020 Ad
1373 2990 1450 3029 quod
1475 2990 1611 3021 dilefftum
1627 2990 1730 3027 filium,
1748 2990 1918 3030 Magistrum
1933 2990 2133 3022 Guillielmum
2146 2990 2332 3030 Capellanum

1270 3027 1399 3058 nostrum
1415 3029 1654 3059 Archidiaconum
1668 3031 1697 3059 in
1713 3029 1836 3060 Ecclesia
1850 3029 2002 3067 Parisienfi‚
2021 3031 2115 3060 virum
2129 3031 2225 3070 utique
2239 3032 2334 3069 provi-

1270 3066 1359 3106 dum,
1375 3068 1483 3098 consilii
1511 3068 1664 3098 maturitate
1689 3068 1887 3106 conspicuum,
1904 3068 1919 3097 a
1942 3068 2024 3098 nobis
2042 3078 2075 3099 ac
2090 3069 2192 3099 eisdem
2207 3069 2336 3100 fratribus

1271 3105 1424 3144 plurimum
1440 3107 1542 3136 merito
1557 3105 1610 3136 suae
1623 3106 1768 3145 probitatis
1783 3114 1947 3145 acceptum,
1967 3106 2003 3136 de
2017 3108 2095 3145 cujus
2108 3107 2239 3138 industria
2250 3109 2284 3139 ὃς
2300 3108 2334 3138 fi-

1271 3142 1382 3173 delitate
1403 3153 1454 3174 nos
1472 3146 1505 3175 &
1527 3144 1574 3182 ipsi
1596 3143 1689 3174 fratres
1708 3144 1789 3181 plene
1805 3143 1991 3184 confidimus,
2009 3145 2044 3175 ad
2057 3154 2134 3176 tuam
2147 3146 2332 3185 magnificen-

1270 3182 1339 3212 tiam
1354 3182 1502 3219 specialiter
1517 3182 1691 3213 destinamus.

1308 3219 1345 3250 Et
1360 3221 1573 3259 nichilominus,
1591 3229 1660 3250 cum
1675 3221 1758 3250 fimus
1771 3221 1903 3251 omnibus
1915 3221 2034 3259 Justitiae
2051 3221 2268 3261 debitores,nec
2281 3222 2331 3253 de-

1270 3259 1386 3288 beamus
1401 3268 1463 3289 eam
1478 3259 1595 3297 perionis
1610 3259 1744 3298 denegare
1756 3258 1934 3298 sublimibus,
1959 3262 2024 3299 qui,
2040 3260 2118 3299 super
2131 3261 2185 3299 ipsa
2199 3262 2281 3290 etiam
2295 3261 2331 3290 ab

1272 3297 1423 3327 humilibus
1444 3298 1581 3336 requisiti,
1601 3296 1689 3327 nostri
1710 3305 1798 3334 partes
1818 3297 1908 3328 officii
1932 3308 1992 3329 non
2007 3307 2157 3338 negamus,
2175 3308 2203 3329 te
2217 3309 2249 3328 ac
2262 3308 2332 3328 euri-

1270 3335 1336 3365 dem
1359 3335 1472 3375 Regem
1492 3335 1620 3366 Castellae
1640 3334 1766 3366 citandos
1779 3336 1970 3375 decrevimus,
1989 3337 2038 3374 &,
2056 3336 2091 3366 de
2105 3336 2176 3373 saepe
2188 3337 2330 3367 dictorum

1271 3375 1387 3404 fratrum
1404 3374 1536 3411 consilio,
1555 3375 1757 3412 peremptorie,
1775 3375 1952 3411 praesentium
1967 3384 2062 3405 tenore
2097 3376 2214 3405 citamus
2228 3384 2277 3412 ut,
2291 3375 2333 3404 se-

1272 3413 1369 3442 cundo
1389 3412 1434 3442 die
1458 3411 1546 3451 Maii,
1564 3413 1657 3452 primo
1674 3414 1801 3451 venturi,
1820 3413 1987 3457 Apostolico
2002 3398 2180 3457 conspectui,
2195 3423 2244 3453 per
2259 3412 2332 3443 Pro-

1272 3459 1411 3481 curatores
1427 3450 1556 3488 idoneos,
1574 3459 1600 3480 te
1616 3452 1778 3488 praesentes,
1798 3454 1813 3468 *’
1832 3461 1897 3489 qui,
1913 3460 1969 3481 tuae
1985 3451 2162 3481 conserenti-x
2176 3451 2281 3482 conscii
2292 3451 2331 3481 le-
2349 3454 2364 3470 *⁸
2381 3455 2403 3481 Ι.
2415 3454 2477 3490 768,

1292 3491 1402 3520 itimum
1419 3489 1452 3519 δε
1468 3490 1581 3526 plenum
1599 3489 1614 3518 a
1628 3499 1655 3518 te
1667 3489 1830 3519 mandatum
1844 3491 1979 3526 habeant,
1994 3489 2028 3518 ad
2043 3490 2116 3527 pacis
2129 3489 2292 3527 tractatum,
2308 3490 2328 3520 fi

1306 3529 1416 3557 ominus
1429 3527 1551 3565 dederit,
1567 3527 1742 3566 ineundum,
1761 3529 1794 3558 &
1810 3527 1842 3557 ad
1856 3527 2066 3567 procedendum
2083 3528 2111 3556 in
2126 3526 2184 3566 ipso
2197 3530 2330 3567 negotio,

1272 3574 1356 3605 prout
1374 3565 1477 3595 honori
1500 3565 1650 3603 Ecclefiae,
1668 3575 1701 3595 ac
1722 3566 1833 3605 pensata
1852 3567 1910 3596 talis
1929 3567 1962 3596 &
1980 3566 2048 3595 tanti
2069 3566 2233 3597 conditione
2245 3575 2332 3606 nego-

1272 3607 1321 3643 tii,
1339 3605 1394 3634 sine
1409 3603 1658 3642 offensajuststiae,
1673 3604 1833 3634 videbimus
1846 3604 1983 3642 expedire.

1309 3681 1376 3712 Dat.
1395 3679 1467 3720 apud
1482 3679 1597 3710 Urbem
1612 3679 1744 3711 Veterem
1754 3703 1764 3719 ,
1780 3690 1798 3709 2
1811 3679 1931 3710 Kalend.
1950 3679 2128 3717 Septembris.

1426 3822 1474 3853 De
1485 3818 1633 3864 fidelitaete
1645 3817 1808 3865 prestanda
1833 3818 1990 3852 Edwardo
2000 3818 2067 3864 filio
2085 3823 2183 3867 Regin

1541 532 1559 551 *²
1575 531 1712 564 electione
1739 544 1785 566 tua
1800 537 1950 576 praedicta,
1964 541 1997 570 δε
2010 541 2055 584 iis,
2075 550 2138 578 quae
2151 551 2204 581 pro
2217 550 2244 571 te
2257 542 2319 572 fue-
2334 551 2353 571 >t
2371 553 2393 579 1⁴
2404 552 2467 586 767.

207 3902 306 3942 Tum,
324 3906 387 3945 quia
409 3905 516 3944 quoties
534 3913 631 3934 coram
654 3902 712 3940 ipso
735 3901 939 3945 praedeceffore
959 3902 1120 3936 Alexandro
1133 3917 1166 3937 ac
1181 3907 1234 3938 fra—

171 3941 259 3972 tribus
272 3942 324 3972 suis
337 3943 372 3973 de
385 3943 499 3984 Imperii
512 3943 626 3982 negotio
641 3942 772 3980 agebatur
786 3963 796 3978 ,
819 3941 894 3970 idem
909 3939 1098 3974 Praedeceffor
1112 3943 1234 3975 Alexan—

174 3980 223 4010 der
245 3981 358 4019 publice
380 3982 511 4012 asserebat
532 3980 627 4020 quod,
654 3983 731 4018 iuper
753 3978 856 4008 eodem
880 3981 1013 4018 negotio,
1027 3982 1096 4012 nihil
1117 3984 1147 4013 in
1165 3983 1234 4013 diCti

174 4018 261 4058 Regis
275 4017 404 4049 Castellae
417 4020 610 4060 praejudicium
625 4026 770 4048 attentaret
789 4017 876 4057 (quod
891 4018 974 4047 etiam
982 4019 1030 4059 ipsi
1043 4020 1234 4060 R'egiCastel-

173 4057 224 4095 lae,
243 4066 291 4095 per
313 4057 417 4095 literas,
436 4069 484 4096 per
502 4058 645 4098 quondam
668 4057 703 4087 A.
721 4055 925 4100 deFerentino
946 4056 1027 4087 suum
1047 4057 1233 4096 Capelianum

172 4095 206 4126 §c
228 4095 374 4127 Nuntium
399 4097 548 4135 intimavit)
574 4104 686 4134 propter
706 4094 783 4135 quod
803 4094 961 4134 praedictae,
980 4104 1028 4133 per
1049 4104 1078 4127 te
1092 4098 1233 4136 indudtae,

1274 3903 1392 3960 REX
1408 3904 1560 3936 Batonibus
1573 3903 1670 3942 portus
1683 3905 1722 3934 sui
1736 3904 1850 3934 Dovor.
2351 3907 2426 3938 Anii.
2443 3909 2483 3938 D.

1366 3942 1443 3974 Cum
1459 3943 1574 3972 dilectus
1588 3942 1656 3972 filius
1671 3942 1840 3981 Edwardus,
1862 3943 2062 3982 primogenitus
2075 3945 2107 3975 &
2120 3943 2206 3975 haeres
2220 3943 2330 3982 noster,
2376 3951 2457 3985 1203.

1273 3983 1307 4013 ad
1323 3992 1373 4012 vos
1388 3981 1561 4022 personaliter
1574 3981 1687 4011 accedat
1701 3990 1747 4019 ut,
1764 3990 1894 4025 tanquam
1906 3983 2108 4022 primogenitus
2120 3984 2154 4014 &
2167 3983 2253 4012 haeres
2265 3992 2329 4013 nos-
2346 3989 2397 4011 Aa,
2412 3996 2457 4020 47„

1274 4032 1332 4059 ter,
1351 4020 1510 4050 fidelitatem
1532 4020 1547 4049 a
1566 4020 1647 4049 vobis
1667 4020 1794 4058 recipiat,
1812 4026 1880 4051 licut
1901 4029 1962 4050 eam
1985 4021 2020 4051 de
2042 4021 2139 4052 nostro
2161 4021 2292 4051 mandato
2314 4022 2329 4051 a
2348 4028 2379 4050 Hi
2397 4033 2421 4058 3.

1274 4060 1380 4092 caeteris
1394 4058 1561 4095 Baronibus,
1580 4058 1613 4088 &
1630 4056 1806 4098 Magnatibus
1820 4058 1918 4088 nostris
1930 4069 2017 4097 nuper
2030 4061 2148 4102 recepit,
2348 4066 2402 4088 Par.
2419 4071 2465 4095 47.

1319 4097 1409 4129 Vobis
1435 4096 1598 4127 mandamus
1618 4105 1743 4135 rogantes
1763 4106 1893 4137 quatenus
1914 4096 2073 4130 fidelitatem
2093 4098 2195 4129 iaciatis
2214 4098 2329 4164 eideml,
2347 4104 2380 4126 H.
2405 4108 2428 4134 3-

2293 4145 2306 4164 a
2318 4151 2329 4157 -
2346 4148 2369 4163 η.
2388 4146 2431 4164 22.
