2570 4261
3 1356 78 1400 lirin.
90 1365 130 1397 D.

22 1417 35 1436 1
44 1415 107 1446 153.

0 1450 73 1475 Anna
86 1451 129 1472 Re-

0 1486 41 1521 gni
54 1485 122 1520 Regis

0 1523 115 1559 Stephani

727 164 839 211 ET
922 169 1188 211 ACTA

5 258 80 298 Am.
91 255 133 296 D.
186 259 225 295 Et
244 261 379 293 omnibus
401 258 566 290 Parentibus
584 255 635 287 suis
654 254 731 286 suani
745 255 835 287 reddo
849 254 1054 286 Haeredi'tatem
1066 255 1143 286 unde
1157 258 1211 293 po-

26 312 107 343 1152.
150 311 211 333 tens
226 302 302 339 sum,
320 301 354 330 δε
365 298 403 328 de
414 298 474 328 hoc
487 295 564 326 unde
579 294 614 325 ad
626 294 745 333 praesens
757 303 819 326 non
829 293 910 332 sum,
928 294 1040 326 redium
1051 295 1210 333 plenarium

150 340 256 372 tenebo
271 348 306 369 ex
322 346 381 375 quo
395 343 497 374 potens
510 343 569 364 ero.

155 391 158 394 ’
596 408 749 448 Τεῆῖοω,

699 490 733 516 R.
747 485 779 515 de
792 487 896 514 Humet
910 479 1118 525 Constabulario.

700 527 823 554 Guarino
836 523 902 553 Filio
917 523 1036 553 Geraldi.

699 562 814 592 Roberto
827 562 859 591 de
871 566 976 592 Curcei'o
987 565 1061 600 Dapi
1074 571 1124 590 ero.

700 599 858 639 Manaſjero
872 599 948 638 Bifi’t
963 603 1037 639 Dapi
1051 609 1100 629 ero.

698 637 818 678 Philippo
830 639 862 670 de
875 637 991 668 Columb.

151 489 291 523 Wllielmo
305 486 478 518 Cancellario.

150 534 184 561 R.
197 533 298 559 comite
310 526 460 556 cornubia.

149 572 184 599 R.
199 570 299 597 Comite
311 564 390 605 Heif

147 608 269 636 Patricio
279 607 380 634 Comite
392 601 488 632 Salisb.

148 643 271 683 Unffrido
284 643 316 672 de
329 642 402 671 Buk.
417 639 558 680 Dapifero.

148 682 185 722 J.
202 681 269 711 Filio
282 679 408 711 Gilberti.

452 755 502 784 Ex
514 761 596 794 parte
613 755 724 785 Comitis
743 751 885 794 Rannulfi.

152 833 294 865 Wllielmo
306 836 406 864 Comite
420 831 543 863 Limoln.
702 829 836 898 Gaffli‘h
848 829 879 859 de
892 829 1055 870 Conste‘nrin.

150 876 264 911 Hugone
278 875 353 903 Wac.
702 870 749 898 W
761 868 844 898 ltelmo
857 869 888 898 de
901 869 1015 898 Verdun.

152 915 188 942 G.
202 910 303 951 castell
313 911 344 940 de
359 913 444 939 Fines.
700 906 833 937 Richardo
846 909 985 937 Pincerna.

150 953 255 985 Simone
267 947 333 979 Filio
346 946 490 978 Wllielmi.

150 987 283 1028 Thurston
297 987 328 1017 de
341 985 517 1026 Mortteforti.

701 949 801 984 Rogero
817 948 892 976 Wac.

701 987 804 1014 Simone
816 984 884 1014 Filio
896 983 1012 1015 orberti.

546 1061 621 1100 apud
635 1062 760 1100 Divisas.

149 1182 266 1220 Charta
288 1190 521 1220 Conventionum
538 1188 614 1217 inter
631 1187 738 1231 Regem
754 1181 936 1229 Stephanum
951 1209 961 1224 ‚
985 1184 1021 1220 ὠ
1041 1182 1209 1214 Henricum

194 1237 308 1271 Filium
333 1234 476 1269 Masada
498 1235 712 1280 Imperatricis.
757 1233 808 1264 De
831 1228 1005 1273 Sucaffionc
1029 1232 1122 1276 Regni
1141 1232 1212 1263 An-

190 1285 268 1332 gliae.

152 1359 346 1432 STephanus
366 1359 431 1398 Rex
451 1352 563 1409 Angliae
574 1353 800 1408 Archiepiscopis
812 1387 822 1401 ,
847 1361 992 1407 Episcopis
1005 1386 1014 1401 ,
1038 1362 1213 1402 Abbatibus,

210 1407 373 1438 Comitibus
387 1430 396 1444 ,
416 1404 578 1443 Justiciariis
590 1427 601 1441 ,
624 1402 867 1440 Vicecominbus‚
885 1401 1054 1441 Batonibus,
1073 1403 1107 1434 &
1118 1404 1214 1434 omni-

150 1446 202 1476 bus
216 1446 354 1476 Fidelibus
367 1444 418 1474 suis
431 1443 544 1480 Angliae
558 1442 683 1472 salutern.

183 1485 280 1515 Sciatis
305 1481 384 1521 quod
402 1491 459 1524 ego
477 1481 544 1512 Rex
559 1480 715 1518 Stephanus
736 1478 899 1510 Hemicurn
921 1478 1040 1510 Ducem
1060 1479 1213 1510 Norman-

147 1519 574 1591 ffirffi‘tZ-ssecgssiffnffiwgc
587 1517 1138 1596 {gfflissni-issrffiffiffieffeffiffi
1150 1519 1213 1587 {iiie

503 1583 514 1597 ²
1199 1575 1212 1581 -

147 1600 214 1637 gliae
227 1598 333 1630 donavi
345 1600 379 1630 &
392 1597 568 1628 confirmavi.
1056 1597 1066 1610 ⁸

183 1638 254 1669 Dux
267 1647 337 1668 vero
385 1645 501 1674 propter
512 1635 590 1666 hunc
602 1634 747 1666 honorem
760 1655 770 1672 ,
793 1634 828 1666 &
841 1633 1042 1671 donationem,
1060 1635 1094 1665 &
1106 1634 1214 1665 confir-

149 1678 306 1708 mationem
326 1661 375 1706 sibi
392 1685 407 1705 a
421 1684 469 1705 me
482 1674 587 1706 faetam
634 1673 804 1710 homagium
817 1672 932 1703 mihi&
948 1672 1120 1703 sacramento
1134 1673 1211 1703 secu-

148 1716 260 1746 ritatem
272 1715 361 1752 fecit,
385 1713 488 1744 scilicet
501 1710 581 1752 quod
593 1697 681 1742 fidelis
696 1711 767 1741 mihi
781 1711 833 1741 erit
846 1735 855 1749 ,
872 1711 907 1741 &
921 1711 1008 1742 vitam
1020 1712 1054 1742 &
1067 1712 1211 1742 honorem

148 1757 248 1784 meum
268 1763 321 1790 pro
339 1753 389 1783 suo
406 1752 488 1789 posse
507 1750 648 1782 custodiet
664 1759 716 1788 per
728 1748 945 1780 Convennones
957 1750 1030 1780 inter
1042 1759 1094 1780 nos
1108 1751 1212 1788 praelo-

148 1802 240 1830 curas,
260 1801 325 1829 (με
338 1792 366 1821 in
382 1790 435 1821 hac
448 1790 535 1821 Carta
547 1790 739 1820 continentur.

182 1830 250 1868 Ego
267 1831 352 1861 etiam
367 1829 543 1860 securitatem
562 1828 738 1859 sacramento
756 1825 837 1856 Duci
847 1825 903 1856 feci
915 1825 994 1870 quod
1007 1827 1095 1857 vitam
1108 1828 1142 1859 ὃ(
1156 1827 1211 1858 ho-

146 1879 251 1938 3553
259 1869 296 1936 152³
303 1867 458 1937 332&ss
469 1877 538 1937 “1¹5⁰
548 1865 745 1942 ιῗὶῗξάἐὲῗέὠ
759 1864 1211 1936 ἂωῖἓῖᾙξᾎῖἳεᾟεῒοΗῖεἶῐῗ

148 1945 258 1977 rodiam
268 1954 368 1977 contra
378 1930 481 1976 ornn’es
514 1915 567 1975 υἷε
577 1952 689 1982 potero.
750 1927 761 1941 ²
803 1980 809 1987 .
1065 1928 1075 1942 ²

182 1983 357 2015 Willielmus
379 1991 475 2014 autem
518 1982 568 2014 lius
591 1991 672 2014 meus
693 1980 862 2019 homagium
882 1981 916 2012 &
936 1980 1111 2012 securitatem
1131 1981 1211 2013 Duci

147 2022 342 2054 Normanniae
360 2022 448 2060 fecit,
472 2023 508 2054 δε
523 2020 594 2052 Dux
612 2022 640 2052 ei
656 2019 795 2051 concessit
807 2019 842 2049 ad
853 2019 1009 2050 tenendum
1022 2019 1058 2050 de
1069 2020 1097 2050 se
1109 2030 1212 2053 omnes

147 2065 397 2137 iev‘ssaefflg‘ig?
415 2062 494 2131 ‘322³
504 2057 843 2130 iffifflffimamliaegniffi
854 2057 1211 2130 ffffiiaeissflipfuffffi'

147 2137 218 2177 quid
226 2147 300 2169 vcicini
310 2137 367 2183 iilia
378 2123 546 2169 Warmniae
557 2135 684 2168 Comitis
694 2113 804 2181 accepit
814 2159 825 2175 ,
850 2135 908 2167 sive
917 2136 948 2180 in
960 2122 1064 2174 Angli'a
1074 2157 1085 2175 ,
1109 2108 1168 2169 fige
1180 2138 1210 2170 in

147 2177 332 2208 Normannia
344 2201 360 2216 ,
379 2177 415 2208 δι’
434 2174 570 2216 quicquid
587 2175 623 2206 ad
641 2176 765 2207 honores
777 2174 839 2205 illos
852 2183 974 2212 pertinet
987 2186 994 2194 ·
1019 2175 1055 2207 δε
1067 2175 1104 2207 de
1115 2178 1210 2208 omni..

147 2213 202 2260 biis
210 2215 310 2247 Terris
353 2215 433 2247 vinis
446 2240 456 2254 ‚
481 2216 516 2247 ες
526 2214 641 2254 Burgis,
656 2215 691 2247 sc
703 2212 870 2258 redditibus,
909 2224 961 2245 uos
974 2199 1045 2245 nux
1056 2214 1087 2244 in
1102 2213 1211 2247 Domi-

147 2262 207 2298 ¹¹¹⁰.
217 2254 268 2286 suo
287 2240 354 2286 inde
369 2263 448 2286 nunc
465 2254 551 2285 habet
563 2278 573 2293 ,
597 2254 631 2285 &
644 2254 816 2298 nominatim
826 2251 862 2282 de
874 2252 894 2282 il
907 2254 919 2297 ζ
939 2262 1004 2291 quae
1017 2254 1159 2291 pertinent
1177 2255 1212 2286 ad

147 2292 295 2326 honorem
314 2293 440 2325 Comitis
458 2293 625 2324 Warenniae
637 2317 653 2333 ,ι
669 2291 864 2323 Willielmum
881 2291 973 2322 filium
990 2300 1090 2323 meum
1109 2294 1144 2324 &
1156 2292 1211 2325 ho-

148 2333 241 2374 mines
252 2332 323 2364 illius
393 2334 422 2364 ui
434 2331 470 2363 de
483 2332 597 2363 honore
608 2331 658 2362 illo
669 2329 732 2362 sunt
745 2355 756 2369 ,
778 2330 900 2368 plenarie
909 2330 1018 2370 saysiet,
1033 2332 1068 2363 &
1080 2334 1212 2364 nomina-

148 2371 205 2416 iim
223 2370 261 2402 de
280 2342 407 2403 Qi'teffo
422 2370 459 2402 de
477 2369 685 2402 Belencurnbre
696 2394 708 2411 a.
730 2370 765 2401 &
776 2368 889 2414 ¹Castro
908 2372 1016 2400 mortui
1039 2370 1151 2410 Maris,
1175 2373 1213 2403 ita

148 2408 254 2442 scilicet
319 2409 379 2441 uod
395 2408 570 2449 Reginaldus
587 2408 625 2440 de
642 2408 818 2447 Warennia‚
845 2407 980 2439 Castrum
993 2408 1031 2438 de
1043 2407 1213 2441 Belencum-

149 2447 201 2480 bre
248 2434 283 2493 ἐς
400 2458 432 2479 m
444 2449 553 2493 mortui
564 2447 654 2478 Maris
666 2446 822 2492 OEstOdieb
842 2446 863 2477 fi
876 2447 1014 2492 voluerit,
1033 2448 1068 2478 &
1079 2447 1157 2480 dabit
1169 2450 1213 2480 in-

147 2485 189 2531 de
204 2472 284 2530 buci
301 2486 412 2518 obfides
426 2497 432 2517 z
457 2487 489 2518 Si
506 2494 578 2518 vero
597 2486 721 2517 noluerit
732 2510 743 2530 ⁹.
766 2485 811 2516 alu
823 2484 960 2530 del-signs
973 2486 1136 2518 hominibus
1150 2487 1213 2519 Co-

147 2533 224 2555 mitis
239 2524 405 2556 Warenniae
419 2550 429 2564 ,
453 2534 526 2564 quos
544 2524 615 2556 Dux
634 2524 757 2556 voluerit
769 2544 780 2562 ,·
804 2523 929 2554 similiter
940 2534 991 2562 per
1002 2524 1091 2555 salvos
1103 2526 1214 2558 obsides

147 2563 183 2594 &
194 2563 298 2594 salvam
309 2564 469 2595 custodiam
480 2563 580 2595 eadem
591 2562 693 2594 Castra
705 2561 875 2593 custodient.

167 2599 248 2645 ¹Alia
260 2611 331 2632 vero
344 2601 444 2633 Castra
458 2626 468 2641 ‚
488 2612 552 2640 quae
566 2603 707 2640 pertinent
719 2600 754 2631 ad
765 2600 916 2631 Comitem
931 2600 1124 2641 Moretoniae,
1142 2603 1212 2634 Dux

147 2649 174 2669 ei
192 2639 290 2670 reddet
310 2639 345 2670 ad
363 2640 542 2672 voluntatem
563 2649 660 2671 meam
673 2663 683 2678 ,
708 2649 778 2670 cum
798 2640 902 2677 poterit
922 2650 971 2676 per
991 2640 1093 2670 salvam
1115 2642 1212 2673 custo-

146 2677 223 2708 diam
237 2679 276 2722 &³
284 2688 335 2715 per
351 2678 440 2709 salvos
454 2678 564 2709 obsides
578 2689 585 2708 z
605 2678 647 2709 Ita
661 2677 740 2716 quod
752 2687 854 2722 ornnes
865 2677 974 2722 obfides
989 2677 1139 2713 reddantur
1153 2680 1212 2712 filio

146 2716 683 2799 mfficqgixgzzquugxncgtiissuzffoeigrgggi
696 2716 942 2798 aeffissnngbfiiffi.
958 2764 1026 2785 meo
1044 2755 1109 2786 dedi
1122 2782 1131 2795 ,
1157 2758 1213 2796 ipse

146 2790 218 2824 Dux
235 2803 262 2823 ei
278 2794 417 2826 concessit
434 2818 444 2832 ,
470 2793 570 2824 Castra
583 2818 593 2833 ,
617 2793 741 2830 scilicet,
768 2794 802 2824 ὃς
820 2791 905 2824 Villas
924 2792 960 2823 de
978 2793 1125 2826 Norwico
1144 2806 1213 2826 cum

147 2831 324 2869 septingentis
348 2833 452 2863 libratis
469 2840 553 2863 terrae
565 2857 575 2872 ,
598 2832 634 2863 ita
654 2831 733 2870 quod
746 2830 869 2862 redditus
883 2831 919 2861 de
934 2831 1082 2864 Norwico
1096 2833 1167 2865 infra
1181 2835 1213 2865 il-

147 2869 186 2901 las
210 2870 394 2913 septingentas
419 2871 528 2902 libratas
555 2879 739 2908 computetur
757 2882 767 2909 3
803 2871 837 2901 &
860 2878 956 2900 toturn
975 2870 1156 2903 Comitatum
1176 2873 1213 2904 de

145 2908 313 2940 Northfolk
325 2934 335 2948 ,
360 2919 462 2948 praeter
482 2910 526 2941 illa
547 2920 612 2949 quae
625 2910 766 2947 pertinent
781 2908 817 2938 ad
827 2907 967 2939 ,Ecclesias
979 2933 989 2947 ,
1014 2912 1048 2941 &
1062 2909 1211 2950 Praelatos,

147 2948 181 2978 &
194 2947 334 2986 Abbaus,
352 2950 387 2980 &
402 2947 551 2988 Comites,
569 2950 603 2980 δε
618 2948 790 2978 nominatim
803 2957 905 2985 praeter
918 2949 1034 2978 tertium
1048 2947 1213 2988 denarium,

146 2985 338 3063 ffieufflugq
356 2986 482 3027 Bygotus
500 2987 542 3018 est
561 2986 672 3018 Comes
687 2986 769 3025 (salva
782 2986 816 3017 &
830 2985 964 3017 reservata
978 2987 1008 3016 in
1021 2989 1154 3019 omnibus
1169 2998 1213 3019 re-

281 3034 325 3055 tia.

183 3035 259 3093 Ittjem
271 3088 281 3101 .,
304 3063 339 3094 ad
356 3063 552 3094 roborandum
573 3064 690 3102 gratiam
710 3071 807 3093 meam
820 3063 854 3094 &
866 3061 1050 3094 dilectionem
1061 3088 1071 3102 ,
1096 3064 1173 3096 dedit
1187 3067 1214 3096 ei

148 3099 219 3131 Dux
230 3125 241 3140 ‚
264 3103 298 3133 ὃς
319 3101 457 3133 conceffit
471 3103 569 3133 omnia
581 3112 646 3141 quae
660 3101 802 3132 Richerus
814 3101 851 3131 de
864 3100 966 3139 Aquila
978 3102 1098 3134 habebat
1110 3103 1146 3134 de
1158 3104 1213 3134 ho-

146 3147 220 3169 nore
243 3138 435 3171 Peveneffelli.
476 3141 516 3172 Et
540 3150 643 3178 praeter
663 3140 726 3171 haec
747 3139 848 3170 Castra
868 3141 901 3171 &
922 3139 1008 3170 Villas
1029 3140 1212 3172 Peveneffelli

147 3178 183 3208 &
196 3177 339 3209 servitium
352 3178 499 3218 faramufi,
517 3187 618 3217 praeter
633 3178 733 3209 Castra
748 3180 782 3210 ὃς
795 3178 881 3209 Villas
895 3177 932 3208 de
946 3178 1064 3218 Dovre,
1084 3181 1118 3211 &
1132 3180 1211 3218 quod

148 3214 184 3259 ad
203 3215 347 3259 honorem
365 3217 401 3248 de
415 3217 520 3248 Dovre
533 3218 652 3255 pertinet
664 3217 821 3248 Ecclesiam
834 3216 871 3246 de
884 3216 1051 3247 Fauresham
1066 3228 1133 3248 cum
1148 3229 1211 3256 per-

148 3262 271 3284 tinentiis
289 3254 339 3285 suis
359 3255 430 3286 Dux
449 3255 651 3295 confirmavit,
675 3257 708 3287 &
727 3255 778 3286 alia
788 3255 845 3285 aliis
858 3254 988 3285 Ecclesiis
1002 3267 1017 3286 a
1029 3266 1077 3286 me
1088 3256 1150 3287 data
1166 3258 1211 3288 vel

147 3292 256 3322 reddita
269 3293 387 3324 consilio
398 3294 500 3324 sanctae
514 3293 648 3324 Ecclesiae
663 3296 696 3325 ὅ(
709 3304 778 3324 meo
792 3293 981 3324 confirmabit.

185 3330 317 3361 Comites
332 3332 366 3362 &
379 3331 500 3362 Barones
512 3332 603 3362 Ducis
618 3357 627 3371 ,
647 3334 695 3371 qui
707 3332 839 3362 homines
853 3333 910 3362 mei
923 3342 1069 3371 nunquam
1083 3333 1197 3365 fuerunt

148 3378 204 3413 pro
212 3370 330 3413 ‚honore
342 3394 352 3409 ,
376 3370 610 3414 quem‘Dornino
622 3371 671 3400 suo
688 3371 760 3409 feci,
779 3370 946 3408 homagium
960 3372 993 3402 &
1004 3359 1211 3403 sacramenturr}

148 3408 219 3438 mihi
238 3408 366 3438 fecerunt
378 3432 388 3446 ,
412 3408 488 3439 saIVis
508 3408 758 3440 Conventiotiibus
777 3410 848 3439 inter
869 3418 917 3439 me
936 3411 969 3440 ὃς
984 3409 1102 3440 Ducem
1115 3411 1210 3447 factisg

148 3448 245 3476 caeteri
262 3457 333 3477 vero
353 3448 401 3485 qui
419 3454 499 3477 antea
510 3447 679 3485 homagium
699 3448 768 3478 mihi
787 3447 911 3478 fecerant
923 3472 932 3486 ,
958 3447 1119 3479 fidelitatem
1141 3448 1210 3480 mihi

148 3484 278 3515 fecerunt
289 3485 359 3516 sicut
372 3485 515 3515 Domino.

185 3522 224 3553 Et
242 3523 262 3553 si
276 3523 347 3554 Diu<
357 3533 374 3553 a
385 3522 531 3561 praemiffis
543 3523 679 3554 recederit
692 3548 702 3561 ,
725 3525 847 3554 omnino
866 3534 882 3554 a
895 3523 1006 3555 servitio
1019 3525 1076 3563 ejus
1089 3525 1137 3563 ipsi
1151 3536 1211 3556 ces-

147 3561 238 3591 sarent
259 3571 407 3600 quousque
425 3570 512 3592 errata
529 3563 706 3603 corrigeret3
731 3561 802 3592 filius
823 3572 902 3592 meus
923 3564 1008 3593 etiam
1022 3588 1031 3601 ,
1055 3564 1210 3594 secimdum

148 3599 299 3668 εοῑὲἒίυῐη
317 3601 419 3631 sanstae
438 3599 573 3631 Ecclefiae
586 3623 596 3638 2
621 3602 647 3629 ic
665 3599 732 3630 inde
750 3602 909 3632 contineret
922 3601 942 3630 si
958 3600 1028 3631 Dux
1039 3611 1055 3631 a
1070 3602 1210 3640 praeditstis

149 3648 197 3669 rec
235 3647 303 3669 eret.

183 3675 317 3708 Comites
329 3678 413 3708 etiam
427 3679 461 3710 &
475 3677 597 3707 Barones
612 3676 668 3706 mei
680 3676 779 3713 ligium
793 3677 962 3714 homagium
972 3677 1051 3708 Duci
1065 3678 1209 3718 fecerunt,

147 3714 219 3745 salva
230 3725 294 3746 mea
307 3715 438 3747 fidelitate
451 3715 585 3754 quamdiu
599 3715 695 3745 vixero
709 3716 742 3745 &
755 3714 894 3751 Regnum
907 3724 1026 3747 renuero
1040 3741 1049 3754 ,
1075 3717 1155 3747 simili
1170 3718 1210 3747 le-

147 3753 383 3830 {eeqluogluguesgfi
395 3752 738 3829 aeprffiiitisliigzeieigem
751 3776 761 3790 ,
778 3754 901 3783 omnino
913 3763 929 3783 a
941 3754 1052 3785 servitio
1066 3765 1134 3785 meo
1149 3765 1210 3786 ces—

385 3804 401 3823 e
532 3803 566 3823 ΟΥ
692 3815 697 3819 ·

183 3828 271 3861 Cives
288 3803 374 3862 magi
394 3830 553 3862 Civitatum
565 3855 575 3868 ,
600 3831 633 3861 ὃς
652 3830 782 3859 homines
799 3827 969 3859 Castrorum
983 3855 993 3868 ,
1018 3841 1082 3869 quae
1097 3833 1124 3861 in
1143 3831 1208 3861 Do-

148 3868 240 3899 minio
258 3878 327 3899 meo
347 3870 462 3900 habebo
474 3894 484 3908 ,
509 3877 543 3899 ex
560 3877 704 3906 praecepto
722 3877 790 3897 meo
803 3866 971 3904 homagium
986 3869 1019 3899 &
1034 3870 1208 3900 securitatem

148 3903 228 3935 Duci
247 3906 377 3939 fecerunt
389 3932 399 3946 ‚
424 3908 495 3939 salva
516 3906 646 3938 fidelitate
664 3916 728 3936 mea
746 3904 880 3943 quamdiu
900 3906 998 3937 vixero
1015 3908 1048 3938 &
1068 3907 1207 3944 Regnum

148 3950 290 3988 tenuero,
315 3945 354 3976 illi
372 3955 469 3977 autem
489 3947 538 3984 qui
558 3944 693 3975 Castrum
712 3942 904 3987 Walyngford
924 3944 1087 3976 custodiunt
1107 3946 1209 3976 homa-

147 3988 231 4048 gfff?
251 3983 340 4051 ωιεὲιέ
357 3984 486 4015 fecerunt
498 4009 508 4022 ,
532 3985 566 4016 &
583 3982 722 4014 dederunt
739 3982 827 4012 michi
839 3981 950 4012 obsides
962 3982 998 4013 de
1011 3983 1141 4014 fidelitate
1154 3986 1209 4014 mi-

149 4027 168 4048 c
188 4029 198 4048 i
341 4045 347 4051 .

186 4029 346 4095 Εὲἑνῖῃετο
365 4059 403 4091 de
419 4059 525 4093 Castns'
544 4062 579 4094 &
597 4060 802 4094 mutationibus
821 4058 892 4090 meis
920 4058 1098 4092 securitatem
1122 4059 1208 4092 talem

1269 162 1815 213 'PUBL'ICA'¹
2282 187 2306 226 ς

1250 253 1329 285 Duci
1343 279 1352 292 ,
1371 255 1489 285 consilio
1504 255 1606 286 sanetae
1620 256 1754 287 Ecclesiae
1767 282 1777 295 ,
1803 257 1859 288 feci
1899 265 1937 288 ne
1956 255 2027 287 Dux
2041 281 2050 295 ,
2069 264 2119 288 me
2135 257 2305 298 decedente,
2325 260 2392 292 Ann
2412 252 2453 293 s)

2344 309 2427 340 1¹53-

1250 303 1301 331 per
1311 294 1367 336 hoc
1382 293 1538 339 dampnum
1552 304 1599 324 aur
1613 296 1849 332 impedimentum
1865 282 1963 333 {Regni
1975 296 2104 326 incurrat.

1286 330 1381 372 Etiam
1391 332 1412 361 Ἰ
1424 341 1492 373 urris
1506 331 1711 362 Londoniensis
1726 333 1871 364 Richardo
1883 333 1921 364 de
1935 334 2061 372 Luccio,
2079 336 2113 366 ὃς
2127 342 2206 365 mota
2217 334 2306 366 Win*

1249 369 1361 400 deior&
1381 369 1498 400 consilio
1516 370 1618 400 sandrae
1642 370 1775 400 Ecclesiae
1797 372 1832 401 ad
1854 371 2074 402 custodiendum
2094 372 2203 403 traditae
2221 373 2305 412 sunt,

1251 407 1410 438 Richardus
1421 416 1515 438 autem
1530 407 1565 437 de
1579 407 1689 438 Luceio
1705 410 1806 446 juravit
1822 412 1850 439 in
1865 419 1951 440 manu
1968 410 2180 448 Archiepiscopi
2192 435 2202 448 ‚
2226 412 2260 442 ὃς
2277 414 2306 441 in

1250 445 1377 476 custodia
1393 445 1484 476 filium
1502 445 1584 476 suum
1601 446 1730 475 obsidem
1748 446 1825 478 dedit
1839 472 1847 485 ‚
1871 447 1949 486 quod
1970 449 2036 486 post
2047 458 2147 480 meum
2157 448 2307 481 discessum

1252 483 1351 514 Castra
1364 483 1497 522 praediCta
1510 483 1589 513 Duci
1600 483 1735 514 redderet.

1286 523 1419 553 Similiter
1440 522 1565 553 concilio
1586 522 1688 552 sanstae
1706 521 1840 552 Ecclefiae
1859 522 1993 560 Rogerus
2013 524 2049 555 de
2073 526 2181 556 Luccio
2195 534 2305 558 motam

1251 560 1288 591 de
1301 560 1488 598 Oxoneford,
1505 559 1689 599 &jordanus
1703 560 1739 589 de
1750 560 1848 590 Buselo
1861 560 2022 592 firmitatem
2039 563 2196 594 Lincolniae
2209 565 2305 596 custo-

1252 599 1348 638 diunt,
1366 601 1399 630 ὅ(
1412 600 1469 637 ligii
1482 599 1612 629 homines
1626 598 1716 628 Ducis
1730 598 1807 635 sunt,
1826 599 1858 629 δε
1867 599 2045 638 juraverunt,
2070 603 2103 632 ὃς
2117 602 2225 633 obfides
2239 604 2305 634 inde

1253 637 1390 668 dederunt
1408 638 1436 667 in
1455 647 1541 668 manu
1555 636 1767 674 Archiepiscopi
1780 660 1790 674 ,
1816 636 1895 674 quod
1909 637 1928 666 fi
1940 647 1996 674 ego
2010 638 2178 670 decederem
2192 666 2202 679 ,
2225 642 2305 674 Duci

1252 677 1423 706 munitiones
1437 676 1494 706 sine
1507 675 1714 713 impedimento
1727 674 1883 706 redderent.

1287 713 1440 752 Episcopus
1459 714 1664 744 Wintonienfis
1675 738 1685 752 ,
1709 714 1739 743 in
1753 723 1840 743 manu
1854 713 2065 751 Archiepiscopi
2079 714 2281 748 Cantuariensis
2294 743 2304 757 ,

1251 761 1351 782 coram
1365 751 1508 790 Episcopis
1526 752 1650 782 affidavit
1667 751 1762 790 quod,
1781 752 1800 781 fi
1812 760 1869 788 ego
1879 751 2062 791 decederem,
2081 754 2202 784 castrum
2217 756 2304 786 Win-

1252 792 1355 828 toniae‚
1374 792 1407 822 &
1421 791 1611 821 munitionem
1625 789 1811 827 Hamptoniae
1823 790 1903 820 Duci
1916 790 2052 822 redderet.

1289 828 1380 867 Qiod
1395 828 1414 858 fi
1428 829 1523 866 aliquis
1536 838 1638 859 eorum
1652 853 1662 867 ‚
1687 829 1788 866 quibus
1802 829 2134 871 munitionumscustodia
2153 831 2304 862 commissa

1251 865 1358 904 fuerat,
1376 874 1553 905 moreretur,
1574 876 1621 897 aut
1634 877 1649 896 a
1663 866 1791 897 custodia
1803 866 1853 896 sibi
1864 866 1992 904 deputata
2007 867 2167 906 recederet,
2186 869 2304 900 consilio

1249 904 1354 971 ganstae
1370 903 1503 935 Ecclesiae
1517 902 1584 935 alius
1598 904 1692 936 custos
1706 905 1744 935 ibi
1765 903 1928 936 statueretur
1941 930 1951 943 ,
1977 907 2135 944 priusquam
2159 907 2206 937 ille
2225 917 2305 939 rece-

1270 950 1336 973 eret.

1286 980 1317 1011 Si
1334 991 1405 1012 vero
1423 982 1474 1011 hiis
1488 1006 1498 1020 ,
1523 982 1571 1020 qui
1591 991 1667 1011 meas
1688 982 1858 1012 munitiones
1880 981 2042 1014 custodiunt
2055 1008 2065 1022 ,
2091 991 2247 1016 contumax
2261 985 2307 1017 vel

1250 1015 1377 1048 Rebellis
1391 1020 1527 1057 exnterit,
1545 1019 1581 1049 de
1593 1019 1714 1056 Castris,
1737 1019 1840 1050 scilicet
1856 1030 1919 1057 quae
1931 1020 1965 1050 ad
1980 1020 2133 1053 Coronam
2147 1025 2288 1061 pertinent

1249 1058 1402 1087 communi
1413 1057 1538 1087 concilio
1552 1066 1608 1094 ego
1624 1058 1657 1088 &
1677 1057 1747 1087 Dux
1766 1067 1817 1087 nos
1839 1058 1903 1087 inde
1922 1061 2131 1092 continebimus
2146 1085 2155 1100 ‚
2178 1051 2306 1102 quosque

1249 1093 1284 1124 ad
1299 1094 1475 1125 voluntatem
1490 1095 1633 1133 utriusque
1646 1094 1775 1125 nostrum
1789 1104 1907 1132 cogatur
1919 1097 2077 1128 satisfacere.

1286 1131 1517 1172 Archiepiscopi,
1536 1132 1684 1171 Episcopi,
1700 1141 1784 1171 atque
1797 1133 1920 1163 Abbares
1937 1133 1973 1164 de
1988 1134 2096 1173 Regno
2111 1137 2224 1176 Angliae
2236 1163 2246 1177 ‚
2270 1148 2305 1170 ex

1249 1180 1395 1210 praecepto
1406 1181 1490 1210 meo,
1508 1170 1669 1202 fidelitatem
1682 1171 1855 1202 sacramento
1868 1170 1948 1201 Duci
1961 1172 2095 1205 fecerunt.

1286 1209 1331 1240 Illi
1344 1220 1461 1248 quoque
1475 1235 1485 1249 ,
1504 1211 1552 1248 qui
1566 1210 1596 1239 iri
1610 1209 1719 1248 Regno
1731 1209 1843 1247 Angliae
1857 1208 1989 1248 Episcopi
2002 1209 2132 1250 deinceps
2145 1214 2213 1246 fient
2223 1240 2233 1254 ,
2258 1217 2306 1247 vel

1251 1247 1392 1287 Abbates,
1410 1248 1487 1279 idem
1502 1248 1611 1279 facient.
1832 1278 1834 1281 ,

1287 1286 1470 1325 Archiepisco
1491 1288 1500 1317 i
1516 1296 1587 1317 vero
1601 1288 1634 1318 ὅς
1648 1285 1797 1324 Episcopi,
1814 1285 1851 1315 ab
1863 1294 1980 1324 utraque
1991 1295 2068 1323 parte
2080 1311 2090 1326 ,
2113 1289 2142 1318 in
2159 1299 2244 1320 manu
2257 1301 2304 1322 ce-

1251 1334 1353 1362 perunt
1365 1350 1375 1364 ,
1399 1336 1458 1364 quo
1500 1325 1520 1355 fi
1540 1326 1599 1363 quis
1621 1325 1752 1356 nostrum
1771 1335 1787 1354 a
1807 1324 1947 1362 praedictis
1966 1324 2215 1357 Conventionibus
2227 1339 2307 1360 rece—

1251 1363 1346 1402 deret,
1368 1363 1476 1395 tamdiu
1489 1372 1556 1394 eum
1570 1373 1639 1393 cum
1652 1362 1844 1394 Ecclesiastica
1855 1362 1956 1402 justitia
1971 1364 2183 1404 cohercebunt,
2202 1376 2305 1404 quous-

1251 1411 1308 1470 qude
1327 1411 1414 1433 errata
1435 1403 1583 1441 corrigat,
1609 1403 1642 1434 ὃς
1661 1401 1695 1432 ad
1719 1400 1883 1440 praedietam
1912 1401 2075 1439 pactionem
2102 1404 2306 1437 observandam

1251 1450 1281 1470 re
1301 1449 1351 1472 eat.

1286 1478 1369 1510 Pater
1383 1479 1467 1509 etiam
1485 1477 1575 1509 Ducis
1588 1503 1598 1517 ,
1622 1479 1656 1510 &
1671 1479 1726 1517 ejus
1739 1477 1827 1508 Uxor
1839 1501 1849 1515 ,
1874 1477 1907 1508 &
1920 1477 2030 1509 Fratres
2041 1478 2122 1516 ipfius
2136 1479 2228 1512 Ducis
2241 1506 2251 1520 ,
2272 1484 2306 1514 ὃς

1250 1527 1351 1548 omnes
1364 1517 1420 1556 sui,
1439 1527 1510 1555 quos
1523 1518 1551 1547 in
1567 1518 1619 1548 hac
1632 1518 1769 1555 applicare
1780 1516 1898 1554 poterit,
1916 1516 1979 1547 haec
1992 1517 2194 1550 affecurabune

1284 1556 1318 1586 ln
1333 1557 1453 1593 negotiis
1468 1565 1563 1586 autem
1580 1555 1677 1592 Regni
1691 1565 1748 1592 ego
1762 1554 1880 1585 consilio
1896 1553 1987 1584 Ducis
2000 1557 2148 1593 operabor.

1284 1593 1351 1632 Ego
1365 1604 1436 1625 vero
1454 1595 1482 1623 in
1502 1602 1566 1625 toto
1579 1594 1688 1631 Regno
1703 1593 1815 1631 Angliae
1827 1617 1836 1631 ,
1855 1602 1914 1623 tam
1924 1595 1953 1623 in
1966 1603 2044 1630 parte
2066 1594 2158 1626 Ducis
2172 1606 2259 1635 quam
2276 1598 2306 1633 iri

1249 1642 1327 1671 parte
1343 1642 1424 1671 mea,
1438 1632 1579 1671 justiciam
1595 1632 1735 1663 exercebo
1747 1631 1879 1670 regalem.

1582 1707 1718 1741 Testibus
1735 1708 1787 1739 hiis
1804 1709 1938 1739 omnibus
1944 1733 1954 1746 ,

1247 1785 1396 1816 Woeohaldo
1410 1786 1617 1827 Archiepistopo.

1248 1828 1364 1855 Henrico
1379 1826 1558 1863 Woitonienfi
1568 1824 1699 1865 Episcopo.

1248 1864 1364 1894 Roberto
1377 1863 1669 1904 Exonienfi'Epistopo.

1248 1902 1364 1932 Roherto
1376 1902 1556 1942 Bathonienfi
1566 1905 1619 1941 Epi
1633 1913 1658 1930 co
1676 1913 1698 1931 o.

1249 1941 1370 1971 Gocelino
1383 1939 1570 1980 Salesburienfi
1583 1911 1716 1979 Episiiipo.

1247 1979 1364 2010 Roberto
1379 1979 1561 2021 Lincolniensi
1568 1981 1621 2018 Epi
1634 1980 1699 2018 c'opo.

1248 2018 1371 2048 Hilarico
1386 2018 1536 2060 Cicestrensi
1546 2021 1600 2057 Epi
1613 2026 1677 2056 copo.

1250 2057 1391 2088 Willielmo
1403 2057 1574 2097 Norwicenfi
1583 2056 1716 2097 Episcopo.

1250 2096 1385 2126 Richardo
1398 2097 1523 2127 London.
1537 2094 1668 2135 Episcopo.

1249 2134 1355 2173 Nigello
1367 2134 1478 2176 Elyenfi
1488 2135 1621 2174 Episcopo.
1637 2164 1640 2165 i

1249 2177 1275 2204 G
1292 2173 1389 2204 leberto
1401 2173 1614 2214 Hardefhrdensi
1625 2175 1653 2203 E
1670 2172 1757 2214 tstoposs

1247 2185 1381 2253 sthanne
1397 2212 1566 2254 Wygornenfi
1578 2181 1708 2253 Episcjipo.

1797 1784 1939 1816 Willielmo
1952 1788 2052 1815 comite
2064 1785 2259 1828 Gloucestrenfi.

1796 1823 1933 1864 Raynoldo
1947 1827 2050 1853 Comite
2062 1826 2238 1857 Cornvalliae.

1797 1862 1958 1897 Baldewino
1972 1863 2002 1891 de
2016 1865 2190 1903 Donyngton.

1797 1903 1898 1938 Rogero
1908 1900 2076 1939 Harfordiae.

1797 1942 1912 1976 Hugone
1925 1942 2030 1976 Bigoto.

1798 1980 1918 2007 Patricio
1930 1977 1980 2007 Sal
1991 1976 2122 2018 sherienfi.

1800 2015 1941 2046 Wllielmo
1972 2027 1986 2045 e
1998 2015 2077 2045 Alba
2091 2018 2198 2048 Marini

1799 2054 1912 2086 Albrico
1927 2057 2036 2085 Comite.

1798 2093 1930 2124 Richardo
1946 2094 1976 2123 de
1989 2096 2096 2124 Luceio.

1799 2132 1940 2163 Wllielmo
1951 2131 2070 2162 Martel.

1798 2171 1931 2202 Richardo
1945 2171 1976 2201 de
1990 2171 2113 2201 Humez.

1798 2210 1943 2250 Reginaldo
1956 2211 1986 2240 de
2002 2208 2164 2242 Warenniai

1249 2252 1376 2321 Gablfrido
1385 2253 1455 2299 de‘S.
1467 2251 1565 2291 Asbph
1576 2252 1712 2291 Episcopo.
1798 2249 2014 2294 ManaJeVBiset.

1248 2294 1289 2321 Ro
1306 2298 1364 2321 erto
1377 2294 1470 2321 Priore
1483 2290 1694 2331 Bermundefi’ye.
1799 2288 1931 2328 Johanne
1946 2290 1978 2319 de
1992 2291 2067 2318 Porti

1250 2333 1328 2360 Otun
1343 2330 1438 2361 Milite
1453 2329 1559 2369 Templi.
1799 2328 1934 2358 Richardo
1947 2328 1979 2358 de
1992 2324 2162 2362 eamavillag

1251 2368 1394 2400 Wllielmo
1407 2373 1507 2400 Comite
1518 2368 1678 2410 Cicestrenfi.

1250 2408 1367 2439 Roherto
1382 2412 1483 2439 comite
1497 2407 1682 2449 Leycestrenfi.

1617 2447 1692 2485 apud
1702 2445 1966 2486 Wstmonasterium.

1799 2370 1916 2398 Henrico
1930 2368 1961 2397 de
1974 2365 2083 2406 Estexe.

1253 2571 1413 2604 Adrianus
1448 2576 1531 2618 Papa
1558 2581 1688 2617 gratum
1712 2573 1748 2608 (ῤ’
1774 2580 1924 2614 acceptum
1948 2566 2035 2600 habet
2059 2557 2141 2613 quod
2159 2552 2309 2600 Henricus

1298 2622 1365 2652 Rex
1390 2621 1505 2666 Angliae
1521 2620 1658 2664 Infhlam
1685 2616 1871 2666 Hyberm'am
1895 2615 2083 2663 ingrediatur
2105 2626 2140 2647 ut
2164 2616 2308 2661 populum

1298 2668 1386 2700 illum
1409 2666 1520 2715 legibus
1536 2665 1652 2712 fhbdat
1667 2693 1677 2710 ,
1717 2671 1761 2699 ita
1785 2676 1884 2698 tamen
1907 2675 1942 2697 ut
1966 2675 2067 2697 annua
2097 2666 2184 2696 Petro
2199 2664 2308 2708 solva-

1302 2726 1354 2748 tur
1372 2718 1476 2762 pensio.

1252 2793 1435 2856 ADrianus
1450 2793 1620 2832 Episcopus,
1638 2793 1730 2824 servus
1743 2792 1888 2822 servorum
1903 2790 1977 2829 Dei,
1997 2790 2138 2822 carislimo
2151 2790 2179 2820 in
2192 2782 2311 2841 Christo
2332 2803 2406 2835 ΑΜ.
2419 2803 2459 2836 Β,

2350 2854 2363 2874 1
2372 2853 2434 2883 154.

2332 2885 2383 2911 An.
2402 2894 2430 2911 2.

2300 2931 2310 2944 ²
2332 2924 2369 2949 H.
2385 2931 2412 2951 2.

1333 2832 1392 2862 filio
1407 2832 1506 2863 illustri
1520 2832 1547 2862 A
1588 2832 1682 2862 lorum
1697 2831 1788 2873 Regi,
1811 2830 1925 2860 salutem
1959 2830 1993 2861 &
2008 2829 2204 2867 Apostolicam
2220 2828 2310 2859 Bene-

1252 2870 1417 2901 diistionem.
1450 2869 1574 2901 Laudabi
1589 2872 1637 2900 'ter
1649 2870 1708 2900 satis
1723 2871 1755 2900 δε
1771 2869 1913 2899 fruetuose
1924 2854 1959 2898 de
1971 2868 2095 2908 glorioso
2110 2868 2228 2897 nomine
2241 2876 2309 2905 pro-

1253 2909 1381 2948 pagando
1398 2910 1426 2938 in
1440 2910 1518 2939 terris
1532 2910 1565 2939 ὃς
1580 2917 1690 2939 aeternae
1705 2908 1839 2938 felicitatis
1854 2908 1973 2944 praemio
1988 2905 2160 2936 cumulando
2174 2906 2203 2935 in
2217 2905 2292 2936 caelis

1255 2956 1302 2977 tua
1317 2947 1522 2987 magnificentia
1535 2948 1640 2987 cogitat
1654 2972 1664 2985 ‚
1689 2946 1759 2976 dum
1773 2945 1808 2975 ad
1823 2945 1976 2976 dilatandos
1996 2944 2129 2974 Ecclesiae
2148 2946 2286 2974 terminos
2299 2969 2310 2984 ,

1253 2985 1287 3015 ad
1308 2986 1507 3017 declarandum
1523 2986 1646 3016 indoffls
1664 2985 1697 3015 ὅ(
1716 2983 1829 3014 rudibus
1849 2983 1964 3021 Populis
1978 2981 2145 3012 Christiana:
2158 2981 2223 3012 fidei
2235 2985 2310 3013 veri-

1255 3032 1357 3063 tatem,
1377 3026 1411 3056 &
1424 3026 1560 3055 vitiorum
1575 3024 1705 3061 plantaria
1717 3023 1752 3053 de
1769 3022 1848 3061 Agro
1862 3021 2022 3051 Dominico
2038 3020 2213 3059 extirpanda,
2238 3021 2309 3052 sicut

1253 3061 1419 3093 Catholicus
1435 3062 1568 3099 Princeps
1580 3061 1698 3092 intendis
1712 3085 1721 3098 ,
1744 3061 1778 3091 δε
1793 3060 1828 3089 ad
1841 3059 1869 3089 id
1883 3060 2096 3089 convenientius
2111 3059 2309 3098 exequendum

1252 3101 1400 3132 confilium
1415 3100 1590 3138 Apostolicae
1603 3100 1669 3130 sedis
1685 3100 1769 3142 exigis
1783 3099 1816 3129 ὅ(
1831 3097 1969 3128 favorem.
1989 3097 2023 3127 In
2039 3108 2097 3136 quo
2110 3098 2203 3136 fado,
2221 3100 2308 3136 Quan-

1253 3147 1284 3169 to
1297 3140 1388 3170 altiori
1401 3139 1535 3176 consilio,
1553 3140 1585 3169 δε
1600 3138 1700 3176 majori
1712 3136 1879 3167 discretione
1894 3136 2029 3174 procedes
2064 3144 2144 3167 tanto
2158 3138 2186 3166 in
2198 3146 2234 3166 eo
2249 3136 2309 3166 feli-

1252 3179 1361 3208 ciorem
1376 3177 1553 3217 progressum
1566 3184 1609 3214 re,
1627 3174 1774 3213 prcestante
1781 3174 1931 3213 Domino,
1946 3160 2116 3205 confidimus
2130 3174 2307 3210 habiturum,

1251 3226 1288 3246 eo
1302 3217 1379 3254 quod
1392 3216 1424 3246 ad
1439 3217 1550 3246 bonum
1564 3216 1669 3244 exitum
1686 3213 1796 3251 semper
1805 3215 1839 3244 &
1853 3212 1941 3243 finem
1964 3213 2068 3244 soleant
2090 3213 2223 3252 attingere
2243 3220 2308 3249 quae

1252 3254 1287 3284 de
1299 3254 1399 3285 ardore
1410 3254 1474 3284 fidei
1489 3255 1522 3284 ὃ(
1538 3253 1678 3293 religionis
1692 3261 1792 3282 amore
1806 3252 1978 3289 principium
1992 3260 2167 3288 acceperunt.

1289 3292 1361 3323 Sane
1380 3293 1549 3322 Hiberniam
1570 3293 1603 3322 δε
1625 3300 1727 3321 omnes
1749 3290 1849 3320 Insulas
1872 3290 1972 3328 quibus
1992 3289 2031 3319 sol
2046 3289 2156 3327 justitiae
2176 3286 2307 3319 Christus

1250 3331 1352 3369 illuxit,
1369 3332 1402 3362 δε
1416 3341 1478 3369 quse
1493 3330 1666 3360 documenta
1682 3328 1758 3359 Fidei
1765 3327 1932 3358 Christiana:
1944 3335 2122 3365 receperunt,
2139 3325 2172 3355 ad
2180 3326 2224 3363 jus
2232 3324 2307 3357 beati

1251 3369 1327 3399 Petri
1343 3371 1376 3400 δε
1389 3369 1567 3399 sacrosan&ae
1580 3368 1724 3398 Romanae
1738 3367 1871 3397 Ecclesia:
1883 3392 1892 3405 ,
1910 3366 1999 3404 (quod
2012 3375 2058 3395 tua
2069 3365 2152 3406 etiam
2174 3364 2306 3394 nobilitas

1251 3408 1438 3447 recognoscit)
1452 3417 1513 3437 non
1526 3407 1567 3437 est
1577 3406 1697 3437 dubium
1712 3407 1850 3444 pertinere
1863 3429 1872 3442 ,
1896 3403 1971 3434 unde
1984 3411 2061 3433 tanto
2074 3403 2103 3432 in
2118 3411 2154 3445 eis
2173 3401 2305 3433 libentius

1250 3447 1451 3483 plantationem
1463 3445 1527 3476 fidei
1543 3445 1655 3475 fidelem
1671 3446 1704 3475 ὅ(
1716 3454 1833 3485 germen
1850 3443 1918 3472 Deo
1931 3450 2039 3480 gratum
2048 3440 2304 3479 inserimus,quan-

1251 3493 1282 3514 [ο
1296 3484 1322 3514 id
1336 3495 1350 3514 a
1365 3485 1447 3515 nobis
1461 3486 1574 3514 interno
1587 3483 1783 3513 exadistrictius
1797 3481 1866 3519 pros
1881 3481 1978 3509 icimus
1993 3478 2169 3522 exigendum.
2227 3517 2230 3521 .

1285 3522 1450 3559 significasti
1464 3522 1600 3561 siquidem
1617 3522 1714 3558 nobis,
1739 3520 1775 3550 fili
1790 3521 1818 3549 in
1831 3517 1858 3548 C
1881 3517 1947 3547 risto
1962 3516 2100 3546 karistime
2113 3541 2122 3554 ‚
2144 3525 2173 3546 te
2186 3515 2304 3556 Hybet-

1249 3562 1304 3590 nice
1315 3556 1459 3600 insulam,
1481 3561 1516 3591 ad
1532 3560 1706 3591 subdendum
1721 3559 1800 3588 illum
1813 3555 1972 3594 populuml
2010 3554 2069 3585 ibus
2083 3580 2092 3594 ,
2117 3555 2151 3586 δε
2167 3555 2303 3586 vitiorum

1250 3600 1379 3637 plantaria
1389 3601 1455 3630 inde
1468 3599 1642 3637 eXtirpanda‚
1661 3597 1732 3627 velle
1746 3598 1845 3625 intrare
1887 3593 1925 3629 &
1939 3593 1969 3622 de
1992 3593 2087 3630 iugulis
2103 3592 2220 3623 domibus
2234 3598 2302 3624 An-

1249 3650 1332 3667 nuam
1347 3642 1423 3668 unius
1438 3639 1543 3668 denarii
1555 3637 1632 3666 heato
1645 3638 1726 3664 Petro
1739 3631 1810 3676 veile
1817 3618 1923 3671 fhjvere
1932 3632 2077 3673 penfionem
2091 3654 2100 3669 ,
2122 3633 2156 3663 ὃς
2170 3632 2232 3675 jura
2244 3632 2303 3663 Ec-

1249 3677 1394 3706 clefiarum
1414 3677 1483 3706 illius
1503 3685 1585 3706 terrae
1602 3672 1703 3703 illibata
1725 3673 1758 3702 δε
1777 3680 1882 3710 integra
1905 3671 2095 3708 conservare,
2115 3680 2168 3699 nos
2187 3679 2302 3709 itaque,

1250 3717 1329 3752 pium
1343 3716 1376 3746 ὃ(
1391 3714 1525 3745 laudabile
1537 3712 1703 3743 desiderium
1723 3717 1805 3739 tuum
1820 3709 1917 3739 favore
1936 3718 2066 3748 congruo
2084 3708 2300 3747 prosequentes,

1250 3755 1284 3784 ὅ(
1297 3754 1423 3791 petitioni
1436 3762 1491 3782 tine
1504 3751 1659 3790 benignum
1674 3748 1866 3785 impendentes
1885 3746 2021 3777 assensum
2033 3771 2042 3785 ,
2069 3756 2182 3786 gratum
2203 3748 2237 3777 ὃ(
2254 3757 2301 3777 ac-

1250 3801 1366 3829 ceptum
1378 3791 1529 3826 habemus,
1547 3798 1594 3826 ut,
1611 3797 1663 3824 pro
1677 3786 1818 3816 dilatandis
1832 3785 1964 3815 Ecclesiae
1976 3786 2101 3815 terminis
2114 3809 2124 3823 ,
2149 3794 2202 3822 pro
2216 3786 2300 3816 vitio·

1250 3839 1315 3859 runi
1333 3827 1525 3868 restringendo
1538 3825 1653 3856 decursu
1667 3848 1676 3862 ,
1699 3834 1752 3862 pro
1766 3823 1936 3863 corrigendis
1952 3824 2080 3854 moribus
2099 3824 2132 3854 &
2151 3823 2300 3853 virtutibus

1249 3868 1413 3905 inferendis,
1442 3876 1486 3896 iro
1498 3864 1664 3894 Christianae
1677 3862 1834 3902 Religionis
1846 3871 2015 3902 augmento,
2038 3860 2157 3891 Insulam
2167 3860 2243 3890 illam
2255 3862 2300 3890 in-

1250 3905 1378 3942 grediaris
1393 3918 1403 3944 3
1483 3912 1545 3941 quae
1564 3902 1598 3932 ad
1617 3902 1760 3931 honorem
1783 3900 1840 3930 Dei
1857 3901 1890 3931 &
1908 3900 2022 3930 salutem
2033 3900 2103 3929 illius
2115 3898 2299 3937 spectaverint

1249 3939 1416 3981 'exequaris-3
1444 3943 1476 3972 ὃς
1497 3941 1566 3970 illius
1587 3949 1668 3971 terrae
1688 3938 1807 3977 populus
1821 3938 1979 3968 honorifice
1991 3948 2019 3968 te
2033 3939 2161 3975 recipiat,
2180 3937 2214 3966 ὃ(
2228 3937 2299 3967 sicut

1250 3982 1416 4012 Dominum
1436 3988 1584 4010 veneretur
1605 3979 1675 4015 (jure
1693 3980 1818 4006 nimirum
1832 3975 2009 4017 Ecclefiarum
2020 3975 2127 4005 illibato
2142 3974 2180 4010 ὠ·
2196 3978 2298 4011 integro

1243 4026 1418 4058 permanente
1429 4042 1438 4055 ,
1455 4016 1586 4056 &salva
1600 4016 1677 4045 beato
1692 4018 1788 4052 Petro,
1804 4012 1925 4053 &staro
1938 4016 2026 4044 am‘fae
2039 4017 2167 4045 Romana²
2175 4013 2299 4054 Ecclefiae

1249 4059 1281 4089 de
1289 4057 1400 4097 singulis
1414 4055 1531 4086 domibus
1544 4065 1637 4086 annua
1653 4057 1729 4084 unius
1741 4053 1844 4082 denarii
1850 4062 1902 4091 pen
1913 4052 1989 4089 tone.)
2269 4086 2297 4117 ς,

2269 4107 2273 4113 -
2289 4095 2301 4117 i

1776 4090 1842 4129 ΑΞ
