2570 4261
687 198 803 240 ET
886 199 1156 240 ACTA

6 277 115 314 mnDi
130 279 178 318 di,
197 282 358 313 arbitraliter
370 282 567 321 sententiandi,
585 282 751 321 ordinandi,
771 283 938 323 mandandi,
955 285 1137 324 disponendi,
1155 287 1189 317 δε

15 330 98 360 1299.
132 321 338 357 pronunciandi
353 331 360 350 t
386 331 503 352 necnon
516 323 550 352 ὃς
567 322 646 360 super
663 323 796 351 omnibus
813 324 846 352 &
862 323 970 362 singulis
986 324 1122 362 addendi,
1134 325 1190 354 mi-

13 361 54 389 iv.
74 369 98 387 i.
133 358 239 388 nuendi
254 381 265 398 ,
287 359 445 398 corrigendi
458 382 468 398 ,
489 359 707 397 interpretandi,
731 361 764 390 δε
782 360 962 398 declarandi,
980 361 1100 392 liberum
1114 363 1188 392 arbi-

130 397 218 426 trium
231 398 264 428 &
275 397 424 434 plenariam
439 398 607 437 potestatem
623 397 672 427 sibi
681 421 689 434 ,
708 397 758 427 sub
772 398 849 428 certa
861 399 972 436 forma,
991 400 1186 438 reservaverit,

129 443 216 471 prout
231 435 384 474 praemiffa,
403 436 433 465 in
447 435 657 465 submiffionum
674 436 707 466 &
729 436 1019 473 compromiffionum
1028 462 1037 476 ‚
1061 440 1094 470 &
1115 449 1186 476 apo-

131 471 235 503 stolicis
242 474 353 511 litteris,
372 473 438 503 inde
454 474 611 511 confeffls,
629 473 733 511 plenius
750 476 943 504 continentur:

167 511 250 550 Nos,
269 510 431 541 affestantes
465 511 522 541 uod
537 511 673 551 priemissli
685 513 781 541 omnia
800 513 833 542 ὃ(
851 512 955 551 singula
969 535 978 551 ,
999 523 1134 551 quantum
1151 513 1185 544 ad

130 558 184 579 nos
207 551 241 580 &
260 549 384 580 haeredes
401 559 441 579 no
469 560 515 579 ros
535 551 655 587 pertinet
671 572 681 588 ,
707 549 781 580 finali
798 552 830 581 &
844 551 934 581 foelici
946 550 1064 582 effectui
1078 554 1187 583 manci-

130 596 249 625 pentur,
264 587 435 619 venerabiles
448 589 477 618 in
491 587 607 618 Christo
620 588 730 626 Patres,

167 662 205 700 J.
226 663 454 703 Wintonienfi’m,
472 662 510 698 ό»
523 662 743 702 Sarisburienſsm
757 664 906 703 Episcopus:

167 702 210 730 Et
225 701 332 732 dileaezos
348 702 385 737 (ῤ’
399 701 487 740 fideles
502 701 616 741 nostros,
634 703 789 732 Amaa'eum
803 706 928 732 Comitem
935 705 1077 735 Sabaudiae
1086 727 1098 743 2

168 742 302 770 Henrium
315 742 347 770 de
360 743 436 776 Lacy
447 739 596 770 Lincolniae
607 764 618 778 ,
632 740 841 779 Consimguineos
856 742 954 781 nostros
961 765 972 781 ,

164 780 312 809 Guidonem
327 779 359 808 de
370 776 446 807 Bello
460 782 556 817 Campo
574 780 732 818 Warrewyk
749 782 878 808 Comiter:

165 818 356 847 Audomarum
370 817 401 846 de
415 815 542 846 Valentia
556 818 780 857 Confimgumeum
792 817 926 857 nostrum,

167 859 299 886 ottonem
313 855 345 884 de
357 854 534 893 Grandiffono
542 877 551 893 ‚

134 913 137 915 -
167 892 326 961 Gaffiidum
339 893 370 922 de
383 893 528 933 Genevi'll,
546 892 585 928 &-

166 931 208 971 Jo
229 942 327 961 annem
339 931 370 961 de
385 934 475 961 Barro
483 955 493 971 ,

163 1005 291 1038 Nostros
312 1008 430 1039 facimus
442 1033 451 1047 ,
477 1008 638 1038 ordinamus
654 1030 663 1045 ,
686 1008 720 1039 &
743 1008 941 1040 constituimus
953 1018 1035 1041 veros
1049 1008 1083 1039 &
1096 1009 1186 1048 legiti-

129 1053 196 1075 mos
208 1045 424 1086 Procuratores,
443 1048 477 1078 &
493 1047 629 1077 Nuncios
643 1047 780 1084 speciales.

168 1082 278 1114 Dantes
298 1085 401 1115 eisdem
415 1108 424 1124 ,
449 1086 482 1116 &
497 1086 597 1123 majori
616 1085 687 1122 parti
697 1094 813 1123 eorum,
829 1085 987 1124 generalem
997 1108 1007 1123 ,
1022 1085 1136 1123 plenam
1151 1086 1184 1116 ὃς

129 1120 246 1152 liberam
266 1123 434 1161 potestatem
450 1147 460 1162 ,
480 1134 513 1154 ac
527 1123 643 1161 speciale
658 1123 838 1161 mandatum,
856 1123 890 1154 ad
901 1124 1077 1154 trastandum
1092 1124 1127 1154 de
1142 1135 1186 1155 re-

128 1160 301 1192 formatione
315 1164 388 1199 pacis
405 1163 438 1193 &
454 1162 619 1192 concordiae
633 1160 813 1198 supradictae,
829 1162 906 1200 super
930 1163 1064 1193 omnibus
1084 1164 1117 1194 δε
1131 1163 1185 1192 siri-

127 1199 199 1237 gulis
212 1199 370 1239 discordiis,
390 1202 509 1238 guerris,
528 1201 561 1231 &
575 1200 648 1237 aliis,
667 1209 731 1236 quae
745 1200 867 1237 superius
881 1200 942 1230 sunt
954 1199 1093 1239 expressa,
1111 1203 1184 1231 inter

130 1246 183 1267 nos
195 1238 229 1268 δε
241 1239 389 1279 praefatum
405 1239 518 1277 Regem
532 1238 673 1274 Franci-ae,
690 1247 722 1278 ac
737 1248 838 1268 omnes
855 1238 1096 1277 confoederatos,
1112 1239 1183 1269 Alli-

127 1283 208 1314 gatos
220 1300 229 1315 ,
253 1277 287 1308 &
310 1276 446 1308 Valitores
465 1276 606 1315 quossibet
626 1276 766 1312 utrimque
787 1276 920 1306 nostrum
933 1299 943 1314 ,
961 1276 1185 1315 quibuscumque

130 1313 229 1345 diebus
250 1316 284 1346 &
305 1315 373 1345 locis
388 1337 398 1353 ,
419 1323 478 1345 tam
499 1316 528 1343 in
544 1312 704 1351 praesentia,
722 1315 808 1350 quam
822 1316 907 1344 etiam
920 1316 950 1344 iri
961 1315 1080 1345 absentia
1093 1317 1185 1353 cujus-

131 1362 254 1391 cumque
272 1353 342 1383 dieti
363 1353 466 1383 summi
489 1351 636 1381 Pontificis
659 1350 782 1390 Legati,
797 1355 971 1390 executoris,
990 1353 1183 1393 referendarii,

129 1390 187 1421 sive
201 1391 236 1421 N
239 1393 331 1429 uncii,
349 1400 395 1421 aut
407 1390 523 1428 cujusvis
537 1390 663 1427 alterius,
680 1390 716 1419 ab
730 1391 832 1420 codem
845 1390 958 1421 summo
967 1391 1107 1422 Pontifice
1117 1394 1184 1422 mis-

127 1429 147 1459 fi
155 1452 166 1468 ,
184 1439 369 1467 quocumque
384 1429 504 1458 nomine
516 1428 675 1465 censeatur,

165 1467 212 1498 Ac
233 1468 363 1498 arietatus
385 1466 541 1506 hujusmodi
562 1475 741 1504 quacumque
756 1465 886 1497 firmitate
905 1466 1039 1505 vallandi,
1057 1468 1184 1508 petendi,

127 1504 274 1542 stipulandi
286 1528 296 1544 ‚
321 1505 475 1543 recipiendi
487 1529 496 1543 ,
522 1504 675 1542 retinendi,
694 1504 870 1542 dimittendi,
887 1506 1062 1543 remittendi,
1082 1517 1184 1536 renun-

125 1543 219 1574 ciandi
235 1566 245 1581 ,
268 1543 441 1582 acquietandi
456 1566 466 1581 ,
484 1542 658 1582 paciscendi,
677 1543 890 1583 componendi,
907 1544 1093 1582 transigendi,
1110 1555 1182 1576 con-

125 1580 264 1620 cedendi,
282 1583 316 1613 &
332 1581 541 1621 conveniendi,
556 1580 702 1612 audiendi:

162 1618 256 1650 Etiam
280 1620 431 1658 recipiendi
449 1620 518 1650 dieti
538 1620 663 1651 Domini
682 1619 784 1649 summi
797 1618 959 1657 Pontificis,
977 1620 1007 1650 in
1020 1621 1183 1660 praemiffis,

125 1658 162 1689 &
181 1668 213 1689 ea
237 1659 413 1698 tangentibus
433 1658 642 1689 ordinationem
655 1681 665 1697 ,
690 1657 898 1694 dispoiitionem
913 1682 923 1696 ,
942 1659 1101 1697 beneplacit
1134 1661 1183 1691 a&

127 1696 274 1735 mandata,
291 1697 404 1735 ipsaque
417 1695 562 1735 firmandi,
580 1695 747 1732 roborandi,
765 1697 798 1727 &
812 1696 1009 1735 omologandi:

165 1735 309 1774 Treugas,
326 1736 372 1766 seu
385 1734 591 1773 sufferentiam,
609 1734 655 1765 vel
666 1733 862 1765 abstinentiam
874 1744 999 1774 guerrae,
1017 1737 1092 1774 prius
1107 1738 1184 1767 initas

126 1772 162 1803 &
182 1774 326 1804 concessas
344 1796 355 1812 ,
372 1773 472 1804 nostro
493 1774 527 1804 &
540 1772 850 1803 confoederatorumac
859 1773 1009 1804 valitorum
1016 1774 1182 1805 nostrorum

125 1813 244 1842 nomine
257 1834 268 1851 ,
292 1822 379 1850 proro
399 1811 477 1841 andi:
496 1812 530 1842 &
551 1819 613 1842 treu
633 1821 660 1842 as
674 1833 684 1850 ,
701 1811 748 1842 seu
762 1810 969 1851 iufferenuam‚
986 1812 1030 1843 vel
1043 1813 1184 1844 abstinen-

125 1850 194 1880 tiam
207 1849 366 1888 hujusmodi
400 1860 417 1880 e
431 1859 510 1881 novo
521 1851 609 1880 ineun
628 1850 639 1880 i
653 1849 672 1869 2*
688 1850 722 1881 ὃς
737 1849 931 1889 concedendi,
949 1851 1084 1890 quamdiu
1099 1861 1184 1890 expe-

123 1888 185 1919 dire
199 1889 339 1919 videbitur
350 1888 503 1919 duraturas:

130 1926 325 1996 ΒΞἙιιράὶὼειῑ
338 1928 423 1958 etiarn
436 1936 523 1966 genus
535 1927 603 1958 liciti
616 1925 779 1958 sacramenti
788 1927 817 1956 in
830 1927 954 1957 animam
967 1926 1096 1959 nostram
1110 1938 1183 1966 prae-

173 1976 190 1995 n
212 1976 236 2003 ις

0 1858 109 1898 211338.

165 2004 212 2035 Ac
229 2005 327 2034 omnia
345 2005 378 2035 ὅτ
393 2003 497 2044 singula
519 2002 641 2034 faciendi
661 2008 724 2041 qu‘ae
740 2003 801 2034 sunt
815 2003 887 2042 pacis
903 2004 937 2035 &
953 2005 1131 2044 concordiae,
1149 2006 1182 2036 δε

125 2041 162 2073 ad
176 2042 286 2079 plenam
300 2052 401 2081 pacem
414 2043 447 2073 &
460 2041 647 2073 concordiam
659 2042 766 2073 valeant
781 2042 931 2080 pertinere,
949 2043 983 2073 ὃς
999 2053 1061 2081 quae
1075 2054 1126 2074 nos
1141 2045 1182 2074 fa-

126 2090 274 2120 ceremus,
291 2081 340 2111 vel
353 2081 445 2111 facere
461 2080 602 2118 possemus
612 2080 633 2112 fi
648 2080 795 2119 praesentes
810 2080 930 2111 essemus
943 2104 953 2119 ,
971 2084 1054 2112 etiam
1068 2083 1087 2112 si
1103 2092 1182 2112 man-

127 2118 228 2150 datum
247 2120 358 2158 exigant
378 2119 495 2156 speciale
511 2130 521 2156 3
542 2119 670 2149 volentes
684 2120 781 2149 omnia
797 2120 829 2150 ὃ(
845 2119 947 2158 singula
957 2143 967 2158 ‚
983 2120 1131 2152 necessaria
1146 2122 1180 2152 &2

127 2157 203 2188 utilia
218 2157 252 2188 ad
265 2158 428 2188 faciendum
437 2181 447 2196 ,
465 2159 498 2189 &
511 2156 717 2194 complendum
730 2156 884 2196 praemissa,
902 2158 935 2188 &
950 2158 1097 2196 quodlibet
1109 2169 1182 2197 prae-

126 2195 292 2234 missorum,
311 2206 365 2233 pro
378 2196 528 2234 specialiter
543 2195 672 2233 expressis
687 2196 720 2227 &
733 2198 899 2227 enumeratis
913 2197 1022 2227 haberi:

132 2253 135 2256 -
164 2233 361 2264 promittentes
375 2236 483 2273 insuper
498 2243 551 2271 pro
563 2235 663 2272 nobis,
680 2235 714 2264 &
728 2233 883 2266 haeredibus
905 2234 1022 2274 nostris,
1040 2243 1134 2267 ratum
1146 2236 1180 2267 ὃς

126 2271 242 2303 firmum
264 2273 368 2303 habere
392 2273 425 2303 &
444 2273 564 2303 habituri
586 2272 721 2310 quicquid
736 2283 786 2310 per
799 2272 889 2303 dictos
903 2272 1118 2314 Procuratores,
1134 2284 1183 2306 aut

126 2309 263 2342 Nuncios
286 2310 399 2341 nostros
412 2334 422 2350 ,
448 2311 495 2341 vel
515 2311 649 2348 majorem
664 2318 772 2350 partem
784 2311 966 2351 eorumdem,
983 2314 1012 2342 iri
1029 2313 1125 2344 forma
1139 2313 1182 2344 su-

126 2349 220 2387 perius
240 2349 363 2386 expressa
375 2372 385 2387 ‚
410 2348 540 2389 gestum,
556 2349 652 2379 aetum
661 2371 671 2387 ,
687 2349 720 2379 &
741 2349 848 2380 factum
858 2372 868 2388 ,
885 2350 930 2380 seu
952 2352 1037 2382 etiam
1053 2360 1186 2389 procura·-

127 2394 189 2418 tum
203 2388 287 2418 fuerit
303 2388 331 2417 in
346 2387 508 2425 proemlffis,
524 2389 557 2418 &
573 2387 701 2424 quolibet
714 2387 934 2424 praemissorum.

130 2437 134 2440 ·
165 2425 257 2463 Super
276 2427 377 2462 quibus
398 2425 583 2466 approbandis
597 2447 608 2463 ,
635 2425 762 2456 tenendis
775 2449 784 2464 ,
810 2426 965 2464 servandis,
983 2426 1133 2467 faciendis,
1150 2429 1184 2459 Sc

127 2463 320 2502 complendis,
336 2473 388 2494 nos
403 2466 436 2495 ὅ(
450 2463 575 2495 haeredes
589 2462 719 2502 nostros,
735 2465 769 2495 &
791 2464 866 2494 bona
881 2464 975 2495 nostra
993 2467 1090 2496 omnia
1109 2467 1184 2497 obli-

194 2512 236 2532 us.

125 2509 202 2571 gatffit
215 2525 274 2570 h'oc
288 2540 441 2579 omnibus,
459 2550 580 2578 quorum
595 2539 722 2578 interest,
740 2539 785 2570 vel
798 2539 925 2570 interesse
937 2541 1048 2579 potest,
1065 2550 1112 2572 aut
1133 2553 1186 2580 po-

126 2578 189 2608 terit
210 2579 241 2608 in
260 2578 378 2617 futuro,
402 2578 587 2618 significamus
609 2588 658 2616 per
680 2578 788 2610 nostras
809 2579 909 2610 litteras
932 2587 1054 2616 patentes
1069 2603 1080 2619 ‚
1105 2580 1185 2618 sigilli

127 2615 218 2648 nostri
231 2617 387 2647 munimine
401 2617 552 2647 roboratas.

164 2692 236 2723 Dat.
251 2693 325 2731 apud
340 2693 528 2725 Stebenhethe
540 2692 715 2724 duodecimo
730 2692 776 2723 die
789 2693 869 2724 Maii.

150 2829 201 2862 De
232 2831 346 2862 comite
374 2830 528 2862 Lincolniae
554 2840 607 2876 per
636 2832 675 2862 E.
693 2829 797 2873 filium
822 2832 864 2862 Re
884 2833 908 2861 is
934 2829 979 2862 ad
984 2831 1162 2877 supradisla

333 2878 503 2925 Sponsam,
522 2877 646 2924 speciali
661 2880 780 2910 Nmzcio
799 2842 960 2921 consituto.

0 2967 62 3000 [nn.
77 2968 120 2999 D,
131 2960 337 3021 UNiverfis
351 2986 362 3001 ,
386 2963 532 3000 praesentes
552 2963 654 2994 litteras
674 2962 833 3006 inspesturis
846 2985 856 3002 ,
883 2962 1054 3002 Edwardus,
1071 2964 1182 2996 illustris

5 3017 88 3047 1299·
222 3000 310 3039 Regis
324 3001 436 3037 Angliae
452 3001 522 3032 filius
557 3001 670 3032 salutem
684 3003 713 3030 in
727 3001 866 3031 Domino.

0 3050 37 3075 (n,
55 3057 99 3083 ²7·
165 3038 246 3070 Cum
265 3039 446 3070 sanctissimus
462 3041 492 3070 in
513 3025 630 3071 Christo
651 3040 748 3078 Pater,
767 3039 911 3070 Dominus
925 3039 957 3070 B.
976 3040 1070 3072 divina
1084 3043 1183 3079 provi-

0 3089 15 3113 i.
40 3095 63 3113 χ,
126 3075 239 3146 ‹ii-entia,
255 3077 365 3108 Sandhe
378 3077 538 3116 Romanae,
555 3088 588 3109 ac
601 3078 772 3109 Universalis
787 3077 920 3109 Ecclesiae
934 3078 1058 3110 summus
1080 3080 1183 3111 Ponti-

20 3130 41 3151 t.
80 3123 112 3150 le·
141 3125 175 3146 CX

0 3127 114 3197 aasz.
164 3138 199 3185 Ii3i
218 3163 305 3193 quem
327 3163 459 3193 tanquam
473 3177 483 3193 ,
507 3155 535 3184 in
553 3154 690 3192 privatam
704 3155 851 3192 personam
867 3155 900 3186 ὃς
915 3155 1078 3186 Dominum
1093 3156 1180 3187 Bene-

0 3203 16 3227 ζ,
35 3209 59 3228 1,
77 3209 115 3228 m,
127 3191 238 3223 dietum
261 3192 417 3224 Gaitanum
431 3216 442 3232 ,
467 3201 500 3223 ex
522 3200 599 3230 parte
611 3194 754 3229 magnifici
767 3193 904 3231 Principis
921 3193 1045 3224 Domini
1056 3194 1181 3233 Philippi

5 3246 31 3266 ι,
128 3230 217 3270 Regis
238 3231 365 3262 Franciae
387 3231 497 3261 illustris
515 3253 524 3268 ,
547 3231 581 3261 &
595 3230 722 3267 praedicti
736 3231 860 3263 Domini
875 3232 962 3262 Patris
977 3232 1083 3271 nostri,
1101 3233 1180 3271 super

126 3269 309 3299 reformanda
330 3279 398 3307 pace
419 3271 453 3300 ὃς
477 3269 634 3299 concordia
656 3270 727 3299 inter
748 3270 839 3307 ipsum
863 3270 978 3307 Regem
1000 3271 1125 3302 Franciae
1146 3281 1181 3302 ex

126 3314 208 3345 parte
223 3307 295 3344 unii,
316 3309 349 3338 &
363 3307 485 3338 eundern
499 3307 664 3337 Dominum
677 3307 788 3338 Patrem
811 3308 941 3339 nostrum
954 3318 988 3339 ex
1001 3309 1102 3348 altera,
1121 3308 1180 3344 &a

120 3351 204 3390 prout
218 3347 315 3375 Comiti
326 3345 469 3376 Sabaudiie
484 3347 515 3376 de
528 3345 586 3375 dat.
608 3354 653 3376 12.
673 3348 748 3375 Maii
761 3344 897 3386 ficperjus,
913 3347 992 3387 usque
1005 3347 1062 3377 haec
1076 3348 1182 3387 verba,

126 3394 187 3413 viz.

165 3420 301 3452 Volentec
316 3421 487 3452 ordinationi
499 3420 674 3459 Apostolicae
691 3421 720 3451 in
741 3421 792 3452 hac
808 3432 899 3461 parte,
914 3434 947 3454 ae
960 3433 1076 3462 paterno
1090 3425 1180 3456 assen-

125 3459 182 3498 fiii,
200 3467 232 3489 ut
249 3467 379 3489 tenemur
392 3483 402 3497 ,
425 3460 567 3490 humiliter
590 3460 706 3490 obedire
721 3482 729 3496 ,
748 3461 875 3491 nobilem
890 3463 1002 3502 virum,
1021 3463 1180 3494 Hernicum

126 3497 164 3528 de
179 3497 257 3536 Lacy
268 3496 420 3528 Comitem
436 3497 614 3536 Lincolniae,
631 3497 880 3537 Consanguineum
894 3502 1023 3532 nostrum
1042 3502 1181 3540 (praeliba-

126 3537 149 3566 ti
167 3535 292 3566 Domini
313 3535 400 3566 Patris
421 3535 508 3565 nostri
530 3536 564 3566 ad
581 3537 638 3566 hoc
651 3536 802 3567 accedente
816 3538 933 3570 consilio
948 3541 980 3571 ὃς
995 3540 1110 3577 affensu)
1127 3551 1181 3570 no-

127 3573 218 3606 strum
239 3574 358 3604 facimus
369 3598 378 3612 ,
403 3574 582 3612 ordinamus,
600 3575 633 3604 <Sc
649 3574 845 3605 constituimus
858 3586 959 3608 verum
973 3579 1005 3609 ὅ(
1021 3579 1179 3618 legitimum

125 3611 344 3643 Procuratorem
358 3613 391 3643 ὃς
407 3611 561 3643 Nuncium
575 3612 721 3650 specialem
731 3636 740 3651 ,
757 3613 791 3643 ad
807 3615 1049 3655 contrahendum,
1067 3627 1118 3656 pro
1126 3627 1180 3647 no-

125 3649 171 3681 bis
185 3674 196 3689 ‚
220 3651 254 3681 &
277 3650 376 3681 nostro
397 3652 535 3688 nomine,
551 3650 681 3688 sponsalia
695 3661 764 3682 cum
782 3650 896 3683 Isabena
908 3655 1060 3693 praedie‘ta,
1078 3665 1111 3685 ac
1125 3655 1179 3693 ipsa

125 3688 259 3726 sponsalia
274 3690 436 3727 juramentis
457 3690 490 3720 &
505 3691 598 3726 poenis
620 3690 700 3720 certis
715 3689 900 3721 firmandum:
920 3694 953 3723 &
967 3693 1000 3723 ad
1010 3693 1180 3732 jurandum,

126 3736 180 3763 pro
198 3728 283 3759 nobis
297 3752 306 3765 ,
324 3729 352 3757 in
366 3727 490 3757 animam
510 3727 654 3766 nostram,
670 3727 817 3766 quodlibet
832 3738 922 3765 genus
934 3731 1000 3762 liciti
1011 3733 1178 3771 juramenti,

126 3765 161 3795 &
176 3766 212 3795 ad
225 3767 321 3796 omnia
335 3766 368 3796 &
390 3765 493 3802 fingula
513 3765 674 3796 faciendum
692 3775 755 3803 quae
774 3776 827 3796 nos
838 3767 1009 3808 faceremus,
1027 3770 1073 3801 vel
1087 3770 1180 3801 facere

127 3803 287 3873 pofiemuss,
305 3804 327 3848 {i
340 3804 433 3872 iliostra
445 3803 549 3834 adesset
564 3804 704 3842 praesentia
717 3803 967 3843 personalis-,etiam
981 3808 1001 3838 fi
1016 3808 1178 3840 mandatum

193 3850 240 3872 ant
285 3852 344 3873 ecia
356 3853 386 3873 e:

129 3849 283 3910 ιζῖἰῐΙεζειῑυηξ3
291 3881 324 3912 &
337 3880 451 3911 firmum
466 3880 615 3918 habentes,
633 3880 665 3910 &
679 3880 800 3910 habituri
814 3882 947 3920 quicquid
969 3893 1018 3921 per
1033 3884 1181 3922 praefatum

126 3914 296 3957 Comitem,
310 3921 338 3949 in
352 3918 512 3959 praemiffis,
529 3920 562 3950 &
576 3928 675 3948 eorum
690 3918 800 3957 singulis
808 3921 944 3957 ,nomine
958 3922 1179 3961 nostro,a‹ftum

128 3954 289 4022 &gestum
303 3957 401 3996 fuerit,
418 3958 464 3988 seu
477 3959 560 3987 etiam
575 3965 765 3994 procuratum.
975 3972 983 3982 «

178 4032 182 4036 .
195 4001 208 4023 t
220 3993 280 4037 hoc
294 3997 426 4026 omnibus
435 4019 445 4034 ,
463 4005 587 4034 quorum
601 3994 729 4033 interest,
747 3995 792 4025 vel
806 3996 933 4028 intereffe
946 3998 1056 4038 potest,
1075 4008 1121 4030 aut
1129 4010 1182 4037 po-

131 4037 196 4061 terit
213 4041 249 4076 ‘in-
267 4032 362 4064 futuro
374 4056 385 4072 ,
404 4034 589 4073 significamus
609 4044 657 4071 per
677 4033 785 4063 nostras
803 4042 926 4070 patentes
938 4036 1057 4077 litteras,
1073 4038 1181 4077 praefati

123 4065 251 4100 Domini
264 4069 352 4102 Patris
362 4072 454 4103 nostri
468 4074 501 4105 ὃς
514 4072 613 4104 nostro
629 4072 741 4112 fignatas
754 4072 854 4111 sigillis.

1239 198 1273 238 P
1313 201 1352 241 U
1396 201 1428 241 Β
1465 203 1498 243 L
1535 203 1554 243 1
1592 204 1630 246 C
1667 205 1720 245 A.

1259 284 1329 317 Dat.
1347 286 1421 323 apud
1433 287 1623 320 Stebenhethe
1637 289 1754 321 decimo
1769 289 1870 328 quinto
1884 288 1930 321 die
1945 288 2026 321 Maii.

2215 219 2295 260 207

2293 317 2370 348 Ann.
2381 317 2427 348 D..

2312 365 2397 394 1292.

2292 396 2359 422 Edv.
2382 404 2406 423 Ι.

1275 410 1324 441 De
1340 409 1477 457 Epiftopo
1493 413 1529 444 V
1526 413 1649 443 icentino
1668 411 1823 444 curialiter
1839 410 1995 445 tranando
2012 415 2044 445 in
2062 414 2108 446 Va
2123 415 2217 446 conia.

1224 491 1279 554 E
1289 492 1396 524 Dward
1433 495 1492 525 &e
1511 505 1528 524 a
1539 495 1634 526 nostre
1649 495 1817 527 Lieutenant
1829 507 1864 527 en
1879 496 2057 536 Gascoigne,
2075 507 2093 528 e
2106 507 2122 528 a
2137 504 2208 528 touz
2220 507 2275 528 nos
2291 501 2342 526 An.
2360 508 2404 535 27.

1223 568 1257 598 sl
1297 540 1386 563 autres
1397 517 1514 570 fiaillit's,
1531 532 1694 573 Officiaux,
1712 533 1818 564 Foiaux
1832 536 1865 566 ὃς
1878 535 2010 574 Subjetz,
2026 536 2063 566 de
2077 537 2150 567 celes
2162 537 2272 574 parties,
2288 541 2317 564 Ε.
2344 547 2366 565 i.
2388 575 2396 602 I

1234 578 1248 598 a
1260 578 1304 599 uz.
2284 579 2340 603 Rot.
2361 579 2387 603 A
2396 586 2422 603 e-

1260 607 1348 638 Nous
1363 608 1481 647 voions,
1501 619 1532 647 e,
1550 619 1598 647 par
1617 608 1642 639 la
1656 617 1758 640 tenour
1773 609 1808 639 de
1821 609 1907 640 ceste:
1920 610 2054 648 presentes
2070 613 2181 651 lettres,
2198 621 2271 644 vous
2290 624 2358 641 man.
2376 623 2421 648 27.

1222 645 1427 684 comandoms,
1447 657 1482 685 qe
1496 657 1566 677 vous
1579 655 1686 686 tontes,
1705 657 1721 676 e
1733 647 1869 678 chascune
1884 649 2027 688 persones,
2044 661 2099 688 que
2112 650 2273 682 venerables
2290 655 2319 678 Ε.
2331 660 2399 679 Lm„

1223 682 1311 722 Pere,
1330 683 1465 723 Raynauz
1484 685 1610 723 Evesque
1628 684 1666 715 de
1687 683 1816 724 Vycente
1857 696 1912 715 une
1926 687 2003 725 foiz,
2021 698 2060 718 ou
2077 690 2219 730 plusours,
2236 699 2273 719 en
2296 699 2338 716 ¹0-

1222 721 1260 751 ses
1282 722 1373 752 lettres
1392 723 1499 753 voudra
1520 733 1621 753 nomer
1635 747 1645 760 ,
1663 723 1752 754 soient
1766 734 1806 754 ou
1821 710 1866 754 del
1881 723 2026 754 Roiaume
2040 726 2076 756 de
2090 727 2113 756 F
2115 737 2215 767 rance,
2233 737 2274 758 ou

1220 758 1257 789 de
1279 769 1368 790 autres
1388 769 1472 791 terres
1486 786 1495 799 ,
1527 762 1563 791 de
1580 761 1700 799 quelque
1720 760 1829 801 dignite
1843 785 1853 800 ‚
1878 761 1946 792 estat
1961 785 1971 801 ,
1995 772 2034 792 ou
2055 765 2203 795 condition
2225 764 2274 804 q'il

1220 796 1327 836 soient,
1347 808 1432 836 quant
1445 800 1462 829 il
1477 799 1634 838 vendront,
1652 799 1812 839 pafferont,
1828 801 2013 838 demorront,
2031 810 2047 831 e
2060 802 2151 833 irront
2166 813 2212 840 par
2227 813 2276 834 ce·

1221 835 1260 865 les
1275 837 1388 874 parties,
1406 837 1577 876 bonement,
1596 838 1811 877 curtoisement,
1830 848 1846 868 e
1860 838 2077 870 fraunchement
2090 839 2128 869 les
2147 850 2275 880 receues,

1221 883 1240 941 Ξ
1257 874 1447 943 ᾓὲηυτεωεηῑ
1467 885 1484 906 e
1503 876 1704 915 benignement
1724 876 1761 905 les
1782 884 1884 907 tratetz
1896 899 1907 915 ,
1929 887 1946 906 e
1969 877 2128 909 seurement
2149 878 2187 908 les
2200 888 2273 909 cori-

1242 922 1269 941 ιιι
1295 920 1338 942 ez.

1244 950 1279 994 ᾗ*
1296 949 1379 1019 gosn.
1394 949 1585 1018 asCantirbur.
1604 951 1631 982 le
1641 959 1689 991 23.
1704 951 1769 990 jour
1783 950 1819 981 de
1834 951 1905 992 May
1920 975 1930 992 ,
1948 953 2002 983 l'an
2014 952 2051 983 de
2064 953 2160 984 nostre
2174 953 2275 993 Regne
2293 955 2308 971 ⁸*
2320 955 2425 991 11-339-

1221 997 1283 1020 vrnt
1354 996 1410 1025 epti
1422 998 1477 1019 me.

1260 1064 1431 1095 Semblables
1445 1064 1536 1095 lettres
1549 1063 1610 1095 sont
1622 1064 1698 1095 faites
1712 1074 1740 1095 as
1748 1064 1870 1103 Justices
1879 1087 1888 1103 ,
1907 1065 2055 1098 Viscontes
2088 1067 2258 1099 Constables
2267 1091 2277 1106 ,

1221 1102 1356 1142 Bailliffs,
1370 1113 1387 1133 e
1400 1113 1417 1132 a
1431 1111 1482 1133 tou
1498 1102 1537 1133 les
1550 1111 1639 1133 autres
1654 1102 1800 1133 Officiaux
1811 1103 1850 1134 du
1866 1103 2009 1135 Roiaume
2022 1091 2224 1144 d’ssnglererre.

1219 1231 1267 1262 De
1284 1226 1429 1261 tradendo
1446 1237 1543 1259 terras
1559 1229 1595 1264 ῥ’
1619 1225 1694 1259 bona
1716 1227 1860 1273 Vasioniae
1880 1227 1926 1261 ad
1942 1229 2118 1274 Epifiopum
2149 1233 2184 1264 V
2184 1234 2270 1264 icent.

1401 1279 1432 1307 in
1449 1273 1586 1307 manibus
1604 1278 1641 1314 ὄσ·
1659 1279 1776 1308 nomine
1790 1279 1871 1322 Papae
1893 1275 2089 1319 custodienda.

1219 1360 1403 1423 EDward,
1423 1361 1482 1391 δῖε.
1499 1370 1513 1390 a
1530 1368 1589 1391 noz
1601 1368 1685 1390 amez
1697 1360 1731 1391 &
1743 1360 1840 1399 feaux,
1859 1359 1976 1392 Maistre
1998 1361 2102 1392 Girard
2121 1360 2149 1392 V
2170 1361 2271 1399 ppoiris
2290 1359 2364 1390 Ann.
2383 1360 2423 1390 D,

1295 1399 1471 1430 Ercediakne
1483 1398 1519 1429 de
1534 1398 1752 1437 Richemunde,
1769 1399 1900 1429 Amaneu
1923 1399 1959 1430 de
1980 1399 2004 1429 la
2022 1399 2114 1438 Brett,
2166 1411 2182 1430 u
2201 1400 2270 1429 Hem
2316 1408 2398 1437 1299.

1217 1438 1253 1468 de
1269 1438 1434 1477 Leyburne,
1454 1437 1559 1467 Pointz
1573 1436 1633 1467 Sire
1646 1436 1683 1466 de
1697 1436 1864 1476 Chatillon,
1882 1436 1953 1476 Guy
1965 1437 2050 1468 Ferre
2069 1437 2166 1469 nostre
2213 1439 2271 1468 ieu-
2291 1441 2341 1465 An.
2358 1448 2402 1472 27.

1218 1485 1313 1517 tenant
1328 1486 1363 1506 en
1378 1475 1555 1514 Gascoigne,
1572 1474 1792 1513 Chevaliers‚&
1807 1486 1823 1507 a
1838 1475 1950 1506 maistre
1962 1476 2101 1517 Reymon
2117 1475 2271 1507 Arnoldde
2293 1480 2320 1503 Ε.
2346 1485 2369 1503 i.

1219 1516 1244 1545 la
1259 1514 1353 1544 Rame
1367 1513 1491 1552 Clerke,
1505 1514 1587 1544 saluz.
2291 1519 2344 1542 Rot.
2362 1513 2422 1540 Alo-

1255 1553 1344 1583 Nous
1357 1552 1489 1590 voloms,
1506 1552 1558 1590 &,
1575 1550 1663 1589 paria
1674 1559 1776 1582 tenonr
1787 1551 1825 1582 de
1848 1561 1894 1582 ces
1914 1551 2053 1590 presentes
2074 1552 2182 1590 lettres,
2199 1562 2271 1584 vous
2293 1563 2363 1580 man-
2379 1561 2424 1587 272

1219 1590 1458 1628 commandoms,
1477 1600 1533 1628 que
1552 1600 1640 1627 vouS,
1657 1600 1696 1620 ou
1715 1590 1734 1620 li
1753 1591 1871 1628 cinque,
1890 1600 1928 1621 ou
1953 1591 1972 1620 li
1987 1600 2100 1630 quatre,
2117 1602 2156 1622 ou
2170 1592 2189 1620 li
2205 1591 2271 1621 trois
2295 1595 2323 1618 Ε.
2340 1599 2398 1620 im.

1218 1630 1254 1660 de
1270 1639 1359 1667 vous,
1377 1629 1396 1660 si
1430 1629 1471 1659 lus
1486 1630 1514 1658 ni
1527 1637 1602 1667 poez
1615 1627 1705 1666 estre,
1722 1628 1853 1666 bailleez,
1871 1628 2027 1659 delivereez
2041 1632 2073 1660 &
2089 1629 2269 1667 affignetzde
2292 1637 2302 1656 ι
2312 1638 2333 1658 1.

1221 1667 1332 1706 parole,
1350 1677 1388 1698 ou
1401 1640 1437 1697 dpe
1449 1667 1540 1705 droit,
1561 1667 1594 1698 &
1607 1666 1643 1696 de
1658 1666 1724 1705 fait,
1742 1677 1779 1697 en
1795 1668 1854 1697 bon
1869 1667 1927 1704 foi,
1946 1669 1979 1699 &
1993 1667 2076 1698 saunz
2088 1667 2273 1705 fraude,sim-
2333 1679 2335 1681 ·

1220 1707 1348 1744 plement
1360 1707 1394 1737 ὃς
1407 1712 1554 1744 purement
1563 1728 1572 1744 ,
1591 1714 1627 1735 en
1638 1704 1663 1734 la
1677 1714 1778 1743 mayn,
1798 1705 1831 1736 &
1845 1715 1882 1735 en
1895 1705 1921 1735 le
1938 1715 2008 1743 poer
2033 1705 2079 1736 del
2093 1706 2223 1744 Evesque
2237 1705 2274 1736 de

1220 1744 1372 1784 Vycence,
1391 1754 1429 1774 ou
1443 1743 1478 1774 de
1491 1743 1542 1774 son
1557 1742 1795 1781 comandement,

1257 1784 1348 1814 Totes
1367 1784 1406 1813 les
1427 1790 1527 1819 terreS,
1545 1781 1673 1820 vassaux,
1690 1781 1770 1812 biens
1793 1781 1826 1812 δε
1845 1789 1935 1814 autres
1947 1781 2061 1820 choses,
2077 1791 2133 1821 que
2148 1792 2218 1812 nous
2232 1790 2274 1812 te·

1219 1831 1310 1860 noris,
1328 1831 1367 1851 ou
1383 1829 1472 1851 autres
1482 1829 1529 1858 par
1543 1829 1630 1858 nom,
1648 1829 1684 1849 en
1698 1819 1735 1849 les
1749 1821 1847 1857 parties
1861 1820 1898 1850 de
1913 1819 2091 1859 Gascoigne,
2107 1831 2122 1850 a
2137 1822 2274 1858 receiure,

1220 1860 1254 1890 ὅς
1275 1869 1291 1889 3
1310 1860 1399 1897 tenir,
1419 1869 1454 1890 en
1474 1868 1569 1896 noun,
1588 1858 1622 1888 &
1644 1867 1680 1887 en
1699 1857 1725 1888 13
1746 1867 1829 1895 mayn
1844 1857 1882 1888 du
1895 1858 2094 1888 Treseintisme
2106 1858 2194 1897 Pere,
2214 1858 2275 1888 Sine

1220 1897 1372 1936 Boniface,
1390 1907 1438 1934 par
1457 1896 1482 1927 13
1506 1896 1678 1934 porvoiance
1700 1895 1736 1925 de
1756 1896 1851 1934 Dieu,
1871 1896 1948 1934 Pape
1967 1896 2087 1935 oytisme
2103 1921 2112 1935 ,
2131 1906 2218 1927 come
2238 1905 2276 1926 en

1220 1937 1316 1974 privee
1328 1935 1461 1975 persone,
1479 1936 1512 1966 ὃς
1526 1934 1628 1965 Benoit
1640 1933 1762 1974 Gaytan.

1257 1974 1282 2004 E
1296 1975 1399 2005 volons
1412 1984 1448 2012 qe
1462 1973 1499 2003 cil
1512 1973 1617 2003 mesme
1630 1971 1738 2010 Evesqe
1753 1972 1842 2010 puisse
1855 1972 1929 2003 celes
1951 1973 2069 2003 mesmes
2091 1980 2193 2011 terres,
2211 1982 2274 2003 vas·

1219 2012 1298 2052 saux,
1316 2014 1350 2044 δε
1373 2013 1469 2050 biens,
1486 2011 1579 2041 bailler
1601 2012 1634 2042 ὅτ.
1655 2011 1755 2041 liverer
1773 2021 1788 2040 a
1807 2012 1924 2049 persone
1938 2035 1948 2048 ,
1965 2022 2005 2041 ou
2026 2022 2041 2042 a
2061 2010 2205 2049 persones,
2224 2010 2274 2042 des

1221 2052 1327 2089 quieux
1338 2050 1357 2080 li
1371 2049 1515 2081 devantdit
1530 2049 1604 2087 Pape
1618 2048 1652 2078 ad
1665 2049 1749 2086 volu,
1768 2048 1889 2079 mauride
1900 2059 1940 2080 ou
1955 2049 2077 2087 ordene,
2099 2060 2140 2080 ou
2154 2048 2273 2088 voudra‚

1220 2088 1368 2129 mandere,
1385 2098 1426 2119 ou
1438 2087 1575 2118 ordenera
1589 2097 1637 2128 par
1651 2087 1688 2118 ses
1701 2088 1790 2118 lettres
1805 2087 1919 2118 bullees.

1221 2163 1543 2235 &DomffanCantirbyn
1557 2163 1583 2195 le
1596 2172 1645 2204 23.
1655 2163 1721 2202 jour
1737 2162 1774 2194 de
1789 2163 1939 2203 May,l’an
1952 2162 1989 2193 de
2000 2162 2097 2194 nostre
2105 2163 2208 2204 Regne
2214 2164 2275 2195 vint

1279 2213 1337 2242 epti
1381 2213 1406 2233 e.

2184 2276 2270 2287 ,σή

1218 2328 1268 2359 De
1293 2322 1453 2371 afficiando
1481 2322 1652 2356 Gerardnm
1677 2321 1713 2356 de
1731 2326 1764 2357 V
1765 2322 1888 2369 ispeins,
1912 2325 1949 2360 (ῤ’
1968 2322 2143 2357 Amadeum
2160 2322 2196 2356 de
2214 2325 2274 2356 Le-

1290 2372 1389 2416 breta,
1413 2373 1542 2405 Nunciis
1558 2375 1589 2404 in
1598 2371 1734 2418 generali
1751 2374 1961 2405 Procuratorio
1973 2375 2204 2417 praenominatis.

1221 2457 1302 2522 LE
1314 2458 1375 2488 Roi
1390 2468 1418 2488 as
1430 2456 1598 2488 honurables
1615 2455 1716 2493 Peres,
1728 2454 1754 2493 J.
1769 2455 1806 2485 de
1819 2455 1862 2485 W
1881 2454 1983 2486 ncestr.
1996 2455 2031 2486 δε
2045 2454 2073 2485 S.
2094 2454 2131 2485 de
2150 2455 2273 2487 Salebur.
2290 2449 2366 2481 Ann—
2382 2451 2422 2482 D„

1295 2496 1451 2534 Evesques:
1471 2506 1486 2525 e
1500 2506 1515 2524 a
1530 2494 1568 2525 ses
1585 2502 1680 2525 ametz
1695 2495 1728 2524 &
1746 2493 1842 2532 feaux,
1878 2493 1979 2523 maden
1994 2494 2030 2524 de
2044 2494 2274 2532 Sauuoie,Hen-
2313 2498 2397 2527 1299-

1222 2544 1253 2574 ry
1267 2535 1302 2565 de
1316 2534 1395 2572 Lacy
1409 2535 1444 2564 de
1456 2533 1584 2563 Nichole
1592 2555 1602 2571 ,
1620 2542 1636 2562 e
1649 2532 1718 2572 Guy
1732 2531 1768 2562 de
1781 2532 1938 2569 Beaucamp
1951 2532 1987 2561 de
2011 2532 2150 2570 Warwyk
2171 2531 2275 2563 Coun-
2291 2531 2346 2556 An.
2371 2538 2413 2565 27·

1221 2581 1279 2603 tes:
1299 2572 1407 2614 Aymer
1426 2571 1461 2602 de
1482 2572 1623 2610 Valence,
1641 2569 1719 2601 Otez
1740 2569 1777 2600 de
1809 2570 1998 2608 Grauntzon,
2017 2569 2140 2609 Geffrey
2161 2570 2197 2601 de
2210 2570 2275 2601 Ge·
2293 2570 2322 2594 Ε·
2347 2575 2369 2594 ¹·
2404 2594 2408 2598 .

1221 2610 1324 2650 neuill,
1342 2612 1375 2642 ὃς
1385 2610 1478 2649 johan
1491 2609 1526 2640 de
1541 2609 1610 2648 Bar,
1628 2607 1799 2647 Chevalers,
1816 2608 1908 2638 salutz.
2292 2607 2346 2633 Rot.
2359 2604 2419 2632 Ale-

1259 2650 1358 2680 Come
1374 2659 1446 2679 nous
1459 2658 1531 2679 vous
1547 2657 1626 2678 eoms
1641 2656 1773 2686 commys
1788 2656 1805 2676 e
1818 2646 1966 2685 affignetz,
1984 2655 2037 2683 pur
2051 2653 2151 2684 treter,
2169 2645 2274 2678 devant
2294 2652 2362 2670 man.
2377 2651 2421 2677 27·

1220 2688 1248 2718 le
1263 2687 1418 2718 honurable
1430 2687 1502 2717 Pere
1516 2686 1556 2716 R.
1568 2685 1647 2716 Eves
1662 2695 1697 2715 ue
1707 2685 1743 2715 de
1756 2684 1889 2723 Vicente,
1908 2684 2038 2724 Message
2051 2684 2077 2714 le
2098 2684 2274 2723 Apostoille,
2295 2685 2323 2709 E.
2344 2690 2367 2708 1·
2387 2691 2424 2710 m»

1221 2727 1263 2757 sus
1285 2727 1323 2756 les
1343 2725 1506 2764 busoignes,
1524 2734 1596 2754 nous
1619 2733 1635 2754 e
1658 2733 1674 2753 e
1687 2723 1748 2753 Roi
1762 2722 1798 2753 de
1812 2723 1936 2754 Fraunce
1949 2723 2119 2761 touchantz,
2137 2723 2227 2754 sicom
2238 2732 2276 2754 en
2294 2728 2334 2747 ¹¹-

1220 2765 1248 2795 le
1259 2774 1345 2802 poer,
1365 2774 1400 2802 qe
1414 2774 1485 2795 vous
1498 2773 1533 2793 en
1545 2769 1643 2800 avetz,
1661 2761 1702 2792 est
1715 2761 1775 2799 plus
1789 2761 1960 2799 pleinement
1974 2770 2111 2792 contenu:

1261 2802 1286 2832 E
1299 2803 1394 2833 nostre
1407 2803 1522 2832 volunte
1536 2801 1605 2838 soit,
1624 2810 1661 2837 qe
1674 2810 1745 2830 nous
1760 2799 1865 2830 chieres
1878 2811 1894 2830 e
1908 2800 2017 2838 foiaux,
2035 2799 2095 2830 Sire
2114 2798 2225 2830 Gerard
2239 2799 2276 2830 de

1222 2839 1346 2879 Vispeins
1371 2840 1548 2871 Arcediakne
1567 2838 1603 2869 de
1624 2838 1826 2877 Richemond,
1843 2847 1860 2868 e
1882 2838 2032 2868 Monsieur
2049 2838 2177 2868 Amaneu
2192 2837 2229 2868 de
2249 2837 2275 2868 la

1223 2878 1317 2910 Brette
1352 2880 1441 2910 soient
1454 2889 1470 2910 a
1486 2887 1558 2910 vous
1572 2878 1789 2916 acompaignetz
1798 2886 1814 2906 a
1827 2877 1871 2907 cel
1885 2877 1969 2907 tretiz
1982 2875 2049 2906 faire
2057 2899 2067 2914 ,
2084 2876 2184 2906 solone
2196 2876 2221 2905 la
2233 2884 2276 2906 te-

1221 2927 1293 2948 neur
1311 2903 1348 2948 d'e
1361 2917 1457 2948 vostre
1490 2927 1540 2947 oer
1552 2914 1690 2946 avantdit:

1264 2955 1345 2987 Vous
1373 2965 1458 2986 maun
1479 2964 1544 2985 oms
1571 2962 1608 2990 qe
1630 2963 1702 2984 vous
1729 2952 1767 2983 les
1787 2952 1929 2983 avantditz
1955 2951 2132 2982 Arcediakne
2151 2961 2167 2982 e
2188 2951 2276 2982 Ama-

1220 3004 1292 3033 neu,
1311 3002 1398 3033 quant
1418 2994 1439 3023 il
1457 2992 1599 3024 vendront
1620 3000 1636 3021 a
1647 3000 1736 3030 vous,
1754 3001 1770 3022 a
1783 2991 1991 3029 compaignons
2014 2999 2146 3021 receuetz
2160 2997 2247 3029 quant
2258 2999 2275 3020 a

1219 3043 1284 3064 CCO.

1258 3108 1339 3139 Dori.
1352 3118 1368 3138 a
1382 3107 1534 3144 Dovorre,
1550 3104 1577 3134 le
1592 3106 1660 3144 quin
1671 3105 1739 3143 jour
1752 3104 1788 3136 de
1797 3104 1876 3143 Juin.

1217 3245 1326 3288 Bulla,
1345 3255 1400 3292 pro
1417 3246 1560 3278 societate
1577 3241 1612 3275 de
1630 3245 1746 3288 Spinis,
1770 3239 1805 3274 ob
1825 3251 1967 3275 mutuum
1985 3253 2041 3273 non
2063 3239 2172 3274 datum
2183 3268 2193 3284 ‚
2219 3240 2270 3273 de-

1649 3300 1830 3336 precatoria.

1220 3387 1426 3448 EOnifacius
1442 3384 1609 3423 Episcopus,
1626 3383 1718 3414 servus
1733 3384 1878 3415 servorum
1893 3382 1969 3421 Dei,
1987 3381 2127 3412 cariffimo
2140 3381 2172 3424 in
2182 3379 2271 3410 Chri·
2290 3391 2366 3422 Ann-
2377 3392 2417 3424 D⁶

1292 3425 1335 3455 sto
1349 3425 1427 3462 filio,
1445 3423 1479 3454 E.
1493 3423 1567 3461 Regi
1583 3422 1693 3461 Angliae
1708 3422 1824 3460 illustri,
1841 3421 1955 3452 salutern
1969 3421 2003 3451 ὃς
2016 3418 2210 3457 Apostolicam
2219 3420 2270 3449 be·
2309 3440 2392 3470 1299·

1218 3463 1423 3494 nediffionem.
1965 3497 1990 3502 ..
2022 3496 2027 3502 .
2070 3495 2076 3501 ι
2221 3496 2226 3501 .
2287 3473 2339 3497 A„-
2355 3480 2398 3504 27-

1255 3502 1379 3532 Devotae
1401 3498 1626 3539 promptitudinis
1648 3498 1736 3529 studia
1755 3499 1790 3529 &
1809 3505 1883 3536 grata
1905 3496 2089 3527 familiaritatis
2111 3493 2244 3538 obsequia
2257 3519 2268 3534 ,
2287 3512 2315 3535 Ε,
2340 3517 2362 3534 Ι,

1216 3541 1318 3578 quibus
1333 3539 1426 3570 diieeii
1439 3538 1502 3575 filii,
1523 3537 1663 3576 Rogerius
1679 3538 1697 3566 S
1720 3538 1783 3574 ine,
1801 3537 1834 3566 ὅ(
1847 3537 1904 3572 ejus
1925 3534 2010 3572 socii,
2028 3533 2064 3563 de
2084 3533 2212 3563 societate
2233 3533 2268 3563 de
2285 3550 2323 3573 Ex
2339 3549 2397 3572 Au-

1217 3579 1326 3616 Spinis,
1346 3578 1383 3608 de
1398 3577 1552 3613 Florentia,
1569 3574 1674 3605 nostrae
1689 3548 1820 3605 (gamerae
1835 3573 2028 3615 Mercatores,
2049 3570 2173 3615 nostram
2180 3571 2268 3602 bene—
2283 3592 2348 3621 tog„-

1217 3618 1371 3648 volentiam
1385 3622 1563 3651 meruerunt,
1579 3614 1726 3652 benignius
1740 3622 1793 3642 nos
1806 3611 1943 3641 inducunt
1958 3618 1987 3640 ut
2003 3619 2030 3639 in
2043 3609 2112 3646 hiis,
2131 3619 2194 3647 quae
2200 3620 2267 3647 pro-

1216 3656 1303 3686 fedius
1325 3664 1423 3685 eorum
1446 3652 1606 3690 respiciant,
1624 3651 1697 3691 apud
1716 3649 1954 3690 magnificentiam
1969 3655 2047 3678 tuam
2061 3647 2267 3687 favorabiliter,

1217 3704 1284 3725 curn
1298 3692 1424 3733 expedit,
1442 3690 1603 3720 insistamus.
1997 3724 2002 3730 η
2072 3724 2078 3729 υ
2175 3722 2197 3733 ..-

1252 3731 1349 3762 Habet
1367 3730 1500 3768 siquidem
1523 3728 1592 3758 dieti
1613 3727 1747 3767 Rogerii,
1766 3728 1800 3758 &
1821 3726 1964 3758 sociorum
1979 3733 2052 3766 ejus,
2070 3733 2099 3767 in
2112 3722 2201 3755 Curia
2214 3734 2268 3755 rio-

1215 3769 1268 3801 stm
1282 3771 1470 3805 morantium,
1489 3767 1508 3786 '¹‘
1527 3766 1600 3796 fasta
1621 3767 1702 3796 nobis
1724 3765 1851 3802 assertio,
1870 3762 1964 3801 quod,
1982 3765 2052 3793 licut
2073 3762 2140 3801 ipsi,
2157 3772 2206 3800 per
2222 3763 2267 3793 so-

1215 3810 1327 3839 ciorum
1344 3807 1454 3837 suorum
1468 3807 1497 3835 in
1511 3812 1563 3834 tuo
1576 3803 1683 3842 Regno
1698 3805 1870 3834 morantium
1884 3803 1982 3832 litteras
2003 3809 2083 3844 'acce
2103 3810 2266 3840 erunt,tam

1216 3847 1283 3885 ipsi,
1302 3847 1387 3884 quam
1408 3843 1581 3874 Mercatores
1601 3843 1715 3872 aliarum
1732 3842 1912 3884 societatum,
1930 3840 1959 3869 in
1981 3823 2060 3882 didio
2112 3848 2188 3883 egrio
2201 3850 2266 3870 mo-

1217 3894 1306 3915 rantes
1316 3909 1324 3922 ,
1343 3884 1454 3914 fuerunt
1467 3892 1516 3919 per
1532 3879 1676 3910 Officiales
1688 3889 1751 3910 tuos
1763 3887 1922 3917 nuperrime
1936 3876 2073 3916 requisiti,
2090 3886 2122 3908 ut
2133 3877 2185 3908 nbi
2203 3888 2265 3908 cer-

1215 3932 1274 3954 tam
1287 3923 1319 3953 &
1336 3930 1468 3958 magnam
1479 3920 1617 3950 summam
1633 3920 1761 3957 pecuniae
1776 3924 1943 3948 mutuarent.
2052 3954 2057 3959 ι

1253 3961 1308 3991 Sed
1331 3969 1398 3990 curn
1419 3959 1504 3988 iidem
1528 3956 1567 3987 R.
1581 3958 1615 3988 δε
1628 3958 1709 3995 socii,
1727 3965 1786 3987 tam
1802 3957 1832 3985 in
1846 3953 2088 3998 Ultramontanis,
2107 3954 2195 3998 quam
2211 3953 2266 3998 Ita·-

1217 4000 1276 4029 licis
1295 3999 1432 4036 partibus,
1451 3997 1483 4027 &
1505 3996 1629 4026 maxime
1648 3994 1721 4033 apud
1743 3993 1835 4025 sedern
1855 3991 2071 4030 Apostolicam,
2091 3991 2194 4023 fuerint
2214 3992 2269 4022 hiis

1216 4037 1391 4074 temporibus
1403 4059 1412 4072 ,
1429 4037 1457 4064 in
1479 4034 1610 4065 similibus
1629 4033 1761 4064 oneribus
1772 4055 1782 4070 ,
1808 4040 1868 4061 non
1888 4029 2038 4061 modicum
2057 4032 2194 4070 aggravari
2206 4054 2216 4068 ,
2234 4030 2269 4060 δε

1215 4076 1296 4114 ideo,
1314 4074 1342 4107 se
1351 4075 1387 4106 ad
1402 4071 1561 4113 hujusmodi
1573 4072 1695 4112 peritum
1708 4078 1840 4103 mutuum
1861 4068 2059 4101 insufficientes
2079 4068 2272 4135 qummgs)

2285 3773 2300 3790 «ε
2310 3771 2415 3807 11.840;
