2570 4261
155 185 234 219 Arm.
243 183 285 215 D.

177 233 260 261 1292.

155 264 224 291 Edv.
246 271 256 289 1
263 281 271 290 .

152 1182 191 1207 M.
213 1186 254 1211 ¹7·

151 1220 266 1244 Conven-

153 1256 189 1283 tio
205 1254 281 1281 unde·

152 1294 232 1320 tima.

154 1340 180 1368 3,
196 1334 266 1368 Aug.

151 1445 286 1483 ⁸⁸11.575.

302 104 382 142 106

851 175 969 203 Henrico
982 168 1168 209 Aberdonenst
1176 191 1186 206 ,
1204 165 1243 201 &⁴

852 214 894 241 W
896 209 1004 240 illielmo
1017 206 1211 247 Dumblauensl
1219 229 1228 244 2
1237 207 1291 235 Dei
1296 212 1362 242 gra·

889 254 933 278 tta
941 271 951 288 ,
969 247 1102 287 Eptsc'opz's
1116 258 1124 273 .-

304 187 346 215 W
347 183 444 213 illelmo
458 179 578 220 Elyenfi,

303 225 346 254 W
345 220 451 251 illielmo
466 222 561 249 Sancti
576 216 699 247 Andreae
706 236 717 253 ,

300 260 416 292 Roberto
432 255 585 297 Glasguenfi
593 277 604 294 ,

671 328 710 360 Et
721 327 879 358 Nobilibus
893 325 986 362 Viris,

853 399 1016 431 Dovenaldo
1032 399 1064 428 de
1081 400 1168 434 Mar,
1187 393 1226 430 &⁶

300 409 423 442 Amedeo
436 405 597 443 sabaudlae'
854 442 897 470 W
895 438 1004 470 illielmo
1027 438 1059 468 de
1071 439 1141 474 Ros,
1161 430 1324 464 comitibus:

301 450 418 478 Henrico
435 444 602 481 Lincolniae‚

299 485 432 526 Johanne
447 484 479 514 de
492 481 625 520 Boughan
633 503 645 520 ‚

564 558 603 589 Et
617 556 830 589 Venerabilibus
845 554 938 591 Viris,
957 550 1103 590 Magistris

337 641 456 670 Henrico
470 635 502 666 de
518 633 640 665 Newerk
655 637 765 664 Decano
778 628 938 671 Eboracenfi
948 652 958 668 ‚

335 677 452 708 Roberto
465 673 666 704 Archidiacono
678 670 805 711 Cestryae,

340 719 385 746 W
384 714 481 744 illelmo
494 713 526 742 de
539 710 696 747 Grenefeud
707 713 838 739 Canonico
853 703 1013 746 Eboracenfi
1021 727 1032 742 ‚

338 757 383 785 W
381 752 489 784 illielmo
503 751 534 781 a'e
548 753 576 780 Κ
572 749 690 790 ylkenny
703 749 789 787 Juris
802 747 899 778 Civilis
912 743 1073 784 Profeffore5

670 824 717 856 Ac
733 824 892 856 Nobilibus
906 822 999 859 Viris,

299 906 433 947 Johanne
444 908 537 936 Comin
554 906 670 934 Domino
682 903 714 932 de
720 903 813 932 Bade-
850 898 965 931 Nicolao
978 898 1010 928 de
1023 899 1159 934 Segrwve,

337 944 424 982 nough
436 967 446 983 ‚
850 938 984 978 Johanne
996 937 1028 967 de
1044 933 1132 965 saules
1140 956 1150 971 ,

298 983 406 1023 Jacobo
421 980 566 1021 Seneftallo
580 983 693 1020 Scotiae‚
852 980 894 1008 W
892 975 990 1007 illelmo
1004 975 1036 1005 de
1049 974 1148 1004 Sandio
1162 968 1261 1006 claro,
1277 963 1317 1001 ὠ

299 1022 434 1063 Johanne
448 1021 480 1051 de
493 1021 593 1051 Saudo
605 1019 756 1059 Johanne‚
851 1015 981 1055 Galfrido
995 1015 1028 1044 de
1043 1010 1213 1049 Montbray,

336 1098 376 1131 Et
388 1097 531 1130 nonnullis
544 1096 600 1128 aliis
613 1095 750 1127 Testibus
762 1093 796 1125 ad
809 1094 872 1124 haec
886 1092 993 1124 vocatis
1005 1088 1158 1128 specialiter
1171 1086 1205 1117 &
1219 1082 1331 1123 rogatis.

301 1175 375 1238 IN
390 1175 525 1206 Nomine
540 1173 681 1209 Domini,
701 1171 805 1202 Amen.
1335 1198 1339 1203 Ι

370 1213 615 1245 Convenientibus
631 1213 659 1241 in
675 1209 778 1240 Castro
793 1208 828 1238 de
844 1205 981 1246 Berewyk
995 1205 1075 1242 super
1095 1200 1229 1245 Tuedam
1285 1207 1363 1243 regio

302 1253 448 1291 Principe,
467 1251 601 1281 Domino
615 1249 775 1285 EdwardO,
794 1246 850 1276 Dei
865 1247 967 1285 gratia,
987 1244 1069 1274 Reae
1084 1241 1193 1280 Angliae
1208 1239 1255 1282 illu
1283 1238 1363 1275 ri‚&

301 1291 442 1332 superiore
460 1292 493 1321 &
512 1289 622 1320 directo
644 1287 778 1318 Domino
792 1286 887 1324 Regni
901 1284 1021 1314 Scotiae:
1034 1268 1112 1324 tNec
1126 1289 1187 1309 non
1201 1277 1362 1321 Episcopis,

301 1329 442 1368 Praelatis,
457 1327 641 1365 Comitibus,
659 1326 830 1361 Batonibus,
851 1323 1010 1359 Militibus,
1029 1319 1179 1356 multisque
1201 1325 1286 1347 etiam
1308 1314 1366 1344 Po-

299 1368 439 1407 pularibus
472 1375 531 1397 tam
547 1365 682 1402 Clericis,
698 1364 785 1402 quam
800 1361 905 1399 Laicis,
924 1361 1097 1400 Regnorum
1112 1356 1222 1397 Angliae
1238 1356 1270 1385 &
1293 1353 1366 1397 Sco-

301 1408 365 1445 tiae,
382 1405 428 1436 die
440 1391 559 1436 Veneris
573 1405 704 1443 proxima
715 1408 779 1440 polt
796 1400 910 1431 Festum
934 1400 1009 1429 beati
1030 1397 1104 1428 Petri
1118 1395 1152 1427 ad
1168 1393 1297 1438 vincula,
1309 1396 1366 1436 ‚ici-

299 1444 384 1484 licet,
402 1444 484 1476 tertia
502 1443 549 1474 die
562 1467 571 1482 ,
590 1445 710 1473 intrante
732 1441 751 1460 ²*
776 1439 877 1470 Mense
897 1438 1040 1477 Augusto,
1057 1434 1223 1478 continuata
1243 1442 1272 1461 in
1286 1430 1366 1475 diem

299 1485 397 1526 illum,
415 1483 462 1514 die
476 1481 647 1520 praecedenti
662 1478 794 1519 assignata
809 1478 930 1516 partibus
943 1479 976 1508 &
993 1473 1107 1514 praelixa
1141 1482 1217 1502 anno
1239 1470 1364 1500 Domini

299 1523 468 1559 millelimo,
486 1520 699 1556 ducentesimo,
718 1516 918 1555 nonagesimo,
937 1514 1088 1554 primo,&
1105 1497 1201 1551 Regni
1213 1509 1282 1540 dicii
1297 1508 1365 1539 Do-

298 1562 370 1593 mini
384 1561 472 1599 Regis
487 1559 621 1591 Edwardi
634 1558 750 1588 decimo
765 1565 863 1592 nono3
1345 1585 1349 1590 ¹

336 1600 444 1639 Viginti
459 1608 578 1637 quatuor
593 1596 725 1627 Personae
735 1619 743 1632 ,
761 1594 797 1623 de
813 1594 918 1632 Regno
934 1591 1064 1631 Angliae,
1082 1599 1130 1627 pei·
1146 1587 1235 1626 ipsum
1256 1586 1367 1629 Domi-

296 1649 368 1670 num
380 1638 497 1708 (Regem
506 1661 515 1675 ,
534 1636 714 1674 Superiorem
729 1635 763 1664 &
776 1632 917 1662 directum
931 1630 1097 1661 Dominum
1110 1628 1179 1658 dieti
1192 1626 1286 1665 Regni
1293 1624 1366 1654 Sco-

297 1686 346 1709 tiae
401 1688 415 1708 e
438 1685 534 1706 utatae:

337 1702 407 1747 ssiec
418 1688 480 1745 lion
495 1713 675 1752 quadraginta
690 1710 835 1748 Personae,
848 1718 897 1747 per
913 1707 1057 1738 Nobilem
1071 1705 1178 1735 Virum
1193 1703 1361 1733 Robertum

299 1755 335 1786 de
358 1753 445 1789 Brus,
470 1753 634 1783 Dominum
653 1750 738 1780 Vallis
762 1748 915 1785 Ammffiae,
941 1748 1097 1776 nominatae
1118 1744 1164 1774 seu
1182 1742 1298 1779 electae,
1328 1739 1365 1770 de

299 1793 408 1832 Regno
422 1793 547 1830 Scotiae,
562 1801 614 1829 pro
629 1790 656 1820 se
670 1790 702 1820 &
715 1788 788 1825 aliis,
806 1788 833 1816 in
849 1786 945 1816 forma
957 1785 1078 1822 superius
1093 1780 1238 1812 annotati:
1323 1817 1326 1822 ³

339 1833 469 1869 Aliaeque
479 1830 588 1868 insuper
602 1827 688 1867 quadr
724 1828 780 1856 inta
795 1825 938 1864 personat,
957 1833 1005 1861 per
1023 1822 1186 1861 johannem
1205 1818 1240 1849 de
1261 1816 1364 1848 Ballio-

297 1871 348 1942 lso,
367 1870 491 1918 firniliter
507 1869 680 1906 nominatae,
717 1876 732 1896 e
745 1866 848 1896 eodem
866 1863 972 1902 Regno
986 1862 1109 1900 Scotiae,
1127 1861 1156 1890 in
1178 1857 1273 1889 forma
1292 1865 1364 1894 prae-

310 1920 350 1941 cri
372 1919 414 1940 ta·

337 1920 384 1979 ADd
405 1933 576 1978 audiendum
600 1945 746 1983 petitiones
760 1943 793 1973 &
806 1943 867 1979 jura
882 1948 1135 1980 quorumcunque,
1151 1935 1308 1967 dicentium
1320 1933 1365 1971 jus

298 1985 514 2019 insucceffione
527 1984 621 2024 Regni
635 1983 741 2014 Scotiae
754 1982 781 2012 se
795 1981 917 2018 habere,
939 1988 974 2010 ac
995 1977 1030 2009 ad
1052 1973 1309 2017 congnoscendum
1331 1972 1365 2002 &

299 2024 506 2057 discutiendum
520 2023 556 2053 de
568 2022 689 2059 eisdem3
709 2022 741 2052 &
757 2018 937 2050 referendum
952 2017 1032 2047 dieto
1046 2015 1182 2046 Domino
1196 2012 1272 2052 Regi
1286 2009 1364 2050 quod

300 2065 474 2101 invenerint,
489 2063 567 2100 juxta
581 2061 659 2099 quod
672 2060 794 2098 superius
809 2057 849 2088 est
864 2055 1043 2094 expressum3
1337 2088 1341 2094 ¹

339 2103 383 2134 Ex
404 2109 550 2140 praecepto
571 2101 604 2131 &
627 2099 761 2130 mandato
781 2096 904 2135 ejusdem
925 2095 1050 2125 Domini
1069 2093 1157 2133 Regis
1172 2089 1318 2133 expresso,
1335 2097 1365 2118 in

299 2141 426 2174 Ecclesia
440 2139 570 2170 Fratrum
584 2137 807 2168 Praedicatorum
822 2134 941 2172 deserta,
955 2135 1033 2172 juxta
1051 2131 1187 2163 Castrum
1208 2129 1361 2160 Petitiones

301 2181 335 2211 &
344 2179 413 2218 Jura
425 2178 635 2209 vendicantium
651 2175 788 2214 Regnum
803 2174 907 2204 Scotiae
921 2171 1097 2202 antedietum
1110 2169 1206 2200 audire
1218 2175 1367 2205 ceperunt,

302 2219 337 2250 &
351 2228 383 2248 ea
397 2217 563 2247 admiserunt
576 2218 604 2246 in
618 2215 741 2252 scriptis,
759 2213 914 2245 secundum
928 2210 1008 2251 quod
1021 2209 1135 2240 inferius
1150 2208 1257 2248 plenius
1272 2205 1366 2236 conti-

299 2265 391 2289 netur.

532 2383 639 2415 Petitio
658 2381 783 2411 Comitis
800 2374 966 2410 Hollandiae
988 2374 1060 2408 talis
1077 2372 1125 2418 cst.

299 2466 528 2530 FLorentius,
547 2464 658 2496 Comes
671 2462 856 2500 Hollandiae,
874 2461 944 2499 petit
956 2461 971 2490 a
986 2459 1121 2490 Domino
1137 2457 1222 2497 Rege
1237 2457 1366 2498 Angliae,

369 2507 507 2545 superiore
523 2505 658 2535 Domino
678 2503 800 2540 Scotiae,
819 2500 1025 2530 Haereditatem
1044 2499 1120 2528 suam
1140 2497 1237 2527 Remi
1258 2496 1364 2527 Scotiae

300 2546 351 2576 sibi
368 2545 496 2583 liberari,
516 2552 647 2582 tanquam
672 2540 788 2571 Haeredi
810 2539 1022 2581 propinquiori3
1041 2548 1077 2567 eo
1096 2535 1175 2575 quod
1188 2523 1366 2578 Kiai'gaseta,

298 2582 370 2627 Filia
389 2583 476 2625 Regis
496 2582 686 2623 Norwegiae,
704 2579 919 2617 Consanguinea
940 2579 1020 2620 [plius
1041 2575 1182 2613 Comitis,
1201 2584 1279 2612 cujus
1293 2573 1365 2602 Hee-

300 2622 505 2699 {ffiassmfieegsla
513 2618 1054 2696 ‘3335ss2t²t2321a135ss32350s23525121
1066 2614 1202 2683 ῗξοῗὲἓῗ
1210 2612 1366 2687 iiiiii}

300 2698 389 2769 Regis
404 2699 530 2739 Angnae‚
548 2698 693 2736 superioris
708 2695 830 2725 Domini
845 2695 966 2730 Scodre,
989 2694 1022 2722 ἃ
1036 2691 1101 2721 inde
1115 2700 1203 2728 nuper
1224 2689 1296 2719 obiit
1316 2688 1367 2718 sei-

313 2746 357 2768 ita.

337 2776 376 2807 Et
389 2775 426 2806 de
439 2775 492 2813 ipsa
506 2774 682 2814 Margareta,
701 2773 766 2811 quia
782 2771 854 2802 obiit
871 2770 929 2800 sine
945 2768 1070 2799 Haerede
1084 2767 1120 2798 de
1141 2767 1184 2805 se,
1201 2765 1365 2796 refortieba-

301 2822 345 2846 tur
368 2814 483 2845 feodum
505 2815 537 2844 ὃς
559 2814 755 2847 dominicum,
772 2811 804 2841 δε
826 2808 923 2839 debuit
947 2808 1072 2838 relortire
1092 2805 1205 2836 cuidam
1228 2804 1317 2842 Adae,
1334 2812 1365 2834 ut

300 2852 526 2893 Consanguineae
540 2853 573 2883 &
589 2850 707 2881 Haeredi
722 2849 819 2879 Sorori
835 2847 984 2877 willielmi
994 2871 1004 2884 ,
1023 2845 1169 2884 quondam
1185 2843 1275 2881 Regis
1291 2842 1365 2874 Sco-

302 2893 349 2923 tiae
384 2892 495 2922 Tritavi
510 2890 654 2929 praedictae
669 2888 855 2925 Margaretae:

340 2916 377 2960 E't
391 2930 427 2960 de
440 2930 494 2970 ipsa
508 2930 570 2960 Ada
583 2927 726 2959 descendit
741 2925 858 2957 feodum
874 2925 906 2955 &
920 2923 1101 2954 dominicum
1116 2945 1127 2961 ‚
1143 2921 1178 2953 δε
1197 2920 1296 2952 debuit
1315 2919 1366 2950 de-

304 2966 436 2999 scendere
449 2968 560 2999 cuidam
578 2967 722 2997 Florentio
758 2974 789 2995 ut
803 2963 862 2994 filio
876 2964 908 2994 &
926 2962 1060 2993 Haeredi:

341 3006 379 3036 Et
393 3007 429 3037 de
444 3006 503 3044 ipso
517 3006 662 3036 Florentio
683 2988 825 3034 descendit
844 3002 1014 3044 feodum&
1034 2999 1213 3030 dominicum
1227 3021 1237 3036 ‚
1260 2998 1294 3029 &
1316 2996 1366 3028 de-

304 3044 437 3075 scendere
448 3045 542 3075 debuit
554 3043 665 3074 cuidam
679 3041 858 3079 willielmo,
874 3050 903 3071 ut
918 3039 990 3070 Filio
1006 3040 1039 3070 &
1055 3037 1188 3068 Haeredi:

343 3083 379 3113 Et
395 3083 431 3113 de
447 3083 507 3120 ipso
522 3082 681 3112 Willielmo
695 3080 835 3111 descendit
850 3078 966 3109 feodum
980 3078 1013 3108 &
1037 3076 1236 3113 dominicum,
1261 3075 1295 3105 δε
1315 3073 1366 3104 de-

301 3121 432 3165 scendere
451 3121 549 3152 debuit
569 3120 614 3150 isti
630 3120 794 3158 Florentio,
813 3127 843 3149 ut
856 3117 929 3148 Filio
950 3118 984 3149 ὃ(
998 3114 1136 3154 Haeredi,
1156 3116 1204 3153 qui
1219 3123 1296 3144 nuuc
1312 3123 1364 3152 pe—

304 3167 345 3190 tit.

340 3198 380 3229 Et
399 3197 476 3236 quod
499 3196 554 3235 ipse
575 3196 616 3227 est
639 3196 740 3227 Hieres
755 3196 836 3234 ipsius
854 3194 1024 3234 Margaretae
1038 3192 1244 3231 propinquior,
1261 3198 1368 3230 paratus

303 3236 345 3267 est
360 3236 526 3274 ostendere,
544 3244 628 3273 prout
643 3235 743 3273 debet,
761 3235 837 3265 salvo
851 3234 901 3264 libi
916 3232 1058 3263 beneficio
1073 3230 1210 3267 addendi,
1228 3229 1369 3267 mutandi,

303 3276 338 3307 &
355 3275 518 3313 muniendi,
536 3283 620 3312 prout
634 3274 734 3304 melius
750 3273 798 3303 sibi
814 3272 913 3303 viderit
926 3270 1066 3309 expedire.

335 3402 446 3434 Petitio
463 3401 594 3432 Patricii
612 3397 649 3431 de
667 3395 808 3431 Dombar
828 3399 951 3430 Comitis
968 3395 1004 3428 de
1021 3391 1174 3429 Marchia
1198 3393 1270 3425 talis
1285 3390 1336 3435 est.

245 3467 253 3473 β
305 3481 503 3542 PAtricius,
521 3482 632 3513 Comen
649 3481 686 3512 de
708 3481 854 3519 Marchia,
879 3481 1013 3519 supplicat
1033 3477 1129 3524 quod,
1154 3478 1234 3516 super
1257 3477 1369 3515 Regno

373 3523 479 3553 Scotiae
501 3522 553 3552 sibi
573 3521 620 3551 fiat
637 3520 740 3559 justitia
753 3545 762 3558 ‚
789 3519 868 3558 quod
889 3521 974 3550 debet
994 3519 1031 3550 de
1049 3526 1111 3557 jure
1134 3516 1184 3546 sibi
1203 3517 1342 3547 obvenire
1356 3540 1367 3554 ,

309 3569 424 3597 propter
435 3561 582 3592 defectum
594 3559 799 3597 Succeffionis,
817 3559 1009 3589 descendentis
1023 3559 1039 3587 ὲ
1055 3558 1084 3588 R
1157 3555 1280 3592 Sootiae,
1298 3554 1367 3584 Ale-

309 3598 413 3640 xandro
434 3600 537 3642 ultimo
550 3622 560 3637 ‚
585 3608 637 3636 per
656 3597 846 3628 reversionem
866 3599 900 3628 &
920 3597 1058 3628 resortum
1133 3593 1240 3630 udam,
1265 3593 1367 3623 Filiam

310 3634 450 3666 Wllelmi
466 3637 610 3675 quondam
626 3636 714 3675 Regis
728 3636 848 3665 Scotiae:

333 3672 397 3715 'De
437 3676 471 3705 ua
490 3674 631 3706 descendit
646 3675 690 3712 jus
710 3674 876 3704 succedendi
898 3675 926 3703 in
944 3672 1054 3703 dietum
1075 3672 1214 3709 Regnum
1229 3669 1263 3699 ad
1279 3669 1369 3699 Patri-

312 3718 406 3748 cium,
474 3715 573 3744 mitem
587 3714 623 3743 de
638 3713 767 3743 Mai-chia
776 3736 786 3749 ,
801 3721 944 3749 tamquam
957 3712 991 3741 ad
1004 3711 1106 3742 Filium
1120 3712 1154 3742 ὃ(
1169 3708 1342 3739 Haeredem:

349 3748 380 3790 ‚A
394 3759 450 3785 quo
463 3751 601 3782 descendit
616 3751 693 3781 idem
703 3752 747 3788 jus
762 3750 796 3780 ad
812 3750 980 3788 Patricium,
997 3749 1153 3780 secundum
1169 3747 1290 3778 similiter
1305 3745 1370 3776 Co-

315 3794 416 3814 mitem
429 3787 464 3816 de
477 3789 621 3826 lislarcliia,
639 3798 784 3826 tamquam
799 3788 833 3817 ad
851 3789 953 3818 Filium
967 3791 1000 3819 ὃς
1017 3787 1192 3818 Haeredem:

354 3822 392 3852 Et
407 3825 441 3852 ab
452 3834 487 3867 eo
498 3826 639 3857 descendit
650 3829 694 3865 jus
709 3827 744 3856 ad
759 3827 914 3856 Patricium
923 3850 932 3865 ,
950 3828 1065 3857 tertium
1079 3825 1205 3855 similiter
1216 3822 1369 3854 Comitem

316 3859 354 3890 de
377 3860 521 3900 Marchia,
539 3873 682 3903 tamquam
701 3865 735 3894 ad
758 3865 860 3894 Filium
880 3867 913 3896 &
936 3865 1110 3902 inermem,
1127 3864 1174 3901 qui
1192 3872 1268 3891 nunc
1283 3862 1368 3898 petit,

315 3896 467 3969 goffiffiftff
487 3903 687 3942 propinquior,
712 3913 763 3946 per
782 3903 1004 3942 succeffionem,
1025 3903 1164 3943 Regnum
1182 3900 1289 3933 Scotiae
1308 3908 1370 3931 me-

740 74 1536 132 CONVENTIONES,

1620 72 2020 126 LITERAE,

1618 244 1646 272 *
1669 250 1776 281 Petitio
1794 247 1839 279 W
1835 247 1952 279 illielmi
1968 245 2005 278 de
2018 244 2104 295 Vcsty
2121 245 2192 278 talis
2208 244 2258 290 cst.

1408 331 1651 394 WIIIdmus,
1677 330 1743 375 Rex
1766 331 1875 363 Scotiae
1888 356 1898 370 ,
1922 331 2021 372 genuit
2043 329 2238 362 Alexandrum
2260 330 2376 371 Regem
2391 356 2402 370 ‚
2424 334 2475 372 qui

1520 380 1646 409 regnaVit
1659 370 1723 408 post
1736 370 1840 408 ipsum:

2491 181 2568 215 Arm.

2513 231 2570 262 129

2490 265 2557 290 Edv.

2491 301 2508 318 *
2520 302 2570 338 Il.5

1448 406 1487 438 Et
1506 409 1583 439 idem
1605 408 1765 446 Alexander
1785 409 1881 447 genuit
1901 407 2096 439 Alexandrum
2115 407 2291 447 secundum,
2309 410 2358 446 qui
2377 408 2476 447 postea
2536 430 2539 434 -

1411 448 1551 491 regnavit,
1570 448 1603 477 &
1616 447 1694 491 duxit
1709 448 1738 476 in
1754 447 1889 490 Uxorem
1906 447 2113 486 Margmemm,
2132 446 2232 477 Filiam
2248 447 2370 478 Henrici
2386 448 2475 487 Regis

1411 484 1536 553 ssigglialeq
1545 485 1672 530 illustris,
1689 484 1726 516 de
1748 486 1849 523 quibus
1868 487 1955 517 exivit
1974 496 2031 516 una
2045 485 2224 525 Margania,
2242 496 2307 524 quae
2321 486 2375 517 fuit
2389 496 2476 525 nupta

1538 534 1602 555 orw
1638 534 1683 553 iae:

1426 599 1431 605 ¹
1477 571 1488 592 t
1507 562 1543 592 de
1564 534 1724 593 illiggexivit
1738 561 1868 600 quaedam
1882 562 1932 592 alia
1946 561 2122 602 Margareta,
2141 572 2206 600 quae
2218 561 2271 592 fuit
2284 561 2385 594 Haeres
2401 562 2476 594 Sco-

1411 606 1474 668 }Laizt,
1480 610 1566 669 §1431ss
1567 601 1773 671 rqsuizdzemrrtiisobiit
1788 601 1844 632 sine
1857 601 1984 632 l-laerede
1997 602 2033 633 de
2047 610 2170 639 corpore
2183 601 2250 639 suo,
2268 601 2338 632 sicut
2352 602 2398 632 illa
2411 611 2477 640 quae

1450 676 1545 716 Item,
1563 677 1639 723 idern
1661 677 1836 722 Willielmus
1857 677 1924 721 Rex
1944 677 2051 710 Scotiae
2063 678 2162 718 genuit
2178 677 2370 717 Margeriarn,
2387 677 2478 709 Soro-

1413 724 1475 745 rem
1492 716 1617 753 praedicti
1632 716 1786 747 Alexandri
1801 716 1908 755 Regis3

1451 753 1496 797 Et·
1509 754 1561 785 fuit
1580 763 1666 792 nupta
1686 755 1731 784 illa
1751 754 2052 799 MargerianEustacio
2072 755 2109 786 de
2124 755 2235 794 Vescy,
2253 754 2290 785 de
2304 765 2358 793 qua
2379 757 2480 795 genuit

1414 791 1606 836 Wlll'ielmtlm
1619 793 1657 823 de
1669 793 1742 823 Vesc
1795 803 1845 832 qui
1854 793 1928 823 obiit
1942 803 1972 823 in
1987 793 2143 833 Vasconia,
2162 794 2195 824 &
2209 794 2286 824 idern
2304 794 2482 825 Willielmus

1412 831 1680 874 genuit-johannem
1692 831 1728 861 de
1772 832 1850 871 escy,
1869 833 1918 870 qui
1928 833 2002 875 obiit
2016 833 2073 863 sine
2086 832 2212 863 Haerede
2223 832 2260 863 de
2274 842 2398 871 corpore
2411 832 2461 863 suo
2471 845 2478 850 ·

1412 870 1447 899 &
1466 869 1650 914 Willelmum
1668 869 1706 900 de
1725 869 1816 910 Vescy
1837 869 1952 900 fratrem
1971 870 2052 908 ipsius
2062 871 2218 909 johannis,
2235 873 2284 909 qui
2297 871 2388 901 modo
2446 857 2482 903 ti}

1411 906 1549 946 Regnum
1570 907 1695 946 Scotiae,
1711 908 1781 939 sicut
1800 909 1988 947 propinquior
2011 909 2114 940 l-laeres
2134 909 2170 940 de
2190 910 2322 949 sanguine
2335 920 2354 947 p
2416 910 2481 940 'ctae

1413 944 1597 991 Margaretqe,
1614 987 1617 990 Ι
1638 948 1665 991 ui
1679 947 1752 991 obiit
1768 947 1825 977 sine
1838 946 1963 977 Haerede
1976 947 2013 978 de
2025 948 2068 986 se,
2083 957 2133 987 per
2148 949 2227 987 cujus
2237 948 2353 979 obitum
2365 950 2411 988 jus
2429 948 2481 980 de·-

1412 983 1460 1015 bet
1476 989 1595 1016 reiortiri
1610 989 1630 1016 il
1647 985 1823 1017 iWillelmo
1836 985 1886 1024 qui
1900 984 1992 1016 modo
2005 988 2083 1025 petit.
2479 983 2482 985 ⁴

1655 1125 1763 1155 Petitio
1782 1123 1944 1157 Willielmi
1966 1121 2002 1156 de
2017 1126 2075 1156 Ros
2095 1123 2166 1156 talis
2181 1120 2230 1166 est.

1419 1207 1637 1277 §N7Illelmus
1657 1207 1693 1238 de
1712 1207 1777 1252 Ros
1800 1208 1936 1253 supplicat
1957 1208 2037 1253 quod
2055 1207 2166 1253 Justitia
2189 1208 2239 1239 sibi
2261 1206 2308 1253 fiat
2330 1206 2367 1239 de
2377 1206 2483 1239 clamio

1411 1285 1472 1314 nire
1486 1284 1522 1314 de
1532 1246 1687 1324 313ἷὲωά
1702 1255 1786 1285 ponit
1798 1258 1829 1278 in
1841 1247 1980 1287 Regnum
1991 1250 2113 1286 neonae,
2132 1246 2213 1286 quod
2225 1246 2277 1278 fibi
2290 1246 2376 1278 debet
2388 1247 2483 1278 obve-

1411 1322 1518 1399 ipsffrax
1537 1323 1710 1355 willielmus
1731 1325 1829 1363 genuit
1849 1323 1967 1363 Regem
1981 1323 2193 1363 Alexandrum,
2210 1324 2260 1363 qui
2275 1325 2403 1365 regnavit
2415 1323 2482 1363 post

1448 1398 1488 1430 Et
1507 1386 1585 1445 idem
1606 1400 1764 1445 Alexander
1785 1402 1881 1441 genuit
1897 1401 2097 1446 'Alexandrum
2120 1401 2294 1441 secundum,
2314 1402 2365 1440 qui
2385 1401 2484 1440 postea

1411 1447 1561 1478 regnavit,
1583 1439 1628 1483 .&
1645 1439 1747 1484 habuit⁴
1763 1450 1848 1470 unam
1870 1439 1970 1471 Filiam
1989 1440 2180 1481 Margaretam
2200 1442 2320 1472 nomine
2341 1450 2407 1479 quae
2427 1441 2483 1472 fuit

1411 1487 1497 1515 nupta
1514 1477 1588 1517 Regi
1603 1477 1792 1522 Norwegiae,
1810 1478 1846 1509 de
1858 1480 1961 1523 quibus
1975 1480 2061 1510 exivit
2082 1480 2213 1522 quaedam
2232 1480 2283 1509 alia
2305 1478 2484 1518 Margareta,

1411 1526 1477 1585 {lige
1493 1516 1589 1557 postea
1600 1517 1654 1547 fuit
1667 1516 1768 1549 Haeres
1785 1517 1906 1557 Scouoe,
1925 1519 1960 1550 δε
1979 1519 2052 1549 obiit
2072 1521 2130 1549 line
2152 1517 2278 1549 Haerede
2298 1517 2335 1548 de
2356 1527 2481 1556 corpore

1449 1579 1504 1631 E’t‚
1529 1603 1580 1636 per
1599 1592 1744 1624 defectum
1764 1594 1855 1626 exitfis
1876 1595 1914 1626 de
1934 1595 1951 1626 s
2019 1596 2066 1626 ine
2086 1594 2211 1634 ejusdem
2234 1594 2425 1634 Margaretae,
2443 1594 2479 1625 &

1412 1633 1913 1710 pisiilssfi¹¹32e¹i¹ardfflnleiffift³
1934 1634 2009 1703 aad-ci·
2020 1633 2483 1702 fffe¹¹³¹¹¹¹vv³iff⁵e¹1¹¹⁰g⁶13¹³m³¹¹ai3⁶i

1410 1680 1582 1754 ‘Alexandrss
1600 1709 1699 1754 Fratris
1710 1681 1920 1748 {raedidiaruffis
1926 1682 2193 1749 Ysabiellaeffgiidae:
2208 1683 2241 1742 ἐς
2251 1679 2410 1748 ῐῐῧῗετὲἑζῗὲ
2420 1732 2430 1748 ‚
2444 1710 2480 1740 &

1411 1747 1500 1792 Patris
1521 1747 1688 1792 Alexandri,
1706 1750 1755 1787 qui
1776 1750 1878 1780 ultimo
1897 1750 1981 1788 obiit)
2005 1749 2076 1781 sicut
2094 1748 2128 1780 ad
2142 1749 2360 1788 propinquiores
2370 1748 2407 1779 de
2419 1747 2481 1783 fimf

1411 1795 1496 1826 guine
1508 1787 1651 1825 praedi&ae
1664 1786 1844 1826 Margaretae.

1449 1825 1527 1864 Qiae
1540 1824 1657 1869 quidem
1671 1825 1798 1858 Ysabella
1808 1826 1968 1865 desponsata
1981 1826 2036 1857 fuit
2048 1826 2184 1857 Roberto
2196 1825 2234 1856 de
2247 1825 2330 1863 Ros,

1446 1863 1485 1894 Et
1499 1863 1608 1909 deipsis
1622 1864 1759 1896 Roberto
1773 1866 1806 1896 &
1820 1865 1948 1897 Ysabella
1964 1865 2048 1896 exivit
2064 1864 2179 1904 quidam
2194 1863 2376 1902 willelmus,

1448 1901 1487 1946 Et
1499 1903 1536 1934 de
1549 1902 1702 1948 NVillelrno
1715 1903 1830 1948 quidam
1845 1905 2010 1943 Robertus3
2023 1903 2059 1934 de
2073 1914 2135 1943 quo
2145 1903 2310 1934 willelmus
2317 1902 2385 1941 ,qui
2397 1909 2478 1934 nunc

1410 1942 1586 2018 ἰῆὲξὲαῗὲὲέἑ
1602 1941 2228 2014 Pr⁰5¹l²55¹35130ss²13ffi’ae¹{1³¹ei3⁴15fe⁶31”sss{be
2266 1939 2479 2009 Ἢωῶἓε

1409 2028 1471 2048 rem
1485 2019 1581 2058 suum,
1594 1991 1734 2064 ’talsieciuam
1748 2020 1782 2050 ad
1796 1993 2018 2062 primogenitalm
2028 2043 2037 2059 ,
2056 1992 2101 2052 ciii
2110 2045 2119 2058 ,
2144 1987 2481 2056 rationemgrimggssgiuffi

1409 2068 1465 2096 rae,
1483 2058 1569 2089 debet
1588 2058 1698 2103 dictum
1718 2058 1857 2099 Regnum
1877 2061 1985 2104 integre
2004 2068 2169 2098 remanere,
2185 2060 2219 2091 ὃ(
2242 2056 2322 2096 quod
2341 2055 2481 2095 Regnum

1409 2106 1469 2126 non
1484 2097 1585 2128 debeat
1599 2096 1686 2129 dividi
1702 2107 1810 2135 paratus
1826 2098 1868 2130 est
1883 2098 2036 2131 verificare.

1643 2234 1751 2266 Petitio
1771 2227 1896 2264 Roberti
1912 2228 1948 2263 de
1965 2227 2096 2279 Pynkqny
2111 2229 2183 2262 talis
2202 2226 2251 2273 est.

1411 2318 1476 2380 D
1487 2317 1562 2348 Avid
1576 2317 1642 2348 Rex
1654 2317 1760 2348 Scotiae
1775 2315 1872 2354 genuit
1885 2313 2068 2352 Henricum,

1517 2356 1661 2387 Henricus
1676 2354 1876 2391 willelmum,

1448 2394 1621 2426 Willielmus
1635 2393 1830 2424 Alexandrum
1846 2393 1989 2430 primum,

1451 2433 1612 2464 Alexander
1623 2434 1729 2472 primus
1744 2430 1938 2462 Alexandrum
1953 2428 2127 2468 secundum,

1450 2470 1489 2503 Et
1501 2473 1547 2502 ille
1562 2472 1754 2503 Alexandrum
1768 2470 1898 2508 tertium,
1918 2470 1966 2507 qui
1985 2469 2058 2499 obiit
2072 2468 2130 2498 fine
2142 2465 2231 2506 prole:

1450 2510 1489 2541 Et
1504 2511 1601 2542 David
1616 2510 1740 2541 iimiliter
1756 2509 1805 2546 qui
1817 2508 1889 2539 obiit
1905 2507 1963 2538 sine
1977 2507 2072 2545 prole:

1442 2548 1487 2593 ⁴Et
1503 2550 1692 2589 Margaretam
1709 2548 1852 2592 Reginam
1867 2545 2056 2591 Norwegiae3
2072 2554 2108 2576 ex
2121 2543 2178 2584 qua
2189 2544 2281 2584 genita
2294 2541 2336 2574 est
2348 2540 2480 2582 quaedam

1412 2587 1463 2618 alia
1480 2588 1654 2628 Margareta,
1694 2597 1739 2618 uae
1749 2595 1808 2626 jam
1823 2585 1896 2616 obiit
1907 2585 1964 2615 sine
1976 2584 2072 2623 prole,

1447 2626 1494 2670 Ex
1518 2628 1658 2665 praedic'to
1674 2598 1832 2670 {ieri-rico,
1859 2632 1938 2661 patre
1961 2622 2050 2660 Regis
2073 2621 2230 2659 willelmi,
2249 2619 2372 2651 suniliter
2386 2619 2482 2659 genita

1413 2664 1465 2695 fuit
1481 2665 1610 2704 quaedam
1626 2665 1784 2704 Margeria3
1802 2671 1837 2693 ex
1850 2662 1906 2700 qua
1918 2661 2024 2692 Ahcia:

1451 2702 1489 2733 Et
1502 2713 1536 2733 ex
1551 2714 1581 2733 ea
1595 2703 1740 2733 Henricus
1753 2701 1791 2731 de
1803 2700 1956 2740 Pynkeny:

1451 2741 1478 2771 A
1493 2752 1552 2780 quo
1566 2740 1712 2771 Robertus
1724 2740 1761 2770 de
1772 2738 1925 2777 Penkeny,
1944 2737 1993 2775 qui
2007 2744 2084 2766 nunc
2105 2735 2175 2773 petit
2195 2734 2333 2774 Regnum
2353 2733 2479 2771 Scotiae,

1433 2790 1462 2810 er
1483 2780 1674 2810 reversionem
1696 2779 1730 2809 &
1753 2777 1890 2808 resortum
1908 2774 1943 2806 ad
1972 2775 2080 2805 dietam
2106 2773 2280 2813 Margeriam
2295 2797 2306 2811 ‚
2335 2772 2479 2803 Proavam

1415 2828 1487 2887 ffim
1497 2826 1641 2897 hig->pff
1654 2816 1801 2861 defectum
1815 2815 1920 2855 prolis,
1938 2814 2064 2845 exeuntis
2084 2811 2121 2843 de
2143 2811 2280 2851 praedicstfi
2300 2811 2483 2851 Margareta,

1459 2868 1486 2888 ia
1568 2868 1587 2887 is
1635 2865 1778 2896 orwegiae.

1623 2990 1652 3017 ὃ*
1678 2992 1788 3024 Petitio
1805 2988 1929 3022 Mcolai
1944 2986 1980 3021 de
1996 2986 2098 3020 Soules
2119 2985 2191 3018 talis
2209 2983 2259 3029 est.

1413 3076 1524 3139 SIcut
1536 3076 1674 3108 Domino
1689 3074 1810 3113 placuit,
1829 3073 2008 3112 Alexandro,
2025 3073 2075 3111 qui
2089 3071 2193 3102 ultimo
2209 3071 2282 3101 obiit
2297 3069 2364 3100 Rex
2377 3068 2480 3100 ieisinis

1472 3117 1509 3147 de
1524 3116 1631 3160 Regno
1644 3114 1768 3158 Scotiae,
1786 3114 1819 3144 &
1833 3114 1968 3156 omnibus
1983 3112 2051 3156 illis,
2070 3111 2119 3149 qui
2133 3110 2169 3140 de
2180 3110 2233 3153 illo
2245 3119 2294 3153 per
2315 3109 2424 3138 retiam
2445 3108 2480 3152 li7

1412 3146 2480 3239 ssgfflissss‘ssssfflYtscviae‘ss‘uiinsssssegffirfaffissssgffiffss2322?sssiffffossffl

1413 3243 1443 3263 ni
1455 3233 1482 3263 le
1496 3231 1629 3269 Hurffer,
1645 3230 1715 3260 sicut
1729 3229 1818 3259 sorori
1829 3231 1863 3260 &
1877 3228 1984 3260 haeredi
1996 3227 2121 3266 ejusdem
2169 3234 2226 3265 egis
2240 3225 2405 3256 Alexandri:

1450 3271 1498 3302 Ut
1512 3271 1548 3301 de
1563 3269 1618 3307 ipsa
1632 3268 1775 3307 Margeria
1786 3267 1929 3298 descendit
1939 3269 2000 3307 jus,
2018 3266 2052 3297 &
2065 3264 2236 3295 descendere
2256 3263 2355 3295 debuit
2375 3261 2477 3294 Erme-

1411 3310 1507 3349 gerdi‚
1523 3309 1588 3339 filiae
1600 3308 1634 3338 &
1646 3306 1751 3337 haeredi
1785 3306 1892 3338 raedicti
1909 3306 1997 3345 Regis
2013 3303 2178 3334 Alexandri:

1451 3348 1489 3379 Er
1502 3348 1539 3378 de
1550 3346 1603 3387 ipsa
1617 3345 1754 3385 Ermeger
1775 3356 1792 3376 e
1804 3345 1947 3376 descendit
1957 3345 2019 3384 jus,
2037 3344 2071 3375 &
2084 3341 2252 3373 descendere
2263 3340 2362 3372 debuit
2381 3338 2478 3375 Nicoe

1412 3388 1459 3420 iao
1472 3387 1510 3418 de
1522 3385 1621 3417 Souloe
1629 3410 1638 3424 ‚
1656 3386 1705 3424 qui
1718 3393 1796 3415 nunc
1810 3385 1878 3423 petit
1892 3385 1961 3415 sicut
1975 3382 2046 3413 filius
2057 3382 2091 3413 &
2104 3381 2202 3412 haeres.

1662 3513 1770 3544 Petitio
1788 3512 1919 3544 Patricia·
1934 3505 2072 3558 Galythly
2092 3505 2163 3539 talis
2182 3500 2232 3549 est.

1479 3597 1571 3628 Oram
1584 3596 1684 3635 vobis,
1702 3595 1839 3626 Dominis
1853 3593 2042 3632 auditoribus,
2061 3593 2078 3622 a
2092 3591 2228 3622 Domino
2244 3587 2327 3626 Rege
2346 3585 2473 3626 Angliae‚

1490 3637 1519 3667 su
1557 3637 1628 3665 riore
1643 3635 1777 3665 Domino
1790 3634 1885 3673 Regni
1900 3633 2022 3670 Scotiae,
2039 3631 2191 3668 deputatu,
2207 3637 2240 3658 ac
2256 3625 2474 3656 Communitate

1414 3674 1490 3712 tota,
1529 3675 1577 3703 icit
1598 3674 1630 3704 &
1649 3675 1782 3711 proponit
1803 3672 1940 3702 Patricius
1953 3670 2008 3701 Gal
2029 3669 2105 3709 thly,
2121 3666 2199 3705 quod
2212 3665 2298 3701 cilm,
2312 3664 2398 3694 bonae
2413 3673 2475 3694 me-

1413 3715 1517 3743 moriae
1531 3737 1540 3750 ,
1568 3712 1632 3742 Rex
1652 3712 1816 3742 Willelmus
1837 3711 1963 3749 genuerit
1984 3680 2174 3738 Alexandrum
2195 3704 2308 3742 Regem
2324 3726 2333 3740 ‚
2364 3710 2474 3739 patrem

1414 3751 1503 3791 Regis
1519 3751 1666 3781 Alexandri
1678 3752 1781 3782 ultimo
1795 3749 1941 3786 defuncti,
1954 3748 1988 3778 &
2002 3746 2164 3776 Henricum
2178 3739 2328 3784 Galythly:
2345 3741 2378 3771 &
2394 3739 2475 3770 idem

1414 3789 1548 3820 Patricius
1565 3789 1595 3819 sit
1610 3799 1644 3819 ex
1659 3790 1762 3820 eodem
1778 3788 1910 3818 Henrico
1932 3788 1962 3816 in
1982 3785 2109 3823 legitimo
2130 3780 2322 3823 Matrimonio
2343 3787 2475 3817 procrea-

1414 3837 1475 3866 tus;
1491 3838 1523 3858 ac
1540 3838 1589 3865 per
1603 3829 1659 3858 hoc
1674 3837 1707 3858 ex
1722 3826 1805 3866 regali
1818 3824 1952 3864 progenie
1967 3823 1997 3852 fit
2009 3821 2193 3859 propinquior
2208 3817 2342 3848 Domino
2355 3816 2474 3847 Alexan-

1414 3867 1467 3896 dro
1483 3866 1559 3905 Regi
1574 3890 1583 3905 ,
1601 3878 1632 3897 ut
1650 3867 1707 3896 filio
1727 3865 1816 3904 patrui
1833 3864 1889 3901 sui,
1906 3859 2065 3901 Alexandro
2087 3856 2207 3894 ultimo,
2225 3855 2373 3893 videlicet,
2395 3863 2475 3885 nunc

1413 3905 1565 3935 defuneto:
1585 3905 1620 3936 de
1636 3906 1712 3943 cujus
1728 3901 1899 3934 successione
1911 3908 1987 3929 nunc
1999 3904 2089 3934 agitur
2104 3893 2138 3924 ad
2152 3896 2287 3933 praesens3

1452 3943 1544 3982 Qiod
1566 3944 1656 3981 ipsum
1676 3943 1851 3977 Patricium,
1883 3937 2018 3968 Domino
2038 3933 2199 3964 Alexandro
2227 3933 2306 3970 Regi
2335 3929 2474 3963 defiindto

1786 3978 1891 4016 &jure
1904 3975 2065 4014 potiorem,
2082 3971 2118 4005 ad
2129 3971 2336 4007 successionem
2357 3969 2475 4009 Regni,

1412 3984 1649 4022 propinquiorem
1663 3979 1749 4021 gradu
1756 4003 1766 4018 2
2437 4005 2475 4037 de
