2570 4261
9 253 87 286 Ann.
100 251 141 283 D.

30 300 114 331 1277.

8 336 76 364 mv.
97 341 121 360 ι.

22 1423 41 1442 ‘¹'
56 1424 95 1451 11.
110 1421 155 1450 82.

22 1543 100 1574 Ann.
116 1544 158 1575 D.

43 1592 126 1621 1277.

22 1626 75 1651 An.
102 1632 130 1658 5.

22 1703 100 1727 Brev.

20 1740 90 1774 Regis

21 1779 73 1803 Aa.
91 1784 117 1810 ς’.

22 1852 48 1880 in
57 1853 140 1880 Turri.

29 2740 107 2771 Ann.
120 2738 162 2770 D.

51 2787 137 2817 1277.

28 2822 82 2846 An.
98 2828 124 2852 5.

30 2861 62 2884 E.
85 2866 108 2884 1.

32 2898 109 2922 Brev.

28 2934 98 2968 Regis

29 2974 82 2998 An.
98 2976 129 3007 ς.

30 3012 61 3035 Ε.
85 3017 109 3035 1.

29 3048 56 3074 in
76 3049 165 3075 Turre.

28 3439 107 3471 Ann.
121 3438 162 3470 D.

58 3488 143 3516 1277.

28 3521 82 3546 An.
102 3528 129 3554 5.

29 3561 62 3585 E.
84 3565 108 3584 1.

28 3597 62 3623 l..
78 3599 108 3622 B.
116 3594 144 3631 f.

33 3632 98 3659 268.
118 3631 144 3660 b.

0 3675 1 3681 ¹
31 3673 166 3699 Penesca-

21 3715 127 3736 ‘'merar.

34 3747 98 3774 Vide

34 3784 125 3821 Claus.

36 3831 66 3857 5.
75 3827 105 3850 Ε.
118 3832 142 3850 1.

37 3870 75 3888 m.
91 3870 119 3895 7.

38 3898 116 3937 dorso.

716 166 829 211 ET
912 162 1179 208 ACTA

202 253 257 294 Et,
277 255 296 287 si
309 256 454 295 contingat
466 254 560 296 quod,
579 263 628 294 per
641 255 789 285 consilium
802 253 835 284 &
850 253 1076 291 procurationem
1088 247 1225 291 difflRe7

166 295 194 335 sy
210 319 219 334 ,
243 294 382 326 Griffinus
394 296 463 326 filius
481 295 630 326 Mereduci
645 293 808 334 Apaouaym
829 293 921 322 veniat
935 291 969 322 ad
984 298 1083 328 pacem
1094 288 1224 334 *Donum

169 335 277 374 Regis,
301 335 335 365 eci
347 334 513 365 conditione
527 333 604 371 quod
623 332 714 363 didius
734 331 823 361 Relus
843 330 935 360 eidem
955 330 1077 361 remittat
1088 337 1131 372 Jus
1145 328 1226 356 suum

186 374 244 404 uod
257 373 357 404 habere
370 373 470 403 clamat
483 373 513 402 in
530 370 722 412 Gunyomuth
735 371 769 400 ὃς
781 368 984 406 Mebunnaun,
1004 368 1149 399 Dominus
1162 364 1226 409 Relg(

165 383 245 443 dieto
258 411 337 442 Reso
351 411 431 448 alibi,
449 410 602 440 secundum
621 409 699 447 quod
717 409 761 446 jus
779 407 859 437 suurn
876 407 1032 446 deposcet,
1058 414 1127 436 cum
1145 404 1227 441 plene

165 451 248 482 fuerit
261 450 427 480 declaratum
436 471 445 486 ,
464 448 657 478 rationabilem
671 448 752 477 faciet
768 446 1000 476 restaurationem.

193 488 280 519 ‘Haec
292 496 387 517 autem
401 487 498 516 omnia
515 487 548 516 δε
560 486 664 526 singula
677 485 792 515 firmiter
806 485 839 515 δε
855 483 969 514 fideliter
983 479 1154 514 observanda
1161 478 1228 509 Do-

166 528 259 557 minus
272 525 397 564 Paganus
410 525 446 556 de
466 524 602 555 Cadurcis
619 534 671 562 pro
690 524 824 553 Domino
844 522 926 562 Rege
942 534 952 560 ·,
974 523 1006 552 &
1026 521 1118 552 dietus
1137 517 1226 548 Resus

166 575 220 602 pro
232 564 276 601 se,
293 564 327 594 &
342 564 393 595 suis
408 563 580 601 haeredibus,
599 563 632 593 ὃ(
645 563 695 592 suis
715 563 806 592 liberis
825 561 987 602 hominibus
999 583 1009 599 ,
1033 569 1104 598 quos
1119 557 1153 602 ad
1167 556 1225 599 hoc

165 603 257 633 dictus
269 601 392 642 Paganus
405 602 506 641 eligere
518 602 639 631 voluerit
651 603 684 632 &
705 601 868 637 nominare,
887 601 964 630 tac'tis
978 598 1168 639 saerosanctis,
1183 604 1229 632 Ju-

168 649 322 677 raverunt·,
346 641 379 671 &
393 641 460 671 huic
476 640 578 677 scripto
594 663 603 677 ,
627 641 656 670 in
677 640 796 669 modum
815 638 980 678 cyrographi
1003 636 1138 667 confecto
1157 642 1228 676 inter

168 688 279 717 partes,
303 679 386 719 sigilla
407 679 453 709 sua
471 679 625 708 alternatim
640 701 650 716 ,
674 680 727 708 una
742 687 811 708 cum
833 679 922 716 tigillis
942 676 1083 718 Baronum
1105 674 1229 703 Domini

169 717 257 757 Regis
270 717 354 748 ditstae
369 717 546 755 munitionis,
561 718 594 747 ὃς
610 717 727 747 aliorum
742 716 884 747 Bai-onum
898 713 1124 750 Vifest-Walliae,
1141 719 1230 755 appo-

168 756 296 794 suerunt,
313 756 460 794 videlicet,
479 755 679 785 Dominorum
694 754 837 794 Radolphi
850 755 885 784 de
902 754 1053 790 Aubeney,
1071 751 1180 792 Rogeri
1195 748 1230 777 de

168 794 260 825 Molis
270 817 280 832 ,
295 794 433 832 johannis
447 794 483 824 de
504 793 702 832 Bello-campo
715 817 724 832 ,
744 793 879 831 johannis
895 793 930 822 de
950 790 1048 821 Moun
1063 813 1072 827 ,
1095 789 1177 832 Alani
1194 787 1231 816 de

166 832 322 870 Plokenet,
340 832 458 872 Olyveri
475 832 511 862 de
530 831 636 872 Dynan
650 855 660 871 ,
684 832 803 863 Pascacii
818 832 854 862 de
875 831 1010 873 Cadurcis
1025 852 1034 866 ,
1059 826 1179 871 Galfridi
1196 824 1232 868 de

167 870 300 902 Camuile
313 893 323 908 ,
347 870 486 901 Nicholai
507 870 553 900 filii
573 870 716 909 Martini,
741 871 775 900 &
793 870 941 900 wiliielmi
956 869 1003 900 filii
1023 867 1159 908 Vksarini,
1183 873 1232 902 qui

166 918 266 940 omnes
281 909 405 947 praesenti
420 910 604 939 conventioni
620 910 818 946 interfuerunt,
837 909 869 939 ὃς
884 909 938 938 υῐιὲ
952 916 1021 938 cum
1036 905 1169 935 Domino
1178 902 1231 932 Pa-

166 957 259 987 ganO,
278 958 331 985 pro
349 947 484 978 Domino
505 948 586 986 Rege
600 971 608 985 ‚
631 949 800 978 unanimiter
816 947 841 977 se
861 947 1053 986 obligaverunt
1071 941 1149 984 quod
1166 941 1230 985 Do-

168 987 263 1016 minus
278 986 341 1016 Rex
356 987 471 1024 omnia,
490 986 519 1015 in
531 987 657 1025 praesenti
672 986 776 1024 scripto
797 994 930 1016 contenta
942 1008 951 1023 ,
975 984 1048 1027 bene
1064 981 1096 1011 δε
1113 980 1230 1022 fideliter

169 1025 277 1055 tenebit
290 1025 323 1055 &
338 1025 514 1061 observabit,
529 1026 562 1055 &
576 1024 721 1055 Dominus
737 1025 813 1055 Rex,
835 1024 904 1054 infra
922 1024 1109 1054 ascensionem
1125 1018 1232 1048 Domi-

170 1064 202 1093 ni
210 1064 302 1131 inimi
322 1064 544 1107 praenominati,
565 1063 702 1104 praedicto
722 1063 799 1094 Reso
817 1063 874 1093 suas
893 1062 994 1093 litteras
1011 1061 1093 1091 saciet
1112 1065 1233 1095 patentes

171 1111 209 1132 co
249 1109 403 1132 rmatorias.

208 1177 277 1209 Dat.
291 1177 352 1218 die,
369 1188 461 1217 anno,
479 1180 513 1211 &
525 1179 592 1210 loco
606 1179 774 1219 praenotatis.
930 1214 936 1219 .
1082 1214 1087 1218 ¹

209 1216 247 1247 Et
262 1241 272 1256 ,
298 1217 331 1247 ad
355 1220 491 1255 majorem
511 1218 684 1248 securitatem
704 1217 783 1251 hujus
803 1215 999 1245 conventionis
1017 1212 1131 1256 fideliter
1142 1211 1237 1242 obscr-

171 1257 274 1286 vandae
307 1258 469 1287 venerabilis
487 1256 569 1287 Pater
584 1255 730 1285 Dominus
745 1254 784 1284 R.
805 1254 986 1293 permissione
1003 1252 1116 1294 divina,
1134 1250 1239 1281 Mene-

172 1295 260 1325 vensis
274 1279 446 1336 sipiscopus,
465 1294 590 1332 praesenti
602 1293 706 1330 scripto
721 1293 839 1332 sigillum
850 1291 929 1321 suum
943 1290 1081 1328 apposuit.

360 1477 408 1500 tus
424 1466 619 1512 compellatur
632 1464 676 1498 ad
690 1467 814 1497 Crucem
829 1462 1048 1509 refitmendam.

179 1551 218 1613 S
228 1589 370 1620 Romanae
385 1589 521 1620 Eccleliae
535 1589 648 1619 summo
661 1588 814 1628 Pontifici,
832 1588 983 1620 Edwardus
998 1610 1008 1626 ,
1029 1586 1126 1617 eadem
1159 1584 1243 1623 ratiti,

178 1628 246 1659 Rex
266 1629 392 1670 Angliae,
412 1628 555 1659 Dominus
574 1627 723 1658 Hiberniae
734 1650 743 1665 ‚
773 1628 806 1659 ὃ(
823 1627 893 1658 Dux
908 1627 1067 1666 Aquitaniae
1080 1648 1090 1664 ,
1113 1624 1138 1654 sa
1149 1633 1243 1661 utem,

179 1668 213 1698 &
229 1678 297 1698 cum
311 1668 392 1698 omni
406 1666 560 1698 reverentia
573 1666 606 1698 &
621 1665 731 1697 honore
743 1666 770 1696 se
783 1675 877 1697 totuin
895 1665 930 1697 ad
949 1663 1056 1706 pedum
1069 1663 1161 1694 oscula
1175 1663 1243 1693 bea-

180 1714 285 1737 torum.

218 1744 352 1775 Volentes
365 1744 510 1784 perhibere
528 1742 722 1774 testimonium
742 1744 848 1774 veritati
860 1767 870 1782 ,
895 1742 1038 1773 Sanffitati
1051 1740 1152 1772 vestrae
1166 1749 1244 1771 vera-

178 1783 246 1813 citer
258 1784 417 1814 intimamus
422 1805 433 1822 ,
452 1782 530 1820 quod
543 1782 660 1812 dileetus
674 1783 708 1813 <Sc
723 1782 809 1813 fidelis
821 1782 916 1813 noster
929 1781 1054 1819 Ebolus,
1072 1779 1243 1811 Vicecomes

175 1821 212 1851 de
227 1820 412 1860 Ventodoro,
432 1821 631 1852 Lemovicensi
647 1820 763 1851 Diocesi
782 1822 847 1860 (qui
862 1830 990 1860 tempore
1006 1843 1016 1858 ,
1042 1829 1101 1857 quo
1115 1818 1149 1848 ad
1167 1817 1241 1847 Ter—

176 1869 237 1890 ram
252 1860 374 1891 sanetam
389 1861 622 1890 transfretavimus
637 1882 647 1898 ,
668 1859 705 1889 de
721 1859 814 1890 nostra
835 1859 937 1890 familia
961 1858 1093 1888 existebat
1106 1879 1116 1895 ,
1142 1856 1175 1886 &
1193 1865 1241 1894 per

174 1908 228 1929 nos
243 1899 355 1929 cinetus
367 1899 420 1929 fuit
434 1909 448 1929 a
470 1897 506 1928 ud
519 1898 618 1928 Tunes
632 1898 746 1937 cingulo
761 1899 893 1936 militari,
918 1898 995 1937 gravi
1010 1895 1197 1934 postmodum
1208 1895 1242 1925 ὅτ,

176 1938 251 1975 quasi
266 1938 412 1967 incurabili
426 1946 452 1967 et
476 1937 519 1967 ice
534 1937 638 1967 morbo
652 1936 790 1974 detentus)
805 1937 841 1968 de
856 1938 966 1967 licentia
980 1936 1012 1966 &
1028 1934 1161 1966 mandato
1177 1942 1242 1977 nos-

177 1984 238 2014 tro,
256 1986 290 2006 ac
304 1984 416 2016 propter
430 1976 559 2015 quaedam
570 1975 693 2016 specialia
708 1977 819 2015 negotia
831 1975 939 2013 nostra,
958 1984 1023 2014 quae
1035 1973 1085 2004 libi
1097 1971 1244 2003 commisi-

173 2024 236 2045 mus
271 2014 305 2044 ad
321 2017 430 2053 propria
445 2015 578 2044 remeavit
592 2014 711 2046 invitus:

213 2037 318 2090 finde,
339 2063 406 2084 cum
418 2053 602 2084 intelleximus
622 2053 715 2092 quod,
734 2053 788 2082 unii
802 2062 871 2083 cum
887 2052 943 2082 aliis
956 2050 1146 2090 crucesignatis
1160 2047 1241 2087 Reg-

176 2092 206 2121 ni
221 2091 346 2122 Franciae
362 2115 371 2130 ,
396 2091 430 2122 ad
449 2102 564 2122 crucem
585 2091 776 2122 resumendam
797 2092 963 2122 authoritate
982 2090 1049 2120 sedis
1069 2087 1244 2129 Apostolicae

178 2131 381 2169 compellatur,
400 2132 434 2162 ὃς
448 2130 523 2160 idem
539 2130 663 2168 Ebolus,
677 2138 812 2170 tanquam
827 2130 913 2160 fidelis
926 2131 959 2161 &
978 2127 1117 2159 familiaris
1130 2125 1244 2170 noster,

174 2167 289 2198 affeetet
304 2169 337 2199 &
357 2177 504 2207 promptus
517 2169 548 2199 sit
561 2169 635 2208 sequi
649 2170 678 2199 iri
694 2169 828 2199 omnibus
847 2169 923 2198 viam
937 2167 1063 2198 nostram
1076 2190 1086 2205 ,
1110 2163 1243 2196 sanstissi-

178 2216 236 2236 mae
251 2206 410 2238 Paternitati
424 2207 524 2238 vestrae
537 2207 666 2238 duximus
679 2207 819 2237 humiliter
838 2206 1050 2245 supplicandum
1059 2228 1069 2243 ,
1087 2205 1214 2244 quatinus
1228 2203 1245 2233 ὴ

177 2246 375 2283 compulsione
388 2246 545 2283 hujusmodi
561 2245 654 2284 quoad
666 2245 755 2285 ipsum
770 2245 940 2275 demandetis
952 2243 1064 2282 cessari,
1082 2244 1102 2274 fi
1115 2243 1214 2283 placet.

214 2284 345 2315 Firmiter
357 2285 435 2315 enim
448 2285 605 2323 credimus,
622 2285 717 2324 quod,
734 2283 784 2314 suo
800 2293 929 2324 tempore
943 2306 952 2322 ,
975 2284 1031 2314 sine
1050 2281 1246 2325 compulsione

180 2322 272 2392 aliqigi
287 2346 298 2366 ,
320 2331 426 2362 paratus
448 2324 520 2363 erit,
542 2325 572 2354 in
590 2324 642 2354 hiis
661 2324 695 2355 ὃς
711 2323 767 2354 aliis
780 2346 790 2362 ,
815 2323 960 2354 Romanae
980 2321 1115 2353 Ecclesiae
1131 2320 1247 2351 obedire

176 2371 244 2391 man
265 2370 320 2393 atis.

175 1415 203 1441 ²*
222 1420 329 1451 Litera
349 1421 430 1464 Papae
443 1428 498 1464 pro
520 1415 613 1450 Ebolo
642 1419 679 1450 V
676 1419 824 1449 icecomite
842 1414 878 1447 de
901 1414 1083 1457 Vemdm,
1109 1425 1144 1445 ne
1157 1415 1240 1445 invi-

228 1550 396 1582 Anffiffimo
410 1551 439 1581 in
454 1550 572 1581 Christo
585 1550 659 1580 Patri
674 1549 808 1581 Domino
821 1550 849 1589 J.
867 1549 925 1580 Dei
945 1547 1047 1588 gratia,
1064 1546 1241 1578 szicrofiinetae

175 2485 197 2515 q
217 2437 306 2507 Tpste
319 2438 428 2477 meipso
440 2437 513 2477 apud
525 2437 652 2469 Westm.
667 2439 764 2479 primo
777 2438 825 2468 die
837 2437 911 2468 Maii
925 2460 935 2475 ,
958 2446 1035 2467 anno
1047 2435 1143 2476 Regni
1158 2434 1248 2466 nostri

198 2486 245 2507 uin
258 2487 286 2507 0.

176 2603 286 2635 Lirem
310 2604 505 2634 Procuratori
517 2601 574 2646 fito
591 2628 601 2645 ‚
622 2613 678 2648 pro
703 2599 801 2634 eodem
827 2603 865 2635 V
862 2604 1010 2633 icecomite
1021 2600 1113 2646 fhper
1135 2600 1248 2645 negotio

643 2649 778 2697 praefato.

187 2734 242 2796 E
254 2733 396 2764 Dwardus
409 2756 419 2772 ,
443 2733 502 2765 Dei
522 2734 607 2775 gratia
618 2758 629 2774 ,
649 2735 714 2765 Rex
730 2734 842 2775 Angliae
855 2758 866 2774 ,
890 2734 1037 2766 Dominus
1053 2732 1203 2764 Hiberniae
1216 2732 1251 2763 &

254 2771 323 2802 Dux
339 2771 518 2811 Aquitaniae,
535 2773 641 2804 dilecto
655 2775 688 2805 ὃ(
702 2773 795 2813 fideli,
814 2773 993 2806 Procuratori
1008 2773 1058 2804 suo
1073 2795 1084 2810 ,
1109 2770 1252 2811 Magistro

181 2808 314 2841 Henrico
328 2810 364 2840 de
378 2810 525 2850 Newerk,
541 2812 663 2843 salutem.

219 2848 299 2879 Cum
334 2859 387 2889 pro
401 2849 506 2881 dilecto
521 2851 554 2882 &
568 2850 643 2881 fideli
658 2850 757 2881 nostro
769 2850 882 2890 Ebolo‚
901 2850 1081 2882 Vicecomite
1093 2848 1129 2880 de
1143 2848 1254 2879 Vento-

186 2886 277 2926 doro,
296 2872 429 2918 Domino
441 2888 525 2926 Papae
538 2899 587 2927 per
601 2890 689 2920 literas
701 2889 825 2929 nostraS,
842 2900 908 2929 quas
922 2891 1006 2921 vobis
1023 2888 1117 2918 eidem
1131 2887 1251 2917 liberan-

186 2925 234 2957 das
245 2927 400 2964 mittimus,
417 2926 559 2958 humiliter
574 2928 623 2969 sup
643 2929 759 2961 licemus
769 2952 779 2968 ,
796 2937 827 2959 ut
842 2938 857 2958 a
874 2928 1070 2968 compulsione
1084 2928 1181 2965 (quam
1196 2925 1253 2954 Le-

187 2973 265 3032 gatus
278 2965 405 2995 Franciae
418 2964 485 2996 facit
505 2966 598 2997 eidem
637 2978 654 2998 e
676 2977 762 2998 cruce
780 2966 943 2998 resumenda
955 2990 965 3006 ,
991 2973 1075 3005 prout
1094 2967 1123 2995 in
1145 2965 1252 3003 Regno

214 3003 315 3032 ranciae
329 3002 360 3033 fit
376 3004 510 3034 omnibus
524 3007 715 3046 crucesignatis
726 3029 736 3044 ,
761 3007 810 3045 qui
825 3006 861 3036 de
875 3006 978 3043 Tunys
996 3005 1031 3036 ad
1053 3004 1175 3035 Terram
1192 3004 1253 3034 san·

188 3040 268 3071 ctam
283 3041 402 3071 minime
416 3041 631 3082 transfretarunt)
646 3044 742 3075 cessari
758 3045 871 3076 mandet
883 3044 918 3074 ad
932 3044 1065 3084 praesens,

223 3078 315 3109 Vobis
341 3079 506 3110 mandamus
527 3082 654 3120 quatinus
675 3084 822 3123 negotium
847 3082 1003 3121 huiusmodi
1027 3082 1251 3121 prosequamini,

186 3124 320 3158 tanquam
334 3118 478 3158 nostrum,
495 3120 529 3150 &
544 3119 578 3150 ad
590 3119 676 3151 finem
688 3121 789 3153 deduci
803 3123 958 3163 procuretis
970 3128 1109 3162 optatum.

182 3194 313 3273 qu'g'lggce
325 3194 433 3235 meipso
446 3195 519 3235 apud
533 3195 662 3227 Westm.
676 3198 770 3238 primo
783 3199 828 3230 die
848 3199 946 3238 Maii,
967 3208 1043 3230 anno
1054 3198 1149 3238 Regni
1162 3195 1250 3227 nostri

185 3357 237 3390 De
248 3367 322 3404 pace
343 3361 421 3391 inter
440 3362 528 3392 Cives
546 3360 718 3409 Bayonenst’s
733 3363 770 3399 ὠ·
795 3363 923 3394 Barones
943 3366 1074 3409 quinque
1092 3364 1249 3394 Portuum.

267 3443 395 3476 Niverfis
409 3443 516 3475 Christi
531 3444 658 3486 fidelibus
670 3468 680 3483 ,
705 3444 739 3475 ad
759 3455 829 3485 quos
847 3449 1003 3485 pervenerit
1023 3448 1086 3478 haec
1107 3447 1254 3484 scriptura,

268 3481 402 3513 Pascafius
417 3483 452 3514 de
474 3483 498 3515 P
519 3494 537 3513 n
552 3506 562 3522 ,
586 3484 620 3515 &
644 3483 833 3521 Reymundus
850 3485 1008 3526 Guillelmy
1029 3487 1065 3516 de
1087 3485 1252 3521 Saubalato,

192 3521 278 3552 Cives
294 3521 474 3560 Baionenses,
518 3529 688 3552 rocuratorec
702 3521 820 3560 Maioris
833 3546 842 3562 ,
863 3523 954 3562 Jurati
969 3548 978 3564 ,
1003 3525 1036 3555 &
1054 3525 1138 3554 totius
1156 3523 1251 3553 Com-

193 3561 335 3590 munitatis
347 3559 478 3592 Civitatis
495 3560 618 3591 Baioniae
630 3583 640 3599 ,
667 3561 701 3591 ad
721 3561 898 3593 traCtandum
921 3565 954 3595 ὃς
972 3562 1161 3593 ordinandum
1175 3584 1186 3600 ,
1209 3561 1253 3591 seu

188 3600 273 3630 etiam
288 3599 469 3629 formandum
486 3608 631 3639 treugam,
646 3598 691 3629 seu
710 3608 810 3637 pacem
850 3610 992 3639 erpetuam
1006 3602 1085 3639 super
1099 3599 1254 3638 discordia,

188 3647 254 3676 quae
267 3647 355 3677 nuper
368 3639 459 3669 extitit
474 3639 546 3669 inter
560 3638 721 3668 marinarios
734 3638 768 3668 δε
782 3648 833 3677 pro
854 3649 885 3669 os
896 3640 1025 3670 homines
1039 3638 1202 3670 Baionenses
1216 3639 1250 3670 &

190 3677 228 3706 eis
241 3677 410 3707 adhaerentes
424 3687 458 3707 ex
470 3685 546 3717 parte
560 3676 615 3707 uni
629 3699 640 3715 ,
663 3676 697 3707 &
716 3676 875 3707 marinarios
891 3678 925 3708 ὅτ.
946 3678 1063 3708 Barones
1076 3679 1112 3708 de
1130 3678 1253 3721 quinque

190 3713 322 3746 Portibus
336 3716 446 3755 Angliae
459 3738 469 3754 ,
493 3717 526 3747 &
538 3725 638 3745 omnes
650 3715 717 3744 alios
729 3713 832 3744 eisdem
851 3715 1020 3747 adhaerentes
1040 3726 1073 3747 ex
1093 3725 1169 3755 parte
1183 3715 1234 3747 alia
1243 3739 1253 3755 ,

192 3754 357 3794 constituti,
376 3755 488 3785 salutem
503 3755 532 3784 in
547 3753 690 3784 Domino.

231 3791 378 3824 Noveritis
390 3792 466 3832 quod
480 3803 530 3823 nos
543 3802 643 3832 pacem
655 3792 689 3823 &
703 3791 904 3830 concordiam,
917 3792 995 3832 super
1007 3794 1255 3832 contentionibus,

194 3830 229 3860 &
242 3830 399 3871 discordiis,
415 3833 485 3862 inter
499 3831 648 3869 praeditfitos
662 3830 824 3869 Majorem,
839 3829 986 3868 Juratum,
1004 3833 1037 3863 ὅ(
1053 3831 1256 3863 Communita-

193 3875 250 3898 tem
268 3871 432 3905 praedictam
445 3881 479 3900 ex
494 3877 571 3911 parte
585 3869 637 3899 unzi
674 3870 707 3900 &
729 3868 880 3908 praedictos
901 3868 1019 3900 Barones
1035 3880 1069 3901 ex
1083 3870 1183 3908 altera,
1202 3881 1255 3901 nu-

192 3916 242 3943 per
257 3908 350 3947 initas,
367 3910 401 3941 δε
418 3920 466 3947 per
480 3908 624 3940 excellenti
649 3917 739 3938 imum
748 3906 913 3937 Dominum
926 3907 1070 3947 nostrum,
1089 3908 1256 3940 Dominum

192 3943 382 3985 Edwardum,
398 3948 512 3988 Regem
526 3947 635 3987 Angiiae
655 3945 789 3976 illustrem
803 3945 997 3983 confirmatas,
1015 3955 1098 3986 prout
1113 3957 1147 3977 ex
1163 3948 1256 3979 forma

193 3984 270 4026 pacis
284 3984 405 4021 ejusdem
418 3987 561 4017 evidenter
573 3993 685 4025 apparet
698 4008 708 4023 ,
734 3985 852 4015 nomine
871 3984 1037 4015 eorumdem
1052 3984 1189 4025 Maioris,
1203 3986 1257 4026 Ju-

193 4030 243 4052 rari
252 4045 262 4060 ,
278 4022 540 4058 &Communitatis
553 4033 622 4057 ratas
633 4024 768 4056 habemus
779 4024 814 4056 δε
825 4030 970 4062 acceptas,
986 4021 1117 4063 firmiter,
1133 4033 1188 4065 pro
1201 4035 1257 4056 no-

1260 157 1744 207 Pusstrca.
2249 177 2328 219 159

1265 246 1324 284 bis,
1342 248 1382 292 &¹
1390 248 1466 287 ipsis,
1483 250 1677 289 promittentes
1691 250 1787 282 omnia
1802 250 1836 282 &
1848 249 1964 292 fingula,
1981 248 2012 282 in
2025 248 2158 291 praedi&
2170 257 2241 289 pace
2252 257 2325 283 ‘con-
2338 254 2414 286 Ann.
2430 250 2473 286 D.

1265 293 1357 323 tenta,
1375 297 1569 327 inperpetuum
1583 290 1742 320 observare:
2369 303 2454 331 1277.

1304 325 1323 344 ’¹‘
1342 325 1585 364 Recognoscimus
1597 329 1679 357 etiarn
1699 339 1746 367 per
1766 328 1853 359 literas
1873 329 2017 367 praesentes
2036 337 2088 359 nos
2109 328 2241 367 recepisse
2255 351 2264 367 ,
2288 329 2323 360 de
2338 332 2393 360 13:112
2427 342 2451 359 i.

1266 361 1433 407 Garderoba
1446 365 1584 403 magnifici
1600 365 1737 406 Principis
1752 366 1875 397 Domini
1888 368 1977 398 nostri
1994 368 2077 407 Regis
2093 368 2238 406 praedieti,
2257 378 2325 398 cen·
2339 372 2357 391 *ὅ
2375 373 2413 399 11.
2427 371 2475 408 83<

1269 408 1330 431 turn
1344 402 1424 446 libras
1439 402 1651 442 sterlingorum,
1669 415 1735 444 quas
1749 405 1831 435 nobis
1843 406 1877 435 ad
1891 417 1960 447 opus
1971 407 2174 450 praetiittorum
2188 406 2325 444 Majoris‚

1263 439 1369 478 Jurati,
1389 439 1613 472 Communitatis
1628 445 1696 473 tradi
1715 442 1797 481 fecit,
1811 444 1848 473 de
1865 446 1949 484 gratia
1961 448 2007 476 sua
2020 444 2147 483 speciali,
2163 454 2216 485 pro
2230 454 2328 486 perpe-

1265 486 1313 508 tua
1327 479 1540 509 conservatione
1552 482 1625 517 pacis
1638 480 1810 518 supradictae.

1266 554 1294 585 su
1297 516 1339 585 13¹1
1353 517 1431 555 cujus
1452 519 1491 548 rei
1511 518 1704 550 testimonium
1718 542 1729 558 ,
1753 519 1879 560 praesenti
1898 521 2001 561 scripto
2022 521 2106 561 sigilla
2125 521 2220 552 nostra
2240 531 2328 561 appo·

1338 566 1377 586 us.

1303 631 1374 674 Dat.
1392 633 1463 673 apud
1478 632 1683 664 Westmonast.
1696 632 1812 664 decimo
1826 635 1926 672 quinto
1939 634 1984 666 die
2000 635 2073 666 Maii
2086 658 2096 674 ,
2119 646 2194 667 anno
2206 636 2333 667 Domini

1269 670 1416 702 millesimo
1431 672 1623 703 ducentesimo
1634 672 1831 711 septuagesimo
1842 673 1972 713 septimo.

1583 794 1690 829 Litera
1710 799 1784 843 Regi
1794 797 2018 844 sttpplicatoria.

1272 880 1327 940 E
1338 879 1580 920 Xcelientiffimo,
1599 881 1793 922 nobilissimo,
1812 891 1893 921 atque
1905 883 2097 920 potentissimo
2116 885 2179 915 viro
2195 884 2330 915 Domino
2348 881 2425 915 Ann.
2440 880 2481 915 D.

1338 919 1489 961 Adoardo,
1507 918 1564 949 Dei
1604 920 1687 958 tatia,
1707 921 1779 958 Regi
1799 920 1910 960 Angliae
1924 944 1934 959 ,
1959 920 2094 952 Domino
2114 922 2263 954 Hiberniae
2296 924 2330 955 ὃς
2371 932 2455 961 1277.

1271 956 1350 986 Daci
1364 956 1538 996 Aquitaniae,
1559 928 1719 988 Nfinuellus
1734 958 1872 997 Saladini,
1892 959 1914 988 F
1917 960 2051 990 ranciscus
2064 961 2215 991 Caubanus
2230 985 2240 1000 ,
2261 946 2332 991 ᾗπ-
2347 965 2398 990 Aa.
2414 972 2442 998 5.

1269 995 1361 1034 genses
1375 994 1506 1033 Castelli,
1525 995 1618 1026 Castri
1630 997 1666 1026 de
1679 996 1800 1034 Kallari,
1820 998 1853 1027 &
1866 999 1960 1027 caeteri
1979 1008 2077 1029 eorum
2099 1000 2194 1029 filii&
2209 1000 2327 1030 consan-
2347 1004 2377 1028 Ε.
2402 1010 2426 1027 i.

1271 1034 1366 1072 guinei
1377 1057 1387 1072 ,
1399 1036 1456 1072 ejus
1470 1031 1562 1063 fideles
1574 1035 1607 1064 &
1621 1033 1738 1072 subditi,
1756 1042 1888 1072 tanquam
1901 1036 1937 1065 sui
1952 1036 2077 1067 Domini
2093 1038 2246 1078 praecipui,
2262 1039 2332 1075 seip-
2349 1042 2464 1065 ExBun-

1272 1073 1313 1102 sos
1328 1081 1396 1102 cum
1411 1072 1690 1102 recommendatione
1702 1073 1737 1102 ad
1753 1072 1843 1112 pedes.
2348 1076 2400 1104 delo
2415 1077 2485 1103 Lite,

1309 1109 1503 1141 Excelsitudini
1518 1109 1618 1140 vestrae
1630 1110 1775 1141 humiliter
1786 1111 1916 1141 duximus
1927 1110 2154 1152 supplicandum,
2173 1113 2251 1153 quod
2264 1124 2333 1153 nOS,
2347 1124 2402 1142 rar.
2416 1116 2442 1140 in

1274 1155 1417 1189 tamquam
1430 1147 1537 1179 vestros
1547 1148 1770 1187 specialissimos,
1788 1148 1880 1179 fideles
1893 1172 1903 1186 ,
1927 1150 1960 1180 &
1979 1151 2101 1181 subditos
2115 1175 2124 1191 ,
2148 1154 2176 1182 in
2196 1154 2330 1183 omnibus
2348 1155 2435 1180 Turrei

1275 1187 1370 1217 vestris
1384 1187 1495 1218 servitiis
1507 1187 1750 1218 recommendatos
1763 1187 1866 1218 habere
1881 1188 2052 1226 dignemini,
2069 1200 2136 1220 cum
2159 1191 2240 1221 simus
2255 1192 2334 1229 perii-

1276 1234 1336 1264 tus,
1353 1226 1400 1256 die
1414 1226 1571 1264 ri06teque,
1585 1226 1689 1265 dediti,
1704 1227 1839 1256 omnibus
1852 1226 2039 1265 praeteimissis
2052 1249 2062 1266 ,
2086 1228 2120 1258 ad
2139 1238 2188 1266 ea,
2206 1239 2270 1266 quae
2284 1239 2337 1260 vo-

1276 1265 1319 1294 bis
1332 1264 1474 1303 placeant,
1493 1265 1557 1295 totis
1570 1265 1677 1294 viribus
1689 1264 1880 1302 adimplenda:

1315 1302 1498 1341 Verumque,
1513 1303 1660 1342 postquam
1674 1303 1779 1333 vestros
1791 1303 1874 1341 pedes
1886 1301 2033 1333 desivimus
2050 1303 2230 1344 corporaliter
2249 1306 2341 1336 intue-

1278 1342 1319 1379 ri,
1335 1342 1425 1372 nullus
1440 1341 1592 1379 Nuncios,
1608 1341 1716 1410 instiget
1732 1351 1823 1381 neque
1841 1342 1928 1372 littera
1947 1342 1980 1371 ad
2003 1352 2054 1372 nos
2068 1344 2216 1382 pervenit,
2239 1344 2275 1374 de
2291 1354 2340 1374 ve⁴

1278 1379 1342 1410 strae
1357 1381 1527 1411 conditionis
1539 1381 1650 1420 optimo
1687 1388 1732 1410 :itu
1745 1379 1899 1419 significans
1912 1381 2073 1419 veritatem,

1314 1418 1444 1457 Idcirco,
1462 1419 1491 1448 in
1509 1419 1616 1457 signum
1629 1427 1753 1458 optentae
1767 1418 1867 1449 vestrae
1882 1417 2096 1449 Dominationis
2111 1441 2121 1457 ,
2145 1420 2226 1449 vobis
2245 1418 2340 1450 fideles

1279 1467 1376 1496 preces
1395 1458 1563 1497 porrigimus
1578 1481 1588 1497 ,
1615 1458 1691 1495 quod
1712 1456 1867 1487 Nuncium
1882 1480 1891 1494 ,
1916 1457 1960 1487 vel
1980 1457 2088 1488 lieram
2109 1458 2145 1488 ali
2166 1467 2230 1488 uam
2243 1458 2276 1488 ad
2291 1467 2344 1489 nos

1279 1496 1392 1526 mittere
1414 1495 1505 1526 vestra
1532 1496 1670 1526 concedat
1696 1494 1850 1533 Majestas3
1873 1506 1942 1526 cum
1969 1498 2107 1527 continuo
2125 1507 2140 1526 a
2181 1496 2287 1526 <stamus
2308 1497 2344 1526 de

1279 1534 1380 1603 gestrae
1400 1533 1626 1574 Magnificentiae
1645 1533 1812 1565 conditione
1833 1543 1908 1564 nova
1933 1536 2088 1574 peroptima
2111 1534 2229 1565 fideliter
2247 1544 2344 1575 peraua

1300 1582 1348 1604 ire.

1410 1698 1460 1731 De
1475 1697 1656 1743 inquisitione
1665 1695 1812 1740 facienda
1821 1695 1911 1742 fhper
1921 1694 2005 1743 gestu
2020 1694 2210 1741 Judaeorum.

1350 1780 1376 1812 E
1386 1780 1434 1820 X,
1454 1781 1573 1822 Hugoni
1587 1781 1623 1812 de
1637 1781 1821 1821 Digneneton
1856 1780 1979 1812 salutem.
2359 1774 2435 1807 Ann-
2450 1773 2482 1808 D

1382 1820 1462 1851 Cum
1478 1814 1636 1859 nuner3‘de
1648 1820 1799 1851 communi
1815 1804 1950 1850 Concilio
1965 1821 2059 1859 Regni
2078 1818 2185 1857 nostri,
2200 1818 2342 1857 provideri
2390 1823 2475 1854 1277.

1280 1856 1447 1897 fecerimus,
1463 1859 1540 1898 quod
1562 1859 1681 1890 universi
1696 1860 1729 1890 ὃς
1751 1858 1848 1897 singuli
1860 1858 1952 1897 Judaei
1974 1858 2071 1898 Regni
2092 1858 2182 1888 nostri
2194 1868 2342 1889 manerent
2356 1858 2410 1881 An.
2429 1864 2457 1890 5·

1280 1896 1310 1925 in
1325 1895 1512 1935 Civitatibus,
1527 1899 1560 1928 &
1574 1897 1671 1934 Burgis
1687 1896 1789 1927 nostris
1805 1898 1938 1935 propriis,
1953 1897 1984 1926 in
1999 1898 2099 1937 quibus
2116 1896 2342 1936 Archecyregra—
2357 1897 2387 1920 E·
2411 1903 2433 1920 ¹·

1280 1935 1392 1971 pharius
1402 1935 1571 1975 jud-:eorum
1586 1935 1753 1966 nostrorum
1773 1935 1828 1964 esse
1842 1935 2042 1974 consueverat,
2060 1936 2093 1966 &
2108 1934 2187 1973 quod
2201 1935 2344 1974 unusquis-
2358 1936 2414 1959 ΡΜ·
2436 1940 2453 1966 5
2456 1950 2463 1959 ι
2491 1951 2497 1956 ·

1300 1983 1335 2003 ue
1347 1974 1472 2011 ipsorum
1480 1998 1495 2019 ,.
1505 1973 1657 2013 postquam
1677 1982 1789 2005 aetatem
1807 1973 1910 2011 septem
1929 1983 2071 2005 annorum
2086 1974 2262 2011 compleveri
2311 1975 2340 2003 in
2357 1974 2386 1997 E.
2411 1979 2431 1998 ¹1

1284 2061 1351 2081 rum
1366 2052 1540 2089 tabularum,
1558 2051 1594 2081 de
1608 2051 1690 2081 feltro
1706 2060 1828 2088 croce0,
1848 2049 2030 2090 longitudinis
2052 2051 2181 2081 videlicet
2193 2050 2238 2081 sex
2259 2050 2343 2088 polli-
2357 2046 2419 2083 durs.

1281 2098 1368 2127 curn,
1386 2091 1419 2121 &
1434 2090 1583 2121 latitudinis
1596 2091 1682 2120 trium
1696 2089 1848 2127 pollicum,
1865 2090 1899 2119 ὃς
1913 2091 1996 2120 etiam
2011 2089 2090 2129 quod
2111 2089 2230 2121 universi
2243 2090 2276 2119 &
2291 2088 2347 2119 fin-

1281 2128 1442 2167 ouliJudaei
1454 2129 1603 2167 praedicti,
1620 2129 1750 2158 homines
1762 2128 1794 2158 &
1814 2127 1960 2166 foeminae,
1977 2128 2130 2167 postquam
2145 2135 2257 2158 aetatern
2273 2128 2347 2158 duo-

1280 2151 1376 2197 ‘decim
1392 2177 1535 2198 annorum
1550 2167 1773 2205 compleverint,
1787 2166 1897 2196 solvant
1909 2168 1993 2197 nobis
2008 2189 2017 2203 ,
2044 2166 2155 2205 lingulis
2170 2166 2248 2196 annis
2260 2187 2271 2204 ,
2294 2174 2348 2196 trec

1283 2205 1413 2237 denarios
1425 2217 1480 2245 pro
1496 2207 1636 2245 chevagio
1651 2204 1718 2243 suo,
1739 2204 1841 2236 scilicet
1854 2204 1890 2234 ad
1905 2204 2024 2236 Pascha:

1317 2244 1403 2284 Nos,
1421 2246 1501 2283 super
1514 2244 1769 2284 gestuJudaeorum
1782 2241 1986 2281 praedicfftorum
1993 2266 2004 2282 ,
2019 2244 2034 2273 a
2046 2251 2177 2281 tempore
2190 2242 2350 2273 confectioe

1282 2284 1325 2313 nis
1338 2285 1505 2321 provisionis
1517 2283 1678 2322 praedietae,
1696 2282 1822 2313 volentes
1836 2282 1982 2312 certiorari
2032 2281 2228 2320 assignavimus
2241 2290 2293 2312 vos
2311 2280 2346 2312 ad

1286 2322 1486 2362 inquirendum
1500 2333 1549 2360 per
1567 2322 1773 2352 sacramentum
1786 2343 1796 2359 ,
1823 2321 1884 2351 δῖε.
1906 2328 1964 2351 tarn
1983 2305 2216 2351 Christianorum
2229 2341 2240 2358 ,
2267 2320 2352 2357 quam

1280 2360 1455 2437 indaeomm
1468 2360 1564 2400 Regni
1576 2360 1682 2399 nostri,
1697 2369 1747 2398 per
1760 2368 1848 2400 quos,
1865 2359 1926 2389 &c.
1945 2358 1982 2389 de
1997 2359 2163 2389 nominibus
2177 2357 2352 2397 singulorum

1302 2398 1449 2429 udaeorum
1464 2399 1685 2437 praediitorum:

1326 2436 1363 2468 Et
1377 2439 1461 2468 etiarn
1474 2438 1509 2468 ad
1529 2439 1559 2467 in
1580 2437 1729 2467 uirendum
1744 2459 1753 2474 ,
1771 2436 1805 2466 &
1823 2434 1979 2466 videndum
1997 2435 2028 2464 in
2046 2435 2147 2475 quibus
2167 2432 2354 2473 Civitatibus,

1286 2474 1402 2514 Burgis,
1419 2477 1452 2507 &
1467 2476 1548 2506 Villis
1555 2447 1647 2514 Judaei
1661 2484 1778 2506 manent
1792 2473 1959 2512 supradicti,
1975 2473 2009 2505 &
2022 2481 2116 2504 utrum
2131 2474 2205 2513 ligna
2218 2473 2263 2503 sua
2283 2483 2352 2511 por-

1286 2515 1425 2583 gagerint,
1442 2515 1474 2544 &
1488 2514 1544 2545 alio
1559 2514 1651 2544 modo
1665 2514 1690 2544 se
1702 2512 1848 2553 gesserint,
1862 2512 1941 2549 juxta
1957 2511 2082 2542 formam
2098 2511 2264 2551 provisionis
2277 2521 2351 2549 prae-

1309 2562 1316 2581 i
1348 2562 1373 2582 ae
1427 2562 1512 2582 eene·

1323 2590 1360 2621 Et
1375 2564 1459 2622 etiiim
1474 2576 1516 2621 ad’
1525 2589 1678 2621 levandum
1693 2590 1728 2621 ad
1746 2598 1818 2627 opus
1839 2587 1969 2618 nostrum
1983 2586 2134 2626 praedic'tos
2149 2595 2204 2618 tres
2220 2587 2353 2618 denarios

1287 2639 1414 2668 annuos,
1432 2631 1486 2660 unii
1500 2639 1566 2659 cum
1580 2631 1718 2668 arreragiis
1731 2627 1899 2659 eorumdem
1912 2627 2094 2657 denariorum
2109 2627 2124 2657 a
2139 2635 2270 2664 tempore
2281 2636 2356 2657 con-

1286 2668 1416 2699 festionis
1431 2668 1606 2707 supradicstae.

1325 2707 1363 2737 Et
1378 2707 1444 2738 ideo
1456 2707 1539 2737 vobis
1554 2705 1738 2743 mandamus,
1757 2703 1836 2742 quod
1849 2703 1884 2734 ad
1896 2711 1990 2734 certos
2010 2702 2067 2734 dies
2086 2703 2121 2734 &
2135 2702 2216 2741 loca,
2234 2711 2306 2742 quos
2318 2700 2354 2734 ad

1289 2745 1347 2776 hoc
1361 2745 1553 2784 provideritis,
1571 2745 1762 2782 inquisitiones
1782 2743 1946 2782 praedictam,
1963 2743 1996 2773 &
2011 2749 2112 2772 caetera
2130 2742 2270 2780 praemilia
2284 2765 2294 2781 ,
2319 2742 2353 2773 &

1289 2784 1419 2815 denarios
1434 2784 1588 2823 praedictos
1600 2783 1685 2813 levari
1698 2783 1811 2813 faciatis.

1327 2822 1531 2854 Mandavimus
1542 2822 1622 2852 enim
1635 2820 1855 2851 Constabulario
1869 2818 1966 2850 Turris
1979 2817 2084 2849 nostrae
2093 2817 2229 2848 London.
2244 2818 2277 2848 &
2289 2825 2356 2848 om-

1293 2862 1378 2892 nibus
1391 2857 1616 2892 vicecomitibus
1632 2859 1728 2900 Regni
1746 2858 1858 2900 nostri,
1881 2857 1960 2896 quod
1979 2857 2061 2888 vobis
2081 2857 2117 2888 ad
2137 2856 2193 2887 hoc
2209 2856 2356 2887 intendant

1293 2901 1328 2932 &
1343 2900 1547 2938 respondeant,
1565 2908 1649 2937 prout
1664 2901 1701 2930 eis
1713 2898 1781 2928 scire
1793 2897 1899 2927 faciatis
1911 2905 1945 2926 ex
1958 2905 2035 2934 parte
2052 2894 2163 2933 nostra,
2181 2895 2214 2925 &
2227 2895 2305 2934 quod
2319 2895 2356 2925 ad

1291 2947 1383 2969 certos
1399 2939 1476 2977 dies,
1493 2939 1527 2969 &
1542 2938 1606 2967 loca
1638 2947 1708 2978 quos
1722 2937 1749 2967 ei
1764 2935 1832 2965 scire
1847 2935 1951 2965 faciatis
1961 2943 2004 2964 tot
2017 2935 2050 2965 &
2069 2932 2152 2971 tales,
2168 2934 2228 2963 &c-
2242 2933 2278 2976 de
2293 2932 2357 2963 Bal-

1290 2976 1354 3007 livis
1370 2978 1440 3016 tuis,
1455 2985 1514 3008 tam
1532 2959 1710 3008 Christianos
1722 2998 1733 3014 ,
1754 2974 1839 3014 quam
1852 2973 1969 3012 Judaeos
1983 2982 2082 3003 coram
2102 2971 2185 3003 vobis
2201 2980 2298 3002 venire
2314 2971 2357 3002 fa-

1290 3016 1369 3046 ciatis
1383 3026 1433 3053 pei·
1448 3025 1534 3054 quos,
1551 3015 1613 3045 &c.
2053 3050 2058 3054 ι
2198 3047 2203 3053 ·

1329 3055 1410 3092 Quid
1424 3063 1517 3085 autem
1531 3052 1609 3090 super
1624 3049 1768 3090 praemissis
1780 3049 1944 3094 inveneritis
1956 3072 1966 3088 ,
1988 3049 2072 3080 nobis
2090 3048 2142 3080 sub
2156 3046 2246 3088 figulo
2262 3046 2358 3080 vestro

1292 3090 1428 3123 distincte
1441 3093 1474 3123 &
1487 3094 1581 3129 aperte
1594 3090 1722 3122 constare
1734 3090 1848 3121 faciatis.

1326 3130 1362 3161 In
1379 3132 1473 3170 cujus,
1494 3134 1555 3162 &c.

1326 3207 1416 3238 Teste
1429 3208 1511 3248 Rege
1525 3205 1600 3245 apud
1613 3203 1745 3237 Windes.
1759 3212 1808 3242 24.
1821 3202 1867 3234 die
1883 3202 1966 3234 Maii.

2459 2047 2570 2130 W,

1291 3328 1320 3355 'K‘
1340 3333 1388 3364 De
1409 3335 1543 3365 Nunciis
1562 3329 1709 3363 Leiivelini
1723 3332 1870 3374 Prt'ncipis
1887 3327 1997 3362 [Vama
2017 3324 2062 3358 ad
2075 3327 2183 3371 Regem
2206 3327 2352 3357 venturis.
2369 3329 2388 3349 2*
2402 3329 2441 3359 11.
2458 3329 2505 3371 84.

1362 3416 1426 3448 EX
1448 3416 1581 3447 omnibus
1594 3414 1703 3445 Ballivis
1716 3413 1750 3445 δε
1762 3412 1889 3444 fidelibus
1903 3410 1972 3450 suis,
1988 3409 2022 3441 ad
2037 3419 2122 3448 quos,
2137 3409 2198 3439 &c-
2213 3407 2338 3439 salutem.
2369 3414 2445 3446 Am,
2461 3413 2503 3446 D³

1401 3455 1517 3493 Sciatis,
1532 3453 1611 3493 quod
1624 3453 1792 3492 suscepimus
1804 3453 1834 3482 in
1850 3451 1954 3481 salvum
1974 3449 2007 3480 &
2028 3449 2156 3491 securum
2175 3445 2351 3477 condudfflm
2387 3462 2472 3493 1277,

1295 3492 1441 3532 nostrum,
1459 3494 1612 3529 Nuncios,
1630 3501 1700 3531 quos
1721 3490 1882 3522 Lewelinus
1902 3488 1973 3518 filius
1991 3485 2111 3531 Griffim
2131 3484 2166 3528 ad
2187 3494 2240 3514 nos
2283 3495 2351 3515 cum
2367 3497 2418 3520 An.
2436 3503 2463 3527 5,

1297 3533 1478 3570 praesentibus
1493 3532 1585 3561 litteris
1598 3531 1714 3567 nostris,
1732 3530 1843 3559 mittere
1863 3528 1983 3558 voluerit
1998 3548 2007 3564 ,
2028 3535 2057 3554 m
2071 3522 2213 3554 veniendo
2227 3533 2244 3554 a
2282 3534 2354 3563 nos,
2368 3536 2398 3558 E.
2421 3540 2446 3558 ι,

1291 3571 1442 3602 nobiscum
1456 3570 1614 3608 morando,
1631 3570 1664 3600 &
1678 3567 1745 3598 inde
1760 3567 1796 3598 ad
1809 3575 1898 3605 partes
1910 3565 1966 3595 suas
1979 3562 2140 3606 redeundo:
2170 3601 2174 3606 η
2266 3600 2271 3606 .
2368 3573 2424 3597 ΡΜ,
2454 3577 2482 3605 ἴ,

1329 3609 1366 3640 Et
1381 3610 1446 3641 ideo
1463 3608 1545 3639 vobis
1558 3606 1723 3641 mandamus
1737 3629 1746 3644 ,
1769 3605 1847 3645 quod
1862 3603 1965 3634 eisdem
1986 3602 2129 3639 Nunciis,
2144 3599 2235 3645 duitas
2253 3599 2354 3644 litteras
2367 3611 2397 3635 E.
2417 3616 2441 3635 1,

1295 3648 1403 3679 nostras
1415 3647 1619 3683 deferentibus,
1637 3647 1668 3675 in
1681 3642 1826 3676 veniendo
1841 3642 1877 3674 ad
1896 3652 1949 3672 nos
1962 3663 1972 3679 ,
1994 3649 2060 3670 curn
2081 3638 2207 3676 farmlta,
2224 3638 2353 3669 herneliis
2369 3656 2404 3676 m,
2424 3654 2465 3681 ¹4=

1294 3687 1326 3717 ὅ(
1340 3687 1422 3717 rebus
1435 3687 1501 3723 suis,
1519 3685 1670 3715 nobiscum
1687 3681 1830 3713 morando
1845 3704 1854 3720 ,
1877 3681 1911 3710 δε
1923 3679 1988 3709 inde
2008 3677 2042 3722 ad
2061 3685 2152 3721 partes
2166 3677 2224 3721 suas
2237 3677 2356 3721 redeun-

1293 3725 1350 3763 d0,
1367 3725 1435 3755 sicut
1451 3723 1621 3764 praedietum
1637 3723 1695 3760 est,
1713 3730 1775 3751 non
1794 3719 1933 3755 inferatis,
1949 3715 1994 3747 vel
2011 3716 2108 3746 inferri
2130 3723 2296 3754 permittatis
2311 3725 2355 3745 in-

1292 3764 1406 3802 juriam,
1423 3761 1600 3800 molestiam,
1615 3760 1791 3798 dampnum,
1807 3755 2063 3799 impedimentum,
2078 3754 2123 3784 seu
2140 3763 2299 3797 gravamen.
2337 3791 2342 3797 .

1331 3802 1365 3833 ln
1380 3803 1456 3839 cujus
1464 3824 1473 3840 ,
1486 3802 1547 3832 &c.
1561 3800 1723 3830 duraturum
1736 3797 1821 3836 usque
1831 3796 1866 3826 ad
1881 3792 2006 3824 mediam
2015 3792 2251 3833 quadragesimam
2261 3800 2359 3830 proxi-

1295 3851 1347 3872 mo
1361 3841 1491 3872 futuram.

1332 3909 1420 3942 Teste
1434 3908 1516 3949 Rege
1529 3907 1603 3948 apud
1617 3906 1642 3938 la
1655 3904 1758 3937 Bruere
1771 3901 1886 3935 decimo
1900 3909 2001 3942 quarto
2014 3900 2062 3933 die
2068 3899 2204 3941 januarii.

2484 1797 2570 1833 ,xi

2487 1891 2536 1935 lle
2554 1921 2570 1934 Ε

2264 1983 2274 2004 t
2453 1964 2570 1985 :amo

1291 2014 1414 2050 uperiori
1427 2013 1599 2044 vestimento
1613 2013 1663 2042 suo
1673 2012 1819 2052 quoddam
1829 2013 1937 2049 iignum
1950 2012 2068 2050 deferat,
2086 2012 2121 2043 ad
2136 2011 2258 2042 modum
2272 1996 2342 2043 dua·
2358 2018 2393 2036 m.
2413 2017 2453 2044 ¹3⁵
2469 1998 2521 2039 3?
2532 1993 2570 2038 ὃ
