2570 4261
676 235 782 279 ET
866 235 1130 279 ACTA

0 330 41 352 an.
56 319 97 351 D·
152 320 190 352 Et
203 328 218 349 a
232 328 305 352 tores
317 321 356 353 les
370 329 458 353 autres
471 321 585 361 choses,
603 323 637 354 ὃς
652 323 801 353 chescunes
815 323 851 353 de
864 323 918 353 eles
932 323 1016 360 faire,
1033 321 1081 360 qui
1096 330 1111 350 a
1125 319 1162 348 les

0 368 72 398 2295.
113 358 173 389 ditz
194 360 340 390 commetz
354 382 362 395 ,
387 371 425 390 ou
445 371 621 391 covenances
641 364 811 399 apertienent
826 386 836 399 ,
861 372 900 391 ou
916 367 1032 398 porront
1045 369 1079 389 en
1094 358 1159 387 nule

0 402 35 428 ίυ.
55 409 78 427 i.
114 407 226 429 manere
239 402 391 436 apartenir,
408 400 441 429 ὃς
463 399 527 429 sanz
546 400 584 429 les
600 409 691 437 queux
703 401 742 429 les
755 400 814 429 ditz
830 400 994 437 contracta,
1012 407 1052 428 ou
1072 405 1160 427 cove-

114 440 217 466 nances
230 440 266 466 ne
280 446 399 474 porront
409 438 643 467 covenablement
658 437 729 467 estre
743 437 887 474 espleitez:

155 475 248 505 Eantz
257 474 346 504 ferme
359 476 391 505 &
405 475 508 504 estable
523 484 608 512 quant
622 486 676 513 que
692 486 743 505 nos
757 476 816 505 ditz
823 475 1025 505 Procuratours
1039 475 1072 504 ὃς
1082 472 1162 503 Mes-

115 513 187 552 sages
201 536 211 551 ,
236 520 306 543 touz
319 535 329 550 ,
352 523 391 543 ou
410 513 473 542 treis
488 536 497 550 ,
522 523 561 542 ou
582 515 656 543 deux
672 513 708 543 de
730 522 799 551 eux,
817 513 911 543 feront
923 523 960 542 en
972 513 1009 542 les
1024 512 1119 542 choses
1133 520 1161 540 a-

115 551 286 588 vauntdites,
304 560 344 581 ou
357 561 392 580 en
407 560 527 580 aucunes
540 551 576 581 de
587 551 650 581 eles.

157 589 202 619 En
222 588 429 627 tesmoignance
450 589 485 618 de
498 599 572 626 queu
586 589 686 627 chose,
703 599 774 621 nous
786 599 886 621 avoms
898 589 946 620 fait
958 596 1058 619 mettre
1070 586 1164 617 nostre

117 627 169 658 scal
183 637 198 656 a
214 625 300 657 cestes
311 627 446 664 presentes
457 627 557 657 lettres.

152 701 224 733 Don
237 712 252 732 a
267 701 426 742 Estrivelyn
438 702 465 732 le
480 711 504 741 3.
515 702 676 743 Non.Juyl.
693 703 759 734 l'An
772 703 808 734 de
819 703 915 734 nostre
927 703 1065 741 Seignour
1084 710 1166 740 1295⁴

116 741 151 773 &
166 742 201 772 de
212 740 306 771 nostre
318 741 420 781 Regne
434 742 508 771 tiers.

118 862 210 897 Bulla
234 859 484 894 commendatoria
505 873 559 908 pro
584 862 764 910 quibasdam
792 861 1016 896 Mercatoribus
1044 866 1074 895 in
1098 865 1168 895 An-

425 912 525 957 glirzm
541 923 560 943 a
577 915 660 957 Papa
679 911 860 957 transtntffis.

94 1018 101 1024 .
119 993 324 1056 BOnifacius
338 994 490 1034 Episcopus
524 995 616 1026 servus
630 996 773 1028 servorum
788 996 860 1035 Dei,
880 996 1020 1028 carissimo
1034 997 1061 1026 in
1070 995 1169 1026 Chris-

189 1042 222 1064 to
241 1033 322 1072 filio,
339 1034 473 1065 Edvardo
488 1020 564 1072 Regi
583 1036 694 1075 Angliae
707 1035 804 1065 illustri
817 1059 828 1074 ,
846 1036 959 1066 salutem
975 1036 1008 1066 &
1022 1034 1170 1072 Apostoli-

78 1096 84 1102 .
119 1081 183 1102 cam
197 1071 434 1103 benedictionem.

21 1122 31 1140 i
160 1110 239 1140 Cum
261 1111 380 1151 dilectos
401 1110 473 1141 filios
487 1135 497 1148 ,
513 1110 673 1150 johannem
688 1111 899 1150 Aldibrandini,
917 1111 1097 1142 Nicholaum
1111 1110 1170 1141 Ca-

122 1149 281 1179 'cialeonem
295 1173 305 1187 ,
331 1148 459 1179 Glanum
482 1150 515 1180 &
536 1150 677 1180 Villanum
698 1150 835 1180 Lurclieti
849 1150 884 1180 de
897 1150 1037 1180 Societate
1052 1148 1170 1179 Claren-

123 1194 184 1218 tum
199 1186 235 1217 de
248 1187 369 1217 Pistorio
377 1210 387 1226 ,
405 1187 535 1218 Camerae
549 1188 653 1218 nostrae
662 1187 836 1218 Mercator-es
845 1211 854 1226 ,
868 1198 920 1227 pro
935 1187 1097 1226 quibusdam
1106 1187 1170 1217 Ro—

121 1236 214 1256 manre
227 1225 360 1256 Ecclesiae
373 1227 492 1263 negotiis
505 1227 538 1256 ad
551 1235 638 1263 partes
654 1227 766 1264 Angliae
781 1227 1009 1257 transmittamus:

162 1264 404 1303 Magnificentiam
418 1264 538 1304 Regiam
552 1265 704 1303 rogandam
725 1264 853 1294 duximus
868 1265 994 1294 attentius
1007 1265 1040 1294 &
1055 1263 1171 1293 hortan-

123 1302 207 1341 dam,
226 1312 358 1340 quatenus
379 1302 450 1340 ipsos
463 1327 472 1339 ,
494 1312 547 1339 pro
562 1302 658 1332 nostra
671 1304 703 1333 &
721 1302 895 1340 Apostolicae
910 1302 987 1332 Sedis
1000 1301 1172 1338 reverentia,

124 1342 246 1380 benigne
263 1342 399 1378 recipiens
413 1365 422 1378 ,
443 1341 476 1370 Sc
496 1339 614 1370 honeste
634 1340 802 1380 pertrac'tans
817 1364 826 1378 ,
845 1342 882 1370 eis
896 1341 929 1371 &
945 1350 1045 1370 corum
1058 1340 1172 1369 cuilibet

123 1390 173 1417 per
187 1388 286 1447 redu-as,
303 1381 332 1409 iri
346 1379 444 1417 quibus
456 1387 567 1408 exerces
581 1379 759 1416 dominium,
777 1378 812 1408 de
822 1379 920 1408 securo
935 1378 1080 1408 conductu
1093 1378 1174 1408 facias

143 1428 204 1448 rovr
225 1427 273 1448 eri.

121 1429 141 1458 p
162 1455 198 1486 Et
216 1455 417 1485 nichilominus
439 1452 469 1484 in
489 1454 600 1494 agendis
621 1453 747 1493 ipsorum
761 1479 771 1493 ,
797 1465 864 1485 cum
887 1455 922 1484 ab
938 1455 993 1492 eis,
1011 1453 1056 1485 vel
1072 1464 1173 1484 eorum

122 1493 216 1531 aliquo
238 1494 322 1523 fueris
344 1493 485 1531 requisitus
499 1517 508 1532 ,
532 1492 631 1523 affistas
644 1493 750 1523 eisdem
764 1493 907 1523 favoribus
921 1493 1017 1531 Regiis
1033 1494 1065 1523 ὃς
1083 1493 1174 1530 praeli-

125 1534 176 1562 diis
196 1533 385 1570 opportunis,
410 1533 447 1561 ita
467 1531 545 1569 quod
565 1540 599 1561 ex
619 1531 676 1561 hoc
700 1531 880 1562 Excellentiae
900 1531 1001 1570 Regiae
1014 1530 1174 1562 devotionis

122 1570 376 1608 promptitudinem
388 1569 497 1609 dignius
512 1569 796 1601 commendationum
811 1570 893 1600 titulis
911 1570 1077 1600 attollamus.

160 1645 271 1676 Datum
286 1645 422 1685 Anagniae
441 1645 467 1675 8.
486 1643 552 1675 Idus
562 1644 629 1684 Julii
642 1669 652 1684 ,
672 1645 856 1676 Pontificatfis
871 1645 958 1676 nostri
972 1655 1047 1675 anno
1057 1645 1158 1683 primo.

194 1771 241 1802 De
259 1770 384 1816 Treugis
397 1772 473 1801 inter
494 1769 609 1816 Angh'ae
627 1772 663 1808 (ῤ’
683 1771 813 1802 Francia·
830 1772 919 1816 Reges
930 1773 1106 1816 prorogatis.

126 1853 332 1915 BOnifacius
354 1853 509 1892 Episcopus
523 1878 533 1892 ‚
557 1853 648 1887 servus
668 1853 811 1885 servorum
832 1853 913 1892 Dei,
938 1853 971 1884 ad
992 1853 1116 1885 futuram
1138 1855 1176 1885 rei

104 1898 112 1905 ⁶
196 1902 373 1923 memoriam.

163 1931 283 1962 Dudum
298 1955 308 1969 ,
330 1932 402 1961 inter
423 1929 576 1961 carissimos
596 1932 625 1961 in
649 1930 766 1961 Christo
779 1930 850 1960 filios
863 1930 992 1968 nostros,
1012 1930 1175 1974 Philippum

126 1969 252 2000 Franciae
269 1979 304 1999 ex
324 1978 402 2007 parte
421 1969 494 2008 una,
512 1970 545 2000 &
559 1969 731 2000 Edwardum
745 1969 855 2007 Angliae
869 1979 902 1999 ex
917 1969 1016 2006 altera,
1034 1970 1129 2008 Reges
1144 1970 1176 2000 il-

126 2008 223 2039 lustres
237 2032 246 2046 ,
271 2008 349 2046 super
369 2008 478 2038 diversis
499 2009 618 2038 articulis
635 2007 750 2038 materia
770 2007 943 2038 dissentionis
957 2007 1071 2046 exorta,
1090 2009 1176 2039 iidem

128 2047 222 2085 Reges
235 2071 245 2084 ,
270 2057 320 2085 per
341 2046 467 2084 speciales
486 2046 609 2083 ipsorum
631 2045 833 2076 Procuratores
854 2047 887 2076 &
909 2047 1026 2076 nuncios
1041 2069 1050 2084 ,
1073 2046 1107 2076 ad
1122 2056 1175 2076 nos

127 2093 274 2154 gropterea
290 2085 439 2117 destinatos
453 2109 462 2124 ,
479 2085 512 2116 &
526 2086 561 2116 ab
575 2086 612 2115 eis
625 2084 705 2123 super
719 2085 769 2115 hiis
783 2084 929 2122 specialem
943 2084 1110 2123 potestatem
1126 2086 1176 2115 ha-

148 2134 224 2155 entes

164 2163 199 2193 In
216 2148 269 2193 n'os
280 2185 289 2201 ,
313 2171 447 2201 tanquam
467 2163 497 2194 in
517 2164 653 2202 privatam
675 2161 842 2201 personam,
860 2163 893 2193 &
905 2161 1069 2194 Dominum
1083 2161 1174 2193 Bene-

125 2201 235 2232 dietum
251 2201 433 2240 Gaytanum,
451 2211 583 2240 tanquam
598 2203 627 2232 in
641 2203 775 2232 arbitrum
789 2223 798 2239 ,
821 2202 1035 2239 arbitratorem,
1053 2201 1177 2232 laudato-

125 2249 205 2278 rem,
223 2239 422 2278 diffinitorem,
440 2241 599 2271 arbitralem
611 2241 836 2271 sententiatorem
855 2241 888 2271 δε
903 2241 1081 2270 amicabilem
1094 2250 1178 2270 com-

122 2279 297 2317 positorem,
316 2287 540 2316 praeceptorem,
552 2279 766 2316 ordinatorem,
784 2278 1034 2316 dispolitorem,&
1049 2288 1177 2316 pronun-

124 2319 262 2348 ciatorem
276 2339 285 2355 ,
308 2318 387 2355 super
402 2317 580 2347 reformanda
591 2327 661 2357 pace
673 2318 707 2348 &
720 2317 877 2347 concordia
892 2318 963 2347 inter
980 2317 1051 2356 ipsos
1069 2317 1175 2356 Reges,

123 2356 159 2386 ὃς
172 2355 251 2393 super
265 2356 316 2385 hiis
332 2366 396 2394 quae
408 2355 443 2386 ad
460 2366 559 2393 pacem
576 2357 730 2393 pertinent,
747 2364 780 2385 ac
791 2355 870 2393 super
883 2356 1018 2386 omnibus
1038 2356 1072 2386 &
1085 2355 1176 2394 fingu-

124 2394 156 2424 lis
179 2394 319 2424 discordiis
333 2417 343 2432 ‚
367 2395 471 2432 guerris
486 2417 496 2432 ,
523 2395 616 2424 litibus
631 2417 640 2432 ,
658 2394 873 2430 controveriiis,
892 2394 993 2432 caulis,
1011 2394 1176 2431 quaestioni-

125 2434 195 2470 bus,
212 2433 340 2470 dampnis
360 2435 394 2463 δε
414 2433 534 2470 injuriis,
552 2433 731 2470 petitionibus
754 2432 787 2461 &
806 2432 962 2462 aetionibus
975 2454 984 2469 ,
1008 2432 1124 2461 realibus
1141 2433 1174 2462 &

123 2471 312 2509 personalibus
331 2479 413 2508 atque
434 2471 525 2500 mixtis
541 2493 551 2509 ,
576 2481 640 2508 quae
660 2470 768 2499 fuerant
785 2492 795 2507 ,
812 2478 904 2507 erant,
922 2469 968 2499 vel
981 2469 1037 2499 effe
1049 2478 1178 2507 poterant

123 2511 195 2539 inter
208 2509 322 2539 eosdem
337 2508 449 2548 Reges,
467 2509 618 2539 occalione
632 2517 828 2547 quaerunque,
844 2509 897 2538 alte
913 2509 946 2538 &
961 2508 1053 2546 basse,
1070 2508 1178 2541 absolu-

124 2549 155 2578 te
167 2557 200 2577 ac
213 2548 316 2584 libere,

162 2586 224 2616 Sub
243 2589 319 2616 certa
339 2585 434 2616 forma
451 2585 686 2624 compromittere
699 2593 882 2623 curaverunt,
901 2585 1041 2623 volentes,
1061 2585 1179 2623 promit-

126 2632 233 2662 tentes,
250 2626 283 2656 δε
303 2624 426 2661 expresse
446 2624 650 2654 consentientes
672 2623 779 2654 tamdiu
802 2624 1004 2662 compromissa
1019 2623 1179 2661 hujusmodi

125 2662 274 2701 perdurare
288 2684 297 2699 ,
321 2662 453 2700 quamdiu
472 2671 630 2702 treugarum
643 2686 652 2700 ,
677 2662 832 2693 voluntarie
853 2663 982 2692 initarum
1005 2663 1086 2692 antea
1106 2663 1177 2691 inter

125 2701 219 2731 dictos
238 2701 331 2740 Reges
346 2723 356 2739 ,
373 2708 484 2738 ternpus
499 2702 531 2731 ὃς
547 2701 680 2731 terminus
693 2700 864 2741 perduraret:
887 2700 978 2739 Qiod
995 2700 1109 2738 quidem
1122 2700 1178 2730 effe

126 2739 254 2770 dixerunt
273 2740 353 2770 unius
374 2741 454 2777 anni,
473 2740 488 2768 a
504 2738 588 2769 Festo
602 2738 767 2776 Epiplianiae
781 2741 913 2777 proximo
929 2740 1083 2777 praeterito,
1104 2746 1174 2769 tunc

125 2779 259 2816 proximo
280 2778 375 2808 futuro
388 2801 398 2814 ,
423 2778 508 2815 usque
521 2777 555 2807 ad
568 2777 642 2807 aliud
655 2777 771 2807 Festum
786 2777 951 2816 Epiplianiae
962 2787 1038 2808 nunc
1051 2777 1178 2808 futurum

125 2818 277 2854 proximo,
295 2816 476 2854 numerandi,
495 2817 527 2846 δε
542 2815 620 2854 quod
634 2826 686 2846 nos
700 2816 829 2854 interim,
847 2816 868 2845 fi
882 2815 1005 2854 placeret
1019 2816 1102 2846 nobis
1116 2840 1126 2853 ,
1145 2825 1177 2846 ac

126 2854 284 2890 videremus
299 2852 447 2891 expediens
460 2879 469 2892 ,
487 2855 632 2892 possemus
650 2855 681 2884 in
694 2861 773 2884 antea
785 2854 945 2893 hujusmodi
956 2853 1179 2892 compromisso-

127 2903 189 2923 rum
204 2916 214 2931 ,
236 2903 268 2923 ac
289 2893 396 2923 ferendi
415 2894 520 2923 arbitrii
532 2917 540 2932 ,
566 2893 611 2923 seu
624 2893 777 2931 arbitragii,
795 2894 828 2924 ὃ(
842 2893 979 2930 aliorum,
997 2894 1027 2922 in
1041 2903 1179 2930 compro-

129 2931 213 2962 miffis
233 2930 393 2970 hujusmodi
412 2939 637 2969 contentorum,
664 2941 779 2961 necnon
802 2932 835 2962 &
856 2931 1051 2971 praedkstarum
1070 2939 1180 2970 treuga—

130 2980 194 3000 rum
213 2970 232 2989 *
251 2980 362 3006 tempus
383 2971 416 3000 &
435 2971 588 3000 terminum
602 2994 612 3008 ,
637 2969 717 3000 simul
738 2970 771 3000 ὃς
785 2979 846 3000 non
860 2969 954 3009 aliter,
971 2968 1102 3001 semel&
1116 2971 1178 3008 plu-

131 3010 197 3046 ries,
216 3008 250 3038 ad
263 3008 394 3038 nostrum
408 3008 613 3046 beneplacitum
627 3017 713 3047 proro
734 3018 787 3038 are.

171 3047 239 3077 Nos
255 3048 325 3077 vero
340 3069 349 3084 ,
373 3046 511 3084 praedidtis
532 3048 694 3084 compromi
717 3057 739 3077 is
759 3047 893 3085 receptis,
911 3045 1050 3084 quandam
1064 3046 1178 3077 ordina-

132 3085 241 3115 tionem
256 3108 266 3124 ,
291 3085 369 3122 super
380 3084 538 3122 hujusmodi
550 3086 680 3124 negotio,
699 3094 782 3123 prout
796 3093 864 3115 tunc
880 3085 1009 3115 conditio
1024 3086 1178 3124 temporis,

131 3124 165 3154 &
181 3123 288 3163 negotii
299 3123 381 3153 status
395 3123 428 3154 &
445 3123 555 3161 qualitas
570 3122 716 3154 suadebant
728 3147 738 3162 ,
760 3123 890 3154 duximus
910 3122 1085 3162 faciendam,
1104 3134 1178 3153 non-

131 3162 211 3192 nullis
226 3164 254 3191 in
269 3161 372 3192 eodem
386 3162 503 3200 negotio
518 3161 566 3190 sub
579 3161 670 3191 futura
691 3162 867 3192 ordinatione
888 3162 1096 3192 remanentibus
1114 3170 1180 3192 atta-

130 3210 198 3230 men
217 3201 246 3230 in
265 3200 390 3238 suspenso
403 3224 412 3238 ,
437 3209 521 3238 prout
540 3200 570 3229 in
595 3201 826 3237 pronunciatione
845 3200 977 3238 praedieta
998 3199 1180 3231 ordinationis

129 3239 236 3277 plenius
247 3240 415 3269 continetur.

166 3277 259 3308 Nunc
281 3286 377 3307 autem
392 3301 401 3315 ,
425 3276 597 3308 attendentes
618 3275 696 3314 quod
709 3301 719 3316 ,
741 3277 860 3308 faciente
874 3279 949 3316 pacis
962 3277 1072 3316 atstore,
1091 3277 1107 3306 a
1122 3287 1180 3315 quo

129 3315 233 3345 cunita
255 3316 329 3346 bona
345 3316 504 3353 procedunt
520 3338 529 3353 ,
553 3325 584 3344 ea
598 3338 608 3352 ,
632 3325 697 3352 quae
718 3325 767 3352 per
788 3326 841 3346 nos
863 3316 989 3347 ordinata
1010 3317 1180 3354 noscuntur,

127 3352 258 3390 prospera
271 3353 443 3384 successione
456 3353 613 3390 virescunt,
631 3354 664 3383 &
676 3352 857 3384 desiderantes
871 3355 1028 3389 admodum
1037 3356 1109 3384 inter
1123 3363 1180 3384 cae-

128 3400 187 3422 tera
200 3414 210 3429 ,
234 3401 299 3429 quse
320 3392 416 3422 votiva
436 3392 555 3422 semibus
570 3390 670 3421 nostris
684 3401 855 3431 occurrunt,
872 3402 902 3424 ut
917 3394 946 3423 in
962 3393 1078 3430 praefato
1091 3401 1180 3431 nego-

127 3431 187 3467 tio,
205 3438 239 3459 ex
252 3429 354 3460 nostris
370 3429 480 3467 studiis,
499 3429 587 3460 divini
599 3429 692 3459 auxilii
706 3429 900 3470 suffragatione
913 3432 1030 3469 fulcitis,
1049 3432 1130 3462 foelix
1144 3432 1178 3461 δε

127 3468 294 3499 desideratus
313 3468 488 3506 subsequatur
506 3467 624 3498 effeetus
637 3480 647 3506 3
674 3468 708 3498 δε
721 3477 867 3506 propterea
879 3480 1039 3507 praecavere
1053 3469 1180 3501 volentes

128 3517 166 3537 ne
183 3515 293 3544 tempus
310 3506 391 3544 iplius
404 3505 568 3543 perficiendi
580 3506 687 3545 negotii
699 3507 815 3543 patiatur
827 3508 982 3539 excursum.
1049 3506 1051 3509 ’

168 3544 296 3575 Praefatas
310 3553 434 3583 treugas,
452 3553 537 3582 prout
551 3545 628 3574 initae
641 3543 688 3575 vel
701 3544 816 3575 indietae
828 3545 941 3576 fuerunt
979 3547 1013 3577 ὃς
1029 3548 1099 3576 inter
1109 3555 1174 3576 om-

127 3593 177 3614 nes
198 3583 306 3613 easdem
327 3583 454 3620 personas
465 3605 474 3620 ,
493 3583 565 3612 inter
580 3592 660 3620 quas,
679 3583 712 3613 δε
726 3581 820 3621 quoad
836 3593 902 3622 quas
913 3571 1026 3615 indictae
1041 3585 1086 3615 vel
1101 3586 1176 3614 initae

127 3622 210 3655 fuisse
221 3622 390 3660 noscuntur,
409 3622 442 3651 &
455 3620 587 3660 praediffita
602 3620 823 3660 compromissa,
836 3624 869 3654 &
883 3623 1069 3660 imposterum
1086 3622 1176 3653 feren-

128 3659 200 3691 dum
220 3661 364 3691 arbitrium
377 3683 387 3697 ,
413 3659 457 3689 seu
477 3659 656 3698 arbitragium
667 3681 677 3697 ,
695 3667 846 3697 totumque
859 3663 1024 3700 negotium,
1042 3670 1126 3699 prout
1141 3669 1176 3691 ex

129 3699 222 3729 futura
236 3697 332 3729 nostra
341 3697 518 3728 ordinatione
532 3707 564 3727 ac
578 3697 722 3727 decisione
734 3696 906 3736 dependent,
925 3699 941 3728 a
954 3700 1091 3737 praedicto
1097 3708 1175 3729 nunc

129 3739 264 3774 proximo
278 3737 373 3767 futuro
386 3735 551 3773 Epiphaniae
565 3735 649 3765 Festo
664 3758 674 3773 ,
691 3735 775 3773 usque
790 3736 824 3766 ad
838 3737 912 3767 aliud
925 3737 1040 3768 Festum
1053 3737 1177 3777 Epipha-

129 3776 186 3805 niae
194 3799 203 3814 ,
220 3784 331 3811 exnunc
343 3774 466 3805 secundo
478 3782 647 3812 venturum,
664 3782 698 3803 ex
707 3773 868 3812 hujusmodi
879 3776 1016 3814 potestate
1026 3777 1110 3807 nobis
1123 3784 1178 3807 tra-

130 3813 207 3851 dita,
221 3823 413 3854 prorogamus.

169 3851 267 3890 Qam
286 3851 400 3890 quidem
422 3852 666 3890 prorogationem,
685 3850 718 3880 &
733 3859 854 3880 omnem
866 3851 923 3889 ejus
937 3851 1090 3891 effectum,
1108 3862 1181 3891 prae-

129 3890 250 3926 cipimus
264 3912 273 3927 ,
297 3890 346 3920 sub
368 3891 460 3929 pcenis
474 3890 503 3918 in
516 3887 724 3926 compromiffis
736 3888 866 3926 adjectis,
882 3890 1076 3921 inviolabiliter
1089 3893 1105 3921 a
1119 3902 1182 3929 par-

131 3928 204 3956 tibus
219 3928 371 3967 observari3
390 3927 540 3965 ordinatis,
557 3927 707 3964 arbitratis,
725 3928 886 3965 praeceptis,
901 3926 1041 3967 diffinitis,
1058 3929 1182 3968 laudatis,

130 3965 164 3995 ὃς
184 3964 349 3996 sententiatis
374 3976 424 4004 per
446 3976 498 3996 nos
517 3966 652 3996 hactenus
670 3966 700 3994 in
714 3973 876 3995 memorato
886 3968 1020 4005 negotio,
1037 3969 1067 3997 in
1079 3968 1125 3999 sua
1139 3970 1183 3998 ni-

131 4002 301 4034 chilominus
314 4005 520 4035 remanentibus
534 4004 671 4034 firmitate.
963 4032 969 4042 b

169 4040 254 4084 Nulli
268 4051 335 4081 ergo
349 4044 468 4073 omnino
481 4044 631 4073 hominum
642 4042 722 4072 liceat
733 4041 806 4072 hanc
821 4041 950 4081 paginam
963 4042 1068 4074 nostrae
1081 4053 1182 4081 proro-

132 4080 251 4118 gationis
265 4080 298 4110 &
311 4082 445 4118 praecepti
458 4081 627 4119 infringere,
643 4080 689 4111 vel
703 4080 729 4109 ei
743 4081 806 4110 ausu
819 4081 968 4111 temerario
981 4084 1135 4113 contraire:

170 4116 451 4187 Sirlquislautremlffc
465 4128 629 4159 attemptare
642 4118 859 4159 praesumpserit,
876 4118 1097 4158 indignationem
1115 4129 1181 4152 om-

220 4166 268 4192 om,
295 4177 302 4185 .
348 4179 354 4187 .
426 4179 433 4194 Δ

1 1900 85 1953 129'5.

0 1958 31 1981 ln⁴
48 1962 94 1990 23.

0 2038 34 2058 ot.
54 2033 93 2057 A-

1 2078 70 2096 mari.

0 2117 27 2142 7.
41 2111 71 2133 E.
89 2116 112 2134 1.

0 2154 16 2173 ι.
37 2154 79 2174 10.

0 2997 118 3035 ³11.6s3.

1212 228 1688 281 PUBLICA.
2185 252 2266 294 ¹47

1200 318 1353 361 nipotentis
1369 319 1433 363 'Dei
1447 347 1456 360 ‚
1475 325 1507 355 δε
1523 326 1687 365 beatorum,
1710 326 1832 359 Petri&
1845 327 1940 367 Pauli,
1958 326 2166 368 Apostolorum
2179 328 2254 367 ejus,
2273 325 2347 357 Ann-
2358 324 2402 357 DJ

1198 356 1225 385 se
1238 365 1350 387 noverit
1366 361 1548 392 incursurum.
2290 373 2372 405 1295.

2268 407 2336 433 Edv.
2358 414 2381 433 i.

1202 430 1305 498 mclssat.
1325 431 1461 473 Anagnia:
1483 447 1527 467 12.
1548 438 1613 469 Kal.
1632 439 1769 480 Augusti,
1787 442 1971 475 Pontificatsis
1986 443 2077 475 nostri
2096 448 2172 473 anno
2193 437 2252 480 pri-

1234 595 1323 627 Bulla
1340 598 1593 632 commendatoria
1605 612 1658 647 pro
1673 603 1850 648 Templariis
1861 632 1870 648 ,
1895 609 1932 644 cfr
1950 606 1986 639 de
2001 609 2097 654 Regno
2119 612 2214 657 cypri.

1206 676 1257 736 B
1267 678 1412 712 Onifacius
1425 682 1595 722 Episcopus,
1614 685 1704 716 servus
1716 684 1860 718 servorum
1872 688 1946 726 Dei,
1964 690 2103 722 carissimo
2116 693 2145 722 in
2155 693 2254 723 Chris-
2270 698 2343 728 Ann.
2358 697 2400 728 D„

1207 726 1307 785 benet?
1328 719 1386 762 filio
1516 722 1591 762 Regi
1613 724 1723 762 Angliae
1743 724 1860 764 illustri,
1883 727 1998 757 salutem
2016 729 2049 758 &
2068 730 2252 767 apostolicam
2292 745 2375 775 1295.

1301 757 1444 787 ustionem.
2268 779 2320 804 Aa.
2338 785 2383 812 23,

1245 793 1354 838 Statum
1373 796 1556 840 miserabilem
1576 807 1656 829 terrae
1673 799 1774 830 sanctae
1788 824 1797 839 ,
1815 802 2005 840 conscriptum
2020 804 2049 833 in
2062 804 2135 836 libro
2150 807 2254 839 nostrae
2270 819 2300 842 E.
2323 823 2345 840 t.

1209 840 1355 876 memoriae
1374 843 1546 880 reunemus3
1571 838 1621 875 &,
1639 837 1708 867 dum
1723 838 1768 868 ille
1783 841 1853 870 infra
1867 841 2021 871 claustrum
2035 845 2136 873 mentis
2149 845 2255 877 nostrae
2271 857 2311 879 Ex
2326 854 2383 879 Au-

1209 870 1363 900 revolVitur
1377 896 1386 915 ,
1410 883 1507 903 amaris
1528 885 1589 918 nos·
1601 877 1700 915 pungit
1714 877 1830 915 aculeis,
1848 879 2030 918 nostramque
2042 883 2182 919 perturbat
2198 885 2255 922 ejus
2269 897 2333 928 mgr.

1208 912 1523 954 rememoratiol'crebra
1544 923 1691 951 quietem,
1719 916 1786 951 quin
1805 917 1898 955 potitis
1915 918 2062 954 profundis
2076 930 2128 950 nos
2141 921 2256 959 suspiriis

1209 954 1326 985 excitat,
1344 956 1374 977 ut
1388 949 1481 979 eidem
1494 959 1575 981 terrae
1587 960 1690 989 optatae
1704 953 1900 984 consolationis
1919 957 2041 986 remedia
2055 967 2252 996 procuremus·

1209 994 1258 1022 per
1270 995 1335 1030 quae
1347 985 1459 1029 saltem,
1478 988 1694 1032 hocternpore,
1711 990 1779 1020 illud
1793 992 1956 1031 modicum,
1975 995 2052 1032 quod
2065 996 2100 1026 de
2113 998 2182 1028 terra
2198 984 2257 1035 ips}

1208 1022 1374 1067 Christianis
1392 1026 1550 1056 remansisse
1568 1027 1721 1058 dinoscitur
1735 1052 1744 1066 ,
1760 1028 1952 1069 conservetur,
1970 1034 2007 1062 ne
2022 1033 2147 1065 hostium
2159 1037 2259 1067 catho-

1208 1061 1271 1091 hcae
1285 1061 1350 1091 fidei
1362 1062 1439 1093 ferali
1450 1065 1596 1104 contingat
1609 1066 1696 1096 subici
1707 1065 1813 1096 ditioni.

1247 1099 1368 1137 Propter
1390 1101 1468 1139 quod
1489 1102 1550 1132 illos
1564 1127 1573 1141 ,
1597 1105 1645 1141 qui
1660 1104 1818 1142 hujusmodi
1830 1105 1953 1136 modicae
1987 1110 2049 1138 artis
2060 1109 2196 1142 custodiae
2209 1122 2258 1143 va-

1209 1147 1273 1182 care
1293 1139 1445 1170 noscuntur
1456 1161 1466 1178 ‚
1490 1140 1615 1180 benigno
1627 1141 1725 1173 favore
1739 1142 1940 1183 prospicimus,
2005 1147 2122 1178 libenter
2136 1150 2258 1187 ipsorum

1207 1184 1333 1221 quietern
1346 1177 1380 1207 &
1394 1178 1518 1208 comoda
1531 1189 1753 1219 promovemuS,
1770 1190 1800 1212 ut
1813 1181 1955 1213 efficacius
1969 1185 1997 1214 in
2013 1185 2064 1215 hac
2080 1188 2260 1223 parteChris-

1209 1222 1229 1244 ti
1244 1214 1386 1246 servmum
1398 1216 1606 1254 prosequantur.

1223 1292 1228 1297 .
1247 1252 1329 1283 Cum
1342 1255 1426 1292 igitur
1440 1255 1534 1285 dilecti
1547 1255 1595 1286 filii
1725 1256 1862 1297 Magister
1881 1259 1915 1289 &
1928 1259 2034 1290 Fratres
2049 1259 2166 1292 Domsis
2180 1263 2261 1294 Mili-

1209 1299 1256 1321 tiae
1277 1292 1395 1336 Templi
1408 1292 1627 1336 Jerosolimitani
1641 1319 1651 1332 ,
1668 1294 1704 1325 de
1716 1295 1815 1326 nostro
1828 1297 2006 1334 beneplacito
2019 1299 2053 1329 ὃς
2064 1300 2214 1338 mandato,
2231 1303 2262 1332 in

1211 1328 1319 1373 Regno
1339 1330 1420 1368 Cipri
1432 1354 1441 1369 ‚
1467 1341 1519 1369 pro
1534 1332 1615 1369 ipsius
1634 1333 1760 1363 custodia
1775 1335 1809 1365 &
1822 1334 1984 1366 defensione
1997 1337 2152 1376 continua,
2167 1339 2263 1376 perso-

1211 1368 1308 1410 naliter
1320 1378 1431 1412 moram
1444 1370 1568 1408 trahant,
1585 1371 1610 1401 se
1621 1371 1655 1401 ὃς
1667 1371 1711 1401 sua
1724 1374 1872 1410 propterea
1885 1374 2007 1405 totaliter
2028 1377 2214 1415 exponendo,
2230 1386 2263 1408 ut

1213 1406 1297 1445 digne
1319 1407 1439 1445 promde
1459 1407 1619 1445 Apostolici
1641 1409 1784 1448 Regiique
1801 1411 1903 1442 favoris
1924 1413 2074 1445 confoveri
2094 1414 2180 1453 gratia
2201 1425 2263 1446 me-

1210 1454 1329 1475 reantur.

1250 1483 1433 1530 serenitatem
1453 1483 1576 1524 Regiam
1596 1494 1724 1525 rogamus
1736 1511 1746 1525 ,
1770 1487 1805 1518 ὃς
1824 1487 1969 1519 hortamur
1980 1498 2101 1529 attente,
2117 1493 2264 1532 quatinus,

1214 1531 1267 1560 pro
1286 1521 1381 1552 divma
1396 1546 1406 1565 ,
1425 1522 1458 1552 &
1479 1521 1644 1560 apostolicae
1665 1523 1733 1555 sedis
1746 1548 1755 1563 ,
1773 1536 1806 1556 ac
1820 1525 1917 1557 nostra
1931 1528 2101 1568 reverentia,
2120 1530 2262 1567 praefatam

1213 1561 1334 1590 domum
1347 1583 1357 1598 ,
1383 1560 1493 1604 ejusque
1516 1562 1659 1601 personas,
1678 1563 1711 1594 &
1728 1564 1803 1594 bona
1817 1587 1827 1602 ,
1842 1565 1870 1594 in
1886 1564 1990 1604 Regno
2003 1574 2054 1597 tuo
2069 1568 2260 1608 consistentia,

1213 1599 1311 1629 favore
1330 1598 1466 1629 benivolo
1487 1599 1656 1638 prosequaris
1670 1625 1679 1638 ,
1704 1602 1816 1639 ipsaque
1828 1602 1926 1633 habeas
1937 1605 2100 1642 propensius
2114 1616 2264 1637 commen-

1214 1637 1275 1668 data
1289 1661 1299 1675 ,
1324 1637 1357 1667 &
1380 1647 1395 1666 a
1416 1637 1584 1681 quibussibet
1601 1638 1734 1670 molestiis
1754 1641 1788 1671 ὃ(
1807 1642 1910 1680 injuriis
1930 1643 1967 1672 de
1988 1643 2080 1684 Regia
2092 1644 2264 1685 benignitate

1215 1676 1361 1713 praeserves
1376 1676 1409 1706 &
1421 1673 1503 1706 facias
1519 1676 1682 1714 praeservari.

1253 1713 1302 1744 De
1315 1714 1426 1758 speciali
1436 1714 1521 1751 gratia
1532 1714 1732 1746 nichilominus
1744 1718 1950 1757 permittendo,
1968 1719 2047 1757 quod
2061 1720 2156 1752 fratres
2170 1722 2219 1760 ipsi
2227 1723 2264 1754 de

1217 1751 1323 1791 Regno
1341 1751 1478 1790 praedicto
1493 1777 1502 1790 ,
1524 1753 1558 1783 &
1579 1754 1636 1783 aliis
1648 1756 1725 1784 terris
1737 1756 1771 1786 &
1784 1755 1869 1795 locis,
1887 1757 1989 1795 Regiae
2001 1758 2102 1789 ditioni
2115 1760 2262 1799 subjedtis,

1215 1800 1315 1820 eorum
1344 1792 1417 1834 bona
1444 1801 1496 1829 pro
1515 1791 1732 1823 substentatione
1751 1794 1872 1831 ipsorum
1888 1818 1898 1833 ,
1921 1795 1955 1826 δε
1976 1795 2137 1828 defensione
2158 1799 2265 1836 praefati

1216 1828 1315 1866 Regni
1333 1828 1415 1867 Cipri
1428 1852 1438 1867 ,
1463 1830 1604 1860 extrahere
1618 1831 1706 1861 libere
1719 1832 1871 1863 valeant&
1885 1833 2011 1872 deferre,
2031 1834 2100 1865 sicut
2112 1836 2264 1876 haetenus,

1212 1867 1283 1898 dum
1297 1869 1477 1897 morabantur
1487 1869 1517 1897 in
1530 1867 1639 1906 Regno
1648 1869 1894 1909 Jerosolimitano,
1911 1871 1948 1902 de
1959 1871 2140 1910 permistione
2155 1874 2266 1914 Regia,

1213 1915 1244 1937 ut
1258 1906 1394 1943 asserunt,
1411 1906 1557 1937 faciebant.

1251 1944 1299 1974 Sic
1321 1945 1351 1987 in
1374 1943 1518 1982 praemiffis
1539 1953 1567 1974 te
1587 1946 1734 1986 benignius
1755 1947 1898 1978 habiturus
1913 1971 1923 1986 ,
1941 1948 2018 1986 quod
2031 1950 2104 1987 apud
2117 1949 2218 1981 Deum
2232 1951 2266 1982 &

1215 1982 1412 2026 Apostolicam
1426 1982 1528 2026 Sedem
1543 1984 1662 2020 proinde
1673 1984 1791 2016 reddaris
1803 1987 1962 2026 acceptior,
1980 1997 2013 2018 ac
2027 1988 2115 2019 salutis
2128 1998 2266 2028 augmen-

1214 2030 1276 2052 tum
1289 2030 1348 2051 non
1363 2023 1508 2052 immerito
1522 2022 1707 2061 consequaris.

1252 2096 1321 2128 Dat.
1341 2095 1495 2136 Anagniae,
1517 2107 1561 2128 12.
1581 2097 1647 2130 Kal.
1666 2098 1740 2140 Aug.
1760 2099 1945 2132 Pontificatfis
1960 2101 2051 2133 nostri
2070 2113 2146 2135 anno
2161 2106 2265 2143 primo.

1857 2177 1912 2208 Sub
1918 2177 1972 2218 filo
1986 2177 2108 2209 canabeo.

1237 2296 1264 2324 ’ff‘
1287 2300 1336 2332 De
1355 2302 1489 2333 Licentia
1500 2327 1510 2343 ‚
1529 2310 1584 2347 pro
1601 2298 1793 2344 Wntonienst
1805 2301 1961 2347 Epiftopo‚
1985 2300 2075 2334 eundi
2092 2304 2232 2336 Romam.
2285 2305 2415 2344 *11.684.

1215 2382 1264 2443 B
1274 2383 1422 2415 Onifacius
1432 2385 1602 2423 Episcopus,
1619 2384 1712 2416 servus
1724 2385 1868 2416 servorum
1883 2383 1941 2414 Dei
1973 2382 2112 2416 carissimo
2125 2387 2154 2416 in
2169 2386 2269 2417 Chris-
2282 2389 2358 2422 Ann.
2372 2391 2417 2423 D2'

1213 2430 1317 2489 d‘ffto
1331 2422 1389 2453 filio
1405 2423 1440 2453 E.
1460 2424 1534 2462 Regi
1550 2423 1663 2461 Angli'ae
1676 2423 1789 2462 illustri,
1807 2423 1921 2454 salutern
1936 2407 1969 2454 ἐξ
1983 2424 2165 2462 apostolicam
2180 2425 2266 2455 bene-
2314 2439 2396 2469 1295.

1234 2470 1241 2489 i
1276 2470 1380 2490 ionem.
2282 2472 2311 2495 A
2330 2490 2335 2496 .
2388 2492 2395 2498 .

1251 2497 1332 2528 Cum
1346 2499 1488 2536 praesentia
1498 2499 1662 2530 venerabilis
1677 2499 1764 2531 fratris
1779 2499 2024 2538 nostri,Johannis
2031 2499 2164 2538 Episcopi
2172 2500 2268 2542 Wyn-
2282 2480 2324 2534 Ea
2335 2479 2382 2534 ἐς

1215 2537 1347 2581 tonieniis
1361 2561 1371 2575 ,
1397 2538 1429 2567 fit
1443 2539 1525 2568 nobis
1539 2538 1572 2568 ad
1588 2537 1721 2577 praesens,
1740 2548 1792 2576 pro
1806 2538 1971 2577 quibusdam
1985 2538 2108 2569 ecclefiae
2124 2539 2267 2571 Romanae
2284 2549 2324 2572 Ex
2339 2548 2399 2581 Au-

1217 2585 1252 2605 ne
1272 2584 1352 2612 otiis,
1367 2585 1521 2613 oportuna:
2284 2591 2349 2621 togr.

1267 2614 1438 2644 ‘erenitatem
1458 2615 1562 2654 regiam
1583 2615 1688 2644 attente
1707 2623 1856 2652 rogamus,
1874 2616 2001 2653 quatinus
2017 2615 2109 2645 eidem
2121 2615 2266 2655 Episcopo

1215 2652 1346 2683 veniendi
1371 2652 1406 2682 ad
1426 2662 1500 2690 nos,
1521 2653 1598 2690 juxta
1617 2652 1780 2683 mandatum
1801 2653 1931 2684 nostrum
1947 2677 1957 2691 ,
1979 2653 2096 2683 liberam
2124 2654 2270 2686 licentiam

1217 2691 1351 2729 largiaris,
1370 2691 1403 2721 &
1419 2691 1587 2728 praesertim,
1606 2691 1637 2720 in
1658 2692 1714 2728 ejus
1727 2691 1865 2730 absentia,
1883 2692 1987 2730 ipsum,
2005 2692 2039 2722 δε
2054 2692 2104 2722 fibi
2117 2693 2268 2725 comissam

1218 2729 1364 2759 ecclesiam
1380 2729 1478 2759 habeas
1492 2728 1718 2760 commendatos.

1217 2804 1324 2873 mDat.
1342 2804 1496 2845 Anagniae,
1513 2814 1542 2837 2.
1561 2804 1627 2836 Kal.
1647 2804 1788 2844 Augusti,
1806 2804 1991 2837 Pontificaisis
2009 2805 2100 2837 nostri
2121 2816 2198 2838 anno
2213 2808 2270 2845 pri-

1249 2854 1277 2874 Ο.

1249 2972 1433 3016 Margaretae
1453 2970 1566 3014 Reginae
1585 2970 1769 3001 Francorum
1780 2994 1791 3011 ,
1815 2970 1903 3015 Regis
1916 2968 2033 3015 Angliae
2053 2969 2236 3002 Materterae,

1268 3053 1442 3084 Ereniffimae
1455 3051 1593 3082 Dominae
1606 3076 1616 3090 ,
1633 3052 1668 3082 &
1685 3050 1794 3083 Amitae
1809 3052 1864 3083 suae
1872 3051 2181 3089 cariffimae,Dominae
2189 3051 2271 3083 Mar-
2286 3060 2362 3092 Ann-
2375 3061 2422 3093 D:

1278 3101 1378 3132 garetae
1393 3114 1402 3130 ,
1429 3091 1486 3121 Dei
1504 3090 1607 3130 gratia,
1628 3090 1747 3129 Reginae
1771 3091 1944 3121 Francorum
1964 3090 2081 3128 illustri,
2098 3090 2270 3129 Edwardus,
2315 3109 2395 3139 1295·

1218 3131 1317 3161 eadem
1342 3132 1426 3170 gratia
1440 3153 1450 3167 ,
1474 3129 1535 3159 &ci
1554 3129 1669 3159 salutem
1681 3152 1692 3168 ‚
1716 3138 1786 3160 cum
1800 3129 1953 3160 dileffione
1966 3128 2087 3167 sincera,
2105 3138 2271 3168 promptam
2286 3142 2338 3167 An.
2354 3149 2399 3176 23,

1219 3170 1397 3201 voluntatem
1412 3169 1445 3198 ad
1459 3176 1542 3208 grata.
2285 3182 2316 3204 Ε,
2340 3187 2362 3204 ,-

1256 3205 1452 3238 Desiderantes
1471 3206 1507 3237 de
1528 3205 1598 3235 statu
1617 3203 1713 3236 vestro
1726 3229 1735 3243 ‚
1754 3215 1840 3244 quem
1856 3205 2003 3237 Dominus
2013 3206 2121 3244 semper
2132 3205 2269 3237 salubrem
2284 3216 2419 3251 Claufi23.'

1220 3245 1323 3276 efficiat
1334 3268 1343 3283 ,
1369 3245 1514 3283 prosperos
1529 3244 1622 3274 audire
1632 3253 1776 3282 rumores,
1795 3243 2000 3275 Excellentiam
2013 3244 2136 3275 vestram
2152 3245 2270 3283 requiri-
2286 3258 2314 3281 E.
2328 3263 2351 3280 ι,
2365 3263 2402 3281 m,

1220 3295 1301 3323 muS,
1319 3284 1352 3314 &
1374 3293 1504 3323 rogamus
1524 3283 1652 3320 quatinus
1666 3304 1676 3320 ,
1701 3281 1781 3320 super
1801 3282 1904 3313 eodem
1925 3282 1996 3313 statu
2007 3282 2120 3321 vestro,
2138 3284 2267 3321 quotiens
2291 3300 2318 3327 7,
2331 3292 2358 3320 d,
2398 3286 2401 3289 ⁴

1220 3322 1303 3355 vobis
1316 3323 1489 3362 oportunitas
1501 3321 1604 3358 aderit,
1622 3330 1675 3350 nos
1686 3320 1776 3351 velitis
1789 3320 1905 3351 reddere
1920 3322 2060 3352 certiores.

1257 3361 1305 3392 Ut
1318 3363 1401 3400 igitur
1415 3361 1451 3390 de
1464 3359 1540 3390 Statu
1555 3357 1653 3389 nostro
1667 3358 1764 3390 vestris
1780 3359 1918 3390 desideriis
1931 3358 2054 3396 satisfiat,
2071 3357 2172 3388 vestrae
2179 3357 2269 3388 Celsi-

1218 3399 1307 3430 tudini
1328 3400 1481 3430 innotescat
1500 3397 1592 3434 quod,
1610 3406 1659 3434 per
1671 3396 1730 3427 Dei
1743 3398 1876 3436 gratiam,
1892 3398 1983 3435 plenae
1997 3397 2147 3439 gaudemus
2161 3396 2268 3439 benesi-

1219 3438 1267 3468 cio
1288 3437 1438 3476 sospitatis,
1458 3436 1534 3475 quod
1554 3435 1590 3465 de
1607 3435 1761 3466 Serenitate
1781 3436 1871 3467 vestra
1889 3437 2048 3474 frequenter
2069 3434 2164 3465 audire
2186 3444 2266 3472 cupi-

1218 3486 1283 3507 mus
1291 3498 1301 3515 ,
1316 3477 1350 3508 ὃ(
1363 3485 1502 3514 optamus.

1257 3552 1324 3583 Dat.
1344 3552 1417 3591 apud
1432 3549 1557 3582 Westm.
1580 3558 1625 3579 12.
1645 3549 1691 3580 die
1709 3548 1837 3590 Augusti.

1239 3683 1355 3716 Maria
1373 3681 1559 3712 Francorum
1576 3678 1688 3722 Reginae
1699 3701 1709 3717 ‚
1741 3686 1800 3721 qua
1813 3684 1932 3720 partem
1945 3671 2038 3719 fitam
2055 3675 2086 3705 in
2097 3671 2247 3720 ftpediaeflo

1504 3724 1638 3756 traslam
1647 3723 1759 3768 ftcreto
1776 3724 1971 3757 astitaverat.

1222 3811 1430 3874 EXcellenti
1452 3808 1590 3839 Dominae
1610 3807 1644 3838 &
1668 3808 1778 3844 potenti
1799 3806 1920 3845 Mariae,
1945 3805 2003 3838 Dei
2025 3808 2125 3847 gratia,
2144 3805 2267 3847 Reginae
2287 3816 2416 3852 Annj),

1299 3850 1472 3881 Francorum
1494 3846 1590 3877 illustri
1605 3869 1616 3884 ,
1640 3845 1812 3884 Edwardus,
1829 3843 1890 3880 &c.
1907 3851 1939 3874 ut
1945 3843 2030 3884 fhpra
2036 3868 2046 3884 ,
2064 3855 2120 3876 cam
2131 3844 2183 3885 ista
2197 3845 2269 3875 clau-
2310 3863 2391 3894 1295·

1213 3888 1294 3929 fida,
1312 3887 1408 3928 quase
1428 3890 1508 3915 uitur.
2285 3900 2336 3923 Aa.
2352 3904 2398 3930 23.

1257 3928 1294 3958 Et
1309 3929 1391 3964 licet,
1409 3898 1461 3955 hiis
1474 3923 1590 3960 diebus,
1608 3922 1708 3961 aliquae
1722 3921 1867 3953 discordia:
1881 3921 1932 3952 sint
1945 3921 2081 3960 subortae,
2100 3931 2268 3954 nontamen
2283 3938 2311 3960 E.
2335 3942 2358 3958 ι,

1220 3966 1390 3997 intendimus
1402 3973 1466 4002 erga
1479 3962 1624 3999 personam
1631 3960 1755 3991 vestram
1768 3959 1902 3991 illustrem
1916 3959 2025 3991 idcirco
2038 3961 2190 3999 quicquam
2198 3971 2269 3991 con·
2285 3970 2386 3999 ibidem,

1222 4005 1354 4037 tentionis
1374 4003 1500 4038 habere,
1546 4000 1593 4030 uin
1612 3999 1694 4029 nobis
1715 3997 1866 4038 significare
1887 3997 1994 4036 possitis
2005 4022 2016 4039 ²
2034 4008 2103 4032 cum
2116 4000 2199 4034 vobis
2212 3998 2270 4038 pla.

1223 4044 1327 4080 cuerit,
1346 4050 1409 4080 quae
1420 4039 1520 4071 vestrae
1546 4038 1635 4069 uerint
1648 4037 1748 4076 placita
1761 4037 1907 4069 voluntati.

1260 4119 1328 4152 Dat.
1348 4125 1379 4149 ut
1391 4116 1476 4155 supra.

1708 4151 1738 4184 T
1755 4160 1776 4181 2
2222 4148 2276 4188 ἵνα
