2570 4261
704 171 737 210 13
773 172 813 212 7r
896 173 932 215 A&
972 173 1009 214 (Z
1046 172 1086 214 ἾΓ
1126 174 1163 214 A&

5 251 80 281 Ann.
97 246 138 277 D.

33 294 114 326 1254-

5 332 70 355 Heu.
89 334 102 360 3
109 344 115 350 ·

151 363 368 411 Cyrographum
387 373 442 409 per
467 363 580 394 litteras
603 363 800 408 Majuftulas
825 362 959 409 divisum
984 364 1019 397 de
1046 375 1120 410 pace
1141 373 1196 409 per

193 411 386 445 Edwardum
399 414 629 457 primogenitum
653 414 738 457 Regis
753 411 918 454 reformata
937 416 1013 444 inter
1028 416 1114 445 Cives
1127 413 1197 456 suos

195 462 289 492 Baion
310 473 321 491 .·
370 461 491 491 Necnon
512 457 548 490 de
565 458 750 505 Juramento
761 470 815 504 per
830 459 942 509 eosdem
950 461 1040 506 fhper
1057 459 1113 492 hac
1124 472 1197 506 prae—

179 506 263 550 stito.

7 598 60 624 An.
78 603 122 631 39.
151 591 216 652 IN
230 592 346 622 nomine
360 592 462 630 Patris,
479 592 512 623 ὅ(
527 591 608 630 Filii,
626 593 659 623 &
675 591 790 630 Spiritus
804 592 915 631 Sanffi,
933 603 1023 624 amen.

6 637 41 662 Η.
57 643 81 669 3.
234 630 350 660 Notum
370 632 399 661 sit
418 631 548 660 omnibus
562 653 572 668 ,
586 633 643 660 tam
662 631 838 669 praesentibus
852 654 862 670 ,
880 632 964 671 quam
984 632 1079 661 futuris
1092 654 1102 669 ,
1120 630 1198 669 quod

7 675 48 698 Ex
60 673 117 697 Au·
151 670 296 702 Dominus
317 668 477 708 Edvardus,
495 668 601 698 illustris
622 668 708 708 Regis
725 669 836 713 Angliae
859 671 1075 709 primogenitus,
1093 670 1125 700 ὃς
1140 670 1198 700 hae-

3 715 71 745 ngr.
148 719 205 746 res,
220 709 278 746 jam
299 716 413 746 regnans
431 708 460 736 in
481 706 634 744 Vasconia,
653 708 721 737 sicut
740 707 874 744 Princeps
892 710 926 739 ὅτ
950 708 1109 746 Dominus,
1128 708 1196 737 deli-

147 749 245 778 berato
268 745 401 783 consilio,
418 754 471 782 pro
494 746 645 774 communi
666 746 781 776 utilitate
799 745 894 776 Baion.
913 746 1002 776 voluit
1016 769 1025 784 ,
1041 746 1172 784 disposuit
1188 769 1198 783 ,

149 786 182 816 &
204 785 338 821 praecepit
354 783 404 813 suis
425 782 551 813 fidelibus
570 782 690 813 Civibus
708 784 782 814 urbis
804 784 904 820 Baion,
924 784 999 824 quod
1024 784 1147 826 facerent
1165 784 1197 814 &

149 824 328 854 reformarent
346 821 413 851 intei
440 822 465 851 se
487 831 586 859 pacem
606 822 640 851 δε
659 823 843 852 concordiam
856 845 866 860 ,
898 832 927 852 ut
947 823 1034 852 essent
1055 831 1198 852 unamines

147 863 183 892 de
206 868 311 891 caetero
331 859 364 889 &
383 859 540 890 concordes
552 882 562 898 ,
593 861 626 890 δε
647 860 715 890 urbe
735 860 779 891 sua
799 861 898 891 subditi
918 860 956 891 sui
978 870 1046 898 pace
1066 866 1198 899 perpetua

141 900 307 930 fruerentur.

185 936 273 974 Cuius
293 935 461 972 dispositioni
475 936 507 966 ὃ(
521 937 666 973 praeceptis
677 938 816 976 acquievit
830 936 1008 968 concorditer
1019 943 1093 978 totus
1106 944 1198 974 popu-

146 976 188 1006 lus
210 975 305 1006 Baion.
326 975 358 1004 &
378 984 477 1004 omnes
496 973 531 1004 de
543 973 666 1005 Civitate
680 976 828 1016 praedicta,
847 986 899 1015 pro
911 975 954 1014 se,
972 973 1143 1011 haeredibus,
1163 975 1197 1016 ᾅε

149 1013 347 1044 successoribus
370 1013 437 1051 suis,
454 1024 470 1043 a
487 1014 585 1052 quinto
604 1012 717 1044 decimo
738 1023 814 1044 anno
833 1016 866 1045 &
878 1014 974 1051 supra;
991 1013 1042 1050 &,
1060 1011 1198 1051 praetactis

148 1051 321 1082 fficrosanffis
341 1049 514 1090 Evangeliis,
537 1051 703 1090 singulariter
721 1054 880 1089 juraverunt
899 1051 975 1091 quod
993 1059 1138 1093 nunquam
1158 1049 1199 1080 fa-

148 1092 224 1121 cient
255 1089 366 1120 ulterius
393 1089 623 1128 conspirationem
639 1113 649 1129 ,
679 1091 859 1121 confratriam
871 1113 881 1129 ,
908 1088 1199 1125 confoederationem,

7 1142 24 1162 ο
42 1144 54 1171 1
113 1151 124 1168 2
150 1130 169 1149 '¹‘
186 1129 407 1166 conjurationem
421 1152 430 1167 ,
454 1129 618 1167 legationem
634 1151 643 1166 ,
665 1129 709 1158 seu
730 1129 878 1168 imprisiam
899 1128 1019 1166 aliquam
1034 1149 1044 1164 ,
1062 1126 1107 1156 vel
1125 1126 1199 1156 leva-

60 1151 106 1179 '53
130 1159 138 1169 '
152 1177 226 1204 tarn,
244 1167 288 1196 vel
307 1166 418 1205 aliquod
439 1175 542 1205 genuS,
558 1167 602 1197 seu
621 1168 759 1204 speciem,
776 1175 823 1197 aut
843 1167 988 1196 materiam
1008 1163 1134 1203 imprifiae
1153 1162 1202 1192 vel

151 1206 254 1236 levatae
274 1205 345 1234 modo
365 1205 475 1244 aliquo,
496 1205 539 1235 vel
554 1207 670 1242 ingenio,
685 1203 734 1244 stu
750 1205 858 1242 forma,
876 1204 942 1234 alter
955 1211 1052 1234 contra
1066 1203 1200 1240 alterum,

149 1254 196 1276 aut
210 1244 289 1274 suum
304 1243 466 1273 Dominum
480 1243 638 1273 naturalem.
1181 1279 1186 1283 ·

190 1282 298 1321 Qiod,
315 1282 486 1320 quicumque
501 1290 549 1318 per
565 1280 608 1315 se,
621 1280 666 1310 vel
685 1289 735 1320 per
752 1281 868 1311 alterum
881 1279 986 1318 facere,
1004 1278 1048 1310 vel
1061 1277 1202 1322 consenti—

152 1332 199 1359 re,
217 1328 262 1351 aut
278 1327 454 1359 attemptare,
472 1318 686 1357 praesumpserit,
708 1319 834 1356 punietur
856 1327 998 1356 tamquam
1021 1316 1148 1360 proditor
1166 1317 1199 1347 &

151 1360 291 1398 perjurus,
310 1358 342 1388 &
366 1357 514 1395 privabitur
527 1366 542 1386 a
556 1357 698 1387 vicinitate
713 1357 745 1387 &
760 1357 925 1386 habitatione
942 1355 1085 1394 praedifitae
1098 1364 1202 1395 irnper-

151 1406 267 1437 petuum
282 1395 417 1426 Civitatis.
1076 1433 1080 1437 Ι
1160 1431 1165 1437 .

190 1436 226 1467 Et
244 1434 313 1474 ipse,
331 1434 364 1464 &
383 1444 482 1464 omnes
497 1443 538 1464 res
552 1434 622 1472 ejus,
639 1435 696 1463 tam
712 1434 830 1464 mobiles
864 1434 948 1472 quarn
963 1432 1136 1476 immobiles,
1157 1441 1201 1460 in-

151 1482 298 1505 currentur
319 1481 382 1512 erga
402 1472 566 1503 Dominum
581 1471 761 1511 Edvardum,
779 1472 812 1502 ad
837 1472 984 1503 sciendum
1000 1470 1134 1509 quicquid
1148 1480 1202 1500 vo-

149 1513 229 1544 luerit
242 1511 277 1542 de
290 1510 400 1541 eisdem.

189 1550 439 1580 Renunciaverunt
454 1559 566 1587 quoque
577 1558 691 1587 omneS,
710 1549 743 1579 &
759 1548 797 1578 fin
818 1548 856 1579 uli
870 1549 900 1579 in
912 1549 1049 1588 principio
1059 1549 1201 1586 juramen-

151 1590 186 1628 ti,
204 1588 335 1619 omnibus
351 1588 637 1618 confoederationibus
656 1588 689 1618 ὃς
705 1557 846 1626 ἰῐηρτὶῐξε,
865 1587 1054 1631 quascumque
1063 1586 1200 1628 fecerant,

151 1635 311 1666 tenuerant,
327 1626 372 1657 vel
386 1626 538 1656 habuerant
552 1636 621 1657 cum
634 1626 728 1665 aliquo
739 1635 883 1663 extraneo,
902 1626 946 1656 vel
959 1635 1078 1668 meino,
1091 1625 1128 1668 ὃς
1138 1633 1199 1661 qui-

152 1673 282 1697 taverunt
299 1665 342 1703 se,
360 1665 393 1695 &
405 1664 580 1696 absolverunt
592 1664 618 1694 se
631 1665 667 1694 ab
680 1665 814 1695 omnibus
827 1665 929 1704 pacliS,
947 1663 1200 1700 conventionibus,

152 1705 199 1735 seu
216 1703 385 1741 livamentis,
402 1712 464 1743 quae
484 1704 590 1740 verbo,
609 1702 654 1732 vel
673 1711 759 1740 nutu,
777 1703 821 1732 vel
841 1702 943 1733 assensu
950 1725 959 1740 ,
977 1702 1021 1732 seu
1043 1703 1199 1743 juramento

153 1752 202 1783 per
224 1728 265 1780 ¹³3,
280 1742 324 1772 vel
343 1750 392 1779 per
413 1741 518 1780 alium,
535 1740 718 1774 credebantur
740 1740 852 1779 fecisse,
869 1741 913 1772 vel
937 1739 1101 1779 conspirasse
1121 1740 1198 1770 alteri

153 1788 253 1812 contra
265 1780 377 1818 alteros,
395 1779 479 1817 usque
492 1779 589 1810 modo.
1103 1818 1110 1823 .

190 1818 302 1859 Insuper
314 1817 401 1849 Cives
413 1819 526 1848 inferius
541 1818 662 1848 annotati
678 1818 834 1853 iuraverunt
847 1827 947 1848 omnes
963 1818 996 1848 &
1013 1817 1111 1857 singuli
1123 1817 1203 1856 super

153 1857 255 1888 Sanffl
269 1857 438 1888 SanCtorum
459 1857 488 1886 in
507 1856 650 1887 Baionenfi
664 1856 788 1887 Ecclesia
801 1856 850 1886 sub
865 1857 917 1887 hac
929 1856 1028 1887 forma.
1065 1894 1070 1899 Ι

188 1898 279 1925 EGO
299 1897 421 1925 VERO
439 1894 578 1933 JURO,
591 1894 721 1925 concedo
741 1896 774 1925 ὃς
794 1895 851 1924 obli
871 1905 890 1925 o
912 1905 959 1925 me
980 1895 1113 1925 Domino
1134 1903 1202 1923 meo

150 1933 228 1973 Regi
242 1933 371 1974 Angliae,
386 1933 420 1964 &
432 1935 488 1978 ejus
501 1934 691 1972 primogenito
705 1932 837 1963 Domino
877 1933 1001 1971 dvard0,
1019 1932 1096 1977 quod
1110 1933 1202 1970 perso-

151 1982 187 2002 na
205 1982 266 2006 mea
279 1995 288 2010 ,
309 1973 343 2003 &
362 1981 458 2002 omnia
480 1971 556 2002 bona
574 1981 636 2001 mea
651 1994 660 2010 ,
685 1971 741 2001 tarn
761 1971 876 2002 mobilia
890 1995 899 2010 ,
923 1972 1007 2012 quarn
1029 1970 1202 2014 immobilia,
1219 1991 1221 1993 ·

150 2011 340 2047 incurrantur,
359 2011 377 2040 si
396 2011 545 2049 contigerit
559 2020 607 2040 me
617 2009 764 2050 transgredi
778 2010 931 2048 antedieh,
951 2019 1072 2048 quorum
1087 2018 1202 2039 nomina

151 2048 214 2079 sunt
229 2049 307 2087 haec,
326 2048 450 2079 Michael
463 2049 498 2079 de
513 2048 611 2085 Mans,
626 2047 766 2086 Johannes
782 2047 892 2079 Dardir.
909 2050 968 2079 δῖε.

189 2086 239 2117 Isti
259 2088 293 2118 ὃς
311 2097 410 2117 omnes
427 2088 470 2118 alii
491 2088 650 2124 juraverunt
661 2086 738 2125 quod
750 2095 832 2117 erunt
846 2086 952 2125 fideles,
970 2086 1148 2124 favorabiles,
1165 2087 1198 2117 δε

150 2125 264 2163 benigni
283 2125 418 2163 adjutores
436 2126 469 2156 &
490 2126 676 2163 auxiliatores,
691 2124 864 2155 intendentes
877 2126 911 2156 ὃ(
924 2125 1134 2164 respondentes,
1150 2134 1202 2162 pro

149 2162 199 2193 suo
220 2164 297 2203 legali
315 2163 392 2201 posse
406 2187 415 2202 ,
442 2163 569 2202 Maiori,
592 2173 677 2202 quern
699 2162 844 2194 Domitius
863 2163 1025 2201 Edvardus,
1061 2164 1104 2193 vel
1127 2172 1202 2207 pater

148 2203 220 2271 1e3ius,
235 2211 281 2233 aut
304 2211 402 2232 eorum
423 2201 609 2240 successores,
626 2201 671 2232 vel
690 2210 790 2232 eorum
811 2202 973 2233 mandatum
986 2201 1162 2234 constituerit
1175 2212 1204 2232 iri

174 2250 246 2271 aion.

190 2278 345 2309 Voluerunt
368 2279 401 2309 &
423 2278 620 2309 consenserunt
632 2288 734 2310 omnes
747 2278 833 2310 Cives
846 2279 978 2310 Baionen.
993 2288 1045 2318 pro
1057 2279 1083 2310 se
1089 2302 1099 2318 ,
1116 2279 1204 2309 haere-

149 2317 230 2348 dibus
243 2318 276 2348 &
291 2317 490 2348 successoribus
505 2317 572 2354 suis,
591 2317 668 2355 quod
685 2318 742 2348 hoc
757 2318 963 2357 iuramentum,
981 2328 1033 2358 pro
1049 2317 1205 2355 supradietis

148 2356 280 2386 omnibus
298 2355 413 2386 fideliter
430 2355 622 2392 observandis,
640 2365 792 2386 renovetur
811 2358 847 2387 ab
866 2357 995 2387 universis
1016 2355 1138 2386 Civibus
1153 2356 1206 2385 Ci-

148 2395 256 2437 vitatis,
275 2395 322 2434 qui
340 2404 392 2431 pro
410 2402 539 2432 tempore
559 2394 685 2432 fuerunt,
705 2395 830 2432 quolibet
851 2404 926 2425 anno
940 2395 969 2425 in
983 2396 1125 2433 principio
1142 2394 1207 2425 Ma-

158 2441 234 2462 oriae.

147 2441 155 2469 ¹
188 2469 243 2509 Et,
259 2478 290 2500 ut
310 2469 440 2509 praedidia
454 2470 534 2507 paiste
549 2470 581 2500 &
594 2469 761 2500 sacramenta
775 2470 890 2508 melius,
909 2469 1014 2501 firmii'is
1024 2493 1033 2509 ,
1052 2472 1085 2501 δε
1099 2469 1205 2501 fideliiis

150 2508 180 2538 in
200 2509 332 2538 omnibus
352 2508 568 2546 conserventur,
584 2508 651 2538 fecit
671 2508 730 2538 fieri
751 2509 808 2538 hoc
824 2507 1053 2548 Cyrographum,
1072 2511 1105 2540 δε
1119 2510 1207 2539 dividi

150 2547 222 2576 inter
244 2547 287 2585 se,
301 2547 334 2576 ὅτ
354 2546 443 2577 diffisos
462 2545 549 2576 Cives
572 2546 648 2584 suos,
667 2546 811 2586 sigillatum
834 2556 868 2576 ex
890 2556 1003 2586 utraque
1025 2556 1102 2584 parte
1116 2548 1206 2584 sigillo

152 2584 218 2623 suo,
237 2585 269 2615 ὃς
289 2583 375 2622 sigillo
395 2583 580 2613 Communiae
596 2584 690 2614 Baion.
707 2584 802 2622 quod,
819 2585 994 2623 quicumque
1009 2586 1206 2624 praesumpserit

153 2623 183 2653 in
202 2623 294 2662 aliquo
314 2622 432 2659 violare,
450 2623 519 2651 iram
534 2623 567 2653 &
582 2623 804 2662 indignationem
816 2624 888 2662 ejus,
908 2624 940 2654 &
957 2633 1073 2662 poenam
1087 2624 1207 2663 superius

153 2661 282 2699 scriptam
297 2659 323 2690 se
336 2661 448 2691 noverit
460 2661 640 2691 incursurum.

189 2736 254 2767 Act.
267 2737 363 2767 Baion.
378 2736 473 2767 mense
484 2736 668 2776 Novembri,
685 2747 762 2769 anno
775 2737 898 2769 Domini
911 2738 1058 2769 millesimo
1072 2739 1206 2770 ducente-

151 2776 222 2807 fimo
236 2776 463 2816 quinquagesimo
477 2785 575 2814 quarto
584 2799 593 2814 ,

255 2851 309 2882 Sub
329 2850 426 2889 Sigillis
446 2851 591 2891 Edvara'i,
610 2851 648 2888 ὠ
669 2856 828 2885 Communiae
840 2855 947 2892 Baion,
957 2854 1082 2894 pendent.
1097 2866 1115 2884 a
1122 2854 1207 2894 serico

313 2897 391 2919 texto
408 2893 498 2920 variis
513 2890 588 2922 color.

152 3032 201 3064 De
227 3029 329 3076 Qffic-io
355 3041 465 3077 magna
479 3033 656 3078 Senesbalciae
673 3037 768 3082 Regni
783 3035 888 3069 Sicilie
900 3063 908 3078 ,
937 3037 1054 3082 conceffi
1070 3049 1124 3084 per
1144 3042 1204 3071 Pa-

193 3088 266 3124 pam
283 3078 418 3111 Bertoldo
435 3079 613 3114 Marchiom'
626 3082 662 3116 de
679 3082 894 3117 Hohemburch
912 3084 955 3117 ad
968 3090 1068 3118 vitam
1078 3088 1181 3131 fitam.

153 3126 345 3173 Originalia,
366 3137 484 3173 propter
507 3132 631 3163 viarum
656 3130 851 3176 difirimina,
879 3143 942 3165 tuto
956 3137 1041 3166 mitti
1058 3147 1113 3166 non
1124 3145 1204 3180 pote-

197 3184 286 3217 rant,
315 3174 378 3208 ideo
400 3177 579 3223 transtripta
605 3189 625 3210 a
651 3182 733 3225 Papa
758 3177 914 3215 bullanmr
927 3208 938 3226 ,
963 3193 997 3215 ut
1009 3182 1056 3226 stc
1082 3182 1203 3216 candem

195 3225 262 3254 vim
281 3220 408 3256 habeant
427 3235 495 3256 cum
512 3223 716 3271 originalibus.

3 3321 81 3353 Arm.
93 3319 135 3351 D.
154 3315 302 3377 HOC
325 3316 586 3362 estpranscriptum
611 3319 752 3366 cujusdam
772 3323 907 3368 privilegii
928 3323 1201 3370 Apostolici3cum

30 3368 114 3398 1254.
201 3355 872 3428 Dhgiliclpgcriptlzqrciihbigsnilgzpffisscegggdicqlalium,
888 3363 1013 3394 concessi
1033 3364 1124 3395 nobili
1139 3375 1201 3395 Viro

3 3399 121 3473 ῗὶῖι-ξό.
154 3395 368 3478 Βῖῐῖωοσεῃῖἱιιε
389 3432 541 3476 Episcopus
548 3455 561 3477 ,ι
571 3432 660 3464 servus
671 3421 813 3467 servorum
829 3436 905 3476 Dei,
921 3439 1026 3470 dile&o
1042 3440 1100 3470 filio
1113 3441 1202 3471 nobili

3 3478 45 3503 Ex
59 3477 138 3503 Tran-
152 3481 214 3502 viro
233 3470 384 3516 Bertholdo
399 3469 562 3516 Marchioni
575 3470 612 3501 de
624 3471 852 3515 Hohemburch,
869 3476 944 3508 fideli
955 3479 1070 3517 nosti-o,
1087 3479 1200 3510 salutem

0 3512 74 3550 scrip.
153 3511 187 3542 &
200 3509 394 3548 Apostolicarn
405 3508 642 3539 benedietionem.

6 3549 117 3579 nouato.
188 3548 322 3579 Clemens
340 3548 446 3588 semper
465 3547 498 3578 ὃ(
522 3547 611 3591 mitis,
630 3549 660 3578 in
675 3548 724 3580 suis
743 3550 869 3591 aeribus,
885 3561 973 3584 mater
983 3553 1107 3586 Ecclesia
1123 3555 1199 3586 illum

149 3587 324 3627 benignitatis
338 3611 348 3625 ,
366 3587 441 3617 circa
462 3585 523 3616 suos
540 3585 611 3616 filios
630 3586 663 3617 δε
681 3587 818 3628 subditos,
835 3598 910 3621 tenet
928 3593 1048 3624 niodum
1090 3602 1120 3624 ut
1138 3602 1199 3624 tan-

170 3635 235 3656 uam
253 3625 437 3655 vehementer
456 3625 487 3654 in
507 3625 638 3669 operibus
667 3626 762 3669 *ieratis
781 3628 918 3667 exultans,
933 3631 966 3661 &
987 3617 1064 3670 quasi’
1075 3642 1200 3663 amoenas

162 3664 201 3694 ibi
214 3664 324 3695 delicias
337 3664 473 3694 extimans
486 3664 622 3701 misereri,
639 3672 656 3693 e
666 3672 719 3703 igat
731 3667 820 3702 magis
831 3667 936 3698 servare
949 3670 1200 3710 mansuetudinem,

151 3712 235 3742 quarn
248 3704 385 3742 rigorem,
403 3702 436 3732 &
449 3702 589 3740 ignoscere
601 3703 710 3741 potius,
725 3712 810 3742 quam
820 3704 921 3737 saevire.

187 3739 298 3780 Unde,
315 3741 334 3771 si
357 3740 466 3780 culpam
488 3741 518 3770 in
536 3749 680 3778 quoquam
699 3742 817 3780 reperiat
834 3743 880 3773 vel
897 3743 1048 3785 offensam,
1065 3748 1114 3787 qui
1126 3747 1201 3778 dele-

153 3778 254 3810 &abile
268 3780 302 3810 δε
314 3778 473 3818 J'ocunduin
488 3778 529 3808 est
541 3779 592 3809 sibi
606 3778 745 3809 dimittere
759 3779 984 3826 delinquentem,
1001 3786 1031 3815 in
1047 3795 1142 3824 poenae
1155 3786 1200 3816 di-

154 3816 283 3848 missione
293 3817 338 3849 vel
352 3817 545 3848 moderatione
556 3816 729 3855 jucundum,
747 3817 873 3848 libentius
888 3822 994 3861 parcit,
1015 3825 1099 3861 quam
1113 3825 1201 3863 feriat,

154 3854 189 3884 &
209 3855 267 3893 plus
286 3856 312 3886 se
332 3856 369 3886 illi
390 3856 536 3893 propitiam
554 3855 682 3893 exhibet,
697 3856 782 3894 quam
795 3855 932 3896 severam·,
949 3869 1014 3891 nam
1026 3862 1060 3892 &
1074 3863 1202 3900 agnoscit

153 3892 230 3930 quod
248 3895 340 3924 revera
360 3903 428 3925 tunc
451 3893 562 3933 egregie
583 3893 619 3924 de
632 3893 726 3932 aliquo
737 3894 861 3925 vindi&
872 3895 1003 3938 sumitur,
1020 3908 1088 3930 cum
1099 3902 1126 3931 ei
1141 3911 1200 3932 ma-

153 3931 318 3969 gnanimiter
329 3932 515 3972 indulgentur.

192 3966 224 3998 Id
241 3971 316 4000 enim
336 3971 366 4001 in
386 3971 436 4001 suis
453 3970 592 4009 praecipue
606 3971 705 4010 quaerit
720 3970 753 4002 δε
768 3978 847 4009 optat
860 3971 982 4005 Ecclesia
1013 3975 1088 4015 uod,
1107 3980 1135 4008 in
1151 3978 1200 4008 suo

10 4006 31 4028 ⁸
41 4008 64 4037 1.
78 4016 143 4046 533.
153 4005 279 4045 benigno
297 4009 410 4039 collecti
424 4009 444 4029 ²*
459 4011 584 4048 gremio,
603 4019 699 4039 amore
716 4019 750 4040 ac
771 4009 921 4042 devotione
941 4022 993 4052 pro
1014 4015 1107 4054 ciant,
1124 4017 1157 4047 &
1171 4018 1201 4047 in

153 4045 270 4076 suorum
282 4045 428 4080 dulcedine
439 4049 558 4082 uberum
569 4049 708 4081 continue
721 4047 911 4089 delcetantur,
924 4052 1023 4090 quibus
1031 4053 1129 4092 sponte
1139 4064 1204 4093 nos,

1248 153 1718 223 posticis.
2211 183 2290 234 189

1239 259 1269 288 in
1283 259 1369 302 'donis
1386 262 1419 292 &
1434 264 1538 302 gratiis,
1557 265 1693 304 largifluos
1706 267 1884 307 exhibemus,
1899 277 1945 307 ut,
1963 267 2158 300 benevolentia
2174 269 2206 299 &
2220 266 2289 299 libe.-
2304 267 2377 298 Ami.
2392 267 2431 298 Di

1241 297 1342 342 ralitate
1361 300 1452 329 nostra
1467 312 1613 343 percepta,
1631 307 1660 335 in
1674 306 1771 336 nostris
1787 308 1819 338 &
1832 307 1951 345 ejusdem
1963 307 2098 340 Eccleliae
2110 308 2290 345 beneplacitis
2332 312 2414 344 1254.

1239 335 1339 366 fortius
1360 338 1534 369 roborentur.
2304 350 2366 372 Hm.
2390 355 2415 380 3⁸

1281 374 1359 414 Qia
1380 377 1462 414 igitur
1481 379 1559 415 ipsius
1580 380 1701 410 ecclesiae
1714 381 1834 417 brachiis
1848 391 1876 413 te
1889 385 2009 415 totaliter
2026 382 2210 421 commisisti,
2228 391 2291 413 eam

1242 420 1359 442 matrem
1378 415 1410 444 &
1424 413 1582 446 Dominam
1597 419 1814 458 recognoscens,
1833 430 1877 451 tua
1889 423 1995 453 firmata
2010 422 2149 452 saltibriter
2163 422 2196 452 ad
2210 421 2290 460 ipsius

1242 451 1376 495 mandata⁸
1387 453 1419 482 &
1435 453 1564 490 obsequia
1577 456 1737 494 voluntate,
1754 468 1821 496 nos,
1840 459 1874 489 de
1889 461 1946 491 hoc
1963 462 2054 491 multo
2069 468 2212 500 concepto
2222 469 2289 503 gau-

1241 488 1306 527 dio,
1321 499 1484 533 recipientes
1506 501 1532 521 te
1554 493 1583 521 in
1600 493 1722 523 nostram
1736 496 1768 525 &
1782 496 1943 532 apostolicae
1958 499 2022 529 sedis
2034 500 2167 537 gratiam,
2186 499 2292 536 tibique

1243 530 1515 572 omnes-injurias&
1528 530 1658 569 offensas,
1677 543 1740 571 quas
1755 535 1854 571 nobis,
1872 536 1904 565 ὃς
1921 537 2012 567 eidem
2028 538 2097 575 sedi,
2115 547 2146 566 ac
2161 536 2292 567 Eccleiiae

1241 565 1357 610 intulisti
1370 591 1380 604 ‚
1399 567 1516 610 totaliter
1539 571 1724 607 remittentes,
1742 574 1874 608 quoniam
1899 583 1945 610 per
1967 583 1994 604 te
2008 598 2018 613 ,
2036 576 2063 604 in
2085 585 2142 614 quo
2163 574 2291 605 nobilitas

1240 611 1363 670 generis,
1379 614 1513 643 potentiae
1537 607 1687 645 industria,
1702 609 1734 638 &
1757 610 1806 639 alia
1828 621 1894 647 pura
1914 612 1996 650 digna
2009 613 2086 643 laude
2101 620 2292 650 concurrunt,

1262 651 1351 686 onor,
1370 644 1576 686 commodum,
1594 646 1626 675 &
1647 647 1772 677 exaltatio
1785 649 1908 679 ecclesia:
1924 659 2053 688 porerunt
2065 651 2213 681 efficaciter
2227 660 2292 690 pro-

1242 690 1347 718 curari,
1366 682 1539 719 providimus
1552 684 1695 722 personam
1711 693 1786 715 tuam
1801 687 1809 718 (
1813 687 1961 723 praesertim
1975 699 2040 719 cum
2056 689 2162 719 dudum
2176 688 2292 727 diligen—

1242 727 1282 748 ter
1303 720 1335 748 &
1356 720 1543 758 multipliciter
1557 722 1720 765 laboraveris
1740 724 1918 755 fredericum
1932 727 2001 756 olim
2017 726 2214 758 Romanorum
2233 727 2292 757 Irn-

1242 764 1416 800 peratoreni,
1431 761 1464 788 &
1485 758 1521 788 C.
1544 770 1639 790 natum
1659 771 1731 799 ejus,
1749 762 1781 791 ad
1799 764 1877 800 ipsius
1892 764 2077 795 devotionem
2093 765 2160 795 sedis
2175 766 2292 796 attrahe-

1243 804 1288 830 re,
1305 804 1336 824 ac
1352 803 1422 824 inter
1436 806 1497 834 eOS,
1516 798 1549 828 &
1564 799 1704 828 ecclesiam
1721 802 1793 837 pacis
1809 802 1914 832 foedera
1929 803 2088 840 reformare)
2102 803 2182 834 donis
2197 805 2291 834 hono-

1242 842 1302 861 rare
1314 832 1477 875 condionis,
1495 837 1602 875 ejusque
1615 836 1716 867 statum
1731 840 1819 877 gratiis
1836 841 1988 880 magnificis
2002 842 2143 877 adaugere.

1277 869 1358 900 Hinc
1379 859 1419 900 είῗ
1432 873 1532 916 quod,
1551 884 1618 915 cum
1638 875 1770 913 Regnum
1792 877 1908 915 Siciliae,
1927 890 1994 909 cum
2016 875 2148 910 omnibus
2161 878 2293 910 distristi-

1243 905 1294 937 bus
1314 909 1346 938 δε
1368 918 1539 955 pertinentiis
1556 914 1621 949 suis,
1639 913 1671 942 ad
1689 915 1869 951 apostolicam
1882 916 1973 946 sedem
1988 918 2068 955 plene
2081 919 2227 957 pertineat,
2246 918 2292 948 sit-

1241 955 1295 983 que
1310 947 1343 976 ad
1360 957 1415 984 ejus
1429 948 1590 979 dominium
1604 952 1722 981 totaliter
1735 953 1914 992 devolutum,

1262 983 1364 1027 *Nos,
1380 986 1505 1016 volentes
1523 996 1549 1017 te
1563 989 1592 1017 in
1606 989 1652 1017 illo
1668 992 1847 1028 praerogativa
1862 993 2063 1023 beneficiorum
2080 993 2194 1032 efferre,
2212 992 2290 1024 Offi-

1242 1031 1319 1065 cium
1340 1024 1647 1066 magnaelSenescalciae
1667 1028 1746 1093 iKsius
1768 1028 1877 1067 Regni,
1895 1036 1976 1067 prout
1998 1031 2063 1061 illud
2077 1040 2206 1070 tempore
2221 1041 2293 1070 prae—

1242 1059 1311 1089 dieti
1327 1059 1362 1090 C.
1378 1061 1496 1091 habuisti
1510 1063 1543 1092 ὃς
1557 1065 1666 1093 exercui
1696 1066 1720 1101 i,
1739 1066 1806 1103 tibi,
1824 1066 1858 1095 de
1871 1068 1987 1098 fratrum
2002 1070 2162 1100 nostrorum
2175 1071 2293 1101 consilio

1243 1098 1277 1141 &
1289 1097 1392 1143 assensu
1402 1122 1413 1143 ,
1426 1100 1754 1144 audioritateapostolica
1768 1104 1982 1144 confirmamus,
2002 1116 2034 1137 ac
2050 1108 2188 1145 praesentis
2207 1109 2293 1147 scrip-

1244 1144 1264 1166 ti
1278 1145 1434 1176 patrocmio
1449 1147 1669 1169 communimus.

1282 1175 1327 1204 Ac
1349 1176 1474 1214 insiiper,
1491 1184 1530 1219 ut,
1542 1178 1628 1214 ipsum
1649 1179 1709 1216 jure
1727 1178 1852 1210 obtineas
1872 1182 1990 1220 potiori,
2008 1182 2043 1211 de
2068 1193 2147 1213 novo
2161 1184 2296 1215 concedi-

1244 1222 1323 1249 mus,
1343 1224 1375 1243 ex
1400 1216 1476 1244 cert'a
1495 1214 1607 1245 scientia
1621 1217 1653 1246 &
1666 1217 1751 1255 gratia
1763 1218 1779 1246 s
1794 1219 1887 1254 eciali;
1908 1221 1943 1250 ita
1957 1219 2033 1260 quod
2046 1220 2129 1258 illud,
2148 1231 2215 1251 cum
2229 1233 2295 1262 pro—

1246 1259 1331 1281 ventu
1352 1254 1432 1282 unius
1451 1254 1541 1282 unciae
1561 1255 1635 1291 auri,
1653 1256 1688 1285 ad
1728 1265 1766 1284 on
1789 1266 1817 1285 us
1838 1256 1950 1296 Curiae,
1966 1258 2069 1288 cotidie
2088 1260 2139 1289 tibi
2151 1260 2187 1289 de
2199 1260 2298 1291 nostro

1245 1299 1297 1329 pro
1321 1291 1456 1328 expensis,
1473 1292 1633 1331 ubicunque
1652 1294 1680 1322 in
1735 1303 1808 1332 egno
1830 1295 1888 1332 ipso
1910 1296 1992 1326 fueris
2006 1319 2015 1333 ,
2035 1298 2240 1336 persoivendae,
2263 1300 2296 1328 &

1245 1337 1312 1357 curn
1333 1329 1468 1358 consuetis
1482 1329 1590 1360 ferculis
1605 1332 1695 1370 panis,
1713 1333 1746 1362 &
1762 1334 1819 1362 vini
1834 1334 1978 1372 mensuris,
1994 1336 2090 1365 diebus
2106 1336 2157 1365 tibi
2173 1336 2297 1375 singuli5,

1246 1368 1509 1409 cumtpersonaliter
1529 1369 1601 1408 apud
1617 1379 1667 1399 nos
1679 1371 1778 1407 fueris,
1792 1371 1963 1410 tribuendis,
1982 1383 2034 1403 nec
2050 1384 2108 1403 non
2124 1375 2156 1404 &
2170 1384 2239 1404 cum
2254 1374 2299 1404 so-

1247 1405 1299 1434 litis
1315 1406 1567 1445 Juris'dicfitionibus,
1587 1416 1721 1446 quantum
1744 1410 1777 1439 ad
1798 1411 1994 1449 cognitionem
2009 1413 2245 1451 appellationum,
2263 1414 2298 1443 &

1245 1443 1309 1486 alia,
1328 1444 1361 1474 ὃς
1379 1454 1447 1474 cum
1468 1446 1599 1475 omnibus
1620 1447 1793 1484 honoribus,
1808 1448 2003 1488 dignitatibus,
2022 1451 2183 1489 cunetisque
2194 1452 2300 1490 juribus

1246 1481 1280 1511 ad
1302 1481 1376 1511 idern
1399 1481 1531 1513 officium
1552 1485 1754 1524 pertinentibus
1777 1486 1824 1522 (de
1844 1497 1902 1525 quo
1925 1497 1973 1525 per
1995 1489 2102 1527 virgam
2117 1491 2249 1528 rubeam,
2269 1491 2299 1519 in

1247 1521 1402 1550 eorundem
1425 1521 1539 1551 fratrum
1561 1522 1721 1552 nostrorum
1745 1524 1909 1563 praesentia,
1928 1527 2128 1566 investivimus)
2149 1528 2231 1568 plene
2251 1527 2300 1559 ha-

1246 1558 1311 1587 beas
1324 1559 1357 1589 &
1372 1569 1496 1589 exerceas
1510 1560 1626 1591 durante
1640 1562 1697 1591 vita
1710 1563 1766 1593 tua.

1283 1596 1369 1626 Nulli
1384 1607 1451 1637 ergo
1464 1599 1601 1638 omnino,
1620 1600 1679 1630 &c.

1283 1670 1351 1703 Dat.
1370 1673 1513 1714 Neapoli,
1531 1685 1546 1715 3
1567 1675 1651 1706 Non.
1671 1675 1822 1708 Novemb.

1282 1710 1385 1742 Indidi.
1408 1723 1451 1753 13.

1283 1748 1416 1780 Incarnat.
1436 1751 1557 1782 Domin.
1575 1763 1650 1783 anno
1673 1762 1754 1792 1254.

1284 1786 1444 1820 Pontificat.
1460 1800 1528 1821 vero
1541 1791 1666 1822 Domini
1678 1791 1838 1823 Innocentii
1851 1792 1933 1832 Papae
1946 1802 1974 1832 4.
1989 1803 2064 1825 anno
2078 1793 2260 1827 duodecimo.

1588 1867 1676 1905 sigillo
1689 1869 1810 1907 plumbeo
1820 1870 1950 1908 pendente
1964 1882 1982 1899 a
1996 1871 2041 1908 filo
2054 1872 2177 1902 can-abeo.

1247 2007 1296 2039 De
1314 2006 1509 2050 ratificatione
1528 2006 1728 2050 concrffiotmm
1751 2011 1914 2041 Comitatus
1938 2012 2057 2041 Montis
2076 2011 2211 2053 Cavafi,
2235 2014 2299 2048 &aa

1284 2055 1443 2099 faffarum
1471 2054 1626 2088 Bertholdo
1650 2056 1825 2089 Marchtom‘
1851 2056 1885 2088 de
1913 2056 2108 2106 Holiemlmrg
2135 2064 2166 2091 in
2193 2060 2301 2094 Sicilia

1289 2113 1342 2149 per
1353 2103 1535 2138 Conradnm·

1249 2191 1395 2253 HOC
1412 2192 1452 2225 est
1465 2195 1659 2236 transcriptum
1667 2195 1806 2236 cujusdam
1820 2197 1952 2237 privilegii
1967 2196 2143 2237 Apostolici,
2161 2208 2229 2228 curn
2237 2196 2300 2228 sub-
2317 2195 2393 2227 Ann.
2407 2194 2449 2227 D,

1341 2232 1534 2270 scriptionibus
1554 2234 1634 2274 Papae
1649 2237 1681 2267 ὃς
1698 2236 1907 2275 Cardinalium,
1926 2236 2050 2267 concessi
2060 2237 2148 2267 nobili
2162 2238 2224 2268 viro
2232 2236 2298 2267 Ber-
2344 2243 2429 2273 1254.

1249 2272 1362 2308 tholdO,
1383 2271 1544 2303 Marchioni
1559 2273 1594 2304 de
1606 2273 1826 2305 Hohemburch.
2317 2277 2369 2301 An.
2385 2282 2431 2312 39-

1289 2310 1487 2350 Innocentius,
1503 2312 1563 2346 &a
1577 2312 1656 2352 usque
1671 2314 1711 2342 aa'
1721 2313 1776 2342 haec
1789 2311 2004 2353 quaefi’quuntur
2014 2336 2023 2352 ,
2319 2317 2345 2339 H
2349 2333 2353 2337 ·
2377 2322 2401 2347 3-

1286 2347 1354 2379 Nos
1375 2350 1498 2380 volentes
1516 2359 1543 2380 te
1565 2352 1594 2381 in
1617 2352 1665 2382 illo
1679 2361 1768 2391 praero
1788 2353 1858 2382 ativa
1873 2352 2078 2382 beneficiorum
2093 2349 2209 2389 efferre,
2227 2361 2300 2383 cori·-
2318 2349 2452 2386 ExTranJZ

1251 2388 1386 2417 cessiones
1405 2387 1440 2417 de
1458 2388 1603 2420 Comitatu
1627 2389 1737 2420 Montis
1786 2390 1894 2427 aveosi,
1913 2391 1944 2420 ὃ(
1962 2391 1998 2421 de
2018 2390 2126 2428 Castri,
2139 2392 2171 2421 δε
2188 2391 2303 2421 lionoris
2321 2389 2417 2417 sallat.

1252 2424 1309 2462 ejus
1330 2425 1465 2464 Baronia,
1485 2427 1517 2457 &
1537 2427 1572 2457 de
1587 2427 1720 2458 Policorii
1738 2428 1847 2459 Montis
1862 2428 1969 2464 Piliosi,
1990 2427 2119 2466 Caurati,
2137 2430 2170 2459 δε
2187 2429 2254 2459 Cilii
2268 2428 2304 2459 de

1253 2463 1368 2494 Gualdo
1387 2464 1508 2503 Castris,
1524 2465 1606 2496 faustas
1621 2467 1689 2496 olim
1706 2466 1757 2497 tibi
1771 2477 1785 2496 a
1799 2466 1934 2504 praedieto
1950 2466 1986 2496 C.
2004 2476 2072 2497 ratas
2086 2467 2233 2506 habendo,
2249 2468 2305 2498 illas

1251 2501 1301 2531 tibi
1326 2503 1430 2540 tuisque
1452 2503 1605 2534 haeredibus
1627 2505 1697 2538 (non
1716 2504 1886 2535 obstantibus
1907 2506 1983 2544 quod
2003 2506 2078 2535 idem
2099 2505 2135 2535 C.
2158 2515 2213 2536 erat
2232 2514 2302 2536 tunc

1252 2542 1384 2579 temporis
1403 2542 1520 2571 vinculo
1535 2542 1836 2573 excommunicationis
1851 2542 2009 2582 adstrictus,
2027 2543 2160 2582 quodque
2175 2544 2238 2574 alias
2251 2554 2304 2581 po·-

1252 2577 1380 2608 testatem
1403 2579 1565 2609 conferendi
1590 2582 1633 2611 vel
1652 2581 1826 2611 concedendi
1841 2581 1927 2611 taliter
1940 2591 1997 2611 non
2014 2582 2149 2620 habebat,
2167 2582 2200 2612 &
2216 2582 2305 2621 quali-

1252 2616 1300 2647 bet
1313 2617 1341 2646 in
1357 2625 1384 2647 te
1398 2619 1558 2654 privationis
1570 2619 1708 2658 dignitatis
1723 2620 1755 2650 ὅτ
1771 2620 1931 2657 honorum,
1945 2619 2116 2659 aliorumque
2125 2621 2228 2658 jurium
2243 2621 2305 2651 sen-

1253 2656 1336 2685 tentia
1356 2665 1403 2693 per
1425 2666 1476 2686 nos
1498 2657 1559 2693 lata)
1582 2658 1617 2687 de
1639 2658 1754 2688 fratrum
1774 2657 1936 2688 nostrorum
1951 2659 2076 2689 concilio
2092 2659 2125 2690 &
2138 2658 2241 2689 aliensu
2254 2669 2303 2690 au-

1252 2694 1380 2724 &oritate
1401 2693 1565 2732 Apostolica
1586 2696 1800 2734 confirmamus,
1817 2696 1850 2726 ὃς
1871 2697 2008 2734 praesentis
2031 2697 2122 2734 scripti
2145 2697 2304 2734 patrocinio

1253 2733 1482 2770 communimus,
1498 2733 1650 2773 supplentes
1670 2733 1830 2772 defectum,
1849 2734 1930 2772 siquis
1950 2735 2012 2766 alias
2026 2737 2056 2765 in
2072 2736 2132 2773 ipsis
2145 2736 2305 2767 concessio-

1252 2770 1332 2800 nibus
1347 2772 1452 2810 eXtitit‚
1468 2772 1502 2801 de
1516 2771 1619 2803 nostrae
1632 2771 1802 2811 plenitudine
1816 2773 1964 2812 potestatis.

1288 2809 1333 2839 Ac
1346 2809 1467 2847 insuper,
1485 2818 1516 2840 ut
1533 2819 1580 2841 tua
1602 2821 1664 2850 erga
1678 2821 1729 2841 nos
1742 2812 1774 2842 &
1788 2810 1942 2842 Ecclesiam
1958 2813 2043 2851 magis
2056 2811 2157 2843 crescat
2170 2810 2305 2851 devotio,

1252 2847 1285 2877 &
1301 2855 1331 2878 tu
1346 2849 1440 2887 tuique
1456 2849 1578 2879 haeredes
1591 2849 1728 2889 praemissa
1743 2849 1848 2880 firmius
1862 2851 1895 2880 &
1909 2851 2049 2880 efficacius
2063 2851 2196 2889 habeatis,
2214 2861 2303 2889 eaque

1273 2886 1356 2916 otiori
1368 2887 1442 2925 jure,
1460 2896 1492 2917 ac
1506 2887 1625 2923 pleniori
1637 2887 1742 2928 semper
1758 2889 1912 2924 integritate
1926 2889 2092 2927 consistant,
2108 2889 2305 2928 Cornstarum,

1252 2896 1416 2963 limoniam,
1435 2927 1468 2956 ὃ(
1490 2926 1539 2954 alia
1552 2926 1702 2964 praedidta,
1717 2935 1784 2956 cum
1800 2923 1984 2966 Civitatibus,
2000 2927 2118 2966 Castris,
2135 2927 2231 2966 Villis,
2248 2927 2306 2959 Ca-

1250 2963 1362 3001 sali'bus,
1379 2962 1557 3002 hominibus,
1572 2963 1737 3003 honoribus,
1755 2965 1815 2996 &c.

1289 3001 1371 3031 Nulli
1387 3011 1470 3041 ergo,
1488 3003 1548 3033 &c-

1289 3077 1308 3097 *
1322 3077 1388 3109 Dat.
1411 3077 1538 3116 Neapoli
1551 3087 1600 3118 per
1615 3088 1731 3110 manum
1748 3079 1904 3110 Guillielrni
1923 3079 2054 3118 Magistri
2069 3079 2218 3112 Scolarum
2237 3080 2304 3113 Par·
2320 3086 2335 3102 ³
2347 3085 2370 3113 1.
2381 3091 2450 3123 534.·

1250 3125 1325 3146 men.
1344 3117 1455 3147 SanCtae
1475 3117 1617 3147 Romanae
1629 3117 1762 3148 Ecclesiae
1776 3119 2018 3158 vicecancellarii,
2037 3121 2122 3150 tertio
2137 3120 2220 3150 Non.
2236 3120 2303 3151 No-

1250 3156 1357 3184 vembr.
1372 3154 1532 3186 Indiffione
1546 3155 1655 3186 decima
1668 3157 1754 3187 tertia.

1284 3192 1485 3224 Incai‘nationis
1500 3194 1665 3224 Dominicae
1680 3205 1756 3225 anno
1770 3195 1916 3226 millesimo
1929 3196 2120 3227 ducentesimo
2133 3198 2305 3236 quinquage-

1249 3230 1320 3260 simo
1361 3241 1453 3301 uago..
1479 3231 1661 3263 Pontificatfis
1681 3243 1748 3264 vero
1770 3232 1894 3264 Domini
1916 3234 2073 3265 Innocentii
2095 3234 2178 3272 Papae
2199 3245 2304 3274 quarti,

1248 3278 1324 3300 anno
1356 3279 1393 3300 uo
1413 3279 1513 3300 ecnno.
1969 3282 1971 3284 ·

1703 3348 1825 3379 Plumbeo
1840 3348 1911 3386 Sigil.
1922 3349 2000 3387 pend.
2015 3360 2033 3377 a
2037 3347 2090 3389 filo
2103 3347 2224 3378 canabeo.

1247 3489 1295 3520 De
1320 3488 1403 3520 mille
1426 3491 1462 3526 (ῤ’
1488 3491 1653 3535 quingentis
1675 3492 1770 3520 unciis
1796 3491 1866 3520 anri
1885 3486 2009 3529 concffs
2019 3500 2073 3534 per
2094 3491 2209 3534 Papam
2227 3490 2298 3521 Ber-

1290 3534 1388 3568 thola'o
1412 3535 1591 3569 Adarchioni
1616 3536 1652 3569 de
1679 3534 1895 3582 Hohemburgh
1918 3535 2111 3581 percipiendis
2131 3563 2140 3579 ,
2170 3538 2298 3584 fingulis

1291 3587 1376 3616 annis
1386 3610 1395 3625 ,
1428 3583 1464 3616 dc
1474 3583 1667 3630 proventibus
1682 3584 1863 3617 doamzrum.

1244 3667 1392 3729 HOC
1409 3668 1448 3698 est
1465 3669 1656 3707 transcriptum
1677 3668 1816 3707 cujusdam
1831 3668 1968 3708 privilegii
1982 3668 2139 3708 Apostolici
2150 3679 2219 3701 cum
2233 3670 2296 3701 sub·
2310 3667 2386 3700 Ann.
2400 3669 2444 3701 D„

1335 3708 1382 3737 scri
1405 3708 1524 3738 tionibus
1545 3707 1586 3738 Pa
1606 3718 1630 3737 ae
1649 3709 1682 3738 &
1706 3707 1895 3737 Cardinalium
1911 3707 2034 3738 concessi
2049 3709 2140 3739 nobili
2154 3710 2216 3740 viro
2230 3710 2296 3741 Ber—
2332 3717 2415 3748 1254.

1245 3747 1344 3779 tholdo
1362 3718 1522 3775 lviiirchioni
1534 3745 1571 3776 de
1622 3745 1807 3776 ohemburch.
2305 3750 2358 3773 Aa.
2377 3756 2423 3784 39.

1281 3785 1476 3821 Innocentius,
1494 3782 1554 3818 &a
1567 3783 1645 3824 usque
1659 3784 1698 3813 ad
1709 3783 1764 3813 haec
1777 3794 1836 3823 quae
1843 3781 2000 3823 sequuntur.
2307 3787 2342 3811 H.
2362 3794 2388 3820 3.

1282 3824 1364 3861 Nos,
1382 3823 1507 3853 volentes
1529 3830 1556 3852 te
1567 3823 1595 3852 in
1609 3822 1658 3852 illo
1672 3823 1852 3861 praerogativa
1867 3822 2069 3853 beneficiorum
2084 3823 2182 3854 efferre
2217 3824 2299 3854 mille·
2309 3823 2440 3860 ExTrans,

1246 3863 1279 3894 &
1300 3864 1461 3901 quingentas
1481 3861 1575 3891 uncias
1597 3861 1680 3898 auri,
1709 3860 1745 3890 de
1764 3860 1944 3899 proventibus
1963 3860 2115 3893 doanarum
2137 3847 2294 3892 nosirarum
2309 3860 2405 3888 Bullat.

1245 3901 1354 3938 Baroli,
1367 3894 1477 3938 Trani,
1494 3899 1528 3929 &
1550 3897 1610 3929 Bari
1647 3898 1817 3936 ercipiendas
1836 3907 1851 3928 a
1869 3907 1897 3928 te
1910 3899 2002 3938 quoad
2017 3901 2117 3931 vixeris
2133 3901 2296 3938 annuatim,

1245 3949 1295 3977 per
1315 3939 1459 3969 doanarios
1478 3936 1607 3975 nostros,
1632 3946 1667 3967 eu
1689 3935 1855 3967 eorumdem
1895 3945 2064 3969 roventuum
2081 3938 2260 3977 comestores,
2277 3950 2294 3969 a

1247 3977 1329 4008 nobis
1350 3976 1419 4006 inibi
1437 3973 1622 4013 constitutos,
1641 3975 1764 4013 personae
1779 3983 1852 4012 tuae,
1890 3985 1907 4006 e
1918 3976 2032 4006 fratrum
2043 3976 2208 4007 nostrorum
2222 3985 2295 4007 con-

1246 4017 1308 4048 silio
1329 4016 1362 4046 &
1374 4013 1493 4052 assensu,
1508 4014 1691 4045 concedimus
1704 4022 1739 4043 ex
1751 4014 1818 4053 grat*
1847 4013 1963 4045 liberari.

1281 4053 1329 4085 Ut
1346 4052 1423 4093 quod
1444 4053 1524 4084 tertia
1541 4062 1602 4093 pars
1619 4053 1769 4121 unciarum
1784 4051 1832 4092 ips
1840 4061 1903 4083 rum
1922 4053 1951 4083 in
1973 4052 2041 4089 Kal.
2057 4051 2227 4084 Decembris
2233 4052 2297 4120 ²21&

1774 4100 1789 4120 a
1810 4100 1824 4130 3
2274 4099 2298 4121 ia
