2570 4261
0 266 50 290 nn.
57 253 102 285 D.

0 301 84 335 1290-

0 339 38 366 iv.
59 343 68 360 1
75 353 82 361 .

0 611 103 645 11·479·

0 1901 69 1932 Ann.
83 1898 125 1930 D.

11 1949 98 1978 1290.

0 1983 47 2006 art.
67 1988 107 2013 17-

0 2021 26 2044 Ε.
49 2026 72 2044 1.

0 2058 55 2083 Par.
75 2055 116 2084 18.

0 2097 27 2122 Ε.
45 2103 117 2121 Lm.

0 2141 42 2168 30.

21 3533 154 3569 ⁸11.4¹.30.

24 3667 102 3698 Ann.
115 3665 157 3697 D.

53 3713 138 3744 1290.

22 3748 80 3773 An.
97 3744 140 3771 18.

23 3786 55 3810 Ξ.
79 3792 102 3810 1.

24 3819 139 3857 1..A.f.

29 3867 92 3894 ¹27·
107 3860 132 3885 b.

26 3902 95 3934 penes
103 3900 155 3924 Ca-

25 3942 121 3963 πινῶν.

688 166 798 210 ET
881 166 1145 211 ACTA

114 256 252 295 valerent)
272 256 307 288 de
323 255 436 287 decima
451 253 610 293 hujusmodi
626 254 746 285 minime
764 254 954 293 deducentur,
973 265 1027 286 nec
1045 255 1127 285 etiam
1142 253 1175 283 il-

117 296 151 326 1ae
163 320 172 333 ,
207 306 271 333 qua:
290 295 359 326 fiunt
377 304 430 332 pro
447 293 585 324 Custodia
602 292 770 324 Castrorum
786 316 796 333 ,
827 296 953 332 quamvis
971 294 1036 324 siant
1061 295 1090 323 in
1116 293 1172 322 hoc

117 335 237 369 maiores
260 334 350 365 solito.

155 371 270 410 Insuper
283 372 318 402 de
331 370 521 402 oblationibus
540 369 743 407 minutissimis,
762 379 827 408 quas
848 371 1003 408 percipiunt
1024 368 1175 400 Ecclesias-

117 412 182 442 ticae
198 410 320 448 personae
334 410 441 439 ratione
455 407 645 438 Ecclesiarum
660 408 786 447 suarum,
804 418 857 446 pto
872 409 1013 447 sepulturis
1025 409 1058 439 ὃ(
1079 406 1175 437 dandis

118 449 307 491 poenitentiis,
324 447 436 476 decima
452 446 630 483 persolvetur.

156 487 208 524 Et,
227 487 291 525 quia
305 495 364 515 non
380 485 506 514 occurrit
525 485 607 514 nobis
628 484 696 521 quin
719 483 867 514 cotidianae
885 484 1092 515 distributiones
1110 493 1178 520 pro—

119 534 218 555 ventus
233 523 409 554 ecclesiastici
425 523 476 552 sint
490 522 649 559 censendae,
668 532 737 560 1103,
754 532 839 560 cum,
858 523 954 553 fazlicis
967 522 1177 558 recordationis,

120 563 271 594 Clemente
287 561 378 599 Papa,
396 560 602 590 Praedeceffore
623 560 738 598 nostro,
757 561 804 599 qui
825 560 862 591 de
882 562 932 591 illis
951 561 1108 597 decimam,
1127 570 1177 597 per

119 610 187 631 eum
201 600 281 636 simili
293 600 413 630 subsidio
429 599 603 636 deputatam,
621 598 725 628 debere
740 599 757 618 '¹‘
774 598 843 629 solvi
857 598 1006 629 declaravit
1019 600 1052 630 ὃ(
1067 599 1176 636 voluit,

119 639 265 670 sentientes
278 663 288 676 ,
312 638 348 668 de
369 636 609 667 distributionibus
621 661 630 674 ,
662 647 726 674 quae
746 637 845 667 dantur
870 639 899 667 in
917 638 992 668 horis
1010 637 1152 668 canonicis
1168 660 1178 674 ,

120 677 301 716 praesentibus
317 676 420 706 debere
435 676 503 705 solvi
515 674 656 704 decimam
670 674 850 705 declaramus.

166 715 208 745 Illi
223 725 354 753 quoque,
373 715 421 752 qui
433 713 556 752 deputati
568 713 671 743 fuerint
684 714 718 742 ad
737 713 937 743 collectionem
957 713 1093 750 decimae,
1111 722 1179 742 cum

121 755 175 792 eis,
192 755 241 791 qui
263 753 368 783 debent
388 751 495 782 solvere
517 751 675 789 decimam,
691 751 727 781 de
736 752 825 790 aliqua
839 761 913 783 certa
926 752 1036 782 summa
1050 750 1181 782 solvenda

122 803 176 831 pro
189 792 301 822 decima
314 798 457 828 nequeunt
471 791 633 820 convenire.

160 829 210 860 De
227 830 363 861 frufflbus
381 828 517 858 arborum
537 829 570 859 δε
589 827 729 858 Ortorum
743 852 752 865 ,
779 829 827 866 qui
851 827 1007 860 vendentur
1021 853 1031 866 ,
1060 827 1182 858 solvetur

123 868 251 898 decitna:
271 867 308 897 de
327 867 377 897 hiis
399 874 509 905 autem,
528 876 591 905 quae
612 866 828 905 consumentur,
848 867 896 898 usu
918 867 964 898 vel
984 867 1046 904 esu,
1071 865 1183 895 decima

124 916 186 937 non
201 905 332 936 solvetur.

165 944 299 975 Similiter
317 945 350 975 &
369 943 405 973 de
422 943 559 973 fruffibus
576 952 695 983 gregum
713 943 757 973 seu
776 943 954 982 animalium,
974 943 992 974 fi
1011 943 1064 973 fint
1082 941 1184 972 Eccle-

125 982 244 1020 fiarum,
262 982 432 1019 persolvetur
446 982 570 1019 decima,
587 983 712 1013 deductis
731 983 852 1022 expensis
866 981 1021 1019 neceffariis
1039 991 1103 1019 quae
1116 978 1184 1010 fient

126 1031 181 1060 pro
195 1020 340 1059 custodia,
357 1020 377 1050 si
393 1030 463 1050 vero
475 1020 535 1050 sunt
551 1021 747 1058 personarum,
764 1020 872 1051 decima
887 1030 946 1050 non
960 1020 1090 1050 solvetur.

165 1059 281 1096 Insuper
295 1067 323 1089 te
335 1059 403 1089 scire
416 1058 548 1089 volumus
562 1059 640 1096 quod
654 1058 757 1088 nostrae
769 1060 932 1089 intentionis
944 1058 1051 1096 existit,
1069 1056 1148 1095 quod
1168 1056 1184 1086 ὲ

126 1097 306 1136 praestatione
319 1097 477 1135 hujusmodi
490 1096 625 1135 decimae,
645 1105 676 1127 ut
691 1098 883 1134 praemittitur,
898 1107 947 1134 per
971 1106 1024 1126 nos
1042 1096 1095 1126 tibi
1114 1105 1186 1125 con-

126 1136 228 1174 ceffae,
246 1145 346 1166 omnes
362 1135 512 1173 Hospitalis
526 1135 766 1172 Sanffijohannis
781 1137 814 1167 ὃ(
836 1134 949 1165 Militiae
968 1134 1088 1171 Templi
1103 1133 1186 1170 Jero—
1226 1136 1235 1164 l

127 1175 371 1212 solimitanorum,
396 1184 429 1204 ac
449 1173 559 1204 8306116
581 1173 682 1203 Mari-ae
704 1174 956 1203 Theotonicorum
976 1172 1112 1203 ordinum
1132 1170 1187 1201 do-

130 1222 208 1251 rnus,
227 1214 254 1242 in
278 1212 416 1250 przeditstis
434 1212 544 1248 Regnis
566 1213 605 1242 &-
619 1212 697 1241 terris
719 1211 898 1249 constitutae,
917 1211 1026 1251 penitus
1040 1209 1189 1240 excludan-

128 1260 188 1282 tur:
209 1261 279 1281 cum
299 1251 421 1288 ipsorum
441 1250 575 1280 ordinum
595 1249 691 1279 fratres
711 1249 745 1278 ad
766 1249 959 1279 defeniionem
983 1250 1015 1279 &
1029 1247 1188 1278 custodiam

130 1289 218 1320 dietae
233 1289 334 1319 Terrae
346 1289 456 1318 Sanitae
469 1288 519 1318 sint
533 1287 683 1324 specialiter
698 1286 830 1324 instituti,
851 1297 903 1325 pro
924 1288 1025 1324 quibus
1046 1286 1115 1316 (11611
1136 1285 1189 1316 fra-

130 1337 185 1358 tres
214 1337 273 1358 non
302 1327 394 1356 solum
421 1327 497 1356 bona
525 1324 659 1355 ordinum
678 1325 846 1355 eorumdem
876 1325 1065 1355 habundanter
1087 1333 1191 1361 expen-

130 1366 218 1434 dugt,
236 1375 338 1396 verum
359 1365 443 1395 etiam
462 1365 588 1401 personas
608 1364 732 1401 proprias
753 1362 881 1401 periculis
904 1372 1046 1401 exponere
1061 1372 1120 1394 non
1133 1362 1193 1392 sor-

130 1414 171 1435 mi
192 1412 247 1434 ant.

170 1442 255 1473 Salvo
276 1441 493 1479 nichilominus,
519 1442 547 1470 in
569 1439 725 1478 praedietis,
747 1440 780 1470 &
804 1449 835 1470 ea
855 1439 1099 1479 contingentibus,
1126 1437 1195 1469 sedis

131 1481 244 1511 arbitrio
258 1488 439 1517 memoratae,
456 1479 534 1519 super
548 1478 638 1509 dubiis
651 1488 714 1517 quae
728 1477 840 1517 possent
853 1481 929 1510 circa
943 1480 1004 1509 talia
1019 1477 1129 1507 exoriri.

171 1554 238 1585 Dat.
264 1555 373 1586 Rornae
400 1554 474 1593 apud
502 1555 634 1585 Sanctam
662 1552 785 1584 Mariam
817 1553 962 1592 Majorem
982 1551 1106 1584 secundo
1127 1552 1195 1583 Idus

137 1593 228 1633 Maii,
246 1593 431 1626 Pontificattis
445 1592 534 1625 nostri
545 1603 621 1624 anno
642 1594 733 1623 tertio.

806 1669 860 1699 Sub
870 1669 923 1709 filo
942 1669 1065 1700 canabeo.

406 1797 456 1830 De
465 1795 551 1841 fac‘z‘o
569 1798 668 1829 Scotiae
687 1799 723 1834 &⁴
743 1795 925 1842 Norwagiae.

207 1881 285 1919 EX,
301 1882 450 1920 omnibus,
469 1881 529 1912 &c.
547 1881 672 1912 salutem.

244 1921 342 1951 Sciatis
358 1920 452 1958 quod,
470 1920 540 1950 cum
552 1919 715 1950 venerabilis
730 1918 829 1958 Pater,
846 1919 883 1950 A.
902 1918 1101 1950 Dunelmensis
1121 1918 1203 1956 Epis-

141 1968 246 1998 copus,
265 1960 298 1990 &
315 1958 429 1997 (1116611,
445 1959 479 1989 &
497 1957 591 1988 fideles
614 1958 720 1996 nostri,
738 1958 905 1989 Edmundus
925 1957 1083 1988 cornubiae
1104 1958 1137 1988 ὅ(
1149 1959 1203 1995 jo·-

142 1998 246 2027 hannes
268 1997 303 2027 de
323 1997 484 2034 Warenna,
511 1995 660 2035 Comites,
686 1997 864 2034 promiserint
883 1997 916 2026 ὃ(
938 1997 1148 2033 manuceperint
1169 1995 1204 2025 ad

144 2035 351 2074 impetrandum
367 2037 400 2067 ὅ(
415 2034 577 2065 habendum
591 2035 607 2064 a
618 2035 701 2065 nobis
716 2035 867 2073 quamdam
879 2035 988 2065 literam
1006 2034 1204 2073 obligatoriam

141 2083 286 2112 patentem
300 2097 310 2113 ‚
330 2074 379 2105 sub
400 2073 487 2113 sigillo
508 2073 623 2112 nostro,
649 2072 773 2104 Nunciis
792 2073 888 2113 Regni
910 2073 1032 2111 Scotiaz,
1057 2073 1092 2102 ad
1113 2072 1206 2103 collo-

142 2114 242 2150 quium
261 2112 407 2150 nostrum,
425 2111 490 2150 post
510 2111 626 2142 Festum
647 2111 762 2142 Paschae
780 2113 911 2149 proximo
931 2113 1121 2150 praeteritum,
1148 2110 1205 2141 sine

142 2152 177 2181 ali
200 2161 234 2182 ua
248 2150 428 2188 difficultate,
447 2149 616 2181 credendam
630 2150 664 2180 δε
675 2150 856 2180 liberandam.

212 2189 319 2228 xpreffe
337 2189 550 2227 continentem,
568 2187 665 2226 quod,
693 2189 743 2218 nisi
761 2187 815 2218 filia
833 2188 957 2218 Domini
973 2187 1062 2227 Regis
1079 2186 1209 2218 Norwa—

145 2229 216 2268 giae,
240 2228 369 2258 Domina
384 2228 418 2258 ὃ(
436 2227 537 2257 Haeres
555 2226 650 2266 Regni
668 2226 791 2265 Scotiae,
823 2228 931 2257 venerit
946 2228 975 2256 in
993 2226 1129 2265 Regnum
1148 2226 1210 2256 An-

145 2267 209 2306 giiae
226 2267 272 2297 vel
290 2266 395 2298 Scotiae
414 2290 424 2304 ,
448 2266 520 2296 infra
538 2264 654 2295 Festum
671 2266 804 2295 omnium
822 2265 993 2296 Sanetorum
1008 2266 1140 2303 proximo
1162 2264 1209 2295 fu-

145 2315 261 2343 turum,

142 2374 143 2381 ,
186 2343 241 2374 Vel
260 2343 311 2373 nisi
329 2343 421 2373 dietus
438 2342 504 2373 Rex
522 2342 630 2373 bonam
649 2343 682 2373 ὅ(
701 2340 888 2372 sufficientem
916 2341 1013 2372 fecerit
1036 2341 1211 2371 securitatem

146 2392 198 2421 per
212 2384 416 2412 sacramentum
434 2381 514 2411 suum
532 2404 541 2418 ,
565 2382 599 2411 ὃς
617 2381 707 2410 literas
727 2380 784 2411 suas
801 2389 925 2418 patentes
939 2404 949 2417 ,
972 2380 1005 2409 ὅ(
1024 2381 1108 2409 etiam
1126 2380 1213 2409 sacra-

146 2429 279 2451 mentum
299 2421 333 2451 &
358 2420 445 2450 literas
466 2426 590 2457 patentes
612 2418 801 2448 Praelatorum
821 2419 855 2449 ὅ(
882 2417 1026 2447 Baronum
1044 2418 1213 2455 subscripto-

148 2469 215 2490 rum

189 2482 347 2535 Videlicet,
366 2495 568 2526 venerabilium
583 2494 700 2525 Patrum
715 2493 757 2525 G.
776 2493 964 2524 Nidroiiensis
986 2493 1215 2532 Archiepiscopi3

150 2537 185 2567 &
207 2535 348 2573 Berensis,
365 2534 568 2572 stanagrensis,
585 2535 619 2565 &
639 2533 824 2563 Ostlowensis
847 2532 1074 2570 Episcoporum3
1099 2533 1131 2562 ὃ(
1153 2531 1215 2561 Ha-

151 2574 221 2604 kuni
242 2573 332 2603 Ducis
352 2572 483 2602 Ascloen.
522 2572 635 2602 Terrici
655 2571 690 2601 de
711 2570 826 2609 Campo
853 2571 945 2608 Ludi,
964 2570 1090 2607 Odwyni
1104 2570 1139 2600 de
1155 2569 1215 2599 Ha-

152 2621 268 2652 gernes,
289 2613 322 2643 ὃ(
344 2609 474 2641 Bernardi
493 2609 529 2640 de
552 2609 702 2650 Berkelay3
720 2619 844 2648 quorum
857 2609 877 2638 si
891 2618 949 2639 non
965 2608 1057 2646 poffet
1068 2609 1170 2638 habere
1183 2608 1216 2637 fi-

153 2650 218 2691 gilla
232 2650 381 2687 omniurn,
400 2649 514 2679 haberet
525 2648 621 2679 saltem
637 2648 719 2685 sigilla
733 2648 857 2685 quinque
874 2647 1058 2685 eorumdem,

190 2688 240 2718 De
256 2686 391 2726 praedicta
409 2687 465 2717 filia
482 2686 528 2717 sua
546 2686 699 2724 mittenda,
723 2685 793 2716 infra
811 2685 979 2723 praedi&um
999 2686 1167 2722 terminum,
1186 2685 1215 2714 iri

154 2727 294 2766 Regnum
311 2725 424 2762 Angliae
441 2725 487 2755 vel
505 2725 610 2755 Scotiae
659 2724 707 2754 nifi
725 2723 751 2754 le
772 2725 882 2754 itimum
900 2725 1014 2754 haberet
1029 2723 1217 2760 impedimen-

155 2773 237 2803 tum,
262 2773 348 2803 prout
364 2765 394 2794 in
412 2763 557 2802 praesentia
572 2748 669 2793 001113
685 2773 740 2801 apu
777 2762 877 2793 Sarum
895 2773 984 2801 nuper
1002 2763 1090 2793 extitit
1106 2761 1221 2792 ordina-

157 2811 220 2834 tum

198 2827 312 2873 Eitunc
327 2849 379 2871 nos
393 2839 503 2872 refundi
516 2842 550 2873 &
565 2840 671 2872 restitui
682 2838 836 2870 faceremus
849 2838 1024 2870 Custodibus
1038 2839 1135 2879 Regni
1148 2838 1222 2869 Sco-

159 2882 208 2912 tiae
221 2881 273 2911 tria
286 2880 363 2910 milia
377 2879 560 2919 Marcarum,
581 2879 654 2917 apud
670 2878 804 2918 Berewyk
817 2879 846 2907 in
865 2877 980 2917 Scotia,
996 2877 1030 2908 ad
1051 2879 1222 2916 terminum,

162 2917 342 2949 statuendum
363 2928 413 2954 per
435 2928 487 2948 nos
505 2919 539 2949 ὅ(
562 2917 698 2948 Nuncios
710 2917 832 2955 Scotiae,
847 2916 881 2946 ad
895 2926 947 2946 nos
960 2918 1119 2954 venientes,
1137 2925 1222 2953 prout

160 2958 191 2987 in
212 2956 297 2987 literis
314 2955 383 2986 dieti
402 2955 535 2995 Episcopi
556 2955 770 2992 Dunelmeniis,
792 2955 827 2986 &
846 2954 1000 2986 Comitum
1022 2954 1222 2994 praedictorum

161 2995 320 3032 patentibus
333 2993 439 3031 plenius
453 2995 631 3031 contii-tetum,

201 3031 363 3070 Volumus,
381 3032 415 3062 ὅ(
429 3041 529 3062 tenore
551 3032 727 3070 praesentium
749 3031 952 3071 concedimus,
970 3032 1064 3071 quod,
1082 3031 1132 3062 nisi
1153 3040 1226 3071 prae-

162 3069 239 3101 dieta
261 3071 359 3100 omnia
378 3070 574 3109 compleantur
592 3070 621 3099 in
639 3070 730 3100 forma
750 3070 900 3108 praediCia,
917 3081 969 3102 nos
990 3070 1065 3101 dieta
1086 3072 1136 3101 tria
1149 3070 1224 3099 milia

167 3107 335 3139 Marcarum
357 3108 497 3146 praedictis
518 3107 642 3138 Nunciis
661 3108 766 3139 Scotiae
814 3110 843 3139 in
865 3108 951 3139 Festo
972 3109 1067 3140 Saneti
1087 3109 1227 3146 Martini,

165 3146 233 3185 post
266 3146 415 3176 raediCtum
428 3146 550 3190 Festum⁴
560 3146 693 3176 omnium
708 3131 883 3189 ‚sangtorum
903 3149 1035 3185 proximo
1052 3148 1183 3185 sequens,
1200 3157 1228 3176 a-

167 3184 228 3223 pud
242 3157 339 3217 fierew
359 3185 377 3215 k
387 3185 489 3229 (quem
504 3183 621 3222 quidem
633 3191 786 3214 terminum
798 3185 834 3216 de
846 3185 952 3216 assensu
959 3185 1146 3216 Nunciorum
1157 3195 1228 3222 prie-

167 3222 314 3270 dsttoiutti
348 3233 456 3254 uximus
471 3221 660 3258 statuendum)
677 3221 784 3253 solvere
798 3231 944 3255 teneamur
955 3225 985 3255 in
996 3224 1088 3256 forma
1110 3224 1229 3263 superius

167 3270 310 3291 annotata.

206 3298 241 3329 In
256 3300 351 3338 cujus,
368 3300 430 3331 ὅτε.

202 3373 294 3405 Teste
307 3374 392 3414 Rege
405 3375 478 3413 apud
492 3374 619 3407 Westm.
636 3375 752 3408 decimo
766 3377 868 3415 >quinto
882 3376 928 3409 die
941 3376 1021 3409 Maii.

233 3498 261 3525 *ἓ
285 3501 334 3533 De
345 3497 484 3545 potestate
503 3499 894 3582 trabiandg&·ordinandi
911 3515 980 3537 cum
1001 3501 1171 3548 Custodibus

670 3560 755 3584 cottae.

173 3632 474 3697 EDwardus,·De·i
493 3632 597 3678 gratia,
615 3631 693 3678 'Rex-
704 3633 750 3678 An
780 3635 828 3673 iae,
845 3634 991 3668 Dominus
1014 3634 1178 3675 Hiberniae,
1196 3636 1231 3668 ὅ(

251 3674 321 3704 Dux
334 3673 510 3711 Aquitaniae,
527 3671 635 3703 dilectis
646 3672 695 3702 sibi
708 3683 737 3702 in
781 3673 870 3704 bristo
883 3674 1076 3714 Custodibus,
1095 3675 1232 3713 Praelatis,

174 3710 349 3750 Nobilibus,
367 3713 400 3742 ὅ(
414 3710 598 3742 Universitati
611 3710 706 3751 Regni
730 3711 835 3743 Scotiae
851 3712 982 3752 salutem,
1001 3715 1034 3746 &
1053 3715 1167 3745 sincerae
1190 3713 1234 3744 diu

175 3748 304 3781 leffionis
321 3757 514 3780 auvmentum.

213 3787 292 3819 Cum
315 3774 415 3819 nostris
437 3788 545 3825 pridem
566 3788 661 3818 litteris
681 3787 764 3818 vobis
785 3787 904 3818 scribere
930 3789 1119 3822 censuerimus
1138 3789 1234 3830 quod,

176 3826 240 3869 quia
255 3827 364 3857 Nuncii
376 3826 480 3865 vestri,
497 3825 532 3856 ad
546 3835 598 3856 nos
620 3836 708 3864 nuper
729 3825 865 3856 London.
884 3835 918 3856 ex
938 3835 1021 3865 parte*
1033 3829 1126 3860 vestra
1147 3838 1235 3859 trans-

175 3863 267 3902 miffi,
282 3865 394 3902 plenam
415 3866 449 3897 &
470 3865 656 3895 sufficientem
677 3865 772 3895 seeum
793 3872 853 3895 non
872 3863 1025 3897 detulerant
1047 3867 1232 3905 potestatem:

175 3900 297 3940 Propter
318 3904 396 3941 quod
415 3904 562 3941 Articulis,
581 3903 663 3932 nobis
685 3902 830 3940 expositis,
853 3910 964 3933 certum
982 3912 1051 3936 tunc
1072 3906 1120 3936 res
1154 3906 1235 3936 nsum

176 3941 353 3978 nequivimus
371 3942 463 3972 facere
483 3952 533 3980 per
552 3941 684 3979 eosdem;
704 3940 817 3971 nostros
837 3939 936 3971 exinde
957 3939 1093 3974 Nuncios
1123 3945 1236 3982 olemp-

175 3987 243 4015 nes,
261 3977 374 4014 plenam
390 3980 523 4012 habentes
562 3979 710 4010 otestatem
733 3979 763 4009 in
784 3977 946 4048 graemissiS,
962 3979 997 4010 ad
1020 3991 1072 4012 vos
1093 3981 1124 4012 in
1137 3983 1235 4021 brevi,

175 4025 231 4054 pro
251 4014 321 4060 statu
341 4015 480 4051 Dominae
493 4029 530 4053 ve
558 4028 612 4057 rae,
627 4027 660 4049 ac
674 4018 770 4057 Regni
805 4018 890 4049 cotiae
907 4018 941 4049 &
960 4017 1072 4058 vestro,
1089 4021 1238 4059 proposui-

175 4063 241 4085 mus
253 4053 406 4093 destinare,

1228 168 1700 217 PUBLICA.
2207 179 2262 228 69

1250 253 1340 285 Vobis
1361 260 1493 289 omnibns
1517 261 1550 291 ὃ(
1573 261 1699 301 singulo,
1723 266 1822 295 tenore
1840 259 2035 302 praesentium,
2059 257 2260 303 significamus,
2279 259 2354 290 Ann.
2367 253 2407 289 DJ

1212 293 1289 330 quod
1304 304 1354 323 00”Ι
1368 296 1484 327 dilce'ios
1500 299 1533 328 &
1548 298 1640 329 fideles
1654 299 1763 331 nostros
1772 324 1781 339 ,
1799 303 1966 332 venerabiles
1980 301 2089 340 Patres,

2300 306 2382 336 1290.

1249 331 1392 363 Dontiiios
1409 335 1567 366 Antonium
1583 337 1823 378 Dunelmensem,
1842 342 1875 372 ὃ(
1890 340 2073 378 Radulplium
2095 339 2264 370 Karlionen-
2280 340 2347 367 Edv.
2370 344 2394 367 1.

1212 369 1287 408 sem,
1305 369 1360 401 Dei
1374 374 1483 417 gratia,
1494 373 1663 412 Episcopos:
1683 387 1715 407 ac
1729 376 1862 408 Proceres
1881 379 1990 409 nostros
2007 379 2170 417 Juliaiiiiem
2189 377 2263 407 W‘a-

1213 417 1327 447 rennae,
1345 410 1554 454 &UHenricum
1566 413 1795 445 Lincolnieusem
1808 415 1952 447 Comites:
1971 417 2004 447 &
2017 416 2209 446 Willielntum
2230 416 2266 446 de

1215 442 1306 485 Vescy
1323 447 1466 490 Militem,
1485 460 1517 480 ac
1530 450 1677 481 discretum
1690 453 1780 482 virum
1795 453 1967 492 Magistrum
1979 455 2140 486 Henriciim
2156 454 2192 484 de
2199 453 2266 484 Nea

1215 484 1293 515 werk
1303 507 1311 522 ,
1331 485 1460 517 hborum
1474 487 1609 518 Ecclesia:
1622 489 1789 529 Deos-num,

1255 522 1301 567 Ad
1323 535 1374 554 vos
1394 534 1428 554 ex
1445 535 1522 562 parte
1544 527 1637 557 nostrii
1659 529 1809 566 specialiter
1821 529 1989 569 destinatos,
2006 530 2117 561 nostros
2131 540 2214 561 veros
2234 527 2268 561 δὲ

1216 560 1356 600 legitimos
1377 562 1590 607 Procuratores,
1613 566 1646 596 δε
1669 567 1822 604 solempnes
1842 568 1975 598 Nuncios
1996 569 2174 608 ordiii„mus,
2198 569 2268 598 11161-

1219 609 1282 628 10113
1298 624 1306 643 ,
1334 601 1367 631 ἅ.
1384 601 1605 643 constituimus,
1630 603 1664 633 ad
1683 604 1909 642 respondendum
1930 607 2011 636 vobis
2031 609 2147 636 nomine
2166 606 2267 637 nostro

1218 636 1387 681 fiifficlienter
1406 642 1485 677 super
1510 641 1656 679 Articulis,
1684 642 1884 682 Petitionibus,
1908 644 1941 674 &
1963 646 2096 683 negotiis,
2121 646 2202 674 nobis
2223 654 2270 674 exa

1220 678 1313 743 possim
1333 686 1381 714 per
1400 678 1551 715 praedietos
1572 679 1707 710 Nuncios
1726 680 1833 711 vestros
1853 692 1943 720 nuper
1973 682 2107 712 London.
2133 692 2168 712 ex
2195 690 2272 722 parte

1219 724 1255 744 ve
1283 724 1318 744 ra.

1260 751 1366 797 Daiites
1381 753 1483 784 eisdem
1496 755 1742 794 procuratoribus,
1760 758 1793 788 &
1815 758 1940 788 Nunciis
1960 757 2061 788 nostris
2079 758 2274 788 311ἑ1011131610

1221 789 1389 835 plenariam,
1412 793 1610 836 &specialem
1631 795 1796 832 potestatem
1817 797 1965 827 vobiscum
1981 819 1991 835 ,
2015 798 2134 826 nomine
2157 795 2272 833 nostro,

1221 829 1374 872 tractandi,
1392 831 1552 873 ordinandi,
1579 832 1705 862 firmandi
1726 835 1758 864 &
1780 834 1913 872 faciendi,
1935 835 2014 872 super
2034 835 2195 865 memoratis
2218 834 2273 864 Ar-

1222 867 1329 905 ticulis,
1345 869 1525 910 petitionibus
1547 872 1580 902 ὃ(
1603 870 1753 912 Negotiis,
1773 873 1905 910 quicquid
1922 882 1972 903 nos
1985 873 2156 908 faceremus,
2174 880 2218 902 aut
2233 871 2273 901 fa*

1222 914 1287 934 cere
1302 906 1460 944 posseinus,
1478 908 1523 938 vel
1535 909 1718 947 deberemus,
1735 912 1753 939 ii
1767 911 1941 947 personaliter
1956 912 2100 948 praesentes
2114 911 2247 940 effecius:

1241 982 1245 987 Ι
1263 943 1372 987 Qiod,
1392 943 1525 987 fromnes
1540 947 1592 977 hiis
1605 948 1770 985 exequendis
1785 958 1843 978 non
1864 949 2054 986 interfuerint,
2073 949 2118 978 vel
2140 950 2276 986 06001116ἆ

1224 990 1280 1011 rint
1303 983 1449 1021 interesse,
1469 992 1604 1023 quatuor,
1623 986 1668 1016 vel
1688 987 1811 1024 quinque
1833 997 1935 1017 eorum
1955 997 1986 1017 ea
2007 987 2188 1017 nihilominus
2210 995 2276 1016 6116ἦ

1225 1029 1353 1057 quantur.

1262 1057 1370 1089 Ratum
1389 1059 1423 1090 &
1443 1067 1552 1098 gratum
1570 1061 1701 1091 habentes
1722 1061 1756 1092 &
1777 1061 1912 1099 habituri,
1930 1061 1979 1092 sub
2000 1071 2095 1092 rerum
2116 1061 2277 1094 nostrarum

1225 1097 1381 1135 ypotheca,
1401 1098 1534 1136 quicquid
1549 1108 1598 1136 pei·
1612 1099 1759 1136 praedictos
1773 1099 1971 1130 Procuratores
1986 1101 2017 1130 ὅ(
2032 1100 2164 1131 Nuncios
2178 1101 2281 1138 specia*

1237 1144 1279 1172 63,
1292 1144 1435 1179 ¹quatuor,
1446 1136 1491 1166 vel
1505 1137 1628 1174 quinque
1641 1138 1825 1176 eorumdem,
1839 1137 2001 1168 ordinatum
2015 1138 2060 1168 vel
2074 1139 2160 1168 etiam
2172 1139 2281 1169 iactum

1227 1173 1310 1203 fuerit
1324 1174 1519 1216 in'praemiffis.

1230 1257 1241 1278 t
1267 1211 1300 1241 In
1316 1222 1392 1250 cujus
1409 1214 1448 1242 rei
1461 1212 1656 1243 testimonium
1669 1213 1716 1244 has
1727 1214 1826 1245 litteras
1846 1213 1952 1244 nostras
1973 1213 2032 1244 fieri
2049 1212 2168 1244 fecimus
2188 1222 2284 1251 paten-⁸

1242 1259 1277 1279 63.

1253 1334 1336 1379 *Dat
1352 1335 1491 1404 c[fondon.
1508 1335 1642 1369 vicesimo
1656 1338 1701 1369 dic
1714 1338 1814 1369 mensis
1825 1339 1918 1377 Junii,
1936 1347 2011 1368 anno
2025 1337 2122 1376 Regni
2135 1336 2223 1367 nostri
2238 1336 2287 1367 de-

1233 1383 1312 1404 cimo
1325 1385 1363 1405 oc
1376 1385 1439 1406 avo.

1274 1534 1367 1577 Super
1382 1529 1461 1562 Date
1479 1530 1665 1575 Margaretie
1677 1529 1746 1574 filiae
1765 1532 1868 1576 Regis,
1894 1528 2036 1575 Johanni
2053 1533 2253 1575 Primogenito

1513 1580 1610 1612 Ducis
1641 1576 1805 1610 Brabantiae
1833 1578 2019 1612 maritandae.

1277 1674 1379 1712 O'nan,
1394 1683 1442 1712 par
1463 1671 1488 1704 la
1508 1678 1590 1714 grace
1608 1669 1702 1712 Dieu,
1725 1668 1796 1704 Duk
1817 1667 1853 1704 de
1872 1672 1990 1704 Lother.
2009 1667 2045 1704 (16
2065 1672 2185 1704 Brabant
2205 1672 2237 1703 &
2259 1671 2295 1702 de

1288 1713 1490 1752 Lembourgh,
1508 1724 1523 1743 a
1537 1720 1600 1743 rous
1614 1723 1710 1750 ceauS,
1729 1714 1787 1743 &c.
1806 1712 1895 1751 saluz,
1914 1714 1947 1743 &
1961 1711 2124 1743 connoistre
2138 1712 2233 1741 verite.

1232 1674 1268 1758 J

2318 1674 2392 1705 Ann.
2404 1672 2449 1704 Ds

2337 1722 2421 1751 12903

1278 1752 1363 1782 Nous
1383 1751 1474 1781 sesons
1495 1761 1510 1780 a
1529 1752 1617 1781 savoir
1636 1761 1652 1781 a
1673 1759 1757 1788 touz,
1775 1760 1830 1788 que
1845 1760 1931 1781 come
1944 1752 2039 1787 piecea
2052 1751 2112 1780 feut
2127 1749 2241 1787 porpale
2261 1750 2294 1780 &
2313 1757 2365 1780 An.
2390 1752 2432 1779 18.r

1241 1798 1357 1828 graunte
1372 1790 1526 1828 Mariages,
1545 1798 1625 1819 entre
1635 1789 1729 1826 Johan
1744 1789 1839 1819 nostre
1852 1789 1924 1819 aisne
1939 1789 1994 1826 fiz,
2014 1790 2046 1819 ὃ(
2068 1788 2165 1818 Datne
2183 1787 2298 1826 Marga÷
2316 1796 2345 1818 Ε.
2366 1800 2389 1818 i.

1242 1836 1301 1858 rete
1315 1828 1370 1858 fille
1385 1838 1418 1858 au
1430 1828 1569 1858 tresiioble
1585 1828 1652 1866 Roy
1665 1826 1873 1866 d'Engleterre,

1281 1866 1330 1896 Ou
1344 1875 1422 1896 entre
1436 1876 1487 1896 nos
1500 1866 1604 1903 pusnez
1618 1865 1764 1903 cnfauntz,
1781 1866 1800 1895 si
1816 1865 1893 1896 Dieu
1907 1860 1970 1896 fcist
1989 1865 2038 1895 son
2059 1863 2297 1895 comaundement

1243 1904 1279 1935 de
1291 1915 1370 1942 eatis,
1388 1913 1489 1934 avaunt
1502 1905 1567 1940 qu'il
1581 1904 1699 1934 sciissent
1712 1904 1838 1941 esposez,

1244 1943 1310 2014 &Sj
1324 1953 1393 2011 elom
1409 1942 1469 1980 plus
1481 1943 1652 1981 pleinement
1666 1942 1706 1972 est
1721 1952 1846 1973 coiitenu
1859 1952 1895 1972 en
1906 1942 2001 1973 nostre
2015 1941 2105 1972 Escrit
2124 1941 2161 1972 de
2179 1951 2232 1972 ceo
2254 1940 2301 1971 fait

1266 1991 1277 1999 '
1290 1985 1332 2011 163
1343 1991 1367 2010 6.

1283 2019 1308 2050 E
1330 2029 1417 2057 nous,
1444 2018 1533 2058 Duk,
1556 2018 1679 2049 eussoms
1702 2018 1817 2059 graunte
1838 2020 1906 2049 trois
1924 2019 1983 2049 mil.
2003 2018 2101 2049 livrees
2116 2013 2152 2048 de
2171 2027 2261 2056 terre,
2287 2028 2304 2048 a

1246 2059 1339 2089 Tour.
1353 2068 1369 2087 a
1381 2057 1499 2096 assigner
1511 2068 1545 2087 en
1561 2057 1694 2088 Dowaire
1707 2068 1723 2087 a
1737 2059 1761 2088 la
1775 2057 1954 2088 devauntdite
1967 2057 2064 2087 Darne
2078 2056 2254 2096 Margarete,

1286 2096 1341 2127 Les
1356 2106 1443 2135 queus
1461 2105 1487 2134 3.
1508 2095 1567 2126 mil.
1585 2096 1684 2126 livrees
1695 2095 1731 2126 de
1745 2097 1838 2126 Terre
1849 2096 1888 2125 lui
1899 2106 1998 2126 avonis
2010 2095 2114 2134 assigne
2128 2105 2163 2125 en
2186 2095 2306 2125 certeins

1247 2136 1331 2173 lieus,
1350 2136 1383 2166 &
1398 2145 1445 2172 par
1461 2136 1577 2165 certeins
1590 2134 1749 2172 estendors,
1767 2134 1857 2165 siconi
1869 2134 1887 2163 il
1903 2136 1972 2171 piert
1988 2144 2035 2171 par
2057 2143 2124 2163 unes
2146 2141 2235 2163 autres
2255 2133 2306 2164 let-

1247 2182 1301 2204 tres
1324 2174 1419 2204 sealees
1433 2172 1468 2203 de
1481 2172 1576 2203 nostre
1599 2173 1677 2211 Seal,
1692 2173 1725 2203 &
1746 2173 1796 2203 des
1814 2172 1969 2202 Estendors
1989 2171 2035 2201 del
2056 2171 2242 2208 assignement
2260 2170 2308 2201 des

1247 2212 1439 2243 devauntdites
1453 2212 1520 2241 trois
1534 2211 1591 2241 1011,
1607 2211 1705 2242 11ν1·663
1718 2211 1754 2240 (16
1766 2219 1854 2249 terre,

1286 2251 1312 2281 E
1329 2251 1367 2281 lui
1381 2250 1503 2281 eufforns
1516 2248 1633 2287 graunte
1646 2258 1731 2280 outro
1744 2250 1801 2279 mil.
1818 2249 1917 2280 livrees
1931 2248 1968 2279 de
1990 2256 2063 2279 terre
2081 2258 2098 2278 a
2119 2248 2212 2278 Tour.
2231 2257 2248 2278 a
2268 2258 2309 2278 as³

1250 2290 1356 2329 figner,
1396 2296 1481 2319 uatint
1494 2287 1513 2317 il
1528 2288 1648 2319 seroient
1659 2288 1790 2326 esposez‚
1804 2287 1896 2318 solom
1915 2297 1970 2318 ceo
1984 2287 2042 2326 quil
2064 2286 2105 2317 est
2126 2295 2251 2318 contenu
2273 2293 2310 2317 en

1249 2328 1346 2358 nostre
1360 2338 1376 2357 e
1387 2328 1440 2358 crit
1452 2325 1621 2357 davauntdit.

1290 2365 1394 2405 Nous,
1406 2363 1590 2402 regardauntz
1606 2365 1632 2394 16
1645 2364 1713 2395 estat
1727 2365 1762 2395 &
1775 2363 1800 2393 la
1812 2363 1916 2393 noblee
1928 2363 1964 2393 de
1978 2362 2074 2393 Datne
2087 2363 2248 2402 Margarete
2261 2362 2311 2393 de·-

1252 2404 1397 2437 vauntdite
1430 2411 1592 2443 grauntoms
1609 2403 1643 2433 δε
1657 2410 1846 2441 promettorns
1866 2411 1901 2431 en
1922 2402 2000 2432 bone
2019 2401 2077 2438 foi,
2097 2411 2150 2438 por
2170 2411 2258 2439 nous,
2275 2402 2310 2432 δὲ

1254 2452 1308 2482 poi·
1326 2453 1378 2473 nos
1398 2428 1499 2479 s-leirs,
1517 2451 1553 2479 qe
1575 2451 1663 2479 nous,
1682 2441 1701 2471 si
1723 2440 1781 2470 tost
1799 2450 1869 2470 com
1894 2439 1913 2469 11
1927 2439 2084 2479 Mariages,
2102 2439 2137 2469 de
2148 2439 2243 2470 nostre
2263 2439 2314 2469 de-·

1253 2478 1441 2548 vauiitditrfiz
1456 2479 1567 2518 Johaii,
1585 2480 1618 2511 &
1637 2478 1673 2510 de
1691 2479 1715 2509 la
1735 2477 1916 2511 devauntdite
1938 2477 2034 2508 Dame
2047 2477 2225 2516 Margarete,
2243 2477 2314 2509 serra

1255 2528 1356 2550 accom
1388 2528 1414 2548 iz

1293 2529 1488 2596 Affigner’oms
1502 2556 1534 2588 8<
1550 2554 1653 2587 fei—oms
1667 2556 1794 2586 estendre
1809 2567 1824 2586 a
1836 2555 1859 2586 la
1874 2553 2036 2587 devauntdit
2052 2555 2147 2586 Dame
2167 2549 2313 2593 Margare⁴

1256 2604 1300 2634 te,
1319 2606 1366 2636 par
1377 2596 1438 2625 16113
1452 2594 1749 2633 Estendoi‘s‚aisignez
1766 2605 1812 2632 par
1825 2595 1851 2625 16
1865 2594 1933 2634 Roy
1945 2594 2109 2630 devauntdit
2123 2596 2156 2626 ὃ(
2169 2604 2217 2632 par
2230 2603 2313 2632 nous,

1257 2644 1338 2665 outre
1355 2634 1392 2664 les
1408 2635 1474 2664 trois
1488 2634 1554 2663 mile
1568 2633 1664 2664 livrees
1677 2635 1712 2663 de
1726 2642 1797 2664 terre
1810 2632 2020 2670 devauntdites,
2038 2633 2067 2671 qi
2085 2633 2124 2663 lui
2145 2632 2208 2663 sont
2226 2633 2254 2671 ja
2273 2642 2316 2662 as·-

1259 2674 1353 2741 siffinez
1365 2682 1399 2702 en
1413 2673 1531 2703 certeins
1546 2672 1612 2701 licus
1621 2695 1630 2710 ‚
1649 2673 1682 2702 ὃ(
1697 2682 1742 2715 par
1756 2673 1874 2701 certeins
1885 2669 2057 2709 Estendors‚
2075 2670 2166 2701 sicom
2191 2670 2315 2702 devaunt

1261 2722 1276 2741 e
1316 2711 1373 2749 dit,
1391 2710 1410 2729 ³*
1423 2720 1512 2741 autres
1527 2711 1594 2740 trois
1609 2710 1668 2740 mil.
1687 2709 1784 2740 livrees
1796 2708 1831 2739 de
1851 2719 1941 2747 terre,
1960 2719 1995 2739 en
2008 2709 2075 2739 lieus
2089 2709 2258 2740 covenables
2280 2719 2317 2740 en

1257 2751 1283 2780 la
1298 2748 1414 2780 Dusche
1427 2749 1463 2779 de
1478 2748 1613 2786 Brabant,
1628 2749 1661 2779 δε
1675 2758 1708 2778 au
1726 2749 1785 2786 plus
1799 2757 1859 2786 pres
1873 2757 1927 2786 que
1946 2757 1998 2778 om
2021 2757 2104 2785 porra
2123 2747 2172 2778 des
2193 2747 2261 2777 lieus
2280 2747 2317 2778 de

1259 2799 1371 2828 premcr
1390 2787 1572 2827 assignement
1585 2810 1594 2825 ,
1627 2795 1741 2817 contees
1758 2786 1861 2816 dedens
1884 2785 1960 2816 ceste
1981 2786 2090 2816 somme
2109 2785 2157 2816 des
2178 2785 2318 2817 derreines

1261 2827 1329 2858 trois
1343 2827 1401 2857 mil.
1417 2826 1514 2856 livrees
1526 2825 1562 2855 de
1575 2833 1662 2862 terre,
1679 2824 1707 2863 qi
1721 2835 1793 2855 nous
1804 2826 1914 2856 avioms
1927 2824 2049 2856 devaunt
2066 2832 2182 2863 graunte
2202 2834 2217 2855 a
2236 2823 2318 2864 affig-

1261 2876 1327 2904 ner,
1345 2866 1373 2903 qi
1389 2874 1497 2895 uncore
1510 2874 1547 2894 ne
1561 2864 1623 2894 sont
1635 2863 1798 2901 estendues,

1301 2904 1374 2973 Fssise
1385 2903 1447 2947 qele
1462 2904 1499 2932 eit
1510 2911 1558 2943 par
1573 2909 1616 2932 tot
1629 2901 1775 2933 orendroit
1788 2902 1814 2931 6.
1834 2901 1892 2931 mil.
1908 2900 2006 2931 livrees
2020 2900 2056 2931 de
2076 2909 2148 2931 terre
2168 2910 2203 2931 au
2224 2901 2318 2932 Tour.*

1262 2952 1298 2973 en
1345 2951 1448 2973 owaire

1302 2981 1362 3012 Des
1378 2966 1470 3018 quele}
1485 2979 1512 3009 6.
1532 2979 1591 3009 mil.
1609 2976 1707 3009 livrees
1721 2978 1757 3010 de
1770 2986 1841 3009 terre
1860 2988 1931 3008 nous
1952 2976 2066 3008 voloms
2087 2978 2121 3009 &
2159 2987 2319 3017 raumoms,

1264 3029 1320 3058 que
1334 3020 1372 3050 les
1386 3017 1576 3049 devauntdites
1585 3017 1680 3056 Jolian
1692 3018 1788 3048 nostre
1802 3016 1855 3054 fiz,
1872 3027 1888 3046 e
1902 3017 1925 3045 la
1940 3014 2118 3047 devauntdite
2162 3027 2226 3047 ame
2241 3017 2320 3047 Mara

1265 3066 1376 3097 garete,
1394 3057 1482 3088 soient
1496 3057 1687 3086 meintenaunt
1701 3056 1793 3093 seisiz,
1812 3057 1846 3086 &
1861 3062 1996 3094 pregiient
2010 3054 2048 3084 les
2062 3054 2152 3092 esplez
2173 3056 2206 3086 &
2224 3056 2262 3086 les
2284 3057 2319 3085 isa

1266 3097 1339 3135 sues,
1358 3105 1412 3135 por
1426 3091 1469 3126 lor
1483 3094 1678 3131 sustenaunce,
1697 3095 1716 3124 si
1729 3093 1786 3124 tost
1800 3103 1869 3124 com
1883 3094 1899 3122 11
1915 3093 2003 3131 plerra
2015 3102 2049 3133 au
2064 3093 2132 3133 Roy
2146 3093 2320 3133 d’Engleter-

1266 3145 1296 3165 re
1309 3133 1488 3173 devauntdit,
1505 3144 1521 3163 e
1535 3143 1590 3171 que
1603 3132 1646 3162 sur
1661 3141 1716 3163 ceo
1730 3142 1802 3163 nous
1817 3141 1910 3162 aroms
1925 3141 2007 3161 receu
2026 3131 2065 3161 ses
2086 3131 2178 3162 lettres
2193 3140 2320 3169 overtes,

1265 3174 1299 3205 ὅ(
1314 3174 1350 3203 163
1361 3175 1498 3212 tiegnerit,
1516 3173 1549 3202 ὅ(
1563 3172 1601 3201 163
1613 3171 1686 3200 eient
1699 3179 1771 3201 totes
1785 3171 1829 3200 lor
1843 3171 1899 3200 vies
1913 3171 1946 3200 ὃ(
1962 3178 2023 3200 tote
2035 3169 2059 3199 la
2070 3170 2166 3200 nostre
2179 3171 2232 3200 vie.

1305 3211 1330 3241 E
1347 3222 1383 3250 qe
1396 3212 1420 3242 la
1435 3211 1492 3241 dite
1506 3209 1602 3240 Darne
1615 3207 1772 3248 Margarete
1784 3209 1822 3239 les
1843 3210 1954 3248 tiegne,
1973 3207 2037 3246 quel
2057 3209 2198 3240 avienture
2219 3217 2274 3246 que
2293 3217 2320 3239 :1⁴

1267 3251 1312 3281 vie
1333 3260 1368 3280 ne
1381 3250 1416 3280 de
1427 3249 1519 3288 Johan
1534 3247 1629 3278 nostre
1644 3246 1708 3285 fitz,
1727 3256 1788 3278 tote
1798 3247 1824 3276 sa
1836 3248 1889 3277 vie.

1303 3259 1473 3326 &erechiess
1491 3296 1562 3317 nous
1580 3295 1679 3315 avoms
1700 3286 1822 3324 promis,
1839 3295 1874 3315 en
1898 3286 1974 3315 bone
1993 3284 2052 3322 foi,
2070 3294 2107 3322 qe
2122 3294 2208 3321 00113,
2224 3293 2259 3314 60
2273 3293 2320 3314 ac-·

1269 3327 1439 3358 creii'ement
1459 3326 1503 3357 del
1518 3325 1653 3355 Dowaire
1667 3323 1692 3354 la
1711 3323 1891 3355 devauntdite
1910 3324 2005 3353 Dame
2024 3322 2198 3361 Margarete,
2216 3322 2322 3353 feroms

1267 3365 1385 3405 assigner
1404 3366 1438 3397 &
1456 3363 1581 3395 estendre
1603 3372 1651 3400 par
1670 3358 1743 3393 leaus
1764 3361 1935 3400 Estendors,
1954 3360 2030 3390 essuz
2052 3371 2099 3398 par
2119 3361 2145 3390 le
2158 3360 2322 3391 devauntdit

1268 3404 1329 3434 Roi
1343 3414 1359 3434 e
1374 3414 1421 3442 par
1434 3413 1522 3440 nous,
1541 3401 1609 3431 deus
1624 3401 1682 3431 mil.
1700 3401 1797 3432 livrees
1810 3400 1846 3430 de
1859 3401 1967 3436 Terre,
1984 3409 2018 3429 au
2031 3399 2123 3429 Tour.
2142 3408 2177 3427 en
2191 3398 2257 3428 lieus
2271 3407 2323 3429 cod

1267 3443 1412 3480 venables,
1430 3442 1450 3473 si
1471 3441 1531 3479 qele
1550 3441 1604 3476 eit,
1622 3449 1699 3477 apres
1718 3449 1770 3469 nos
1787 3439 1881 3477 jours,
1906 3439 1938 3469 ὃς
1960 3438 1998 3467 163
2015 3438 2091 3475 jours
2110 3437 2203 3474 Johan
2224 3436 2321 3467 nostre

1269 3480 1319 3511 fitz
1331 3480 1509 3516 devauntdit,
1529 3479 1555 3509 8.
1573 3477 1630 3507 mil.
1650 3478 1746 3507 livrees
1760 3477 1795 3507 de
1809 3485 1881 3507 terre
1899 3486 1933 3506 aii
1955 3476 2047 3505 Tour.
2066 3484 2113 3514 par
2135 3482 2179 3504 tot
2198 3484 2233 3504 60
2255 3474 2322 3505 Do*

1269 3520 1353 3550 waire
1374 3519 1479 3556 (sauves
1499 3528 1513 3547 a
1533 3526 1622 3554 00113,
1637 3524 1697 3546 tote
1716 3515 1812 3546 nostre
1832 3516 1894 3552 vie,
1911 3515 1949 3544 les
1963 3514 2043 3543 issues
2059 3516 2091 3544 &
2105 3512 2142 3542 les
2158 3512 2248 3543 levees
2270 3513 2318 3543 des

1269 3557 1338 3588 dites
1350 3557 1417 3588 deus
1430 3556 1488 3587 mil.
1506 3556 1603 3586 livrees
1616 3554 1651 3584 de
1666 3563 1753 3592 terre,
1771 3553 1889 3583 derrains
1910 3562 2073 3590 nommees,
2092 3561 2107 3580 e
2128 3550 2167 3581 les
2185 3550 2324 3582 devaunt-

1270 3596 1339 3626 dites
1357 3607 1381 3634 3.
1401 3596 1459 3626 mil.
1478 3595 1575 3624 livrees
1588 3592 1624 3623 de
1638 3601 1726 3631 terre,
1741 3592 1803 3629 qele
1817 3591 1873 3622 deit
1886 3592 1965 3621 avoir
1980 3600 2055 3627 apres
2070 3588 2271 3628 nostredeces,
2288 3591 2322 3621 &

1269 3645 1345 3675 apres
1366 3634 1392 3665 le
1412 3634 1493 3664 deces
1509 3631 1603 3670 Johan
1623 3630 1718 3661 nostre
1745 3630 1794 3667 fiz)
1817 3639 1889 3660 nous
1908 3637 2071 3668 grauntoms
2091 3628 2125 3658 ὅ(
2146 3635 2325 3665 promettons

1270 3674 1336 3703 faire
1354 3672 1470 3712 affigner
1488 3671 1521 3701 &
1538 3669 1666 3699 estendre
1687 3679 1735 3706 par
1749 3668 1816 3699 deus
1833 3669 1980 3704 hommes,
1998 3665 2074 3696 essuz
2095 3665 2131 3695 de
2148 3675 2196 3703 par
2216 3665 2242 3696 le
2262 3666 2325 3696 Roi

1270 3711 1343 3741 d'En
1362 3710 1474 3747 leterre,
1488 3710 1521 3739 ὅ(
1534 3707 1603 3737 deus
1616 3707 1652 3737 de
1665 3717 1713 3745 par
1725 3717 1796 3737 nous
1805 3730 1814 3745 ,
1832 3716 1867 3736 60
1880 3706 1947 3735 116113
1960 3703 2145 3747 covenables,
2163 3704 2253 3734 sicom
2275 3705 2324 3734 de-

1270 3751 1311 3781 sus
1327 3720 1368 3780 etsi
1383 3749 1439 3786 dit,
1455 3756 1533 3778 entre
1548 3746 1575 3775 ci
1589 3746 1622 3776 ὃ(
1637 3745 1664 3775 16
1680 3745 1761 3775 Νο61
1774 3744 2007 3782 procheinement
2018 3752 2129 3780 avemr3
2147 3742 2207 3774 cest
2222 3742 2326 3774 asavoir

1272 3788 1324 3819 l'an
1340 3787 1392 3817 del’
1405 3785 1588 3816 Incarnacion
1602 3783 1698 3813 nostre
1711 3783 1851 3820 Seignour
1866 3790 1950 3820 1290.

1311 3825 1335 3855 E
1347 3834 1418 3857 totes
1431 3823 1527 3854 choses
1540 3821 1730 3852 devauntdites
1744 3822 1883 3851 leaument
1898 3820 1971 3850 tenir
1983 3818 2017 3851 &
2038 3819 2190 3861 acomplir,
2208 3827 2279 3851 nous
2298 3826 2326 3848 a³

1274 3874 1358 3896 voms
1370 3863 1490 3902 promis,
1507 3871 1544 3892 en
1555 3861 1632 3890 bone
1643 3859 1700 3898 foi,
1718 3861 1751 3891 &
1766 3861 1822 3889 'ure
1835 3859 1878 3889 sur
1889 3858 1997 3888 Seintes
2010 3856 2230 3898 Ewangeles,&
2244 3868 2259 3887 a
2273 3866 2327 3886 ceo

1275 3910 1347 3934 nous
1365 3902 1506 3940 obligoms
1526 3908 1598 3929 nous
1618 3899 1651 3929 &
1667 3907 1719 3928 nos
1770 3899 1838 3935 eirs,
1854 3906 1902 3934 par
1916 3906 1962 3926 ces
1975 3897 2068 3927 lettres
2081 3905 2212 3934 overtes,
2230 3895 2326 3925 1631663

1276 3941 1313 3972 de
1324 3940 1418 3971 nostre
1435 3938 1514 3976 Seal,
1533 3938 1566 3968 &
1580 3935 1628 3966 des
1643 3935 1726 3967 Seaus
1739 3936 1787 3966 des
1801 3935 1900 3965 nobles
1916 3933 2076 3973 Hommes,
2094 3945 2146 3965 nos
2161 3935 2248 3965 cheir»
2270 3933 2326 3962 feaa

1276 3981 1351 4017 bles,
1368 3977 1510 4008 Godefroi
1528 3975 1564 4005 de
1582 3974 1703 4005 Brabant
1725 3974 1771 4005 Sei
1811 3982 1846 4003 or
1864 3972 1992 4004 d'Arstot
2013 3975 2047 4004 &
2068 3972 2104 4004 de
2118 3973 2219 4003 Virson
2232 3970 2328 4001 nostre

1275 4019 1353 4048 chier
1372 4016 1459 4053 frere,
1484 4010 1597 4044 Ernout
1616 4012 1663 4043 Sei
1724 4021 1737 4042 r
1758 3983 1966 4043 dgenWalehain
1986 4012 2020 4042 &
2040 4012 2173 4049 Florens,
2197 4006 2330 4039 Berrrand

1276 4057 1396 4096 Seignor
1410 4053 1444 4085 de
1458 4051 1546 4086 Berlai
1559 4050 1657 4083 nostre
1664 4022 1772 4089 gCngfim
1781 4051 1830 4120 Ι163
1850 4059 1956 4089 queus,
1976 4050 2066 4083 ovesk
2085 4058 2174 4087 nQuS,
2189 4055 2242 4079 ont
2256 4048 2335 4113 311ῗυῖ

2319 1826 2430 1864 L.A.f.

2323 1878 2383 1895 120.
2405 1876 2432 1893 a.

2318 1911 2388 1934 Penes
2397 1908 2448 1931 Ciz-

2323 1953 2416 1974 merar-

2331 2731 2466 2771 *1148n
