2570 4261
778 237 890 280 ET
971 238 1237 282 ACTA
1319 244 1795 291 PUBLICA.

2235 259 2314 298 125⁹

14 322 92 354 nnn·
104 316 151 352 Β·
199 323 268 356 Dat·
281 324 355 366 ²PUd
369 333 477 356 novum
494 322 675 363 Templum}
698 330 734 363 23
754 322 799 353 die
819 321 985 355 Novembr·
1003 335 1079 357 anno
1094 325 1217 357 Domini
1249 330 1294 360 nia
1306 331 1458 362 Terrarum
1472 334 1594 364 Comitis
1610 335 1808 365 {ildebrandini
1829 335 1898 366 dieti
1918 334 2012 365 Rubei
2027 333 2146 373 ejusdem
2161 330 2303 366 Guidonis
2326 331 2400 361 Ann.
2413 327 2456 363 D,

38 368 121 398 1272.

14 400 83 429 Ἐάν.
107 408 129 426 1.

12 764 89 797 Ann.
105 762 146 794 D.

34 810 118 840 1273.

10 846 52 869 Ex
68 845 126 868 Au-

11 886 76 916 togr.

14 1632 33 1667 ..⁵
50 1633 72 1661 1.
82 1631 148 1669 890.

11 1765 89 1796 Arm.
106 1765 148 1796 D.

33 1813 119 1844 1273.

11 1847 65 1871 An.
84 1854 107 1871 i.

12 1886 44 1909 E.
65 1892 87 1909 1.

10 1924 53 1948 ,Ex
70 1923 129 1948 Au-

8 1964 76 1996 togr.

164 372 248 401 1272.

259 489 330 520 Non
343 489 431 533 prins
445 488 573 519 Henrici
587 489 674 533 Regis
689 497 770 518 mors
784 488 922 534 Gregorio
941 491 1023 535 Papae
1037 500 1117 522 nota.

163 573 252 608 Bulla
271 575 408 619 Gregorii
424 575 504 618 Papae
523 572 648 614 decimi,
675 572 787 605 diresin
804 576 848 606 A.
870 577 981 621 Reginae
1003 577 1138 623 Angliae‚
1162 585 1216 620 pro

206 624 286 667 Rege
311 622 427 668 Angliae
448 619 615 660 inducendo,
636 620 682 653 ad
706 621 885 655 veniendum
909 621 954 655 ad
975 627 1090 671 Papam
1112 623 1219 671 pradi-

207 670 300 704 Ham.

169 754 234 816 G
243 755 380 795 Regorius
391 754 560 793 Episcopus,
576 753 666 785 servus
678 753 820 786 servorum
841 755 913 795 Dei,
928 756 1073 787 cariffimae
1092 758 1121 787 in
1135 756 1222 787 Chri-

244 793 288 824 sto
301 794 379 824 Filiae
394 793 430 824 A.
444 792 567 832 Reginae
582 792 691 833 Angliae
706 793 803 824 illustri
816 817 827 833 ,
851 795 963 825 salutem
978 796 1011 826 ὃς
1028 795 1222 833 Apostolicam

165 832 401 863 benedictionem.
1070 845 1075 851 ·

202 870 284 901 Sicut
297 871 359 900 aliae
373 869 477 900 nostrae
488 869 629 900 carissimo
645 870 674 898 in
690 869 806 900 Christo
825 869 883 902 filio
901 871 999 902 nostro
1018 870 1052 901 E.
1072 870 1147 910 Regi
1164 871 1223 901 An-

164 909 248 948 gliae,
268 909 364 939 illustri
378 910 441 938 vito
453 916 521 946 tuo,
541 917 627 945 nuper
641 907 729 938 miffae
743 909 842 939 litterae
862 911 1045 940 continebant
1060 932 1070 947 ,
1095 909 1130 939 de
1143 910 1224 948 ipsius

164 949 198 979 &
213 955 263 978 tuo
277 957 310 977 ac
331 947 449 977 aliorum
461 947 618 977 vestrorum
637 946 768 987 prospero
787 947 907 978 adventu
924 949 1090 987 gaudentes,
1107 947 1141 978 ad
1154 948 1223 978 ube-

162 986 242 1016 rioris
254 985 348 1015 laetitae
363 985 473 1016 causam
492 986 549 1024 ejus
569 986 602 1015 &
623 992 700 1014 tuam
720 985 890 1024 praesentiam
910 987 1088 1026 expectamus
1105 998 1115 1023 3
1139 994 1224 1016 caete-

162 1034 227 1054 rum
240 1033 307 1054 cum
320 1023 411 1053 eidem
426 1023 502 1063 Regi
517 1024 664 1054 scribamus
679 1031 709 1053 ut
722 1024 883 1055 fortitudine
898 1032 982 1064 prout
999 1023 1161 1064 Principem
1176 1024 1225 1053 de-

162 1072 209 1094 cet
224 1062 348 1101 utendo,
366 1063 395 1092 in
411 1063 562 1093 vocatione
575 1062 657 1092 clarae
672 1064 818 1093 memoriae
831 1062 940 1093 illustris
949 1062 1036 1101 Regis
1052 1062 1162 1101 Angliae
1171 1061 1226 1092 Pa-

162 1102 212 1132 tris
224 1101 278 1138 sui,
293 1100 368 1130 suam
382 1100 486 1130 divinae
500 1100 638 1131 voluntati
658 1101 838 1139 conformet,
855 1102 990 1140 patienter
1005 1100 1040 1130 de
1058 1109 1143 1130 manu
1159 1100 1225 1131 Do-

162 1140 233 1169 mini
246 1139 356 1170 adversa
370 1140 503 1178 recipiens
518 1162 528 1177 ,
550 1139 586 1169 de
608 1138 685 1183 cujus
703 1139 842 1170 beneficio
858 1140 944 1169 multa
959 1138 1065 1176 recepit
1080 1139 1227 1179 prospera,

161 1179 196 1209 &
211 1178 281 1208 illius
291 1178 317 1208 se
332 1178 490 1218 coaptando
504 1177 681 1216 beneplacitis
694 1179 808 1216 recipiet
828 1178 939 1208 uberius
958 1179 988 1207 in
1001 1177 1137 1207 futurum.
1175 1177 1226 1208 Se-

162 1217 309 1247 renitatem
324 1224 401 1247 tuam
414 1225 542 1256 rogamus
555 1216 590 1247 &
602 1216 748 1246 hortamur
763 1217 791 1246 in
805 1215 1017 1254 DominoJehu
1025 1215 1142 1245 Christo
1158 1225 1225 1253 qua-

161 1256 237 1285 tinus
250 1255 315 1285 haec
330 1255 426 1285 eadem
441 1256 470 1285 in
484 1263 512 1286 te
525 1254 579 1296 ipsa
591 1254 740 1294 prudenter
752 1255 918 1292 observans,
932 1254 965 1284 ad
979 1254 1022 1283 illa
1036 1262 1223 1284 memoratum

163 1292 276 1333 Regem
288 1295 382 1324 virum
403 1302 484 1324 tuum
497 1316 507 1331 ,
531 1300 614 1333 prout
630 1292 760 1335 expedire
772 1293 909 1332 putaveris
924 1315 934 1330 ,
956 1292 1141 1323 sollicitudine
1159 1302 1226 1330 pru-

161 1332 252 1363 dentis
264 1332 380 1363 cautelae
391 1342 424 1363 ac
438 1331 637 1362 exhortationis
649 1329 771 1360 inducas.

198 1408 266 1438 Dat.
285 1408 357 1450 apud
383 1408 500 1439 Urbem
515 1414 656 1446 veterem,
676 1407 776 1446 quinto
796 1405 860 1437 Idus
875 1405 997 1445 Januarii
1010 1429 1020 1445 ,
1043 1406 1226 1440 Pontificatfis

163 1446 252 1478 nostri
267 1457 342 1478 anno
356 1448 458 1485 primo.
1202 1461 1203 1466 =

860 1481 915 1513 Sub
923 1482 976 1526 filo
993 1483 1098 1514 canabi.

164 1617 192 1645 ’ᾖ
216 1619 307 1652 Bulla
333 1620 470 1665 Gregorii
491 1620 573 1663 Papa
593 1616 702 1650 decimi
725 1615 761 1649 de
780 1616 911 1662 Proceffit
935 1627 1040 1652 contra
1058 1615 1225 1649 Guidonem

251 1667 288 1701 de
303 1667 504 1712 Mentesani,
520 1666 614 1712 fhper
631 1674 727 1698 morte
744 1667 871 1697 Henrici
889 1665 926 1698 de
942 1666 1140 1699 Alemannia.

168 1752 382 1816 GRegotius
396 1751 573 1791 Episcopus,
599 1749 690 1781 servus
708 1749 850 1781 servorum
871 1750 927 1781 Dei
943 1773 953 1789 ,
975 1749 1010 1781 ad
1029 1750 1226 1782 certitudinem

242 1791 435 1829 praesentium,
453 1790 488 1820 &
503 1790 673 1819 memoriam
687 1788 854 1819 futurorum.

204 1829 361 1868 Quondam
381 1827 502 1858 Henrici
514 1827 551 1858 de
571 1827 716 1857 Alamania
730 1849 740 1864 ,
763 1827 845 1858 clarae
865 1829 1012 1858 memoriae
1032 1826 1148 1857 Ricardi
1164 1849 1174 1863 ,
1198 1827 1228 1856 in

164 1867 366 1899 Romanorum
380 1866 492 1905 Regem
506 1865 607 1904 elesti,
622 1866 818 1905 primogeniti,
836 1866 939 1905 sanguis
954 1865 1055 1896 effusus
1069 1865 1229 1895 immaniter

164 1906 297 1945 profiindi
310 1905 346 1937 ad
360 1915 413 1935 nos
427 1914 534 1935 vocem
554 1903 685 1934 clamoris
703 1904 801 1935 exaltat
816 1927 826 1943 ,
852 1906 885 1935 ὃς
906 1903 1073 1944 horrendam
1087 1904 1228 1934 effufionis

164 1945 220 1975 suae
232 1945 330 1976 seriem
343 1943 445 1974 nostris
457 1942 651 1983 conspectibus
671 1943 780 1981 lugubri
795 1943 961 1980 repetitione
976 1943 1155 1982 praesentans,
1174 1943 1228 1972 ho-

164 1983 312 2014 micidium
332 1983 421 2013 defert
435 2005 446 2021 ,
470 1981 654 2012 fratricidium
669 1982 753 2011 infert
765 2004 776 2020 ,
799 1981 981 2020 Sacrilegium
996 1990 1030 2010 ex
1050 1981 1117 2011 loco
1131 1981 1227 2021 patrati

161 2022 268 2053 sceleris
279 2023 384 2062 arguit,
402 2021 470 2051 Deo
484 2043 494 2059 ,
515 2019 649 2058 Ecclesiae
662 2042 672 2057 ,
699 2029 812 2050 necnon
832 2021 865 2050 ὃς
886 2020 1063 2058 Principibus
1076 2042 1085 2057 ,
1111 2027 1180 2049 tunc
1196 2020 1225 2049 in

162 2060 254 2092 Curi&
276 2059 409 2091 Romana
425 2058 604 2098 praesentibus
618 2081 627 2095 ,
653 2058 754 2090 illatam
776 2059 927 2096 injuriam,
952 2059 1008 2088 aliis
1028 2058 1227 2088 nichilominus

159 2099 282 2137 eiusdem
296 2099 402 2137 sceleris
419 2097 635 2129 circumstantiis
654 2096 819 2128 detestandis
838 2097 964 2137 expositis
978 2120 988 2135 ,
1009 2105 1042 2127 ex
1059 2097 1158 2135 quibus
1176 2096 1227 2126 alia

160 2139 264 2169 diversa
279 2139 312 2169 δε
327 2139 459 2167 immania
471 2137 554 2167 etiam
566 2136 686 2165 crimina
698 2135 789 2175 elicit,
807 2140 865 2165 ison
878 2136 992 2166 omittit.

200 2176 317 2206 Horum
327 2176 458 2205 omnium
472 2173 616 2214 quondam
630 2173 779 2207 Simonem
791 2175 824 2205 &
833 2173 1000 2204 Guidonem
1013 2173 1049 2203 de
1062 2172 1226 2203 Montefor-

160 2215 182 2245 ti
195 2214 300 2245 Fratres
309 2213 477 2253 Principales
489 2214 523 2244 &
536 2213 664 2247 notorios
675 2222 737 2242 reos
750 2212 850 2242 clamat
859 2235 868 2251 ,
885 2222 1041 2250 eorumque
1053 2212 1081 2241 in
1093 2212 1150 2242 hoc
1164 2212 1226 2241 fau-

159 2262 233 2284 tores
248 2254 282 2285 &
295 2253 449 2293 complices
464 2251 567 2282 eisdem
580 2251 743 2281 criminibus
757 2251 899 2282 denuntiat
916 2252 1057 2281 involutos
1066 2274 1075 2289 ,
1096 2251 1226 2280 lacrima-

158 2293 251 2323 biliter
264 2292 387 2330 queritur
399 2292 429 2322 in
444 2298 503 2321 tam
517 2289 675 2321 execrandis
697 2289 851 2320 excessibus
867 2288 978 2320 dilatam
1000 2286 1146 2327 hucusque
1163 2289 1225 2319 fore

159 2330 328 2361 vindictam:
347 2329 417 2361 Nec
430 2329 561 2367 subticet3
579 2328 635 2366 set,
648 2328 724 2367 vulgi
734 2329 860 2359 clamore
872 2336 1076 2367 concurrente,
1095 2327 1225 2358 submur-

159 2377 251 2401 murat
261 2368 377 2408 justitiae
390 2378 451 2398 non
465 2367 615 2398 modicum
629 2376 664 2396 ex
677 2365 753 2397 tanta
765 2367 897 2397 dilatione
910 2366 1076 2397 detradhim.

193 2407 276 2438 Hinc
290 2407 422 2437 instanter
438 2406 592 2444 expostulat
607 2405 637 2434 in
656 2404 825 2435 Guidonem
838 2428 848 2443 ,
873 2405 994 2435 fautores
1009 2427 1019 2442 ,
1043 2404 1077 2435 &
1091 2404 1172 2434 Com
1193 2404 1225 2434 li-

159 2456 207 2477 ces
222 2453 393 2476 memoratos
406 2446 479 2475 exeri
489 2444 592 2475 debitae
606 2443 720 2473 ultionis
737 2443 848 2473 aculeos
861 2466 871 2480 ,
894 2444 927 2473 &
948 2442 1118 2472 Guidonem
1135 2444 1165 2480 ip
1176 2453 1225 2473 urn

158 2485 302 2523 praecipue
318 2507 328 2522 ,
352 2492 420 2513 cum
439 2483 512 2522 quasi
528 2481 659 2515 omnium
681 2481 771 2511 oculis
793 2482 849 2520 ejus
863 2481 946 2518 culpa
961 2481 986 2510 se
1004 2482 1107 2520 ingerat
1121 2504 1131 2519 ,
1156 2491 1226 2512 cum

159 2531 304 2553 tantorum
315 2522 467 2553 criminum
482 2531 542 2550 reus
553 2518 608 2560 ipsa
621 2518 688 2548 faeti
707 2519 846 2549 evidentia
867 2521 1071 2557 convincatur,
1089 2529 1143 2548 nec
1164 2529 1225 2549 non

158 2562 193 2592 ὃ(
209 2561 321 2591 eosdem
335 2560 396 2590 suos
409 2560 527 2590 fautores
538 2560 572 2590 &
586 2557 741 2594 complices
751 2558 830 2596 juxta
845 2558 937 2597 culpae
958 2557 1117 2596 qualitatem
1131 2557 1226 2587 debita

158 2599 301 2631 severitate
315 2598 414 2636 puniri.

199 2637 283 2668 Licet
297 2644 390 2667 autem
404 2634 539 2665 Ecclefiae
554 2633 696 2664 Romanae
711 2635 821 2664 vacatio
834 2657 844 2672 ,
868 2634 902 2664 ὃς
918 2633 1106 2671 promotionis
1120 2632 1226 2663 nostrae

159 2678 283 2714 novitas,
301 2675 492 2714 ingruentium
505 2672 823 2712 undiquenegotiorum
836 2673 912 2703 mole
946 2671 1227 2710 ravata,pr0sequen-

158 2716 206 2754 di,
220 2717 298 2754 juxta
311 2713 475 2752 exigentiam
487 2711 619 2750 justitiae,
637 2719 728 2741 tantos
742 2711 880 2748 excessus,
899 2722 917 2741 u
930 2721 985 2749 que
1005 2711 1097 2741 adhuc
1110 2710 1227 2740 liberam

158 2764 220 2784 non
234 2751 385 2793 permiserit
397 2750 574 2787 facultatem,
594 2757 687 2780 tamen
707 2757 739 2780 ut
760 2757 838 2780 tanto
856 2758 969 2788 tamque
989 2750 1104 2780 notorio
1118 2748 1225 2787 flagitio

157 2791 227 2823 casti
247 2793 303 2822 atio
317 2789 458 2828 condigna
473 2798 533 2818 non
548 2787 632 2825 defit,
649 2798 703 2818 nec
716 2788 773 2818 fine
787 2787 912 2819 vindicta
925 2788 1026 2819 crescat
1038 2789 1068 2818 in
1083 2786 1142 2818 aliis
1154 2787 1226 2818 adeo

159 2830 224 2861 dete
250 2830 325 2860 abilis
338 2828 483 2859 severitatis
498 2826 612 2857 audacia
625 2835 673 2864 per
688 2827 848 2864 exemplum
862 2849 871 2865 ,
896 2837 963 2857 cum
982 2827 1107 2857 fratribus
1126 2825 1227 2856 nostris

160 2869 361 2900 deliberatione
375 2865 529 2907 praehabita
541 2887 550 2902 ,
576 2873 697 2904 cogente
711 2864 834 2903 justitifi,
851 2875 929 2896 nunc
943 2865 1038 2895 saltem
1059 2865 1227 2905 prosequen-

160 2908 232 2938 dum
245 2907 306 2938 fore
319 2905 407 2936 nostri
423 2904 516 2935 officii
529 2903 658 2933 debitum
677 2904 752 2934 circa
772 2902 822 2934 ista
835 2925 845 2941 ,
871 2904 905 2934 δε
923 2904 1084 2934 excessuum
1105 2903 1227 2943 qualitati

159 2948 282 2976 formam
297 2944 459 2975 nostrorum
473 2941 652 2982 processuum
665 2941 820 2973 censuimus
835 2941 1080 2973 conformandam.

199 2984 326 3021 Ideoque
345 2992 414 3012 cum
432 2981 468 3011 de
488 2981 637 3011 memorati
655 2980 797 3011 Guidonis
818 2979 922 3010 saevitia
941 2990 975 3011 ex
997 2981 1144 3011 retroactae
1161 2981 1226 3011 vitae

160 3022 401 3057 consideratione,
440 3019 636 3058 raeiumptione
649 3019 785 3057 probabili
798 3042 808 3057 ,
833 3020 961 3050 timeatur
971 3042 981 3057 ,
1008 3020 1079 3050 infra
1093 3020 1226 3057 scriptum

161 3059 283 3090 modurn
297 3057 401 3089 citandi
448 3057 601 3094 uidonem‚
618 3057 754 3097 fautores,
773 3059 806 3089 &
821 3057 975 3097 complices
987 3066 1174 3095 memoratos,
1192 3058 1227 3088 de

162 3098 286 3138 ipsorum
298 3097 414 3128 fratrum
429 3095 546 3126 confilio
557 3094 705 3135 eligentes,
722 3104 819 3127 tenore
833 3096 1007 3135 praesentium
1022 3098 1208 3137 peremptorie
1217 3120 1226 3134 ,

161 3136 296 3177 praesente
310 3134 489 3165 multitudine
509 3132 624 3173 copiosa
638 3133 762 3165 fidelium
774 3158 784 3174 ,
808 3136 924 3166 citamus
942 3135 1053 3165 eosdem
1068 3147 1078 3173 3
1102 3144 1132 3166 ut
1151 3135 1225 3165 idem

161 3174 264 3205 Guido
277 3173 444 3214 specialiter,
458 3183 491 3203 ac
505 3171 612 3212 praefati
625 3173 796 3211 complices,
813 3175 846 3205 &
861 3173 980 3204 fautores
992 3196 1002 3212 ,
1025 3174 1097 3204 infra
1110 3174 1227 3214 quinde-

161 3214 221 3244 cim
242 3213 350 3244 dierum
374 3210 614 3242 numerandorum
638 3219 674 3240 ex
690 3221 766 3242 nunc
788 3213 922 3251 spatium,
941 3212 1018 3251 quod
1035 3213 1072 3243 eis
1092 3223 1144 3250 pro
1164 3222 1227 3251 per-

162 3253 306 3291 emptorio
325 3251 450 3281 termino
468 3248 651 3288 assignamus,
669 3248 702 3279 ad
722 3249 902 3282 diffinitivam
916 3251 995 3292 super
1007 3251 1151 3290 praemissis
1163 3260 1228 3280 orn-

161 3290 243 3321 nibus
256 3290 290 3321 &
303 3288 414 3328 singulis
433 3287 595 3318 sententiam
608 3308 619 3324 ‚
642 3287 676 3318 &
697 3288 808 3319 nost-ros
828 3290 969 3329 processus
990 3290 1056 3320 alios
1077 3289 1228 3321 audiendos

162 3335 344 3367 compareant
363 3326 537 3364 personaliter
559 3326 758 3369 coramnobis
771 3349 781 3365 ,
805 3329 941 3368 recepturi
963 3339 1015 3367 pro
1040 3330 1144 3359 meritis
1158 3351 1168 3367 ,
1193 3328 1226 3358 ὃς

162 3366 262 3398 nostris
281 3365 397 3404 praecise
417 3365 596 3402 beneplacitis
615 3371 749 3402 parituri,
772 3365 893 3405 alioquin
919 3368 975 3398 five
994 3368 1122 3398 venerint
1134 3390 1144 3405 ,
1171 3367 1227 3397 five

161 3415 240 3476 gon,
259 3404 459 3435 nichilominus
470 3403 505 3434 ad
520 3400 673 3441 praemiffi,
691 3409 775 3440 prout
789 3405 917 3444 expedire
933 3406 1109 3445 videbimus,
1126 3415 1227 3446 proce-

184 3454 271 3474 emus.

199 3482 345 3513 Caeterum
358 3490 395 3512 ne
409 3478 499 3510 dietus
513 3477 768 3522 GuidoQsatagens
783 3480 872 3511 forsan
886 3482 996 3513 nostros
1012 3481 1154 3521 processus
1167 3482 1226 3511 elu-

162 3520 244 3560 dere,
261 3518 469 3561 quoquomodo
481 3517 619 3554 causetur,
635 3524 686 3561 iter
699 3518 733 3548 ad
746 3519 863 3549 eandem
880 3519 1014 3559 Curiam,
1034 3521 1078 3551 vel
1094 3520 1178 3559 ipfiim
1194 3521 1228 3550 si-

163 3560 194 3590 bi
206 3570 266 3590 non
279 3558 333 3589 effe
352 3558 475 3588 securam
491 3580 500 3593 ,
526 3556 559 3586 &
573 3555 723 3593 specialiter
743 3566 855 3595 propter
876 3559 1050 3589 carissimum
1064 3561 1093 3589 in
1108 3558 1225 3589 Christo

163 3597 251 3629 filium
265 3596 411 3634 nostrum,
429 3595 464 3626 E.
480 3594 594 3633 Regem
608 3593 720 3633 Angliae
731 3594 864 3626 illustrem
879 3619 890 3634 ,
913 3607 982 3627 cum
998 3597 1099 3636 magna
1111 3597 1227 3627 comiti-

164 3636 200 3667 va
236 3644 319 3675 prout
331 3635 450 3675 regalem
469 3633 553 3664 decet
572 3631 765 3676 excellentiam
776 3655 786 3671 ,
811 3635 840 3664 in
855 3634 944 3665 Curia
966 3636 1023 3674 ipsa
1044 3636 1224 3674 praesentem,

164 3674 194 3705 in
220 3685 236 3704 a
249 3675 358 3715 scriptas
371 3673 540 3710 securitates,
557 3680 623 3710 quas
635 3670 671 3701 de
686 3680 694 3700 1
715 3670 809 3701 fiotum
829 3672 944 3703 fratrum
958 3675 1073 3705 consilio
1089 3684 1102 3703 a
1124 3675 1226 3712 proba-

163 3722 244 3752 mus,
263 3714 297 3745 ὃς
310 3711 475 3744 sufficientes
487 3719 519 3740 ac
533 3710 654 3750 ydoneas
666 3719 682 3739 e
707 3718 723 3738 e
734 3707 925 3750 decernimus,
943 3714 968 3743 ei
980 3712 1088 3744 offeren
1108 3723 1134 3744 25
1147 3712 1228 3743 duxi-

165 3760 244 3790 muS,
262 3753 295 3783 ὃς
308 3758 393 3793 prout
407 3749 558 3786 subicitur,
572 3747 775 3778 concedendas.

203 3788 296 3830 Ipsum
315 3789 448 3829 siquidem
462 3787 629 3818 Guidonem
649 3794 763 3826 propter
782 3785 842 3816 hoc
860 3785 894 3816 ad
911 3787 1035 3819 nostram
1053 3790 1227 3829 praesentiam

165 3835 234 3857 cum
248 3828 424 3867 competenti*
433 3824 537 3857 familia
551 3824 780 3867 venientem2&
793 3824 949 3863 hujusmodi
964 3827 1020 3863 ejus
1040 3828 1193 3866 familiam,
1211 3829 1227 3858 a

165 3872 295 3903 ternpore
307 3868 409 3898 itineris
421 3865 454 3896 ad
467 3865 524 3895 hoc
535 3864 635 3901 arrepti
649 3887 660 3902 ,
684 3864 832 3908 recipimps
846 3885 856 3900 ‚
892 3863 963 3894 uoad
977 3874 1076 3895 omnes
1088 3867 1166 3905 ipsius
1179 3866 1227 3897 ad-

165 3904 295 3935 versarios
306 3927 317 3943 ,
341 3905 390 3936 sub
410 3902 499 3935 nostri
513 3902 654 3933 securitate
673 3901 831 3932 conductus
847 3910 854 3929 ι
906 3911 1010 3940 umque
1024 3904 1173 3942 postquam
1191 3905 1226 3936 ad

251 3949 309 3972 tam
324 3942 442 3974 Cur-iam
457 3942 634 3982 pervenerit,
658 3940 696 3970 ab
713 3939 815 3970 eisdem
835 3938 988 3970 adversariis
1001 3941 1095 3973 nostra
1112 3952 1226 3983 protec-

166 3981 246 4012 tione
257 3981 412 4019 tuebimur,
432 3982 466 4017 &
482 3990 531 4020 per
542 3980 608 4011 alios
622 3977 656 4009 ad
672 3977 700 4008 id
719 3977 827 4020 attenta·
840 3977 979 4016 diligentia
998 3979 1172 4017 deputandos
1186 3982 1226 4013 fa-

164 4019 274 4089 giemus
285 4019 322 4049 ab
331 4019 488 4051 eorundem
499 4017 714 4050 adversariorum
731 4015 843 4047 offentzs
859 4015 959 4047 securo
978 4019 1113 4050 tutamine
1128 4020 1225 4051 custo-

187 4067 228 4088 iri.

201 4093 239 4126 Et
251 4094 361 4135 insuper
376 4095 396 4126 fi
408 4104 580 4127 memoratus
593 4095 694 4126 Guido
707 4093 734 4125 id
749 4093 859 4133 elegerit
872 4116 882 4132 ,
903 4103 936 4125 ac
947 4094 962 4124 a
977 4094 1059 4124 nobis
1073 4094 1143 4125 infra
1157 4105 1228 4133 prae-

165 4132 255 4170 fissum
267 4133 319 4166 fibi
330 4135 484 4167 terminum
496 4142 626 4174 tempore
641 4135 817 4173 competenti
835 4133 966 4172 petierit,
987 4132 1072 4171 usque
1087 4132 1122 4163 ad
1136 4132 1228 4165 confi-

1251 368 1349 399 Soceri
1370 371 1450 401 nobis
1472 373 1629 410 viciniora,
1653 373 1837 404 sufficientem
1858 374 1980 404 militum
2000 374 2026 403 ei
2044 384 2102 403 non
2118 373 2303 412 suspeetertim

2343 374 2426 408 1273.

1252 407 1431 438 verisimiliter
1442 409 1576 439 destinare
1591 412 1747 441 curabimus
1765 410 1942 443 Comitivam
1955 435 1964 450 ,
1988 412 2035 450 qui
2056 422 2122 442 eum
2137 413 2171 442 ad
2189 413 2305 443 eandem
2325 414 2389 436 Ειῑυ·
2408 419 2432 436 1·

1253 445 1371 475 Curiam
1383 446 1475 476 secure
1487 447 1635 478 deducent.

1292 484 1311 504 ’¹‘
1326 484 1363 514 Et
1377 485 1573 515 nichilominus
1587 495 1773 517 memoratum
1788 487 1915 526 Regem,
1933 488 1967 517 &
1982 487 2057 526 suos,
2077 489 2121 519 vel
2136 487 2196 518 illos
2210 497 2243 518 ex
2257 489 2311 527 eis,

1255 532 1325 560 quos
1339 523 1413 552 idem
1425 523 1525 554 Guido
1541 525 1589 554 fibi
1603 524 1737 564 suspeclos
1755 525 1852 556 dixerit
1866 548 1876 563 ,
1900 525 2017 555 Curiam
2038 528 2156 557 eandem
2175 526 2309 557 faciemus

1254 562 1342 599 exire,
1360 561 1514 599 deputaturi
1533 563 1568 592 eis
1582 563 1616 593 ad
1633 563 1799 593 morandum
1821 564 1919 593 locum
1933 585 1942 600 ,
1970 563 2012 593 seu
2033 565 2095 596 loca
2109 566 2312 603 competentia,

1256 600 1292 629 ita
1304 599 1380 637 quod
1394 600 1468 629 idem
1483 600 1523 630 G.
1544 610 1643 630 eorum
1659 602 1757 631 timere
1775 611 1835 630 non
1854 600 1935 640 possit
1950 601 2084 632 offensam
2099 626 2108 640 ,
2133 604 2165 633 &
2179 605 2313 643 provisuri

1254 638 1330 674 quod
1345 638 1378 668 ad
1399 639 1450 668 alia
1466 639 1528 668 loca
1543 639 1589 678 ipfi
1611 638 1708 669 Curioe
1723 640 1890 679 proximiora
1911 649 1969 668 non
1992 642 2104 671 veniant
2124 641 2217 671 donec
2236 642 2312 673 idem

1257 675 1357 744 Gdido
1369 677 1437 706 inibi
1452 677 1569 717 praescns
1583 677 1679 715 fuerit,
1697 688 1750 708 nec
1766 687 1814 715 per
1835 686 1925 708 unum
1942 678 2017 707 diem
2033 678 2180 717 postquam
2195 680 2260 711 iude
2273 690 2316 711 re*

1257 724 1290 745 ce
1312 723 1347 744 et.

1294 752 1489 792 Suprascriptas
1501 764 1569 784 vero
1582 754 1736 784 securitates
1751 754 1872 784 eundem
1892 754 2058 785 Guidonem
2079 755 2114 785 ita
2128 755 2245 786 demum
2265 752 2315 787 ha*

1260 791 1325 821 bere
1340 792 1486 830 volumus,
1505 793 1538 822 ὃ(
1554 803 1611 823 non
1629 793 1720 830 aliter,
1739 793 1757 822 fi
1775 801 1900 832 tempore
1914 794 2055 831 petitionis
2072 793 2241 832 hujulinodi,
2262 803 2315 824 no-

1261 830 1301 858 bis
1321 829 1396 859 idem
1417 830 1515 860 Guido
1535 841 1584 868 per
1604 830 1819 862 instrumentum
1841 832 1991 862 Publicum
2005 856 2014 869 ,
2039 831 2087 861 suo
2107 831 2203 871 sigillo
2222 834 2316 863 muni-

1258 876 1333 905 tum,
1352 867 1437 897 fidem
1451 868 1560 906 fecerit,
1577 869 1601 898 se
1614 869 1736 906 praestiro
1748 871 1773 908 ,s
1781 871 1858 900 tactis
1880 871 2060 908 corporaliter
2076 870 2261 901 Sacrofiinffitis
2275 870 2315 900 E-

1260 905 1391 944 vangeliis
1405 929 1414 943 ,
1440 907 1594 942 juramento
1617 907 1734 937 firmaffe
1749 931 1758 946 ,
1779 910 1856 947 quod
1878 910 1950 945 juxta
1970 909 2155 946 suprascriptae
2177 910 2317 939 citationis

1260 943 1363 974 nostrae
1377 945 1516 983 formam,
1535 955 1631 976 coram
1645 946 1728 975 nobis
1740 948 1911 987 personaliter
1925 971 1935 984 ,
1957 947 1987 976 in
2001 947 2116 984 praefixo
2132 947 2181 977 fibi
2194 948 2317 979 termino

1260 983 1443 1019 comparebit.

1297 1020 1389 1050 Porro
1402 1029 1589 1051 memoratum
1603 1021 1753 1052 Comitem
1767 1022 1900 1053 Rubeum
1910 1046 1919 1061 ,
1937 1032 1970 1052 ac
1984 1023 2044 1053 suos
2058 1023 2115 1060 ejus
2130 1024 2263 1063 temporis
2275 1022 2315 1053 fa-

1261 1059 1379 1088 miliares
1393 1059 1426 1088 &
1439 1059 1546 1097 socios,
1566 1069 1636 1096 quos
1648 1070 1696 1098 per
1709 1062 1769 1089 alias
1783 1061 1831 1090 sub
1843 1070 1919 1091 certa
1932 1062 2023 1091 forma
2034 1061 2132 1091 litteras
2143 1062 2220 1091 citari
2235 1070 2315 1091 man-

1260 1097 1356 1128 damus
1365 1120 1375 1135 ,
1393 1097 1523 1126 nolumus
1537 1097 1670 1128 citatione
1684 1098 1841 1134 hujusmodi
1853 1099 2063 1137 comprehendi.

1297 1135 1370 1165 Sane
1385 1143 1414 1165 ut
1430 1142 1528 1165 contra
1543 1135 1702 1173 hujusmodi
1723 1135 1852 1166 nostrum
1873 1136 2030 1177 procelsum
2044 1138 2137 1166 omnis
2151 1137 2320 1177 calumpniae

1262 1174 1374 1204 tollatur
1386 1174 1513 1211 occasio,
1532 1173 1620 1210 ipsum
1633 1174 1662 1203 in
1674 1174 1783 1204 diversis
1797 1174 1866 1204 locis
1887 1175 1985 1205 vicinis
2000 1174 2067 1204 infra
2081 1174 2184 1212 septem
2198 1175 2254 1205 <lies
2267 1176 2319 1206 hu-

1261 1212 1379 1248 jusmodi
1393 1213 1554 1244 citationem
1567 1212 1729 1242 immediate
1745 1213 1900 1252 sequentes,
1915 1213 2089 1254 providimus
2100 1213 2253 1243 denuntiari
2268 1224 2320 1254 pu-

1263 1250 1352 1289 blice,
1368 1261 1401 1281 ac
1414 1250 1499 1280 solem
1520 1251 1590 1280 niter
1605 1251 1749 1288 publicari.

1301 1288 1339 1319 Et
1354 1298 1384 1319 ut
1398 1288 1476 1319 idem
1517 1289 1637 1319 rocessus
1651 1312 1660 1327 ,
1684 1289 1718 1319 ad
1732 1297 1919 1319 communem
1941 1289 2072 1319 omnium
2088 1289 2215 1319 notitiam
2235 1289 2321 1320 dedu·

1263 1336 1339 1357 catur
1353 1350 1362 1365 ,
1387 1335 1473 1357 cartas
1486 1328 1542 1357 five
1563 1328 1738 1358 membranas
1756 1326 1915 1363 processum
1936 1328 2111 1357 continentes
2133 1327 2272 1365 eundem,
2291 1330 2321 1358 in

1262 1365 1378 1403 Majoris
1390 1365 1523 1396 Ecclesiae
1538 1365 1711 1396 Urbevetan.
1727 1364 1845 1404 appendi
1857 1365 1902 1395 vel
1914 1364 1988 1404 affigi
2007 1366 2094 1396 Ostiis
2109 1366 2321 1402 superliminari-

1262 1404 1314 1434 bus
1328 1403 1477 1443 faciemus,
1493 1414 1557 1443 quae
1565 1403 1728 1434 Proceffum
1744 1405 1832 1441 iprum
1847 1403 1896 1433 suo
1911 1405 1983 1442 quasi
1995 1405 2096 1435 sonoro
2110 1405 2272 1442 praeconio,
2287 1405 2322 1434 ἃς

1264 1442 1359 1480 patulo
1372 1443 1479 1472 indicio
1493 1442 1675 1480 publicabunt
1688 1454 1697 1479 .·,
1721 1444 1757 1472 ita
1771 1442 1846 1482 quod
1862 1441 1988 1482 praediffl
2003 1443 2102 1474 Guido
2118 1466 2128 1481 ,
2151 1443 2269 1472 faitores
2287 1444 2323 1480 &ss

1264 1481 1432 1521 compliceS,
1472 1491 1522 1511 uos
1533 1482 1672 1519 processus
1684 1481 1739 1518 ipse
1754 1482 1909 1519 contingit,
1927 1482 2028 1511 nullam
2048 1481 2150 1519 porsint
2171 1482 2321 1511 excusatio-

1263 1529 1330 1549 nem
1346 1530 1451 1557 praeten
1472 1530 1517 1550 ere
1529 1542 1538 1558 ‚
1564 1520 1640 1560 quod
1655 1519 1688 1550 ad
1702 1530 1750 1549 eos
1762 1520 1817 1549 talis
1834 1519 1974 1558 processus
1994 1530 2053 1550 non
2071 1522 2225 1558 pervenerit
2239 1543 2249 1558 ,
2274 1520 2320 1549 vel

1266 1557 1342 1597 quod
1358 1559 1508 1598 ignorarint
1526 1559 1646 1588 eundem
1659 1583 1668 1597 ,
1689 1567 1757 1587 cum
1771 1568 1830 1587 non
1850 1559 1882 1588 sit
1902 1558 2047 1589 verisimile
2069 1568 2210 1588 remanete
2230 1557 2321 1598 quoad

1264 1595 1335 1664 ibqsos
1351 1598 1547 1637 incognitum,
1567 1598 1611 1628 vel
1623 1596 1769 1628 occultum
1782 1619 1792 1635 ,
1817 1596 1894 1635 quod
1910 1605 1967 1627 tam
1983 1606 2104 1635 patenter
2125 1597 2257 1627 omnibus
2271 1605 2323 1634 pu·

1296 1643 1391 1666 icatur.

1301 1712 1410 1743 Acium
1430 1711 1502 1752 apud
1524 1710 1640 1742 Urbem
1661 1720 1784 1742 veterem
1803 1712 1831 1742 in
1851 1710 1957 1742 Palatio
1976 1712 2074 1743 nostro

1421 1749 1431 1757 Α

1266 1749 1449 1783 Pontificatus
1462 1750 1550 1782 nostri
1565 1760 1640 1781 anno
1654 1752 1756 1791 primo.
2087 1735 2096 1751 ³
2123 1711 2188 1742 Kal.
2204 1710 2323 1763 Mmu‘,

1807 1827 1860 1857 Sub
1870 1826 1930 1868 filis
1938 1826 2031 1872 sericis
2036 1826 2116 1866 flavi
2131 1824 2219 1856 rubei-

1835 1877 1884 1905 que
1897 1865 1996 1895 colom.

1265 1989 1353 2021 Bulla
1372 1991 1508 2036 Gregorii
1530 1993 1612 2036 Papa
1628 1988 1736 2023 decimi
1751 2001 1807 2036 per
1832 2002 1924 2036 quam
1951 1987 2078 2022 mandat
2096 1991 2241 2037 'Raynerio
2266 1990 2326 2035 Cet-¹

1305 2038 1422 2083 pellano
1431 2038 1488 2083 fito
1499 2066 1508 2081 ‚
1533 2042 1570 2077 ᾠ-
1592 2039 1735 2084 Praepofito
1753 2039 1904 2071 Florentiae
1915 2065 1925 2080 ,
1951 2037 2031 2084 quod
2046 2038 2194 2086 cognofiat
2217 2035 2253 2069 de
2272 2034 2324 2068 de·

1312 2086 1379 2118 libio
1390 2097 1556 2133 perpetrato
1569 2098 1624 2133 per
1645 2089 1687 2121 G.
1704 2085 1740 2119 de
1758 2087 1952 2132 Monteforti.

1343 2171 1485 2211 Regorius
1498 2170 1668 2216 Episcopus,
1682 2172 1774 2203 servus
1787 2171 1929 2203 servorum
1950 2170 2026 2208 Dei,
2043 2169 2151 2200 dilecto
2173 2168 2245 2201 Filio
2259 2169 2328 2201 Ma—

2326 481 2457 518 *18912

2346 2164 2420 2197 Ann.
2434 2164 2474 2196 D.

1342 2210 1429 2248 gistro
1442 2210 1584 2254 Rayntrto
1603 2210 1758 2250 Capellano
1774 2211 1872 2241 nostro
1884 2233 1894 2248 ,
1921 2209 2075 2249 Praepofito
2091 2208 2244 2240 Florentin.
2257 2209 2327 2240 salu-
2363 2212 2416 2243 127
2420 2214 2443 2244 3·

1263 2258 1321 2280 tem
1335 2250 1368 2280 &
1384 2248 1580 2286 Apostohcam
1595 2249 1831 2280 benedictionem.

2325 2248 2394 2272 rAn.
2411 2254 2433 2271 1Α

1300 2287 1445 2318 Horrendi
1459 2287 1561 2318 sceleris
1575 2289 1604 2318 in
1621 2288 1763 2326 quondam
1771 2287 1932 2318 Henricum
1948 2285 1984 2316 de
1991 2285 2153 2323 Alemania,
2171 2285 2253 2316 clarae
2267 2295 2328 2317 me*
2343 2288 2371 2311 E.
2395 2291 2417 2312 ¹-

1265 2327 1364 2356 moriae
1384 2326 1500 2358 Ricardi
1513 2327 1548 2365 ¹in
1567 2326 1694 2357 Roman.
1716 2326 1829 2365 Regem
1849 2326 1934 2358 elec-Sti
1954 2326 2174 2364 primogenitum
2191 2324 2332 2364 flagitiose

1265 2364 1425 2402 commisii,
1442 2364 1566 2395 clamosa
1585 2364 1712 2395 instantia
1731 2365 1840 2394 excitati
1856 2387 1865 2402 ,
1891 2363 2058 2394 Guidonem
2079 2362 2114 2392 de
2135 2361 2308 2393 Monteforti
2320 2386 2330 2402 ,

1265 2413 1352 2441 quem
1374 2402 1562 2443 Principalem
1577 2403 1716 2434 Aetorem
1735 2404 1802 2434 tanti
1825 2403 1919 2441 flagitii
1941 2401 2039 2433 notitia
2063 2401 2225 2430 communis
2240 2402 2329 2432 excla-

1266 2449 1340 2479 mat,
1358 2451 1471 2471 necnon
1484 2442 1517 2472 &
1532 2441 1611 2479 ipsius
1625 2442 1777 2481 complices
1795 2441 1828 2471 ὃς
1845 2441 1964 2470 fautores
1983 2448 2069 2477 nuper
2082 2438 2132 2468 sub
2146 2438 2221 2469 certa
2235 2439 2327 2470 forma

1265 2480 1428 2517 citavimus,
1445 2479 1585 2510 edicentes
1596 2481 1706 2518 aperte,
1723 2479 1798 2518 quod
1805 2479 1954 2509 Comitem
1965 2476 2203 2508 Aldebrandinum
2217 2477 2329 2508 dic‘tum

1265 2517 1403 2548 Rubeum
1417 2518 1537 2556 ejusdem
1554 2518 1697 2548 Guidonis
1716 2518 1873 2555 Socerum,
1892 2527 1924 2547 ac
1944 2516 2005 2546 suos
2026 2517 2082 2554 ejus
2097 2516 2229 2555 temporis
2248 2517 2330 2546 fami-

1265 2556 1340 2585 liares
1355 2557 1389 2586 δε
1403 2556 1492 2586 socios
1506 2557 1686 2594 nolebamus,
1703 2566 1756 2587 nec
1771 2556 1862 2586 adhuc
1876 2556 2007 2586 volumus
2027 2555 2156 2585 citatione
2170 2553 2327 2592 hujusmodi

1267 2594 1477 2634 comprehendi.
1962 2614 1965 2615 ν

1303 2632 1411 2662 Verum
1426 2642 1492 2662 cum
1509 2632 1589 2669 ipsius
1608 2631 1730 2662 Comitis
1752 2641 1810 2662 non
1829 2631 1919 2661 solum
1933 2631 1962 2660 in
1980 2628 2120 2660 veniendo
2139 2629 2240 2660 eodem
2254 2638 2328 2661 tem·

1266 2680 1334 2709 pore
1348 2681 1416 2701 cum
1432 2678 1591 2701 memorato
1607 2670 1744 2701 Guidone
1760 2670 1918 2701 Viterbium
1931 2692 1942 2708 ,
1967 2668 2012 2698 sed
2025 2670 2107 2698 etiam
2121 2669 2152 2698 in
2165 2668 2328 2700 accedendo

1266 2709 1300 2739 ad
1312 2710 1410 2739 locum
1424 2709 1582 2747 hujusmodi
1595 2709 1701 2740 sceleris
1717 2710 1813 2747 patrati
1825 2708 1954 2745 societas,
1973 2708 2006 2737 ὅ(
2025 2707 2094 2737 dum
2114 2714 2225 2737 tanturn
2243 2717 2326 2738 com-

1240 2781 1249 2787 ,
1267 2749 1429 2778 mittebatur
1442 2748 1594 2786 flagitium,
1611 2749 1640 2778 in
1656 2747 1758 2778 eodem
1780 2747 1847 2777 loco
1869 2756 1937 2777 cum
1952 2744 1997 2776 sua
2016 2744 2163 2775 Comitiva
2180 2746 2328 2777 manifesta

1265 2787 1408 2824 praesentia
1423 2785 1543 2817 eundem
1556 2785 1710 2817 Comitem*
1723 2787 1756 2817 &
1769 2785 1933 2826 praedicitam
1947 2783 2125 2814 Comitivam
2146 2783 2226 2821 ipsius
2258 2785 2329 2822 ejus-

1267 2825 1334 2855 dem
1349 2825 1470 2864 sceleris,
1488 2826 1521 2856 &
1537 2826 1738 2864 emergentium
1756 2834 1790 2855 ex
1805 2835 1839 2855 eo
1852 2825 2003 2854 criminum
2018 2845 2027 2860 ,
2045 2828 2104 2852 non
2117 2822 2207 2866 solum
2241 2833 2330 2853 enun-

1267 2864 1333 2894 t-iare
1346 2864 1465 2894 fautores
1479 2887 1488 2902 ,
1510 2865 1693 2894 verumetiam
1714 2863 1886 2893 manifestare
1904 2862 1992 2892 iocios
2011 2862 2045 2891 ὅ(
2066 2860 2217 2899 complices
2234 2861 2330 2891 videa-

1267 2910 1327 2939 tur,
1352 2903 1385 2933 &
1407 2902 1546 2933 subsecuta
1559 2902 1744 2942 postmodum
1764 2901 1916 2941 receptatio
1935 2900 2085 2930 memorati
2099 2898 2140 2929 G.
2158 2899 2272 2938 alioeque
2286 2900 2332 2930 di-

1266 2940 1352 2971 versae
1367 2941 1602 2978 circumstantiae,
1619 2941 1732 2978 culpam
1753 2939 1877 2970 Comitis
1891 2940 1972 2977 ipsius
1992 2946 2192 2981 augmentent,
2216 2946 2331 2978 urgente

1265 2979 1436 3010 conscientia
1449 2979 1616 3010 dissimulare
1631 2989 1684 3009 nec
1699 2979 1829 3009 volumus
1844 2987 1896 3008 nec
1909 2977 2030 3018 valemus
2043 2999 2053 3014 ,
2076 2986 2142 3015 quin
2160 2985 2188 3006 in
2203 2979 2329 3013 praemis-

1267 3018 1299 3047 fis
1313 3026 1410 3047 contra
1425 3017 1573 3048 Comitem
1582 3040 1591 3056 ,
1607 3017 1721 3057 suosque
1731 3017 1892 3054 familiares,
1909 3016 1941 3046 &
1956 3015 2045 3045 (ocios
2058 3023 2230 3045 memoratos
2242 3015 2330 3046 nostri

1265 3065 1352 3095 partes
1366 3056 1454 3086 officii
1468 3065 1645 3094 exequamur.

1308 3094 1378 3125 Ideo
1400 3105 1451 3133 ue,
1466 3105 1533 3125 cum
1549 3094 1688 3124 Fratribus
1705 3092 1805 3124 nostris
1825 3092 2023 3123 deliberatione
2042 3089 2195 3129 praehabita
2209 3113 2219 3129 ,
2238 3090 2274 3122 de
2291 3092 2332 3130 ip·

1267 3131 1360 3163 sorum
1375 3105 1504 3163 Consilio
1517 3132 1692 3173 praesentium
1708 3155 1718 3170 ,
1745 3132 1795 3162 tibi
1815 3132 1979 3162 auctoritate
1994 3131 2156 3161 mandamus
2170 3153 2179 3168 ,
2204 3131 2333 3168 quatinus

1265 3171 1300 3201 ad
1320 3171 1494 3210 praesentiam
1517 3172 1667 3201 memorati
1687 3170 1810 3200 Comitis
1829 3172 1860 3200 in
1882 3171 1994 3200 civitate
2015 3170 2098 3200 Suari.
2122 3167 2257 3200 consueto
2275 3170 2332 3205 ejus

1266 3209 1431 3249 domicilio,
1448 3211 1494 3240 vel
1508 3211 1537 3240 in
1551 3210 1604 3239 alio
1618 3209 1718 3239 vicino
1731 3209 1799 3239 loco
1812 3209 1910 3238 Terrae
1924 3208 1995 3246 suae,
2014 3208 2033 3238 fi
2047 3207 2157 3238 forsitan
2181 3207 2220 3236 ibi
2236 3206 2329 3246 degit,

1266 3248 1402 3279 accedens
1416 3250 1505 3289 ipsum
1520 3248 1739 3286 praesentialiter,
1757 3248 1775 3277 fi
1792 3249 1905 3287 copiam
1920 3247 1958 3277 sui
1973 3247 2053 3277 faciat
2069 3269 2079 3286 ,
2103 3245 2223 3284 alioquin
2241 3246 2271 3287 in
2286 3245 2332 3275 di-

1268 3286 1318 3316 eto
1330 3287 1501 3326 domicilio,
1529 3296 1641 3317 necnon
1664 3286 1697 3316 &
1733 3285 1862 3316 raedffitos
1875 3286 1934 3324 ejus
1952 3285 2109 3315 Familiares
2124 3284 2157 3314 ὃς
2180 3283 2279 3313 Socios
2298 3284 2330 3314 in

1267 3325 1361 3363 aliquo
1375 3326 1492 3364 publico
1514 3326 1633 3355 civitatis
1653 3324 1713 3362 ejus
1728 3334 1774 3354 em
1795 3325 1862 3355 loco
1881 3323 2068 3363 peremptorie
2087 3324 2170 3365 citare
2184 3330 2331 3360 procures,

1268 3373 1298 3393 ut
1313 3365 1528 3402 quintodecimo
1548 3363 1593 3393 die
1614 3362 1678 3401 post
1692 3366 1709 3381 ⁴*
1723 3364 1888 3394 citationem
1897 3372 1988 3400 tuam,
2007 3371 2091 3400 quem
2105 3371 2143 3389 eis
2156 3369 2207 3402 pro
2220 3369 2331 3399 perem-

1269 3404 1363 3440 ptorio
1384 3402 1499 3442 affignes
1518 3402 1640 3432 termino
1674 3411 1742 3432 curn
1764 3402 1937 3441 competenti
1950 3400 2052 3430 familia
2063 3397 2237 3441 personali-ter
2250 3406 2334 3427 com·-

1286 3450 1379 3471 areant
1393 3451 1490 3472 coram
1504 3442 1585 3470 nobis
1598 3463 1608 3478 ,
1646 3440 1733 3471 adturi
1746 3463 1756 3478 ,
1782 3440 1815 3470 &
1831 3440 1967 3479 recepturi
1982 3439 2059 3476 super
2072 3436 2229 3481 praemlll1s‚
2248 3436 2327 3475 quod

1263 3450 1373 3518 {ustitia
1386 3479 1549 3517 dictaverit,
1569 3479 1602 3509 &
1616 3478 1766 3510 viderimus
1780 3479 1924 3516 expedire,
1943 3487 1975 3508 ac
1990 3475 2090 3507 nostris
2109 3482 2223 3512 praecise
2243 3474 2329 3505 bene-

1266 3518 1371 3557 placitis
1385 3519 1506 3557 parituri.
1975 3556 1978 3557 .
2319 3552 2325 3558 ·

1304 3556 1449 3586 Caeterum
1475 3564 1506 3586 ut
1528 3554 1607 3585 disto
1631 3553 1742 3585 Comiti
1761 3555 1854 3586 omnis
1877 3554 1986 3584 tollatur
2005 3551 2116 3582 occafio
2136 3550 2328 3588 praetendendi

1266 3594 1383 3625 Curiam
1396 3595 1518 3624 nostram
1527 3616 1537 3632 ,
1552 3594 1596 3624 vel
1610 3593 1660 3623 iter
1672 3594 1706 3623 ad
1721 3594 1822 3633 ipsam,
1837 3593 1885 3632 fibi
1900 3603 1959 3622 non
1973 3590 2027 3621 esse
2040 3588 2245 3633 secura,ipsum
2258 3599 2327 3622 cum

1267 3632 1423 3672 hujusmodi
1444 3632 1544 3662 familiia
1559 3655 1569 3671 ,
1594 3640 1707 3672 propter
1727 3631 1865 3669 praemissa
1887 3632 2046 3672 venientem
2064 3628 2099 3658 ad
2119 3627 2204 3671 ipsam
2219 3626 2326 3672 diritam

1267 3671 1384 3702 Curiam
1395 3695 1404 3709 ,
1422 3672 1455 3702 ὃς
1471 3671 1554 3708 iplam
1570 3671 1704 3701 familiam
1720 3671 1734 3700 Ξ]
1750 3679 1879 3709 tempore
1893 3676 1991 3707 arrepti
2005 3675 2149 3705 propterea
2167 3674 2268 3696 itineris
2284 3677 2329 3697 re-

1267 3712 1387 3748 cipimus
1402 3709 1450 3739 sub
1465 3708 1552 3739 nostri
1566 3708 1707 3739 securitate
1719 3707 1893 3745 conductus,
1911 3707 1943 3737 ὅ(
1957 3706 1992 3736 ab
2006 3706 2138 3736 omnibus
2151 3703 2264 3735 suorum
2279 3705 2329 3735 ad-

1266 3749 1447 3780 versariorum
1463 3746 1589 3784 offensis,
1610 3756 1657 3777 eos
1671 3747 1739 3776 inibi
1752 3746 1909 3777 curabimus
1923 3743 2069 3774 defensate.
2302 3781 2311 3786 ,

1304 3787 1444 3818 Volumus
1458 3795 1571 3824 quoque
1589 3785 1666 3824 quod
1685 3786 1724 3815 eis
1744 3783 1866 3823 expresse
1885 3785 1917 3814 ὃῑ
1931 3784 1996 3822 apte
2010 3781 2178 3819 denuncies,
2197 3782 2277 3819 quod
2294 3784 2327 3811 li·-

1267 3837 1302 3857 ve
1317 3825 1460 3862 venerint,
1481 3824 1536 3853 five
1551 3833 1627 3862 non,
1647 3832 1698 3853 nos
1718 3823 1918 3853 nichilominus
1941 3823 1971 3852 in
1991 3820 2130 3861 praedicitis
2145 3843 2156 3860 ,
2182 3828 2265 3859 prout
2279 3826 2327 3850 ex·

1268 3864 1378 3906 pediens
1391 3863 1453 3894 fore
1469 3861 1643 3899 videbimus,
1660 3861 1854 3901 procedemus.
1956 3898 1960 3903 -
2223 3897 2228 3902 μ

1304 3904 1392 3934 Diem
1406 3909 1498 3931 autem
1513 3901 1667 3938 citationis,
1686 3900 1719 3930 &
1733 3899 1854 3929 formam
1870 3899 1902 3929 &
1915 3897 2047 3938 quicquid
2067 3897 2134 3928 inde
2147 3897 2259 3939 fecere,
2276 3904 2330 3938 no-

1268 3943 1310 3974 bis
1324 3951 1372 3981 per
1386 3948 1444 3970 tuas
1456 3947 1576 3979 patentes
1590 3939 1705 3977 litteras,
1722 3938 1820 3968 harum
1834 3937 1930 3968 seriem
1948 3937 2142 3975 continentes,
2158 3935 2270 3966 fideliter
2286 3943 2330 3963 in·

1266 3982 1365 4013 timare
1377 3987 1517 4018 procures.

1303 4056 1371 4087 Dat.
1386 4054 1458 4098 apud
1475 4053 1591 4089 Urbem
1605 4062 1749 4092 veterem,
1766 4052 1890 4086 secundo
1906 4051 1992 4085 Non.
2009 4050 2124 4089 Martii,
2141 4047 2250 4080 Pontis.
2263 4056 2330 4079 nos-

1267 4103 1302 4127 tri
1317 4104 1393 4127 anno
1408 4102 1511 4133 primo.
1936 4127 1991 4161 sub
2002 4127 2048 4167 filo
2064 4124 2168 4158 canaba·-

1718 4167 1786 4207 Q3
2165 4159 2334 4195 OMIS·

2349 3374 2369 3396 ²*
2382 3375 2481 3414 &8922
