2570 4261
3 194 80 226 Anti.
92 191 133 223 D.

25 240 110 273 1309.
160 237 163 238 ’

5 273 71 300 Edv.
89 279 114 297 2·

6 376 59 403 An.
76 379 103 408 3.

8 415 39 440 E.
58 419 84 437 2-

219 282 269 314 De
291 281 469 326 Yi’mplariis
492 285 523 313 in
546 282 614 314 locis
635 278 789 314 antedifli's
805 281 909 327 ficare
933 278 1134 322 custodiendisi

218 363 282 395 EX
301 364 514 396 Constabulario
530 365 622 397 Castri
638 366 675 396 sui
692 365 813 396 Eboraci
827 366 947 395 salutem.

257 402 337 433 Cum
353 403 495 434 Dominus
511 404 644 435 Summus
659 404 792 433 Pontifex
808 412 899 434 certos
922 402 1096 441 Inquisitores
1116 401 1161 439 (ad
1176 403 1220 430 in-

9 448 97 485 Claus.
114 454 140 482 3.
156 440 322 478 quirendum
339 450 437 484 contra
449 442 580 473 ordinem
597 442 826 479 Templariorum
844 442 983 471 &contra
992 440 1136 483 Magnum
1143 439 1221 469 Prae-

8 491 38 516 E.
55 494 82 513 2,
99 493 135 513 m,
156 487 300 516 ceptorem
319 479 439 517 ejusdem
455 480 578 519 ordinis,
595 481 624 510 in
647 480 752 516 Regno
774 479 868 509 nostro
885 479 1000 515 Angli-ae
1021 478 1223 515 constitutum,

8 534 55 552 21.

60 1814 82 1852 Ἰ4*
92 1816 146 1844 ni.

160 526 275 547 necnon
290 525 385 547 contra
400 518 544 554 singulares
559 518 684 556 personas
699 518 803 547 ordinis
818 518 905 555 illius,
922 517 999 554 super
1014 517 1095 546 certis
1110 515 1223 546 Articu-

159 555 209 593 lis,
227 554 289 592 ipfis
303 554 510 592 Inquisitoribus
524 557 574 586 sub
589 556 752 594 Apostolica
769 555 845 585 Bulla
860 554 960 593 missis,
975 556 1008 585 ὃς
1029 554 1085 584 aliis
1109 553 1143 583 de
1163 554 1223 591 qui-

164 593 215 624 bus
230 595 268 623 eis
284 593 425 624 videbitur
439 594 577 632 expedire)
596 595 654 631 J'am
669 594 776 624 duxerit
788 593 976 630 affignandos:

203 630 258 661 Per
292 631 348 661 uod
365 632 557 663 mandavimus
568 632 672 662 dileeto
688 633 721 662 δε
734 631 808 661 fideli
819 631 913 661 nostro
928 631 1058 660 Henrico
1070 629 1106 659 de
1117 629 1206 668 Percy
1216 651 1226 666 ,

164 669 247 708 quod
259 641 319 699 ilcios
331 669 520 708 Templarios,
538 680 607 708 quos
628 670 711 700 habet
726 670 756 699 in
776 668 916 699 Custodia
936 668 999 706 suti,
1013 667 1096 706 usque
1117 665 1226 697 Ebora-

165 717 234 739 cum
255 707 338 745 duci,
357 708 389 738 ὃς
405 708 486 738 vobis
507 708 591 738 faciat
611 707 737 746 liberari,
756 708 789 738 ὃς
809 707 930 737 {imiliter
950 706 1174 736 Vicecomitibus
1192 704 1228 733 de

165 746 358 777 Comitatibus
379 745 616 783 Northumbriae‚
642 745 806 783 Cumbriae,
838 744 1104 781 Westmerlandiae,
1122 743 1229 773 Lanca-

169 784 258 822 striae,
282 783 516 822 Notinghamiae,
541 784 573 814 δε
600 783 723 814 Eboraci
737 807 747 822 ,
775 782 849 821 quod
874 792 972 812 omnes
993 782 1173 819 Templarios
1199 781 1229 809 in

170 823 278 854 Ballivis
291 821 359 859 suis,
377 823 425 859 qui
441 823 567 852 nondum
582 823 656 859 capti
670 823 744 860 sunt,
764 822 819 851 fine
834 820 965 851 dilatione
980 821 1088 857 capiant
1100 842 1110 857 ,
1125 820 1158 849 &
1173 828 1231 856 eOS,

170 861 226 891 una
239 869 305 890 cum
328 859 377 889 illis
390 861 437 897 qui
458 860 538 899 alias,
555 860 589 890 ad
611 861 771 890 mandatum
787 859 930 896 nostrum,
946 859 974 888 in
997 858 1102 888 eisdem
1125 857 1233 887 Ballivis

169 899 221 929 suis
240 899 311 935 capti
328 897 448 937 fuerint,
472 898 547 929 salvo
567 899 599 929 &
619 899 714 929 secure
735 898 817 936 usque
838 897 1004 927 Eboracum
1024 896 1092 926 duci
1115 895 1234 932 faciant,

173 938 230 967 fine
241 935 339 974 mora,
357 938 439 966 vobis
455 937 560 967 ibidem
575 937 744 966 liberandos:

211 974 301 1005 Vobis
316 974 478 1004 mandamus
494 974 570 1013 quod
585 985 684 1005 omnes
697 974 890 1012 Templarios,
910 982 978 1011 quos
991 972 1140 1011 praedi&us
1154 970 1235 1001 Hen-

173 1015 263 1051 ricus‚
280 1013 314 1043 ’δε
328 1012 437 1050 praefati
448 1012 655 1051 Vicecomites,
673 1014 753 1043 vobis
768 1013 937 1050 liberabunt,
954 1011 998 1041 seu
1017 1010 1121 1041 facient
1135 1010 1236 1039 libera-

176 1053 218 1090 ri,
236 1051 371 1091 recipiatis
380 1051 416 1080 ab
431 1051 549 1090 eisdem,
567 1051 599 1081 &
613 1061 660 1081 eos
676 1053 705 1081 in
721 1050 819 1081 Castro
834 1049 929 1080 nostro
943 1049 1096 1087 praedieto,
1119 1048 1169 1079 sub
1180 1047 1237 1078 fida

176 1092 211 1122 &
225 1089 283 1120 tuta
301 1088 444 1127 custoditi,
461 1089 608 1120 custodiri:

218 1128 262 1158 Ac
279 1126 350 1165 ipsos
362 1127 419 1157 loci
433 1127 602 1165 Ordinario,
620 1127 664 1158 seu
681 1127 889 1164 Inqiiifitoribus
909 1126 1071 1156 memoratis
1092 1123 1238 1162 repraesen-

178 1168 247 1204 tari,
266 1166 299 1197 &
317 1165 386 1195 tradi
402 1165 520 1204 faciatis,
538 1175 588 1204 pro
601 1166 773 1204 inquisitione
788 1165 832 1195 seu
847 1164 1082 1202 inquifitionibus,
1097 1162 1238 1201 hujusmo-

179 1205 211 1235 di
224 1203 371 1242 faciendis,
388 1205 514 1241 quotiens
536 1205 568 1235 ὃ(
588 1204 808 1242 quandocunque
828 1204 864 1232 ab
885 1202 964 1240 ipsis,
983 1201 1133 1243 Ordinatio
1147 1202 1179 1231 &
1194 1199 1241 1230 In-

180 1243 370 1282 quisitoribuS,
387 1242 432 1271 vel
447 1252 547 1272 eorum
563 1241 672 1280 aliquo,
690 1242 766 1279 super
783 1242 839 1272 hoc
854 1241 957 1270 fueritis
970 1241 1096 1278 requiliti.

217 1280 253 1312 Et
267 1280 324 1310 hoc
336 1279 487 1311 nullatenus
500 1281 642 1310 omittatis.

220 1356 310 1388 Teste
322 1355 408 1394 Rege
419 1355 491 1394 apud
504 1355 790 1387 Westmonasteriurn
800 1379 810 1395 ,
832 1364 873 1395 ¹4-
890 1355 936 1385 die
950 1355 1127 1392 Septembris.

223 1432 335 1464 Eodem
359 1432 448 1463 modo
467 1432 628 1464 mandatum
653 1432 693 1463 est
717 1431 930 1462 Constabulario
954 1430 1044 1461 Castri
1075 1429 1250 1466 Lincolniae,

188 1472 265 1511 quod
285 1481 386 1502 omnes
405 1472 581 1508 Templarios
593 1494 603 1510 ,
631 1482 700 1510 quos
718 1470 910 1500 Vicecomites
931 1470 1065 1507 Derbiae,
1090 1467 1249 1504 Warwici‚

192 1510 378 1551 Leycestriae,
404 1510 634 1548 Northampton,
659 1509 852 1547 Rotelandiae,
870 1507 966 1547 Buck,
982 1507 1156 1544 Bedfordiae,
1174 1505 1251 1535 Salo-

189 1552 263 1588 piae,
282 1547 453 1586 staffordiae,
470 1549 503 1579 &
518 1548 694 1586 Lincolniae,
711 1548 766 1577 ursa
780 1556 846 1577 cum
862 1546 928 1584 illis,
946 1547 992 1584 qui
1015 1546 1095 1583 alias,
1115 1544 1148 1574 ad
1171 1554 1252 1573 man-

191 1588 289 1620 datum
300 1586 403 1624 Regis,
421 1587 451 1616 in
465 1586 568 1616 eisdem
581 1586 689 1617 Ballivis
709 1585 759 1615 suis
777 1586 851 1623 capti
871 1584 996 1622 fuerunt,
1014 1580 1088 1615 salvo
1107 1584 1140 1613 ὃς
1158 1581 1253 1612 secure
1287 1595 1293 1598 >

192 1626 276 1665 usque
292 1625 474 1656 Lincoliiiam
487 1624 554 1656 duci
567 1624 688 1662 faciant,
707 1623 766 1659 &a
787 1631 817 1653 ut
825 1623 919 1662 Jitpra.

231 1701 319 1734 Teste
332 1710 362 1733 ut
373 1682 458 1742 supra.

230 1781 267 1813 Et
277 1781 400 1822 Johanni
413 1782 449 1812 de
465 1781 658 1814 Crumbewell
669 1806 679 1821 ,
709 1780 923 1813 Constabulario
937 1779 1033 1810 Turris
1046 1779 1101 1810 suae
1124 1778 1257 1810 London.

199 1821 275 1860 quod
291 1830 391 1851 ornnes
408 1821 603 1860 Templarios,
620 1831 690 1859 quos
710 1821 902 1851 Vicecomites
925 1818 1098 1856 Cornubiae,
1124 1819 1143 1837 *
1159 1817 1258 1849 Devo-

1240 105 1819 150 PUBLICA.

1305 590 1308 594 ¹
1360 552 1439 582 Cum
1455 554 1684 585 affirvnaveriinus
1696 555 1829 585 dileC‘nim
1845 556 1896 585 Ne
1916 565 1995 587 otem
2009 557 2041 587 &
2057 555 2168 587 fidelem
2184 556 2310 588 nostrum

1269 588 1430 621 Gilbertum
1444 592 1480 622 de
1496 577 1591 630 Clare,
1609 592 1759 623 Comitem
1772 566 1914 624 Glouceffi
2319 577 2330 596 ⁷

1681 632 1682 635 Ἴ
1914 595 1961 624 riae
1982 595 2015 624 ὃς
2036 594 2226 634 Henfordiae,
2244 595 2332 634 Capi-
2352 597 2378 620 A

1268 634 1379 658 taneum
1393 629 1528 660 exercitiis
1539 630 1625 666 nostri
1647 631 1768 668 Scodae,
1787 631 1845 661 tam
1868 632 2015 670 videlicet,
2034 634 2102 678 citra
2124 631 2226 671 Mare,
2247 635 2332 672 quarn
2355 636 2383 660 E·
2406 641 2430 659 2-

2243 123 2260 151 1
2270 125 2293 165 5
2298 123 2321 161 5

1246 190 1292 234 ¹do
1307 201 1354 229 per
1368 191 1457 235 ipsum
1473 192 1620 224 Comitem
1635 203 1668 224 ex
1682 201 1755 231 parte
1768 194 1860 232 Regis
1874 193 1974 226 fuerint
1988 188 2114 233 requisiti.
2339 193 2414 223 Ann.
2429 192 2473 222 DJ

1293 229 1325 259 In
1338 240 1433 268 cujus,
1452 231 1512 261 &a
1530 232 1663 269 quamdiu
1682 232 1756 271 Regi
1768 233 1898 270 placuerit
1911 233 2054 265 duraturas.
2365 240 2451 270 ¹309·

1296 305 1384 336 Teste
1401 314 1430 337 ut
1447 305 1534 345 supra:
2343 271 2411 296 Ην.
2429 278 2458 296 2·

1488 426 1538 465 De
1562 431 1734 465 intendendo
1758 435 1914 479 Capitanea
1931 428 2078 481 praediffo.

1266 513 1384 571 REX
1403 511 1578 546 Vicecomiti
1592 515 1810 547 Northumbriae
1822 517 1942 549 salutem.
2349 516 2425 548 Ann.
2440 514 2476 546 D,

2374 564 2459 595 1309.

2381 605 2404 622 si.
2423 603 2448 629 3.

1268 665 1350 703 ultra,
1366 677 1478 698 necnon
1492 668 1524 698 &
1540 669 1687 698 hominum
1702 669 1861 699 nostrorum
1869 670 1904 700 ad
1913 679 2004 708 arma,
2022 670 2080 700 tam
2094 672 2332 710 equitum,quam
2352 674 2420 696 Scor.
2441 677 2468 704 3·

1271 703 1396 740 peditum
1406 728 1414 742 ,
1434 707 1463 735 in
1475 707 1532 736 tota
1545 707 1618 736 terra
1633 706 1725 737 nostra
1738 707 1887 746 praedidta,

1273 780 1306 809 &
1322 779 1482 812 Rebellibus
1496 781 1608 821 nostris,
1626 783 1659 812 &
1674 783 1707 812 ad
1722 782 1880 814 faciendum
1896 794 1944 822 ea,
1962 794 2023 822 quae
2044 784 2077 814 ad
2093 785 2275 821 repulsionem
2290 786 2333 815 di-

1272 817 1383 847 ‹ftorum
1406 818 1592 850 Inimicorum
1607 821 1640 851 ὃ(
1662 820 1839 859 Rebellium,
1863 823 1896 853 &
1914 822 2090 853 salvationem
2115 823 2283 861 hominum,
2302 823 2337 853 ad

1274 864 1379 898 partem
1394 857 1518 887 nostram
1533 858 1727 897 existentium,
1747 859 1847 889 fuerint
1866 869 2018 898 oportuna,
2038 869 2118 897 prout
2140 860 2237 891 melius
2257 861 2336 892 vide-

1274 895 1348 923 bitur
1360 896 1504 936 expedire,
1521 905 1601 935 prout
1616 898 1644 926 in
1658 897 1750 927 litteris
1763 896 1861 927 nostris
1875 900 2046 936 patentibus,
2064 898 2159 928 eidem
2180 898 2269 930 Com.
2293 901 2337 929 in-

1272 931 1312 965 *de
1326 933 1484 972 contestis,
1498 934 1606 974 plenius
1622 935 1788 966 continetur.

1314 969 1385 1013 Tibi
1406 973 1608 1010 praecipimus,
1631 972 1748 1003 firmiter
1767 975 1952 1012 injungentes,
1971 974 2045 1012 quod
2069 974 2183 1011 praefato
2205 975 2337 1015 Comiti,

1277 1008 1375 1046 &ejus
1390 1009 1589 1040 mandatis*in
1605 1011 1674 1049 hiis,
1688 1021 1751 1049 quae
1761 1012 1795 1041 ad
1811 1012 2018 1048 expeditionem
2036 1012 2239 1049 praemiss'orum
2253 1016 2337 1059 perti-

1278 1056 1344 1076 nere
1359 1054 1510 1090 poterunt,
1534 1057 1602 1078 cum
1624 1049 1700 1086 equis
1715 1049 1748 1079 δε
1770 1050 1867 1087 armis,
1886 1050 1918 1080 &
1938 1059 1999 1080 toto
2017 1049 2096 1088 poss'e
2121 1051 2281 1082 Comitatus
2299 1054 2339 1083 tui

1280 1084 1423 1128 praedic‘ti,
1443 1096 1532 1123 pareas
1546 1086 1578 1115 ὃς
1593 1087 1729 1125 intendas,
1748 1087 1851 1118 faciens
1863 1088 1977 1118 viriliter
1992 1089 2025 1119 δε
2045 1088 2191 1125 diligenter
2210 1101 2257 1128 ea,
2275 1101 2338 1128 quae

1281 1122 1357 1166 idem
1372 1122 1480 1154 Comes
1496 1124 1548 1154 tibi
1561 1124 1628 1154 scire
1643 1125 1741 1155 fecerit
1755 1126 1783 1155 in
1799 1125 1961 1165 praemissis,
1981 1127 2108 1165 quotiens
2123 1128 2156 1157 δε
2171 1130 2340 1167 quandoper

1281 1161 1370 1199 ipsum
1383 1161 1459 1205 super
1473 1162 1528 1192 hoc
1538 1185 1547 1200 ,
1565 1172 1599 1192 ex
1614 1172 1689 1203 parte
1702 1163 1813 1202 nostra,
1830 1164 1912 1194 fueris
1926 1165 2117 1202 praemunitus.

1322 1199 1355 1230 In
1367 1210 1461 1238 cujus,
1480 1200 1539 1231 &c.
1559 1201 1709 1239 quamdiu,
1725 1201 1784 1232 &c.

1323 1275 1409 1306 Teste
1423 1276 1507 1314 Rege
1522 1277 1594 1315 apud
1609 1276 1735 1309 Westmss
1754 1288 1798 1314 14.
1813 1278 1859 1309 die
1872 1278 1947 1317 Sept.

1306 1351 1417 1383 Eodem
1431 1353 1520 1384 modo
1533 1353 1693 1385 mandatum
1708 1354 1748 1385 est
1759 1354 1984 1386 vicecomitibus
1993 1355 2166 1395 subscriptis,
2184 1355 2332 1394 videlicet,

1292 1431 1439 1459 Vicecomiti
1453 1430 1573 1460 Eburum
1580 1453 1590 1467 .,

1841 1434 1991 1461 Vicecoml'ti
2006 1432 2175 1472 Lancastriae
2182 1455 2193 1470 ,

1287 1470 1441 1498 ‘Vicecomiti
1457 1468 1699 1509 Westmerhndiae,

1842 1473 1992 1500 Vicecomiti
2008 1471 2150 1500 Cumbriaei

1319 1607 1377 1638 Pro
1400 1603 1554 1650 Radulpho
1577 1604 1613 1637 de
1633 1604 1904 1648 Μσηῑεῖαεννηενίὶ,
1929 1609 1966 1644 ώ-
1988 1618 2041 1652 pro
2063 1605 2180 1640 Thema
2204 1610 2241 1645 ὠ·
2267 1606 2334 1641 Eds

1385 1738 1415 1770 X
1442 1737 1679 1778 Archiepiscopis,
1697 1737 1757 1771 δίε.
1774 1740 1895 1770 salutem.

1515 1653 1620 1686 wardo
1635 1653 1713 1698 filiis
1735 1655 1820 1699 ejus,
1849 1652 2010 1700 Nepotibus
2031 1658 2130 1702 Regis.

1298 1738 1378 1795 RE
1397 1778 1408 1787 ,
1429 1778 1434 1783 .
1468 1780 1471 1784 ,
1622 1780 1626 1784 .
1654 1777 1659 1781 .
1917 1773 1920 1776 .
1993 1777 2001 1785 .
2100 1779 2111 1787 Α
2210 1778 2221 1788 Λ

1389 1779 1487 1808 Sciatis
1501 1788 1552 1808 nos
1563 1777 1686 1816 deditie,
1705 1777 1885 1817 conceffiffe,
1902 1778 1951 1816 δε,
1969 1777 2023 1808 hac
2040 1787 2113 1809 carta
2129 1776 2239 1818 nostra,
2256 1776 2360 1815 confir-

1302 1815 1392 1846 mftffe
1412 1816 1516 1847 dilecto
1536 1817 1568 1846 ὃς
1588 1815 1661 1846 fideli
1675 1816 1788 1854 nostro,
1806 1816 1955 1854 Radulpho
1977 1816 2013 1846 de
2034 1817 2139 1847 Monte
2158 1817 2310 1856 Hermerii,
2330 1819 2363 1849 &

1309 742 1353 771 Ad
1368 743 1545 774 resistendum
1560 744 1689 774 Roberto
1700 745 1736 775 de
1750 745 1831 782 Brus,
1849 746 1881 776 ὃς
1895 745 2093 784 Complicibus
2106 746 2173 784 suis,
2189 746 2335 786 Inimicis,
2354 711 2387 781 ξ..
2405 717 2430 736 2·
2448 715 2485 735 m·

2375 1023 2459 1050 *HL

2398 1061 2457 1096 176.

2381 1740 2457 1772 Ann-
2471 1738 2513 1771 D.·

2403 1787 2487 1819 ¹309·

2383 1822 2435 1846 An.
2462 1827 2488 1853 3.

196 1863 253 1891 niae
266 1883 277 1898 ,
301 1858 480 1889 Herefordiae
487 1881 503 1903 2.
516 1858 720 1898 Gloucestriae,
737 1858 936 1902 Somersettiae,
960 1856 1123 1900 Dorsettiae,
1140 1856 1260 1900 Wiltes,
1301 1854 1448 1899 Thomae„
1466 1854 1499 1885 ὃς
1513 1854 1666 1892 Edwardo,
1683 1854 1743 1885 filiis
1755 1856 1828 1893 ejus,
1847 1854 2012 1892 Nepotibus
2025 1854 2138 1894 nostris,
2156 1854 2321 1886 Manerium
2329 1857 2364 1886 de
2386 1861 2414 1883 E.
2435 1865 2461 1882 2.

198 1897 656 1936 Suthampton,Oxoniae,Berks,
672 1898 792 1935 Suri-iae,
808 1894 1260 1934 Suffexiae,Hertford1ae,Midd-
1289 1892 1389 1923 'Stoke
1403 1903 1432 1923 in
1444 1894 1589 1931 Hamme,
1608 1903 1676 1923 cum
1692 1893 1786 1930 Burgo
1800 1893 1835 1923 de
1850 1892 2079 1934 Chedelyngton.
2101 1892 2134 1924 ὃς
2153 1892 2313 1925 Hundredo
2331 1894 2366 1925 de
2387 1899 2462 1922 Cart.
2483 1902 2509 1929 3.

82 1863 111 1890 ¹7
117 1862 145 1889 5.

197 1937 284 1977 lesex,
302 1936 510 1974 Cantebrigiae,
528 1935 753 1972 Huntingdoniae
788 1934 964 1972 Norfolciae,
981 1934 1014 1964 ὃς
1030 1932 1189 1972 Suffolciae,
1207 1933 1262 1963 uria

200 1985 267 2006 cum
281 1974 413 2018 illis„qui
426 1974 506 2015 alias,
524 1974 558 2004 ad
570 1974 733 2005 mandatum
746 1959 853 2012 Izegis,
871 1972 932 2008 &aa
949 1971 1179 2010 usque‘London.
1193 1970 1262 2002 duci

200 2015 318 2050 faciant,
337 2019 397 2047 &a
413 2015 543 2051 utsupra.
1021 2045 1024 2049 Α

236 2094 324 2126 Teste
337 2092 465 2131 utsupra.

248 2215 399 2252 eilbertus
421 2218 457 2251 de
481 2218 586 2261 Clare,
609 2220 705 2264 Nepos
732 2221 836 2264 Regis,
862 2219 1040 2262 Capitanem
1064 2218 1226 2249 Exercitus

586 2269 686 2299 Scotiae
707 2265 888 2309 constitutus.

56 2356 132 2390 Arm.
145 2351 186 2384 D.
215 2353 333 2411 REX
353 2353 500 2396 omnibus,
525 2351 559 2383 ad
573 2361 642 2396 quos
650 2374 660 2390 ,
677 2352 745 2396 &c3
756 2350 878 2381 salutem.
904 2389 909 2395 Π
1010 2386 1014 2394 ¹
1076 2387 1081 2393 .
1143 2387 1148 2392 ·
1208 2388 1211 2392 ²
1255 2385 1262 2392 Ο

88 2402 176 2435 1309.
206 2401 209 2403 ’
309 2392 358 2422 De
377 2391 526 2434 fidelitate,
552 2389 820 2434 circumspectione,
845 2390 878 2432 §c
901 2387 1035 2418 industria
1052 2385 1150 2432 dileeti
1169 2393 1277 2431 nepotis

56 2438 110 2464 An.
136 2443 161 2469 3.
217 2431 251 2462 &
264 2430 349 2460 fidelis
361 2429 466 2467 nostri,
484 2428 608 2459 Gilberti
618 2428 654 2458 de
664 2427 748 2458 Clare
762 2427 886 2457 Comitis
898 2426 1085 2457 Gloucestriae
1099 2426 1132 2456 &
1146 2424 1278 2455 Hertfor-

54 2478 87 2503 Ε.
109 2481 136 2499 2.
214 2469 288 2508 diae,
305 2468 412 2506 plenius
427 2466 613 2504 confidentes,
907 2483 910 2485 >
1040 2478 1053 2492 μ
1129 2480 1132 2481 ⁷

26 2510 32 2513 ’
62 2517 131 2540 scot.
150 2518 176 2546 3.
252 2507 344 2545 Ipsum
364 2505 547 2544 Capitaneum
569 2503 704 2535 exercitiis
721 2503 808 2533 nostri
827 2502 947 2540 Scotiae,
975 2503 1034 2533 tam
1057 2501 1189 2533 videlicet
1208 2502 1278 2531 citra

62 2555 96 2579 Β.
112 2559 138 2577 2.
158 2557 195 2577 m.
216 2556 310 2584 mare,
327 2545 410 2583 quam
424 2544 507 2582 ultra,
524 2553 635 2573 necnon
651 2543 684 2573 &
696 2542 847 2572 hominum
869 2541 1027 2571 nostrorum
1043 2540 1078 2571 ad
1100 2549 1175 2570 arma
1186 2562 1196 2577 ‚
1220 2539 1279 2570 tam

63 2598 91 2625 7.
217 2584 358 2623 pediturn,
379 2583 462 2621 quam
476 2583 602 2620 equitum
612 2604 621 2619 ,
640 2582 670 2610 in
687 2580 746 2610 tota
762 2577 831 2610 terra
845 2579 939 2609 nostrii
953 2578 1105 2616 praedicta,

252 2622 299 2653 Ad
310 2620 486 2652 resistendum
505 2619 632 2650 Roberto
649 2619 685 2649 de
705 2618 785 2656 Brus,
803 2618 835 2648 &
852 2616 1137 2655 Coniplicibus-suis,
1155 2615 1281 2646 Inimicis

218 2662 252 2693 δί
274 2659 438 2691 Rebellibus
455 2658 556 2688 nostris
568 2681 578 2697 ,
602 2658 635 2688 &
656 2658 690 2688 ad
710 2656 871 2686 faciendum
887 2666 918 2686 ea
929 2679 939 2694 ‚
964 2665 1026 2693 quae
1045 2654 1081 2684 ad·
1098 2654 1280 2692 repulsionem

218 2700 361 2730 dietorum
377 2698 566 2728 Inimicorum
580 2697 612 2727 &
628 2695 805 2733 Rebellium,
822 2696 856 2725 ὃ(
870 2693 1215 2724 salvationemvhominum
1224 2715 1235 2731 ,
1246 2692 1281 2723 ad

219 2747 319 2777 pacem
334 2736 457 2768 nostram
473 2734 666 2773 existentium,
684 2733 786 2764 fuerint
799 2741 972 2771 opportuna,
989 2738 1071 2770 prout
1087 2731 1185 2762 melius
1198 2740 1282 2769 expe-

220 2777 280 2807 dire
292 2775 448 2813 videbitur,

257 2814 371 2845 Tenore
384 2812 558 2851 praesentium
572 2810 699 2840 duximus
713 2809 917 2848 assignandum.

259 2849 294 2884 In
305 2861 400 2891 cujus,
417 2853 477 2883 &c.
496 2850 626 2888 quamdiu
640 2848 718 2886 Regi
732 2848 863 2890 placuerit
876 2847 1018 2878 duraturas.

258 2927 347 2959 Teste
363 2927 446 2966 Rege
457 2926 529 2964 apud
544 2925 668 2956 Westm.
688 2935 731 2964 14.
747 2925 793 2956 die
806 2924 988 2962 Septembris.

226 3012 279 3041 Per
295 3006 376 3048 ipsicm
393 3009 488 3044 Regem
494 3016 504 3043 ,·
524 3009 668 3035 nunciante
682 3009 781 3036 Comite
798 3003 954 3036 Lincolniae.

227 3085 316 3148 ET
331 3081 495 3114 mandatum
510 3081 550 3112 est
566 3081 728 3113 Comitibus
738 3106 747 3121 ,
763 3082 933 3119 Baronibus,
951 3079 1109 3118 Militibus,
1124 3077 1290 3110 Vicecomi—

305 3123 392 3159 tibus,
415 3121 540 3159 Banivis,
568 3120 721 3157 Ministiis,
745 3122 778 3152 ὃς
803 3122 936 3151 omnibus
959 3119 1017 3149 aliis
1040 3119 1076 3149 de
1100 3117 1289 3149 Comitatibus

228 3161 463 3198 Nortliumbriae,
489 3158 653 3196 Cumbriae,
670 3158 930 3196 Westmerlandiae‚
956 3157 1141 3195 Lancastriae,
1161 3157 1194 3186 &
1209 3156 1289 3186 Ebo-

229 3210 310 3238 rum,
327 3200 385 3229 tam
399 3197 470 3228 infra
483 3197 636 3234 libertates,
654 3197 738 3234 quam
753 3206 841 3236 exrra,
859 3197 933 3236 quod
947 3196 1040 3226 eidem
1049 3195 1176 3232 Comiti,
1194 3195 1290 3232 &ejus

231 3236 382 3274 mandatis,
399 3237 428 3266 in
442 3237 509 3273 hiis,
528 3245 591 3272 quae
605 3234 639 3265 ad
655 3234 861 3272 expeditionem
877 3233 1083 3273 praemissorum
1098 3234 1232 3270 pertinere
1240 3244 1291 3271 po-

232 3284 338 3313 terunt,
355 3284 423 3304 cum
436 3275 512 3311 equis
526 3275 558 3303 &
573 3274 670 3311 armis,
686 3274 719 3304 δε
739 3280 800 3304 toto
815 3274 893 3312 pofl‘ei
913 3273 980 3311 suO,
996 3272 1047 3302 fint
1071 3271 1241 3302 intendentes
1258 3272 1292 3302 δε

233 3313 437 3351 respondentes:
455 3312 638 3349 facientesque
651 3310 764 3342 viriliter
779 3312 811 3342 &
826 3312 974 3348 diligenter
989 3321 1037 3348 ea,
1060 3320 1123 3347 quae
1136 3309 1215 3339 idem
1232 3309 1293 3340 Co-

234 3362 292 3382 mes
310 3352 350 3381 eis
369 3349 438 3380 scire
459 3349 557 3382 fecerit
571 3351 600 3379 in
618 3348 777 3387 praemissis,
797 3350 924 3388 quotiens
943 3350 976 3379 &
1000 3348 1110 3386 quando
1132 3358 1179 3384 pei·
1202 3348 1292 3385 ipsum

180 3426 182 3430 7
232 3389 398 3427 Comitem,
415 3389 492 3425 super
505 3388 580 3426 hoc,
598 3397 631 3417 ex
645 3395 719 3425 parte
733 3386 842 3425 nostra,
860 3387 961 3418 fuerint
977 3387 1144 3424 praemuniti.

273 3427 309 3458 Et
332 3427 496 3465 hoc,·ficut
518 3436 586 3464 nos,
611 3426 645 3456 &
663 3425 802 3455 honorem
821 3425 947 3456 nostrum
966 3426 999 3456 &
1019 3424 1143 3456 vestrum
1164 3423 1295 3463 diligitis,

201 3503 203 3505 ,
233 3476 301 3498 cum
315 3464 574 3502 omni‘diligentia‚
591 3473 643 3532 qua
658 3464 798 3501 poteritis,
815 3463 930 3501 faciatis.

277 3504 342 3537 Rex
360 3502 406 3534 dat
425 3511 517 3533 autem
540 3512 576 3540 pr·
609 3510 655 3532 ato
675 3501 805 3540 Comiti,
824 3509 920 3532 tenore
941 3501 1131 3539 praesentium,
1148 3500 1297 3538 plenariam

229 3541 402 3581 <potestatem
418 3539 550 3578 puniendi
561 3549 661 3571 omnes
676 3540 750 3576 illos,
767 3539 802 3570 de
813 3539 999 3571 Comitatibus
1014 3540 1170 3577 praedietis,
1187 3549 1254 3577 quos
1268 3541 1297 3570 in

234 3583 289 3612 hac
304 3588 377 3618 parte
391 3579 543 3609 contrarios
557 3578 711 3616 invenerit,
729 3579 762 3608 δε
778 3577 906 3615 rebelles,
924 3584 1006 3616 prout
1018 3588 1070 3615 pro
1085 3577 1199 3608 meliori
1213 3587 1296 3616 expe-

202 3632 203 3635 *
233 3620 342 3651 ditione
355 3618 466 3655 negotii
480 3615 609 3654 praediciti
626 3615 685 3646 fore
700 3616 800 3647 viderit
814 3615 985 3647 faciendum.

272 3656 307 3688 In
320 3656 413 3695 cujus,
430 3656 491 3687 &c.
510 3654 641 3694 quamdiu
652 3654 731 3692 Regi
747 3655 879 3693 placuerit
891 3653 1036 3685 duraturas.

271 3732 360 3765 Teste
375 3740 406 3763 ut
419 3721 506 3770 supra.

296 3813 327 3843 T
341 3812 503 3844 mandatum
514 3810 555 3843 est
569 3811 760 3851 Cancellario,
779 3809 963 3849 Camerario,
979 3811 1013 3842 &
1026 3812 1085 3842 aliis
1098 3809 1236 3841 Ministris
1242 3810 1302 3841 Re—

319 3853 362 3887 gis
376 3851 496 3889 Scotiae,
513 3850 589 3888 quod
608 3850 700 3881 eidem
723 3850 854 3888 Comiti,
872 3858 1004 3887 tanquam
1021 3849 1174 3888 Capitaneo
1196 3851 1303 3880 exerci—

237 3886 285 3919 :fis
299 3887 387 3925 Regis
401 3889 528 3927 praediffl
536 3912 547 3928 ,
565 3889 596 3918 in
608 3889 759 3928 omnibus,
776 3898 839 3926 quae
853 3887 888 3918 ad
905 3887 1111 3925 expeditionem
1122 3889 1225 3926 negotii
1231 3898 1303 3926 prae-

240 3926 311 3995 die}
326 3927 545 3997 perJingntiVfint
559 3926 730 3960 intendentes
744 3928 778 3960 δε
797 3925 1010 3966 respondentes,
1025 3928 1151 3967 quotiens
1170 3927 1204 3959 «Sc
1219 3937 1304 3966 quan-

304 3974 353 3996 om.
386 3988 395 3996 .
439 3987 448 3998 .
502 3987 512 4004 e

1304 1930 1438 1968 Colrigg.
1453 1933 1487 1963 &
1501 1929 1559 1961 aliis
1570 1933 1739 1968 pertinentiis
1751 1930 1819 1969 suis,
1835 1932 1865 1961 in
1881 1930 2027 1962 Comitatu
2042 1931 2157 1963 Devon.

1342 1967 1423 2000 Duas
1436 1977 1523 2007 partes
1537 1969 1658 1999 Manerii
1674 1969 1710 1999 de
1724 1969 1847 2000 Okford.
1865 1971 1898 2000 &
1913 1967 2041 2000 Maneria
2059 1970 2094 2000 de
2107 1970 2132 2001 la
2147 1970 2250 2009 Sterte,
2268 1971 2301 2002 &
2310 1971 2366 2013 Py-

1306 2008 1416 2049 wortliy
1426 2031 1435 2046 ,
1453 2018 1521 2038 cum
1537 2009 1722 2046 pertinentiis,
1739 2009 1768 2037 in
1783 2007 1884 2038 eodem
1900 2007 2059 2039 Comitatu:

1310 2087 1312 2089 ,
1345 2046 1512 2090 Manerium
1525 2046 1561 2077 de
1576 2045 1703 2077 Hunton.
1719 2056 1787 2077 cum
1803 2048 1989 2086 pertinentiis,
2008 2048 2038 2077 in
2049 2045 2195 2078 Comitatu
2202 2046 2374 2086 Southamp-

1310 2093 1412 2116 toniae:

1349 2123 1386 2154 Et
1406 2123 1568 2154 Manerium
1583 2122 1617 2153 de
1631 2122 1773 2161 Erlestok,
1790 2132 1859 2154 cum
1879 2124 2065 2161 pertinentiis,
2082 2124 2112 2153 in
2134 2122 2280 2154 Comitatu
2295 2124 2338 2154 W
2341 2123 2374 2155 il-

1312 2170 1366 2193 tes:
1386 2164 1507 2200 exceptis
1521 2161 1685 2200 quibusdam
1700 2163 1775 2192 terris
1791 2162 1823 2192 &
1839 2164 2021 2200 tenementis,
2039 2163 2067 2191 in
2083 2161 2186 2192 eodem
2196 2161 2327 2193 Manerio
2340 2163 2375 2193 de

1313 2200 1459 2239 Erlestok,
1475 2201 1629 2238 Alianorae,
1647 2210 1709 2238 quae
1729 2200 1782 2230 fuit
1804 2200 1887 2230 Uxor
1904 2199 2032 2238 Mathei,
2050 2199 2259 2239 filiiJoliannis,
2277 2200 2377 2232 defun-

1316 2240 1374 2277 eti,
1411 2249 1438 2269 er
1452 2249 1504 2269 nos
1519 2240 1549 2268 in
1565 2238 1662 2268 dotem
1677 2237 1825 2277 affignatis:
1843 2238 1879 2268 de
1895 2238 1992 2276 quibus
2008 2238 2120 2276 quidem
2142 2238 2292 2278 ManeriiS,
2310 2239 2378 2270 Bur-

1316 2288 1375 2317 g0,
1425 2277 1566 2315 undredo,
1583 2276 1674 2306 dietus
1687 2276 1836 2315 Matheus,
1854 2286 1903 2314 per
1918 2275 2031 2306 Cartam
2050 2277 2126 2307 suam
2163 2276 2326 2307 Dominum
2344 2277 2377 2308 E.

1337 2317 1459 2346 uondam
1474 2315 1588 2351 Regem
1610 2315 1740 2353 Angli-ae,
1759 2311 1870 2344 Patrem
1885 2313 2031 2352 nostrum,
2048 2316 2081 2345 ὃς
2141 2316 2262 2345 ianoram
2273 2338 2282 2353 ,
2309 2324 2377 2346 tunc

1350 2355 1463 2391 eginam
1480 2353 1609 2390 Angliae,
1628 2351 1795 2382 Consortem
1818 2352 1910 2391 suam,
1929 2352 2054 2382 Matrem
2073 2353 2217 2390 nostram,
2236 2352 2382 2392 feoffavit,

1319 2393 1353 2423 &
1368 2403 1430 2430 quae
1444 2391 1549 2429 iidem,
1566 2391 1646 2421 Pater
1668 2390 1759 2421 noster
1780 2392 1813 2421 &
1829 2390 1921 2420 Mater
1942 2390 2049 2428 nostra,
2067 2401 2114 2428 per
2134 2391 2266 2428 scriptum
2285 2391 2381 2430 suum,

1319 2430 1436 2469 praefato
1454 2430 1573 2460 Matheo
1589 2429 1773 2467 postmodum
1797 2428 1991 2459 concesserunt
2011 2429 2098 2459 ΗΑΒ
2108 2438 2125 2458 E
2135 2438 2156 2459 N
2168 2438 2215 2459 DA
2239 2428 2274 2460 ad
2295 2438 2383 2460 totam

1320 2471 1406 2500 ¹vitam
1417 2469 1497 2507 ipsius
1514 2465 1643 2506 Mathei,
1661 2478 1723 2505 quae
1736 2468 1819 2498 etiam
1830 2489 1840 2506 ,
1858 2466 1920 2505 post
1937 2475 2061 2498 mortem
2073 2467 2194 2506 ejusdem
2209 2467 2337 2507 Mathei,
2347 2468 2383 2500 ad

1321 2516 1418 2538 manus
1432 2507 1534 2538 nostras
1549 2506 1734 2536 devenerunt:

1361 2546 1502 2576 HABEN
1516 2553 1563 2574 DA
1590 2553 1641 2575 ET
1669 2547 1811 2574 TEN'EN
1824 2554 1874 2574 DA
1899 2543 2020 2582 eisdem,
2046 2543 2215 2583 Radulpho,
2240 2543 2386 2583 Thomae,

1322 2585 1355 2615 δε
1376 2584 1532 2621 Eduardo,
1551 2584 1583 2613 &
1599 2582 1763 2613 Haeredibus
1777 2583 1811 2612 de
1832 2592 1950 2620 corpore
1970 2584 2050 2620 ipfius
2071 2583 2198 2612 Thomae
2221 2584 2387 2622 procreatis,

1322 2633 1391 2654 cum
1406 2621 1496 2653 feodis
1513 2621 1661 2660 Militum,
1679 2617 1919 2652 Advocationibus
1934 2620 2121 2651 Ecclefiarum
2134 2621 2306 2652 &omnibus
2319 2622 2388 2660 aliis,

1323 2661 1357 2692 ad
1372 2661 1506 2699 praedid‘ta
1520 2660 1646 2691 Maneria
1655 2683 1665 2699 ,
1683 2659 1826 2697 Burgum,
1844 2660 1877 2690 &
1892 2659 2079 2689 Hundredum
2089 2682 2099 2696 ,
2116 2656 2302 2697 spectantibus
2315 2670 2386 2698 quo-

1325 2710 1382 2738 quo
1396 2699 1486 2730 modo
1504 2699 1637 2738 (exceptis
1651 2698 1733 2728 dictis
1745 2698 1840 2728 Terris
1857 2698 2087 2734 &Tenementis
2102 2698 2131 2726 in
2153 2696 2297 2736 Erlestok,
2316 2708 2386 2736 prae-

1324 2739 1388 2769 fatae
1405 2737 1544 2768 Aliano'rae
1558 2737 1596 2768 fic
1609 2738 1637 2766 in
1654 2736 1762 2767 Dotem
1776 2735 1925 2773 assignatis)
1947 2736 1982 2766 de
1997 2736 2096 2773 nobis,
2114 2735 2319 2766 &Haeredibus
2334 2747 2389 2767 no-

1316 2774 1405 2815 ¹stris,
1431 2777 1464 2808 &
1487 2773 1544 2807 aliis
1564 2775 1724 2813 capitalibus
1745 2774 1878 2804 Dominis
1897 2774 2049 2805 feodorum
2070 2774 2201 2812 illorum,
2220 2784 2268 2812 pei·
2290 2774 2389 2805 eadem

1310 2815 1448 2854 'servitia,
1486 2824 1514 2845 er
1534 2825 1597 2852 quae
1616 2813 1690 2844 idem
1707 2812 1835 2843 Matheus
1848 2823 1879 2843 ea
1890 2814 1994 2851 tenuit,
2012 2820 2159 2850 antequam
2178 2812 2212 2842 ad
2233 2822 2328 2842 manus
2347 2813 2390 2844 di-

1329 2825 1563 2892 &orumfi'atris
1576 2851 1664 2882 nostri
1677 2852 1710 2883 &
1731 2850 1830 2881 Matris
1849 2851 1969 2889 nostrae,
1987 2861 2034 2889 per
2056 2849 2270 2881 feoffamentum
2290 2851 2393 2889 praedi-

1328 2893 1407 2923 Etum
1421 2891 1606 2929 devenerunt,
1625 2889 1637 2920 I
1647 2898 1673 2920 M
1682 2899 1701 2919 P
1712 2898 1729 2919 E
1740 2899 1763 2919 R
1773 2896 1791 2919 Ρ
1802 2898 1819 2919 i:
1829 2897 1853 2919 τ
1862 2898 1884 2919 u
1893 2898 1915 2919 u
1927 2897 1963 2919 ixi.

1366 2930 1406 2961 Ita
1422 2930 1514 2969 quod,
1534 2929 1553 2959 fi
1569 2929 1645 2959 idem
1658 2928 1786 2958 Thomas
1800 2928 1901 2958 obierit
1921 2928 1977 2958 fine
1992 2927 2132 2968 Haerede,
2149 2926 2185 2957 de
2202 2936 2322 2964 corpore
2344 2926 2393 2958 suo

1327 2977 1493 3008 procreato,
1511 2977 1579 2999 tunc
1597 2966 1729 3005 praedidta
1748 2965 1892 3004 Maneria,
1910 2965 2030 3004 Burgus,
2049 2966 2082 2997 δε
2102 2965 2306 3004 Hundtedum,
2324 2975 2395 2996 cum

1330 3008 1427 3039 Feodis
1443 3007 1571 3038 Militum
1581 3029 1590 3044 ,
1609 3005 1849 3036 Advocationibus
1863 3004 2049 3035 Ecclefiarum
2065 3027 2075 3043 ,
2102 3004 2134 3034 &
2149 3004 2207 3034 aliis
2224 3004 2397 3042 pertinentiis

1329 3047 1381 3077 suis
1397 3045 1603 3085 quibuscunque
1624 3044 1755 3081 (exceptis
1773 3041 1857 3073 dietis
1875 3043 1969 3073 Terris
1991 3043 2024 3073 ὃς
2047 3042 2231 3073 Tenementis
2263 3042 2293 3072 in
2313 3043 2396 3073 dieto

1333 3085 1465 3116 Manerio
1481 3084 1516 3114 de
1535 3081 1696 3120 Erlestock,
1715 3081 1837 3119 praefatae
1857 3081 1996 3112 Alianorae
2018 3082 2048 3110 in
2068 3080 2178 3111 Dotem
2198 3091 2213 3111 a
2237 3081 2349 3120 ignatis,
2366 3088 2396 3110 ut

1331 3123 1372 3154 est
1385 3122 1506 3159 dietum)
1527 3120 1589 3160 post
1610 3129 1732 3150 mortem
1751 3119 1914 3157 dit-storum,
1932 3118 2094 3158 Radulphi,
2113 3120 2240 3149 Thomae
2248 3141 2262 3162 7
2287 3118 2320 3148 δί
2338 3118 2397 3148 Ed-

1332 3161 1436 3200 wardi,
1452 3167 1611 3191 remaneant
1632 3157 1814 3196 Haeredibus,
1832 3157 1867 3194 de
1883 3167 2001 3195 corpore
2019 3158 2100 3195 ipfius
2123 3157 2255 3188 Edwardi
2290 3166 2400 3187 i'ocrea-

1332 3201 1384 3239 tis,
1400 3201 1430 3230 T
1440 3209 1458 3230 E
1469 3207 1490 3229 N
1500 3208 1517 3228 E
1529 3206 1550 3227 N
1562 3207 1583 3227 D
1593 3207 1612 3226 Α
1631 3196 1666 3226 de
1679 3197 1759 3226 nobis
1773 3197 1805 3226 &
1825 3195 1991 3226 Haeredibus
2004 3196 2103 3226 nostris
2137 3196 2170 3225 δε
2191 3195 2246 3225 aliis
2292 3195 2397 3231 apitali-

1335 3240 1385 3270 bus
1403 3237 1534 3269 Dominis
1553 3235 1703 3266 feodorum
1719 3234 1830 3265 illorum
1840 3257 1849 3272 ,
1858 3244 1904 3272 per
1920 3234 2027 3265 servitia
2039 3218 2175 3272 praedicta
2191 3233 2238 3262 IM
2248 3240 2265 3260 Ρ
2277 3241 2294 3262 Ε
2305 3241 2328 3262 R
2339 3241 2356 3262 P
2366 3242 2399 3264 E-

1334 3286 1357 3308 'r
1366 3286 1387 3307 U
1398 3287 1420 3307 u
1432 3285 1467 3307 ixi.

1370 3313 1565 3346 Conceffimus
1579 3312 1685 3349 insuper
1695 3335 1704 3350 ,
1722 3321 1772 3350 pro
1788 3312 1868 3342 nobis
1884 3312 1917 3342 δε
1931 3308 2097 3341 Haeredibus
2111 3308 2225 3347 nostris,
2244 3308 2320 3347 quod
2331 3308 2398 3340 Ma-

1335 3356 1442 3385 nerium
1459 3353 1493 3383 de
1510 3350 1717 3389 Yhalampton,
1736 3361 1804 3380 cum
1820 3350 1912 3389 Burgo
1927 3350 1963 3379 de
1976 3350 1999 3379 la
2015 3348 2123 3386 Naffe,
2140 3347 2173 3378 &
2191 3347 2248 3378 aliis
2260 3348 2400 3384 pertinew

1335 3394 1378 3423 tiis
1393 3393 1458 3429 suis,
1477 3393 1504 3420 in
1520 3390 1600 3420 dieto
1615 3389 1762 3419 Comitatu
1777 3388 1890 3418 Devon.
1902 3388 1980 3418 tertia
1995 3396 2053 3423 pars
2068 3386 2138 3416 dieti
2154 3384 2278 3416 Manerii
2290 3386 2325 3416 de
2334 3385 2400 3416 Ok-

1335 3431 1396 3461 ford
1408 3442 1413 3460 z
1433 3430 1517 3460 dista:
1529 3429 1628 3458 Terrae
1645 3428 1677 3458 ὃς
1692 3427 1936 3457 Tenementorum
1950 3426 1979 3454 in
1988 3424 2127 3454 Erlestok:
2149 3424 2226 3454 tertia
2239 3433 2299 3461 pars
2313 3425 2399 3455 trium

1337 3469 1485 3500 feodorum
1503 3466 1650 3504 Militum,
1667 3475 1735 3496 cum
1752 3465 1936 3502 pertinentiis·⁷

1375 3505 1496 3544 Excepti
1516 3504 1628 3535 decima
1650 3513 1724 3541 parte
1745 3503 1822 3532 feodi
1846 3503 1925 3532 unius
1949 3501 2052 3531 Militis
2076 3502 2106 3530 in
2123 3500 2269 3542 Torryng.-
2297 3500 2404 3539 Parvii,

1338 3546 1501 3583 Modbury,
1522 3544 1656 3583 Lopruge
1676 3541 1779 3578 Parva,
1804 3540 1982 3580 Boltesbury,
2001 3541 2034 3571 δε
2057 3538 2252 3579 Wyndesore,
2271 3540 2302 3569 in
2320 3540 2402 3569 dieto

1338 3585 1483 3615 Comitatu
1500 3581 1615 3611 Devon.
1633 3581 1728 3618 quinta
1746 3587 1821 3619 parte
1839 3578 1916 3608 feodi
1931 3579 2010 3608 unius
2027 3577 2127 3620 Militis
2144 3578 2172 3607 in
2188 3577 2358 3645 Yatesburiy,
2373 3579 2403 3608 in

1337 3623 1417 3653 dieto
1433 3620 1576 3650 Comitatu
1590 3618 1706 3648 &Viltesz
1725 3619 1758 3648 ὃς
1777 3616 1960 3647 advocatione
1973 3615 2158 3646 Ecclenarum
2178 3615 2213 3645 de
2227 3616 2319 3646 Warb
2349 3625 2405 3652 ng-

1340 3671 1397 3692 ton.
1422 3661 1450 3689 in
1473 3658 1552 3688 dieto
1575 3656 1723 3687 Comitatu
1741 3655 1979 3692 Sutbatnptoniae,
2006 3655 2039 3685 &
2064 3653 2100 3684 de
2117 3653 2242 3684 Okford.
2268 3655 2297 3683 in
2345 3654 2402 3684 ‘ero

1326 3711 1329 3714 ·
1341 3699 1487 3730 Comitatu
1504 3696 1618 3726 Devon.
1637 3705 1700 3733 quae
1719 3693 1828 3732 praefata
1842 3693 1972 3724 Alianora
1984 3701 2058 3735 tenet
2071 3694 2101 3722 in
2115 3691 2226 3722 Dotem
2241 3700 2275 3721 ex
2282 3691 2403 3730 assigna-

1353 3739 1357 3744 '
1381 3747 1414 3766 ne
1428 3735 1530 3765 nostra.

1339 3746 1410 3805 noEt
1424 3773 1498 3812 quod
1515 3770 1676 3802 Manerium
1689 3770 1724 3801 de
1738 3770 1966 3810 Warblyngton,
1975 3779 2042 3800 cum
2057 3769 2244 3806 pertinentiis,
2254 3767 2330 3806 quod
2339 3768 2401 3799 Ro-

1340 3814 1430 3844 bertus
1442 3813 1467 3842 lc
1482 3810 1564 3841 Ewer
1576 3818 1668 3848 tenet,
1685 3809 1719 3839 ad
1733 3810 1885 3839 terminum
1894 3809 1960 3838 vitae
1973 3808 2041 3846 suae,
2059 3816 2092 3837 ex
2103 3805 2282 3838 concessione
2296 3806 2404 3845 nostra,

1341 3854 1373 3884 &
1417 3860 1459 3881 uae
1474 3848 1536 3887 post
1551 3856 1673 3878 mortem
1694 3847 1913 3885 praedictorum,
1931 3846 2069 3876 Alianorae
2087 3846 2121 3876 &
2142 3845 2278 3883 Roberti,
2296 3845 2330 3876 ad
2351 3855 2404 3875 nos

1342 3892 1375 3922 &
1391 3862 1524 3920 &eredes
1536 3886 1644 3916 nostros
1656 3886 1756 3917 reverti
1768 3885 1899 3915 deberent
1912 3884 1974 3922 post
1994 3883 2138 3914 decessum
2159 3884 2345 3922 eorumdem,
2363 3884 2404 3913 A-

1341 3930 1454 3962 lianorae
1467 3928 1500 3959 &
1521 3925 1659 3964 Roberti,
1679 3931 1838 3994 remanessit
1859 3923 1994 3962 praefatis,
2015 3921 2183 3961 Radulpho,
2200 3921 2347 3960 Ttwmae,
2369 3921 2403 3951 &-

1837 3970 1855 3991 2

2385 1938 2456 1961 ΕΛ..
2474 1941 2511 1959 m.

2385 1982 2413 2007 9.

2356 3958 2414 3991 Ed*
