2570 4261
75 221 151 252 Ann.
166 221 207 252 D.

95 259 180 298 1238.

74 304 138 328 Hen.
159 309 184 337 3.

70 408 123 433 An.
140 414 185 441 24.

71 448 107 470 H.
129 453 154 480 3.

47 2605 124 2637 Ann.
141 2605 182 2639 D.

69 2655 155 2685 ¹240·

45 2690 99 2714 An.
117 2696 162 2721 24.

45 2728 82 2751 Η.
103 2734 128 2761 3.

45 2763 103 2790 lib.
116 2766 153 2790 A.

37 2801 90 2839 fol.
113 2801 177 2838 328.

45 2841 71 2867 b.
83 2846 151 2876 penes

43 2881 179 2906 Camerar.

45 2922 162 2944 Scarcar.

43 2955 183 2993 Claus.24.

43 2998 78 3022 H.
90 3004 114 3030 3.
123 3004 160 3024 m.

43 3042 72 3067 4.
86 3034 112 3059 d.
126 3035 152 3060 in

43 3070 175 3100 schedula.

233 112 311 163 136

266 276 357 311 Bulla
373 274 409 308 de
430 283 485 304 non
500 265 704 313 attemptando
719 270 750 298 in
764 265 978 312 prejudicium
998 268 1084 311 Regis
1095 291 1104 307 ‚
1131 273 1262 297 vacante

586 318 615 349 E
617 315 715 359 cclefia
730 315 932 358 Dunelmenst.

231 406 447 470 GRegorius
466 401 622 443 Episcopus
633 426 643 440 ,
668 401 760 431 servus
778 399 925 430 servorum
947 399 1004 430 Dei
1020 424 1030 438 ,
1049 397 1202 429 venerabili
1215 395 1292 426 fratri

401 444 546 482 Episcopo
562 439 755 471 Lincolniensi
772 439 887 469 salutem
901 463 910 477 ,
936 440 970 469 ὃς
990 437 1191 476 Apostolicam
1204 436 1294 465 bene-

72 486 113 508 Ex
127 485 184 509 Au·
225 486 389 516 dictionem.

70 527 134 555 'Ugr-

263 524 369 560 Nuper
390 521 441 552 tibi
457 518 558 551 nostris
577 517 707 549 dedimus
727 516 824 547 litteris
842 516 873 545 in
892 515 1028 546 mandatis
1042 539 1051 552 ,
1076 523 1108 544 ut
1131 511 1291 544 Ecclesiam

224 561 470 598 Dunelmensem,
488 568 565 589 nunc
578 556 695 587 Pastore
706 564 874 622 vacanteirfifi
890 563 1055 597 protegens,
1075 552 1203 590 personas
1217 550 1291 581 Mo—

224 601 384 632 nachorum
399 598 584 629 Clericorum
598 597 631 627 &
645 595 808 625 secularium
821 603 841 623 o

221 639 329 677 lestari,
347 646 508 675 eorumque
520 636 598 665 bona
611 632 705 664 invadi
715 633 751 662 ab
762 631 898 669 aliquibus
913 641 974 660 non
990 630 1147 673 permittas:
1235 667 1240 673 α

260 676 435 708 Molestores
449 677 482 707 δε
496 673 634 704 invasores
645 669 823 710 hujusmodi,
844 669 974 708 (persona
986 667 1118 699 carissimi
1131 678 1161 698 in
1168 666 1288 698 Christo

221 717 270 748 filii
285 716 373 747 nostri
478 713 525 743 An
546 713 589 742 liae
602 711 694 748 Regis
708 708 835 746 illustris,
844 707 973 745 excepta)
989 708 1150 737 monitione
1163 707 1289 745 praemis-

216 753 499 833 {{ic{r‘i{10censurm
548 749 769 786 eclesiasticam,
794 746 980 785 appellatione
999 745 1154 784 postposita
1167 770 1178 784 ,
1202 755 1288 776 com-

256 833 368 865 Verum
388 840 458 862 cum
480 828 644 860 intentionis
665 825 770 857 nostrae
789 824 872 855 fuerit
887 849 897 862 ,
921 832 1032 854 tantum
1054 823 1133 862 super
1154 824 1238 854 bonis
1252 822 1286 853 ad

455 868 586 899 Priorem
601 867 634 897 &
651 864 816 896 Monachos
831 862 1007 894 Dunelmen.
1025 863 1214 901 spediantibus
1235 862 1286 892 tibi

219 912 321 942 litteras
337 909 403 948 ipsas
417 907 552 947 dirigere,
570 904 736 936 fraternitati
749 912 806 933 tuae
837 912 866 932 er
878 901 1046 939 Apostolica
1059 901 1158 940 scripta
1170 900 1286 930 manda-

220 960 283 980 mus
298 974 307 987 ,
332 948 460 986 quatinus
480 945 645 976 auctoritate
665 942 805 973 diastarum
835 942 978 971 itterarum
1000 940 1105 979 ahquid
1120 965 1130 979 ,
1158 939 1238 979 quod
1257 940 1286 970 in

221 986 418 1027 praejudicium
432 984 513 1023 ipsius
528 984 617 1023 Regis
631 980 788 1013 redundare
800 979 905 1018 valeat,
922 988 983 1009 non
996 987 1155 1018 attemptes.

255 1063 324 1094 Dat.
344 1062 482 1102 Anagniae
496 1084 507 1100 ,
529 1058 704 1091 duodecimo
722 1056 845 1089 Kalend.
863 1056 1047 1089 Novembris
1061 1080 1072 1094 ,
1097 1052 1285 1087 Pontificatfiis

219 1102 310 1134 nostri
322 1111 398 1132 anno
413 1101 497 1132 tertio
509 1099 632 1130 decimo.

642 1174 770 1206 Plumbeo
782 1171 874 1213 sigillo
876 1174 1010 1213 pendente
1022 1185 1041 1204 a
1047 1172 1100 1217 filo
1115 1171 1238 1204 canabeo.

374 1310 434 1341 Pro
448 1305 569 1341 Thema
582 1304 619 1339 de
634 1302 793 1338 Sabaudia
803 1329 813 1345 ,
839 1304 953 1336 Comite
969 1299 1130 1335 Flandriae.

220 1393 309 1451 RE
319 1393 350 1425 X
371 1392 507 1434 Drogoni
522 1392 559 1423 de
573 1391 704 1423 Barentin
713 1414 723 1429 ‚
741 1389 774 1422 &
787 1388 949 1421 Willielmo
964 1385 1090 1426 Hardel,
1108 1386 1142 1418 &
1154 1386 1211 1418 aliis
1218 1395 1286 1425 pro-

293 1433 468 1463 curatoribus
481 1432 532 1462 suis
545 1433 574 1461 in
588 1431 677 1461 Curia
690 1429 826 1460 Romana
872 1428 999 1465 entibus,
1017 1426 1140 1457 salutern.

259 1469 341 1501 Cum
355 1470 389 1501 ad
402 1470 593 1501 commodum
609 1471 643 1501 &
658 1468 806 1500 utilitatem
843 1469 846 1473 ’
860 1468 916 1498 effi
928 1466 1060 1497 avunculi
1070 1466 1104 1497 &
1117 1464 1204 1495 fidelis
1218 1475 1286 1496 nos-

218 1508 255 1538 tri
269 1509 398 1540 Thomae
413 1511 432 1529 *³
447 1509 570 1540 Comitis
584 1508 606 1538 F
608 1507 722 1538 landriae
734 1508 793 1537 tam
806 1516 856 1544 per
869 1515 939 1544 nos,
956 1505 1042 1549 quam
1057 1514 1106 1542 per
1119 1503 1233 1534 nostros
1246 1504 1284 1534 la-

220 1547 320 1579 borare
334 1548 530 1587 disponamus,
546 1547 629 1579 vobis
642 1546 821 1584 praesentium
834 1553 935 1575 tenore
956 1545 1128 1582 injungimus
1149 1542 1291 1573 mandam.

189 1600 195 1606 ·
219 1594 259 1616 tes
274 1586 417 1627 distric'te,
457 1587 516 1618 uod
529 1588 586 1625 ejus
600 1585 846 1626 procuratoribus,
864 1583 899 1613 ad
923 1581 1044 1612 Curiam
1064 1580 1283 1620 accedentibus,

172 1639 177 1644 ·
215 1625 244 1655 in
258 1625 327 1664 hiis,
337 1637 401 1665 quae
416 1598 455 1657 adl
465 1626 555 1665 ipsum
568 1624 720 1655 Comitem
736 1623 875 1661 pertinere
887 1621 1076 1658 videbuntur,
1094 1621 1160 1651 totis
1172 1621 1281 1650 viribus

186 1683 191 1689 -
214 1663 355 1704 assistatis,
371 1665 405 1696 &
422 1666 479 1704 ejus
495 1665 626 1702 negotia,
645 1670 781 1701 quatenus
797 1671 848 1699 per
862 1670 914 1690 nos
928 1659 988 1690 fieri
1008 1660 1113 1697 poterit
1126 1681 1138 1697 ,
1162 1668 1283 1696 promo-

213 1713 281 1734 vere
295 1712 410 1734 curetis·

253 1741 370 1773 Proviso
386 1728 465 1782 q’uod
474 1767 483 1781 ,
500 1741 652 1774 occasione
686 1738 803 1779 rivilegii
817 1737 944 1778 Anglicis
955 1735 1082 1768 conceffi
1095 1760 1106 1775 ,
1124 1745 1160 1766 ne
1173 1735 1207 1766 ad
1219 1746 1282 1774 par-

214 1788 256 1812 tes
275 1782 464 1812 transmarinas
478 1807 488 1820 ,
512 1781 559 1813 seii
580 1789 656 1812 extra
705 1787 813 1818 egnum
827 1776 939 1817 Angliae
952 1776 1093 1806 trahantur
1106 1777 1136 1806 in
1153 1775 1263 1806 causam
1271 1797 1283 1815 ,

214 1819 285 1850 nihil
298 1829 398 1851 contra
410 1821 500 1860 ipsum
516 1820 668 1851 Comitem
683 1818 802 1848 nomine
813 1815 913 1846 nostro
933 1816 1098 1853 impetretur
1114 1840 1124 1853 ,
1151 1824 1210 1852 quo
1226 1815 1281 1844 rni-

215 1868 267 1889 nus
285 1860 313 1889 in
333 1859 412 1890 causa
427 1883 437 1899 ,
464 1869 527 1899 quae
547 1860 619 1889 inter
639 1856 783 1887 Nobilem
803 1856 896 1885 virum
917 1853 949 1884 P.
968 1853 1114 1892 quondam
1128 1851 1280 1883 Comitem

213 1896 379 1936 Britanniae,
399 1900 433 1929 ὃ(
446 1898 474 1929 S.
490 1897 526 1928 de
541 1895 732 1928 Monte-forti
747 1894 883 1932 vertitur,
901 1893 930 1922 in
953 1892 1074 1930 partibus
1095 1891 1282 1923 transmarinis

213 1946 311 1967 coram
319 1937 416 1976 judice
429 1937 478 1968 suo
494 1935 670 1975 procedatur.

250 1973 320 2006 Nos
334 1977 412 2007 enim
427 1986 479 2014 pro
491 1986 528 2007 eo
545 1973 624 2014 quod
639 1972 718 2005 causa
727 1970 772 2002 illa
786 1970 936 2010 praefatum
950 1969 1100 2000 Comitem
1118 1968 1257 2000 flandriae
1270 1992 1281 2008 ,

210 2013 288 2044 velut
302 2025 386 2053 eum,
406 2016 483 2054 cujus
497 2025 539 2045 res
553 2014 656 2054 agitur,
675 2012 780 2050 tangit,
798 2011 884 2049 magis
897 2010 1025 2049 eligimus
1040 2032 1050 2047 ,
1075 2007 1170 2046 quoad
1185 2007 1279 2038 casum

209 2052 305 2091 illum,
324 2054 423 2091 privile
443 2056 472 2084 io
492 2052 657 2084 renunciare
677 2049 816 2089 praedi&o
830 2071 840 2087 ,
872 2058 940 2079 cum
962 2046 1165 2086 protestatione
1183 2055 1279 2077 tamen

209 2101 275 2129 quae
289 2091 322 2121 ad
335 2093 392 2130 ejus
405 2063 634 2123 offiservationem
647 2090 676 2119 iti
687 2088 744 2118 aliis
759 2087 845 2118 causis
858 2087 999 2118 videbitur
1012 2085 1274 2124 neceffaria,quarn

208 2129 362 2161 Comitem
377 2131 543 2170 praefatum,
561 2131 590 2160 in
606 2128 688 2166 ipsius
702 2126 839 2164 impedire
854 2125 994 2165 processu.

248 2168 309 2198 Vos
323 2170 405 2208 igitur
420 2171 448 2199 in
464 2169 517 2200 hac
534 2168 613 2199 causa
626 2165 695 2197 nihil
710 2173 810 2196 contra
822 2165 913 2203 ipsum
928 2164 1160 2203 impetretis,nec
1169 2172 1270 2201 quam-

208 2215 272 2238 tum
289 2217 338 2245 pei·
351 2219 403 2239 vos
418 2208 477 2238 fieri
491 2208 609 2246 poterit,
627 2205 771 2243 impetrati
783 2204 956 2241 permittatis.

246 2245 396 2277 Nolumus
417 2248 495 2277 enim
511 2271 521 2285 ,
547 2247 566 2277 si
586 2245 666 2283 super
685 2244 744 2273 hoc
756 2241 856 2273 nostro
871 2243 991 2273 nomine
1004 2239 1108 2279 aliquid
1123 2240 1207 2270 fuerit
1221 2240 1276 2271 im-

208 2293 348 2324 petratum
356 2310 365 2323 ,
385 2285 463 2325 quod
479 2296 516 2316 eo
529 2285 564 2315 ad
577 2282 815 2321 impedimentum
827 2281 883 2312 suae
895 2281 984 2312 causae
996 2280 1094 2318 aliquis
1109 2286 1210 2311 utatur.

244 2360 337 2392 Teste
348 2361 434 2400 Rege
449 2361 522 2401 apud
536 2360 668 2393 Clarend.
687 2359 795 2391 oetavo
810 2358 856 2390 die
872 2357 1054 2389 Decembris.

246 2504 492 2551 Compi-omifficm
504 2516 560 2552 per
574 2507 682 2551 Regem
699 2528 710 2544 ‚
735 2505 772 2541 &¹
791 2499 951 2535 Davidem
961 2499 1065 2544 filium
1083 2499 1240 2532 Lcwelini.

205 2587 339 2649 SCiant
362 2591 510 2629 praesentes
533 2592 566 2623 &
590 2590 677 2621 futuri
699 2587 778 2627 quod
796 2588 833 2618 ita
852 2587 990 2617 convenit
1012 2587 1086 2616 inter
1107 2584 1274 2615 Dominum

264 2629 426 2660 Henricum
440 2630 552 2670 Regem
568 2629 678 2665 Angliae
693 2626 830 2657 illustrem
846 2634 880 2656 ex
895 2635 950 2655 una
964 2633 1055 2662 parte·
1077 2625 1110 2654 &
1128 2623 1225 2653 David
1240 2623 1273 2653 fi-

203 2668 274 2698 lium
289 2668 447 2707 Lewelini,
466 2661 764 2707 qiiondamPrincipis
778 2664 813 2695 N
815 2664 946 2695 orwalliae
961 2687 971 2701 ,
989 2663 1023 2693 &
1038 2648 1161 2706 Domini
1175 2661 1211 2692 de
1229 2661 1271 2691 A-

203 2707 314 2738 berfrau
332 2717 366 2737 ex
381 2707 481 2744 altera,
500 2707 573 2745 apud
589 2704 803 2737 Gloucestriam
817 2727 826 2741 ,
852 2702 897 2733 die
919 2702 1039 2744 MartiS,
1057 2710 1191 2744 proximo
1205 2709 1271 2730 ante

204 2745 320 2776 Festum
335 2746 432 2777 Santfti
448 2745 605 2783 Dunstani,
623 2754 700 2774 anno
714 2743 812 2780 Regni
828 2741 909 2780 ipsius
924 2740 1015 2780 Regis
1034 2741 1170 2770 Vicesimo
1192 2749 1274 2777 quar-

202 2792 250 2822 to,
270 2783 307 2815 de
322 2784 459 2823 homagio
471 2786 479 2814 i
489 2785 552 2815 isius
568 2783 681 2821 David,

241 2823 334 2860 Quod
355 2825 411 2862 ipse
434 2835 454 2854 o
480 2824 574 2854 erebat
596 2822 688 2853 eidem
712 2820 849 2852 Domino
864 2818 941 2857 Regi
956 2843 966 2856 ,
983 2826 1037 2856 pro
1047 2817 1110 2856 jure
1126 2816 1175 2847 suo
1188 2816 1273 2847 Nor-

203 2861 319 2900 Walliae,
338 2864 370 2893 ὃ(
384 2862 419 2893 de
432 2864 528 2900 terris,
548 2872 614 2900 quas
628 2861 750 2891 Barones
766 2859 847 2897 ipsius
864 2857 988 2887 Domini
1003 2856 1108 2895 Regis,
1127 2855 1271 2894 videlicet,

203 2899 343 2930 Griffinus
363 2901 434 2931 filius
452 2901 495 2931 W
499 2911 638 2931 ennuwan
653 2925 661 2940 ,
689 2901 723 2930 ὃ(
745 2899 788 2928 alii
803 2897 924 2928 Batones
939 2895 1064 2926 Domini
1081 2894 1168 2934 Regis
1193 2904 1272 2931 pete-

204 2939 272 2968 bant
285 2939 377 2970 versus
392 2941 481 2977 ipsum
498 2939 611 2978 David,
629 2950 660 2971 ut
670 2940 731 2977 jura
745 2937 789 2967 sua
804 2937 933 2973 (excepta
947 2944 1019 2966 terra
1032 2934 1068 2964 de
1089 2932 1271 2972 Montealto,

204 2977 359 3008 secundum
382 2978 460 3015 quod
479 2980 642 3009 continetur
663 2979 691 3007 iti
708 2977 828 3014 scripto,
847 2984 936 3012 nuper
951 2973 1091 3004 confecto
1104 2971 1178 3009 apud
1192 2970 1269 3002 Cru-

203 3025 270 3047 cem
286 3015 404 3046 Griffiiii
420 3027 468 3053 pei·
481 3017 650 3047 Senescallos
665 3015 790 3046 Domini
804 3013 911 3052 Regis,
931 3022 996 3050 quse
1011 3011 1045 3041 ad
1061 3011 1177 3049 praesens
1192 3012 1269 3041 exci-

200 3056 274 3092 pitur
286 3055 321 3084 ab
335 3056 462 3091 arbitrio)
486 3056 562 3085 salvo
576 3064 671 3085 tamen
687 3056 717 3084 in
730 3052 877 3092 posterum
887 3053 951 3090 jure
966 3050 1112 3082 Senescall.
1123 3048 1218 3080 Cestr.
1237 3050 1268 3079 in

198 3102 269 3124 terra
285 3093 346 3132 illa,
367 3094 386 3123 si
403 3093 481 3132 quod
494 3093 593 3132 habet3

237 3132 353 3163 Scilicet
372 3133 450 3170 quod
472 3131 621 3170 praedit‘tus
640 3131 787 3161 Dominus
801 3129 869 3160 Rex
888 3130 962 3167 cepit
975 3128 1143 3167 homagium
1159 3127 1265 3164 praefati

201 3171 299 3202 David
319 3171 355 3202 de
375 3171 513 3209 praedicto
530 3171 591 3209 jure
612 3170 660 3200 suo
680 3169 849 3200 Norwalliae
864 3193 873 3207 ,
892 3170 925 3200 δε
941 3167 1019 3206 quod
1032 3167 1091 3196 tam
1105 3165 1183 3196 idem
1198 3165 1265 3197 Do-

200 3212 293 3240 minus
315 3209 380 3240 Rex
393 3234 402 3248 ,
427 3220 479 3248 pro
501 3209 620 3247 praefatis
632 3208 785 3239 Batonibus
799 3207 868 3245 suis,
886 3207 924 3237 de
939 3206 1072 3236 consensu
1087 3204 1245 3235 eorundem
1255 3229 1266 3243 ,

197 3250 284 3286 quam
305 3249 435 3286 praefatus
459 3247 555 3278 David
568 3272 577 3286 ,
605 3258 657 3284 pto
679 3247 722 3284 se,
739 3247 773 3277 &
787 3245 854 3283 suis,
870 3246 903 3276 &
918 3245 1073 3275 haeredibus
1087 3253 1206 3281 eorum,
1222 3243 1264 3273 su-

197 3297 247 3323 per
268 3289 402 3318 omnibus
424 3288 503 3318 terris
524 3285 665 3327 praedietis
686 3285 713 3315 se
732 3284 916 3315 submiserunt
929 3284 1046 3314 arbitrio
1059 3283 1262 3314 venerabilium

196 3334 307 3361 patrum

235 3363 275 3392 O.
293 3364 389 3395 Sanc‘ii
404 3364 545 3395 Nicholai
561 3365 589 3394 in
605 3372 718 3394 carcere
730 3360 810 3391 Tull.
829 3360 955 3391 Diaconi
974 3359 1147 3398 Cardinalis,
1166 3358 1261 3398 Apos-

198 3401 294 3432 tolicae
306 3403 385 3432 Sedis
402 3403 517 3442 Legati,
535 3403 671 3442 W‘igorn.
691 3402 723 3432 ὃς
739 3399 895 3431 Norwich.
915 3399 1125 3437 Episcoporum
1159 3399 1193 3429 &
1206 3409 1262 3429 no-

201 3440 335 3482 bilisrviii
356 3441 393 3470 R.
411 3441 536 3472 Comitis
559 3440 695 3472 Pitiaviae
716 3440 749 3470 δε
764 3437 923 3468 Cornubiae
937 3439 1024 3468 fratris
1038 3437 1120 3475 ipfius
1131 3421 1261 3468 Domini

200 3475 290 3513 Reaes
299 3502 307 3515 ,
326 3480 357 3509 δε
369 3480 506 3517 johannis
517 3480 554 3510 de
571 3480 734 3510 Monemue
749 3486 783 3507 ex
795 3485 874 3515 parte
886 3476 968 3515 ipsius
980 3475 1104 3506 Domini
1118 3475 1219 3514 Regis:

239 3510 277 3545 Et
291 3518 453 3548 venei-abilis
470 3520 552 3556 pati-is
566 3518 700 3556 Episcopi
719 3518 755 3546 de
775 3515 881 3546 Sanno
898 3514 989 3552 Asaph
1005 3537 1015 3552 ,
1029 3513 1167 3545 Idenenet
1181 3514 1260 3552 Vag-

200 3554 272 3590 han,
288 3555 320 3584 δε
336 3554 472 3594 Eynguan
485 3557 619 3596 Vaghan,
637 3566 671 3586 ex
686 3564 764 3593 parte
775 3554 881 3592 praefati
895 3552 1008 3591 David,

236 3591 278 3622 Ita
293 3593 386 3630 quod,
404 3596 672 3632 quomodocunque
685 3595 720 3623 ab
735 3594 798 3631 ipsis
818 3593 970 3630 omnibus,
988 3591 1035 3623 vel
1049 3601 1065 3621 a
1079 3590 1179 3629 majori
1195 3601 1257 3629 par-

196 3640 226 3661 te
241 3629 407 3660 eorumdem
422 3632 499 3669 super
513 3633 658 3671 praemissis
675 3633 755 3663 fuerit
769 3632 949 3669 arbitratum,
969 3638 1086 3668 utraque
1108 3640 1169 3668 pars
1184 3630 1257 3667 ipso-

198 3679 264 3700 rum
278 3667 359 3697 stabit
373 3670 501 3708 arbitrio,
519 3673 552 3702 ὃς
565 3671 632 3703 illud
645 3673 674 3701 in
688 3678 855 3711 perpetuum
870 3669 986 3700 firmiter
999 3668 1166 3700 observabit.

238 3707 277 3737 Et
292 3705 326 3735 ad
342 3706 405 3736 haec
418 3707 532 3738 fideliter
547 3711 579 3740 &
592 3710 648 3739 sine
660 3709 756 3739 fraude
771 3707 902 3738 servanda
916 3707 1092 3738 Willielmus
1105 3706 1141 3737 de
1155 3705 1256 3737 Canti-

199 3746 284 3789 lupo,
303 3743 337 3788 de
352 3754 494 3788 praece-pto
508 3746 613 3784 Regis,
628 3749 730 3785 juravit
743 3748 772 3776 in
784 3747 907 3776 animam
921 3745 989 3776 dicti
1002 3745 1106 3785 Regis,
1126 3744 1164 3776 Et
1177 3744 1256 3775 idem

197 3783 295 3814 DaVid
309 3792 337 3812 in
352 3791 463 3824 propria
478 3785 594 3820 persona
610 3785 654 3816 sua
668 3785 815 3822 corporale
827 3784 954 3823 praestitit
967 3785 1178 3815 sacramentum.

236 3821 275 3852 Et
288 3821 397 3864 insuper
411 3824 438 3850 ie
450 3821 629 3853 submiserunt
639 3823 824 3861 jurisdictioni
839 3824 872 3853 ὃς
886 3822 1055 3853 ordinationi
1067 3823 1174 3860 praefati
1189 3822 1256 3853 Do-

199 3861 272 3890 mini
294 3859 415 3898 Legati,
441 3860 574 3902 quamdiu
595 3862 622 3889 in
644 3862 745 3901 Anglia
758 3861 919 3900 Legationis
940 3861 1071 3900 fungatur
1089 3860 1208 3899 officio,
1224 3869 1255 3891 ut

197 3907 322 3942 partem,
341 3906 441 3940 contra
455 3897 594 3940 praemiffa
606 3901 783 3936 venientem,
793 3909 840 3937 per
854 3899 999 3929 censuram
1012 3898 1256 3938 Ecclesiasticam,

200 3937 293 3967 modis
307 3936 456 3972 omnibus,
475 3936 576 3972 quibus
592 3937 690 3967 melius
702 3938 802 3967 viderit
817 3936 1030 3974 expedire,tam
1038 3937 1072 3967 ad
1087 3937 1254 3975 praedic‘mm

197 3977 342 4005 arbitrium
357 3973 582 4011 observandum,
600 3975 686 4010 quam
697 3974 731 4003 ad
744 3975 987 4014 transgressionem
1001 3984 1100 4006 contra
1110 3975 1177 4006 illud
1192 3986 1256 4014 per·

198 4021 331 4053 peiratam
345 4011 551 4043 emendandam
565 4011 652 4043 valeat
666 4013 837 4052 cohercere,
854 4013 955 4045 ordine
965 4015 1032 4052 jutis
1045 4014 1203 4047 observato.

877 592 989 623 cialium
1009 601 1065 629 eJus
1083 589 1209 621 indebite
1224 599 1292 620 mo-

1294 3599 1369 3628 tem,
1388 3598 1457 3620 cum
1471 3587 1564 3618 debita
1578 3589 1731 3618 reverentia
1744 3588 1777 3618 δε
1792 3588 1913 3618 honore.

697 90 1507 141 CONVENTIONES,
1551 91 1948 158 'LITERAE‚

1378 178 1462 222 Dum
1486 184 1581 209 tamen
1599 179 1676 210 idern
1699 179 1796 210 David
1812 197 1822 218 ·‚
1846 179 1893 211 vel
1909 178 1948 209 sui
1983 177 2016 216 (si
2030 177 2145 209 forsitan
2158 185 2258 209 contra
2272 180 2407 217 praedit‘ta
2427 182 2504 213 Arm.
2515 172 2570 218 Diri

1341 227 1440 261 venire
1454 218 1686 261 praesumpserint)
1702 220 1776 263 prius
1791 228 1891 249 coram
1910 201 1990 261 digit)
2003 217 2138 261 Domino
2153 217 2279 257 Legato,
2297 221 2342 250 vei
2358 220 2406 251 ali-
2455 231 2540 262 124³.
2567 209 2570 230 ι’

1339 256 1518 299 quibus'aliis
1532 281 1542 295 ‚
1567 257 1602 286 ad
1624 258 1682 288 hoc
1702 259 1738 288 ab
1752 257 1811 295 ipso
1826 255 2009 295 deputandis,
2026 255 2207 297 iiipattibuS,
2226 258 2329 288 merito
2343 268 2404 289 non
2423 267 2488 290 iim.
2510 271 2536 300 3.

1337 296 1484 338 suipecsis,
1502 296 1531 324 in
1553 295 1680 326 confinio
1701 296 1840 327 Marchiae
1853 320 1863 333 ,
1881 295 1951 325 loco
1963 319 1973 334 ‚
1991 295 2085 325 eidem
2099 295 2195 327 David
2210 296 2244 326 &
2258 295 2309 325 suis
2323 305 2405 336 tuto,

1337 331 1463 377 legitime
1485 337 1701 366 communicato
1717 359 1728 374 ,
1753 335 1772 365 si
1786 334 1821 364 ad
1836 335 1895 365 hoc
1910 335 2006 364 vocati
2020 335 2165 373 venerint,
2184 335 2230 364 vel
2245 334 2264 363 fi
2279 334 2404 374 legitime

1336 381 1432 402 vocati
1447 382 1507 402 non
1523 375 1667 411 venerint,
1688 384 1741 411 pro
1756 373 1973 404 contumacibus
1988 373 2158 412 habeantur,
2176 373 2227 403 nili
2240 375 2404 406 rationabile

1334 408 1368 439 ὃς
1383 409 1521 441 sufficiens
1533 411 1637 442 habent
1651 412 1898 450 impedimentum.

1372 448 1391 481 ἲ
1411 448 1507 494 Finito
1529 460 1598 494 vero
1618 450 1762 493 praedietae
1776 451 1920 490 legationis
1933 449 2053 488 officio,
2072 449 2123 480 sub
2136 450 2229 481 forma
2243 451 2404 490 praescript-a
2420 440 2436 458 ³⁶
2447 443 2469 469 1·
2488 447 2552 480 3902

1334 486 1503 518 cohercioni
1516 489 1549 520 &
1560 489 1746 528 Juriidietioni
1763 489 1887 519 Domini
1900 488 2102 519 Cantuariensis
2118 488 2348 529 Aichiepiscopi,
2364 492 2399 523 &

1331 524 1539 594 1§lIJDccpsflorum
1567 527 1683 559 suorum
1711 528 1848 559 Eccleiiae
1873 527 2080 560 Cantuariensis
2098 527 2126 558 se
2146 537 2236 565 partes
2257 529 2401 566 praeaiciae

1343 573 1360 593 u
1384 573 1413 593 m
1434 573 1526 595 erunt.

1367 601 1406 631 Et
1426 603 1573 646 sciendum
1587 604 1666 643 quod
1679 615 1730 643 per
1745 606 1819 636 hanc
1832 615 1933 643 pacem
1946 612 2092 636 remanent
2111 603 2246 636 Domino
2266 605 2344 646 Regi
2363 608 2398 639 &

1331 638 1491 672 haeredibus
1508 643 1560 686 suis
1570 645 1669 674 omnia
1681 645 1814 682 homagia
1829 644 1974 675 Bai‘oniim
1986 644 2100 675 Walliae
2122 646 2230 682 quieta,
2249 645 2282 675 &
2301 647 2398 678 remit-

1331 686 1427 723 tuntur
1440 690 1538 711 omnia
1551 682 1696 721 incendia,
1713 682 1884 721 homicidia,
1902 684 1936 714 &
1951 683 2001 714 alia
2016 683 2103 721 mala,
2121 691 2178 713 tam
2195 692 2229 713 ex
2244 692 2321 721 parte
2335 684 2398 715 An-

1328 717 1494 764 glicorum,
1506 727 1593 763 quam
1605 720 1794 752 Wallensium
1807 731 1979 761 perpetrata,
1996 723 2034 753 ita
2046 722 2126 760 quod
2137 722 2170 752 ad
2189 722 2315 752 invicem
2336 723 2396 760 ple-

1327 765 1369 825 alls
1380 759 1614 802 reconcilientur:
1634 759 1719 791 Salvo
1733 761 1852 799 praefato
1869 760 1966 793 David
1973 761 2036 800 jure
2050 762 2118 798 suo,
2137 761 2157 791 si
2173 760 2252 799 quod
2265 761 2351 793 habet
2365 763 2394 792 in

1363 806 1384 826 is
1398 805 1486 827 terris.

1364 833 1420 874 Et,
1433 836 1454 866 si
1469 836 1546 867 forte
1559 836 1656 874 aliquis
1670 836 1873 875 praedietorum
1887 837 2087 877 Arbitrorum,
2105 847 2169 870 ante
2179 838 2238 870 hoc
2248 839 2394 870 arbitrium

1327 883 1396 904 com
1409 874 1572 919 'letumrin—
1594 875 1832 919 fata-decesserit,
1850 877 1896 907 vel
1916 887 1965 915 per
1980 877 2219 915 impedinentum
2230 879 2396 908 rationabile

1327 922 1385 956 prae
1416 914 1466 944 cto
1479 914 1595 958 arbitrio
1609 914 1741 945 faeiendo
1756 925 1816 945 non
1831 915 1916 953 possit
1929 917 2076 954 interesse,
2094 917 2160 947 alius
2173 917 2241 948 loco
2260 917 2310 948 suo
2331 918 2397 948 sub-

1326 950 1471 991 stituetur,
1490 963 1539 991 qui
1552 955 1644 984 neutri
1658 955 1780 990 partium
1796 955 1900 984 merito
1914 954 2054 992 suspectus
2068 956 2209 986 habeatur.

1365 990 1414 1021 Ad
1425 992 1489 1022 haec
1503 992 1627 1036 praefati,
1646 991 1802 1036 Episcopus
1816 991 1853 1023 de
1867 992 1975 1024 Sancto
1995 993 2103 1032 Asaph,
2121 993 2273 1033 Idenenet,
2291 996 2325 1026 &
2346 995 2394 1035 Iga

1326 1038 1392 1059 nam
1406 1054 1415 1068 ,
1447 1032 1481 1062 ὃς
1506 1029 1648 1061 Griffinus
1676 1031 1748 1061 rihus
1777 1030 1938 1061 Rotherich
1968 1033 2154 1069 praestiterunt
2175 1032 2392 1065 Sacramentum

1326 1068 1422 1111 quod,
1442 1070 1632 1114 quantumin
1650 1070 1689 1100 eis
1711 1069 1752 1114 est
1765 1093 1775 1109 ,
1793 1068 1926 1113 praedieta
1943 1070 2062 1101 fideliter
2079 1072 2285 1111 observabunt,
2303 1074 2336 1104 &
2355 1074 2393 1104 ab

1324 1107 1385 1151 ipso
1398 1107 1494 1139 Dav1d
1509 1109 1542 1140 &
1554 1108 1622 1147 suiS,
1641 1108 1734 1139 modis
1747 1105 1882 1139 omnibus
1897 1108 1999 1147 quibus
2012 1118 2162 1148 poterunt,
2179 1110 2282 1142 facient
2295 1112 2392 1143 obser-

1326 1155 1394 1176 vari.

1365 1184 1413 1215 Ad
1431 1187 1570 1225 majorem
1588 1194 1683 1217 autem
1701 1186 1782 1225 hujus
1803 1186 1844 1215 rei
1863 1185 2040 1217 securitatem
2060 1186 2168 1217 facium
2181 1186 2223 1218 est
2235 1187 2295 1219 hoc
2308 1188 2394 1227 scrip-

1326 1230 1394 1268 tum·
1408 1225 1481 1255 inter
1503 1225 1575 1263 ipsos
1597 1225 1713 1265 Regem
1734 1227 1767 1256 &
1787 1223 1885 1255 David
1905 1225 1934 1255 in
1950 1225 2041 1256 modo
2056 1224 2245 1265 Cirographi3
2262 1227 2300 1257 ita
2313 1227 2394 1265 quod

1326 1271 1413 1306 parti,
1438 1265 1594 1294 remanenti
1615 1274 1700 1302 penes
1718 1264 1809 1301 ipsum
1831 1262 1997 1294 Dominum
2016 1263 2148 1303 Regem,
2170 1265 2328 1303 appositum
2350 1265 2393 1296 est

1326 1300 1456 1340 Sigillum
1472 1302 1554 1340 ipsius
1567 1302 1683 1341 David,
1701 1304 1757 1333 una
1770 1312 1839 1333 cum
1856 1302 1956 1341 Sigillis
1978 1303 2184 1340 praedic‘iorum
2203 1304 2337 1342 Episcopi
2357 1307 2394 1335 de

1325 1339 1433 1371 Sancto
1453 1340 1577 1379 Aisaph,
1601 1341 1752 1380 Idenenet‚
1778 1342 1812 1372 ὅτ.
1832 1340 1933 1380 Ignam
1952 1341 1986 1372 &
2009 1341 2148 1372 Griffini:
2181 1342 2219 1373 Et
2234 1344 2321 1383 parti,

1325 1388 1375 1410 nes
1395 1379 1486 1418 ipsum
1502 1379 1602 1412 David
1622 1381 1795 1420 remanenti,
1812 1379 1972 1420 appositum
1993 1380 2036 1412 est
2048 1381 2179 1422 Sigillum
2192 1381 2318 1413 Domitii

1323 1427 1372 1459 gis.

1360 1495 1426 1528 Hiis
1440 1497 1576 1530 Testibus
1589 1496 1804 1531 Venerabilibus
1815 1495 1962 1536 Patribus,

1361 1577 1464 1606 ottone
1477 1578 1573 1607 Sanan·
1587 1577 1717 1608 Nicholai
1731 1579 1760 1607 in
1774 1580 1888 1607 carcere
1899 1573 2024 1606 Tulliano
2036 1577 2157 1608 Diacono
2170 1575 2315 1608 Cardinali
2322 1600 2332 1616 ,
2349 1573 2389 1615 &ff

1394 1615 1554 1655 Apostolicae
1566 1617 1642 1647 Sedis
1655 1619 1778 1655 Legata,

1361 1655 1405 1683 W.
1427 1654 1548 1684 Ebortem
1566 1655 1782 1695 Archieptfiopo,

1359 1694 1404 1722 W.
1422 1693 1544 1724 Karleol.

1360 1733 1405 1760 W
1425 1734 1550 1769 Wigorn.
1569 1731 1608 1768 (ἔφ’

2362 1392 2393 1414 (ζα

1361 1771 1406 1799 W.
1426 1771 1572 1802 Norwich.
1591 1774 1647 1810 Epi
1659 1775 1741 1811 copis:

1359 1811 1393 1837 R.
1415 1812 1518 1840 comite
1533 1812 1672 1841 Pistaviae
1688 1808 1727 1846 ό
1743 1809 1885 1840 Cornubiae
1892 1808 1990 1848 fratre
2003 1811 2117 1840 Domini
2131 1811 2228 1848 Regis,

1359 1847 1513 1878 Venerabili
1524 1851 1612 1879 Patre
1625 1849 1749 1889 Episcopo
1764 1850 1796 1879 de
1808 1850 1907 1878 Samo
1920 1847 2046 1887 Affaph,

1359 1889 1403 1916 W
1423 1887 1455 1916 de
1473 1887 1632 1927 Cantilupo,

1358 1929 1480 1955 Amaur.
1500 1928 1532 1957 de
1547 1929 1646 1957 Saudo
1661 1926 1793 1958 Amaudo
1806 1924 1951 1965 Semfiallo
1966 1924 2070 1964 nostro,

1357 1963 1492 2001 Johanne
1511 1968 1674 2005 Extraneo,

1355 2003 1508 2032 Edenewet
1525 2007 1569 2034 W
1568 2005 1674 2043 achan,

1358 2041 1442 2080 Grff
1482 2041 1517 2072 lio
1534 2043 1682 2073 Rotherich
1692 2067 1702 2083 ,

1354 2082 1438 2111 Davi
1470 2082 1671 2113 Archidiacono
1685 2083 1717 2113 de
1731 2083 1831 2113 Saubso
1846 2081 1965 2120 Ashph,

1353 2156 1392 2189 Et
1403 2158 1469 2189 aliis.

1464 2294 1555 2327 Bulla
1566 2305 1624 2341 pro
1645 2296 1799 2328 conventu
1818 2293 1930 2328 Sanflae
1945 2295 2109 2327 Trinitatis
2124 2290 2257 2325 London.

1317 2379 1535 2442 GRegorius
1550 2379 1723 2419 Episcopus,
1742 2380 1834 2411 servus
1847 2379 1994 2410 servorum
2006 2377 2080 2416 Dei,
2097 2377 2207 2408 dileffis
2226 2376 2287 2407 filiis
2303 2375 2382 2406 Prio-
2402 2374 2479 2406 Ann.
2496 2375 2536 2408 D.

1402 2420 1425 2449 ri
1447 2421 1481 2451 ὃ(
1502 2418 1670 2450 Conventui
1684 2419 1819 2450 Echsiae
1832 2417 1944 2449 Sanc‘tae
1957 2417 2104 2448 Trinitatis
2118 2415 2303 2447 Londonien.
2323 2413 2383 2445 Or·
2425 2424 2512 2454 1240.

1314 2455 1386 2488 dinis
1399 2458 1485 2489 sancti
1500 2457 1667 2497 Augustini,
1683 2458 1798 2488 salutem
1812 2458 1846 2488 ὅ(
1860 2455 2058 2497 Apostolicam
2071 2454 2313 2486 benedictionem.
2403 2458 2456 2482 An.
2477 2465 2523 2492 ²4·

1348 2496 1435 2534 Justis
1449 2499 1607 2538 petentium
1621 2497 1760 2527 desideriis
1773 2496 1893 2535 dignum
1911 2495 1953 2525 est
1965 2504 2019 2526 nos
2033 2495 2146 2525 facilem
2167 2494 2295 2531 praebere
2313 2502 2386 2523 con—
2404 2498 2438 2521 H.
2459 2503 2485 2530 3.

1312 2534 1441 2575 sensum,
1459 2538 1493 2568 ὅ(
1511 2544 1595 2574 vota,
1615 2546 1679 2574 quae
1700 2536 1716 2565 a
1738 2535 1851 2566 rationis
1871 2535 1983 2565 tramite
2005 2544 2067 2565 non
2081 2532 2258 2571 discordant,
2277 2532 2384 2563 effectu
2405 2541 2445 2564 Ex
2458 2536 2516 2561 Au-

1311 2574 1500 2613 prosequente
1510 2575 1664 2612 complere.
2400 2582 2467 2612 togr.

1349 2612 1391 2643 Ea
1412 2623 1545 2652 propter,
1562 2613 1659 2644 dilecti
1678 2614 1707 2643 in
1723 2612 1858 2643 Domino
1874 2611 2046 2650 filii‚vestris
2055 2610 2135 2649 justis
2148 2607 2385 2649 postulationibus

1311 2661 1392 2683 orato
1407 2661 1610 2683 concurrentes
1625 2652 1748 2688 assensu,
1766 2651 1879 2681 8211&ae
1893 2649 2056 2680 Catherinae
2070 2650 2104 2680 &
2119 2649 2214 2679 Sancti
2229 2648 2383 2679 Michaelis

1311 2676 1496 2721 londonien.
1537 2690 1682 2729 Capellas,
1698 2699 1752 2720 nec
1770 2699 1830 2719 non
1843 2689 1967 2719 decimas
1990 2687 2026 2717 de
2045 2687 2227 2725 Wa1emers,
2246 2697 2313 2725 quas
2334 2697 2383 2717 ca-

1312 2731 1418 2760 nonice
1439 2731 1597 2768 proponitis
1619 2739 1669 2759 vos
1692 2729 1808 2765 adeptos
1842 2726 1912 2757 ficut
1928 2735 1981 2756 vos
1991 2724 2066 2764 juste
2081 2735 2113 2756 ac
2127 2725 2246 2763 pacifice
2259 2725 2383 2765 poffide-

1311 2769 1344 2797 tis
1353 2791 1362 2806 ,
1382 2769 1464 2798 vobis
1480 2769 1514 2799 &
1523 2793 1532 2806 ,
1551 2777 1601 2806 per
1613 2777 1682 2805 vos,
1702 2766 1794 2797 eidem
1809 2751 1945 2796 Ecclefiae
1959 2764 2125 2794 auctoritate
2137 2762 2293 2801 apostolica
2308 2773 2381 2793 con-

1312 2806 1474 2845 firmamus,
1492 2807 1525 2838 δε
1548 2806 1688 2844 praesentis
1709 2805 1804 2842 scripti
1823 2803 1983 2844 patrocinio
2003 2802 2235 2839 communimus3
2251 2800 2327 2832 salvo
2348 2802 2379 2832 in

1311 2845 1451 2884 praedietis
1465 2844 1805 2882 decimis,1noderamine
1818 2841 1934 2873 concilii
1941 2840 2083 2880 generalis.

1349 2884 1434 2914 Nulli
1454 2893 1522 2924 ergo
1542 2885 1666 2915 omnino
1686 2883 1839 2914 hominum
1860 2881 1942 2911 liceat
1955 2880 2028 2910 hanc
2043 2880 2173 2919 paginam
2185 2877 2293 2909 nostrae
2305 2888 2378 2909 con-

1311 2922 1477 2953 firmationis
1492 2923 1576 2953 infrin
1598 2932 1659 2960 ere,
1680 2921 1727 2952 vel
1742 2922 1766 2951 ei
1780 2921 1845 2951 ausu
1856 2920 2008 2950 temerario
2022 2920 2180 2956 contraire3

1347 2962 1376 2992 Si
1392 2963 1452 3000 quis
1467 2970 1563 2992 autem
1579 2931 1637 2993 {oc
1656 2968 1820 3000 attemptare
1835 2957 2055 2997 praesumpserit,
2072 2957 2299 2996 indignationem
2311 2964 2378 2986 om-

1308 3001 1459 3038 nipotentis
1480 2999 1539 3031 Dei
1557 3001 1591 3032 &
1614 3000 1763 3030 beatorum
1777 2997 1854 3027 Petri
1869 2997 1902 3028 &
1917 2995 2015 3034 Pauli,
2033 2995 2244 3034 Apostolorum
2257 2995 2330 3034 ejus,
2348 2994 2378 3026 se

1306 3040 1419 3071 noverit
1433 3039 1618 3070 incursurum.

1304 3154 1323 3186 d
1345 3115 1413 3160 Dat.
1433 3116 1564 3149 Lateran.
1583 3124 1613 3155 4.
1631 3115 1717 3147 Non.
1740 3113 1808 3153 Julii'
1823 3138 1832 3151 ‚
1854 3112 2039 3144 Pontificatus
2061 3110 2151 3142 nostri
2170 3120 2247 3141 anno
2270 3118 2372 3149 quarto

1325 3165 1429 3186 ecimo.

2028 3227 2118 3267 sigillo
2133 3226 2240 3267 avulso.

1299 3376 1326 3402 ἢ*
1353 3380 1460 3411 Litera
1484 3373 1649 3410 Fedlimidi
1676 3376 1837 3409 o-Connor
1865 3378 1954 3423 Regis
1976 3374 2118 3408 ConaHiae
2136 3369 2180 3404 ad
2193 3371 2364 3405 Henricum
2384 3383 2435 3413 q,
2450 3395 2514 3424 39¹·

1774 3427 1894 3471 Regem.

1295 3513 1326 3574 I
1336 3511 1440 3543 Llustri
1455 3510 1532 3550 Regi
1545 3509 1657 3548 Angliae
1671 3509 1822 3549 Hemico,
1841 3509 1900 3541 Dei
1912 3508 2016 3550 gratia,
2033 3507 2169 3538 Domino
2192 3504 2359 3542 Hiberniae,
2378 3504 2454 3537 Arm,
2468 3507 2510 3539 D,

1345 3550 1459 3581 Comiti
1474 3548 1663 3588 Andegaviae,
1682 3549 1743 3579 suus
1757 3549 1780 3578 F
1781 3549 1834 3580 edl.
1854 3548 2058 3580 Okonchonur
2071 3545 2138 3576 Rex
2151 3543 2275 3575 Conadt.
2289 3542 2358 3573 salu·
2373 3555 2487 3610 A1240.

2400 3595 2416 3612 n
2447 3595 2494 3621 24.

1333 3628 1484 3667 Qioniam
1501 3626 1689 3656 Nobilissima
1709 3628 1808 3657 merita
1831 3627 1865 3657 &
1884 3627 1960 3657 bona
1980 3631 2067 3661 opera
2081 3623 2098 3652 {i
2111 3621 2162 3652 suis
2175 3619 2288 3651 subditis
2305 3617 2356 3649 de-
2376 3627 2410 3651 H.
2430 3633 2454 3660 3.

1294 3668 1364 3697 bent
1377 3673 1517 3704 gratanter
1531 3665 1565 3695 &
1577 3665 1719 3695 humiliter
1735 3664 1901 3702 collaudari,
1920 3663 2028 3693 idcirco
2041 3661 2145 3700 Regiae
2165 3658 2270 3702 vestrae
2287 3656 2356 3701 Ma-
2373 3665 2402 3688 Jn
2417 3665 2488 3689 Run-

1289 3705 1399 3745 jestati,
1416 3713 1470 3742 pro
1485 3704 1566 3734 variis
1579 3703 1736 3734 honoribus
1750 3704 1833 3734 nobis
1849 3702 1975 3739 collatis,
1993 3708 2081 3741 grates
2096 3699 2241 3730 referimus
2261 3694 2355 3725 infini-
2371 3698 2418 3727 del.
2433 3702 2490 3728 Lit-

1291 3754 1356 3781 tas;
1383 3745 1416 3774 &
1436 3743 1561 3772 maxime
1600 3752 1633 3772 ro
1654 3753 1708 3780 eo,
1734 3742 1814 3780 quod
1835 3751 1889 3779 pro
1907 3740 1991 3770 nobis
2012 3737 2175 3770 Willielmo
2193 3734 2230 3764 de
2250 3733 2353 3773 Dene,
2370 3744 2487 3765 terarum

1286 3781 1448 3822 Justiciario
1463 3779 1560 3811 vestro
1574 3752 1606 3809 fi

1292 3819 1386 3851 benda
1399 3819 1436 3850 de
1449 3818 1593 3856 dampnis,
1612 3819 1695 3849 nobis
1709 3829 1758 3856 per
1772 3818 1937 3849 Walterum
1948 3816 1985 3847 de
1998 3816 2092 3853 Burgo
2105 3813 2138 3843 &
2159 3811 2236 3856 suam
2255 3811 2352 3850 seque-
2369 3815 2476 3843 London.

1291 3860 1366 3896 lam,
1385 3860 1414 3888 in
1426 3866 1499 3888 terra
1509 3856 1604 3889 nostra
1615 3857 1651 3887 de
1665 3858 1805 3896 Tyrmara
1815 3881 1824 3895 ,
1843 3856 1936 3894 illatis,
1953 3854 2058 3885 devote
2071 3849 2219 3887 scripsistis.

1608 3781 1738 3818 iberniae,
1757 3782 1844 3811 bonae
1856 3779 2020 3814 memoriae,
2037 3786 2091 3817 pro
2107 3773 2283 3805 restitutione
2304 3773 2354 3803 ha·
2370 3777 2397 3803 in
2405 3779 2485 3804 Tum

1329 3896 1438 3934 Unde,
1453 3905 1522 3925 cum
1533 3895 1624 3926 didius
1632 3895 1821 3933 Justiciarius‚
1833 3903 1899 3925 ante
1914 3893 2108 3930 receptionem
2120 3889 2276 3919 litterarum
2291 3898 2355 3919 ves-

1291 3945 1417 3973 trarum,
1434 3933 1512 3964 diem
1534 3933 1628 3965 clausit
1641 3944 1818 3971 extremum,
1836 3943 1890 3963 nos
1903 3931 2011 3962 nullum
2031 3927 2171 3958 effestum
2193 3936 2247 3957 nec
2268 3936 2352 3957 com-

1292 3974 1431 4011 modum,
1450 3983 1500 4011 per
1511 3971 1623 4002 dietum
1636 3973 1763 4003 vestrum
1777 3971 1955 4006 mandatum,
1974 3968 2039 3998 licet
2052 3974 2103 4003 per
2283 3981 2353 4003 ——,

1290 4014 1449 4055 recepimus
1468 4010 1578 4051 adhuc3
1594 4010 1640 4044 sed
1661 4012 1737 4045 varia
1757 4009 1879 4048 dampna
1898 4008 1932 4040 &
1945 4002 2148 4042 incommoda,
2165 4013 2215 4042 pei·
2227 4002 2354 4036 eundern

2269 4041 2353 4074 Wai-
