2570 4261
51 2165 126 2197 Ann.
140 2162 182 2194 D.

74 2202 157 2243 1306.

51 2246 104 2270 An.
115 2252 159 2278 34.

54 2285 83 2308 Ε.
96 2289 118 2307 i.

53 2322 158 2346 ExAu-

53 2365 119 2394 ngr.

79 3249 99 3268 ⁸¹
119 3251 157 3278 ii.

65 3297 145 3316 1002..

64 3407 139 3439 Ann.
155 3407 196 3439 D.

84 3448 168 3486 1306.

63 3488 175 3551 gaiani.
212 3485 410 3519 dissimulemus
423 3487 538 3518 offensas
548 3510 557 3525 ,
576 3487 631 3518 illas
641 3496 753 3526 tamen,
772 3497 853 3525 quae,
872 3489 901 3517 in
916 3487 1003 3517 nostri
1016 3489 1049 3519 ὃ(
1065 3487 1216 3526 Dignitatis
1228 3495 1282 3515 no-

63 3565 119 3589 λοι.
127 3563 197 3589 Rom.
212 3561 285 3592 ditos
296 3573 334 3593 no

65 3602 150 3673 ἕξ
172 3609 194 3627 1.
213 3602 289 3630 venit
299 3623 309 3638 ,
326 3611 382 3639 quo
399 3604 486 3642 magis
500 3602 643 3646 superioris
657 3603 753 3641 injuria
768 3602 918 3641 cresceret,
932 3601 1119 3641 subjeetorum
1133 3600 1221 3638 culpis
1237 3610 1282 3630 re-

162 159 212 199 54·

161 230 199 260 fiii
213 230 368 268 carissime,
385 238 418 259 ac
435 226 607 258 carissimum
622 227 649 254 iri
664 221 780 254 Christo
796 220 884 251 filium
896 219 1041 256 nostrum,
1058 217 1233 262 Phylippum

19 261 150 341 22‘2613'
165 269 279 303 Regem
295 268 418 299 Franciae
439 265 589 302 illustrem,
606 262 774 299 acceptione
794 258 989 297 personarum,
1007 258 1041 288 ὅ(
1063 266 1159 295 quaVis
1174 265 1237 293 par-

18 342 85 369 Ech.
108 349 131 366 r.

180 309 184 313 ⁴
214 310 223 337 i
249 317 276 337 te
320 305 436 336 bdustis.

166 307 341 376 ualptlaofego
349 341 550 373 Celsitudinem
559 338 684 375 Regiam
694 335 824 366 volumus
839 334 1022 365 indubitanter
1034 341 1145 370 tenere,
1163 330 1240 369 quod

169 380 308 422 praemissa
318 405 327 421 ,
344 391 426 419 quae,
444 388 474 409 ut
490 376 649 416 praefertur,
666 373 827 413 scripserunt
839 373 919 412 super
931 373 982 403 hiis
998 370 1159 402 Cardinales
1167 379 1240 412 prae-

168 423 260 459 dieti,
277 430 343 451 cum
367 417 460 448 nostrii
482 415 558 447 reeta
573 415 728 444 intentione
745 412 918 443 concordant
934 422 944 449 3
968 411 1002 441 &
1015 411 1073 448 jam
1096 408 1196 439 eadem
1211 416 1242 436 in

170 458 292 497 effestu,
310 468 358 495 per
371 455 507 486 dilectum
522 452 611 483 filium
627 450 801 488 Magistrum
816 449 999 480 Willelmum
1016 448 1052 478 de
1070 447 1216 478 Norwico
1232 467 1242 482 ,

172 496 321 529 Decanum
338 493 471 524 Ecclefiae
487 491 616 522 Lincoln.
635 489 818 528 Capelianum
835 487 961 519 nostrum
978 509 988 525 ,
1005 486 1054 516 sub
1070 486 1160 517 verbo
1174 482 1245 513 Cre-

172 536 292 572 dentiae,
309 531 390 563 fuisse
406 530 546 562 credimus
562 529 665 566 Regiae
680 526 930 566 circumspeffloni
945 526 1035 556 relata.

208 573 334 603 Summis
350 579 471 608 namque
487 579 520 599 ac
535 567 705 608 ferventibus
725 565 862 597 desideriis
886 569 1082 603 peroptamus,
1101 560 1180 600 quod
1199 567 1247 597 pet

173 609 278 642 nostrae
293 608 512 640 solicitudinis&
526 606 730 645 cooperationis
738 603 942 640 ministerium,
959 602 1033 639 talis,
1051 609 1249 638 tamqueama-

175 650 236 681 bilis
249 673 259 687 ,
276 650 308 679 δε
323 647 393 678 utilis
409 645 576 677 concordiae
591 647 662 676 inter
678 654 730 674 vos
746 644 869 673 invicem
882 664 892 680 ,
909 641 976 671 'illius
999 637 1165 676 suffragante
1185 647 1250 675 gra-

176 688 233 725 tifi,
259 688 304 725 qui
318 685 534 725 tranquilitatem
549 692 675 722 operatur
689 679 718 713 in
734 681 895 711 sublimibus
906 702 915 718 ,
932 677 1090 722 intercedat.
1226 714 1232 719 ι

216 725 323 764 Qiod,
341 725 410 755 sicut
421 723 485 754 estis
499 725 622 753 invicem
639 730 709 750 nexu
725 719 863 756 sanguinis
878 719 910 748 &
930 716 1067 747 affinitatis
1088 713 1251 754 conjuneti,

177 765 214 795 sic
227 766 389 795 animorum
404 764 437 794 &
450 761 625 793 voluntatum
640 758 782 788 identitate
791 780 801 794 ,
819 758 848 787 in
862 756 977 786 vinculo
993 755 1109 785 caritatis
1121 755 1155 785 &
1170 762 1252 783 amo—

175 805 210 834 xis
224 811 396 833 remanentes
410 801 545 837 connexi,
562 797 724 829 amicalibus
737 797 770 828 &
785 795 965 827 familiaribus
979 793 1100 824 consiliis
1114 793 1148 824 δε
1162 791 1253 822 direc-

180 842 302 873 tionibus
316 839 404 871 vestra
420 841 488 870 hinc
507 837 572 867 inde
587 837 700 873 negotia
735 833 892 866 ertradtetis

218 879 255 910 Et
274 888 432 921 propterea,
452 886 518 907 cum
535 875 661 906 fratribus
677 884 716 904 no
741 875 775 904 ris
793 872 897 903 matura
917 873 950 903 &
967 869 1091 909 provida
1117 869 1252 911 delibera-

182 919 259 949 tione
280 916 431 956 praehabita
446 939 456 954 ,
489 913 677 944 venerabilem
699 912 810 943 fratrem
830 910 959 941 nostrum
979 909 1094 941 Petrum
1116 906 1255 939 Penestri-

183 966 252 988 num
267 979 277 995 ,
302 957 335 986 &
360 962 547 985 memoratum
564 951 735 983 Anibalduin
750 949 865 981 Tuscul.
884 949 1055 988 Episcopos,
1073 948 1148 978 viros
1162 947 1256 988 utique

182 1005 297 1032 magnae
311 993 444 1024 fidelitatis
460 992 596 1030 claritate,
615 989 873 1027 circumspectionis
888 987 1092 1026 profunditate,
1109 996 1142 1016 ac
1159 985 1255 1027 probi-

181 1035 243 1064 tatis
270 1033 422 1063 maturitate
443 1030 609 1068 conspicuos
630 1052 640 1067 ,
673 1027 808 1066 utriusque
829 1028 909 1065 partis
929 1026 1044 1056 honoris
1066 1025 1099 1056 ὅ(
1117 1021 1255 1060 comodi,

184 1071 305 1102 cessante
320 1070 479 1109 partialitate
495 1068 632 1107 qualibet,
656 1067 806 1104 zelatores,
825 1065 858 1096 ad
876 1073 962 1105 partes
977 1064 1048 1102 illas,
1066 1063 1101 1094 de
1115 1062 1257 1093 dierorum

185 1109 301 1141 fratrum
319 1109 453 1146 consilio,
470 1104 608 1145 tanquaml
627 1106 701 1143 pacis
723 1105 850 1145 angelos,
868 1103 1047 1142 providemus
1061 1099 1259 1136 destinandos,

187 1158 308 1188 quorum
324 1148 439 1178 monitis
452 1147 485 1177 &
499 1142 738 1176 exhortationibus
751 1145 780 1174 in
795 1143 847 1173 hac
863 1151 936 1180 parte
951 1140 1094 1178 salubrius,
1112 1148 1141 1170 ut
1156 1138 1190 1169 ad
1198 1137 1260 1168 dul-

188 1187 321 1218 cedinem
338 1187 414 1224 pacis
429 1184 550 1223 ejusdem
564 1184 663 1218 attingi
677 1182 782 1221 valeat,
800 1180 942 1212 Celsitudo
956 1179 1048 1218 Regia
1063 1179 1156 1219 piis&
1172 1177 1260 1208 devo-

186 1226 220 1257 tis
234 1225 381 1256 affectibus
396 1235 433 1263 qu
441 1223 550 1254 esumus
565 1221 730 1261 acquiescat.

225 1263 314 1295 Porro
327 1263 405 1302 super
418 1263 569 1292 devotione
584 1260 695 1298 Regia,
713 1270 816 1298 quam,
836 1260 866 1289 in
881 1257 1023 1296 concepta
1037 1257 1072 1288 de
1086 1255 1180 1287 nostra
1198 1264 1262 1293 pio-

188 1304 315 1339 motione
330 1301 463 1341 praediviti
479 1300 588 1338 laetitiii,
605 1299 781 1330 exuberanter
796 1297 980 1335 monstravit,
997 1306 1111 1327 necnon
1125 1295 1161 1326 de
1177 1294 1257 1324 obla-

190 1343 226 1374 tis
241 1342 323 1372 nobis
340 1342 373 1372 &
391 1339 522 1371 Ecclesia:
537 1337 702 1377 obsequiosis
720 1336 877 1374 favoribus,
894 1334 1052 1374 affeftuque
1070 1332 1204 1365 benivolo
1221 1342 1262 1362 re-

194 1382 245 1419 gio
269 1380 303 1411 ad
322 1389 420 1418 pacem
439 1377 600 1416 praedieiam
616 1400 626 1417 ,
650 1375 751 1414 Regali
777 1375 976 1406 benivolentiae
1002 1375 1151 1412 gratiarum
1170 1370 1264 1402 referi-

191 1430 252 1451 mus
271 1420 368 1449 uberes
383 1417 516 1448 actiones.

228 1458 307 1489 Scire
320 1456 446 1488 volentes
467 1454 603 1493 eandem,
623 1453 699 1492 quod
714 1454 739 1484 ei
757 1452 834 1491 super
853 1452 993 1491 praediffis
1017 1450 1098 1482 citius
1116 1447 1264 1487 scripsisse-

193 1506 279 1542 mus,
309 1495 359 1526 nisi
385 1495 475 1531 gravis
493 1493 644 1530 corporalis
662 1491 806 1523 infirmitas
820 1515 830 1530 ,
847 1501 910 1530 qiiae
924 1514 933 1529 ,
949 1490 1074 1521 visitante
1092 1499 1143 1519 nos
1161 1487 1265 1518 miseri-

195 1535 357 1569 cordiarum
375 1533 523 1571 Domino,
540 1533 593 1562 liiis
612 1531 710 1562 diebus
730 1530 872 1570 personam
895 1528 1019 1560 nostram
1034 1528 1132 1559 afflixit
1146 1526 1214 1558 dure
1232 1525 1265 1557 &

194 1573 352 1615 periculose
370 1572 508 1610 nimium,
525 1569 693 1608 impedisset.

236 1613 326 1644 Nunc
345 1612 433 1648 vero,
450 1610 499 1641 illo
515 1609 635 1640 faciente
669 1608 746 1647 cujus
765 1606 964 1638 misericordiae
982 1617 1041 1637 nori
1065 1604 1106 1636 est
1119 1613 1268 1641 numenn,

194 1652 298 1692 quique
322 1648 459 1680 visitando
478 1648 550 1686 saepe
573 1631 688 1687 flagellat
711 1657 779 1685 quos
800 1646 909 1683 diligit:
928 1646 1064 1684 percutit,
1082 1645 1114 1675 δε
1129 1643 1219 1681 sanat,
1236 1651 1268 1672 ac

193 1687 477 1759 vzlneratsecundum
490 1686 542 1717 sue
558 1686 706 1717 voluntatis
720 1685 943 1723 beneplacitum,
960 1685 993 1716 ὅς
1010 1682 1153 1720 medetur,
1168 1690 1269 1724 quam-

193 1740 215 1761 vv
253 1728 344 1759 adhuc
358 1726 480 1764 debiles,
499 1735 567 1756 cum
585 1725 732 1763 membra,
752 1733 786 1754 ex
811 1722 975 1754 infirmitatis
1005 1723 1099 1759 rigore
1119 1720 1217 1751 casiata
1234 1719 1267 1749 &

194 1766 276 1838 Ῑίεὶιήίξι,
293 1766 423 1835 ῃοὲρὶυῃη
445 1765 525 1804 plene
551 1765 621 1795 vires
638 1762 694 1794 sua-s
711 1763 933 1802 recuperaverint
949 1784 959 1800 ,
986 1760 1079 1791 sumus
1095 1759 1201 1791 sanitati
1216 1759 1271 1797 pri-

254 1816 279 1837 ae
295 1815 324 1835 re
351 1812 420 1835 ituti.

242 1881 309 1915 Dat.
327 1881 462 1914 Avinion.
484 1890 528 1920 r7.
547 1879 609 1911 Kal.
623 1879 688 1920 julii
696 1877 900 1918 ,Pontificati'is
910 1875 997 1908 nostri
1008 1887 1083 1908 anno
1096 1877 1200 1916 primo.

1018 1953 1110 1992 sigillo
1129 1951 1237 1993 avulsit.

390 2087 439 2120 De
456 2084 662 2131 Appellatione
680 2082 724 2116 ad
741 2081 846 2116 Sedem
872 2062 1085 2128 Apostolicam.

204 2170 385 2234 CLemens
399 2170 552 2209 Episcopus
561 2193 570 2208 ,
586 2170 675 2200 servus
683 2169 825 2200 servorum
839 2167 915 2206 Dei,
933 2167 1038 2198 dilecto
1051 2165 1126 2205 filio,

282 2210 367 2240 Priori
383 2209 418 2239 de
435 2210 538 2239 Sancto
553 2207 670 2239 Neotho
679 2231 690 2247 ,
709 2207 885 2238 Lincolnien.
905 2206 993 2237 Dioc.
1010 2206 1121 2236 salutem
1138 2205 1172 2236 &
1189 2204 1254 2243 Apo
1264 2222 1277 2228 -

204 2249 332 2280 stolicam
347 2247 587 2278 benediCtionem.

239 2288 293 2318 Sua
308 2288 390 2317 nobis
427 2286 507 2316 Prior
528 2285 668 2315 Prioratus
688 2284 724 2315 de
746 2283 866 2322 SnapeS,
881 2283 984 2314 ordinis
997 2282 1093 2313 Sancti
1112 2281 1276 2320 Benediffl,

204 2325 363 2357 Norwicen
391 2324 479 2355 Dioc.
498 2324 632 2362 petitione
649 2322 827 2360 monstravit,
845 2322 921 2360 quod
935 2323 1004 2352 cum
1018 2321 1197 2359 Edmundus,
1215 2331 1277 2358 per-

204 2374 300 2404 petuus
320 2364 447 2394 Vicarius
467 2362 600 2393 Ecclesiae
621 2361 656 2391 de
677 2361 830 2398 Aldeburg.
842 2360 971 2399 >ejusdem
989 2360 1076 2390 Dioc.
1095 2359 1183 2398 ipsum
1197 2359 1275 2397 super

204 2402 367 2443 quibusdam
381 2401 500 2432 decimis
516 2410 613 2431 coram
624 2400 752 2438 johanne
767 2399 802 2430 de
816 2399 974 2439 Fodringey
989 2398 1118 2436 ClericO,

242 2441 299 2472 Cui
327 2440 489 2471 venerabilis
513 2439 594 2470 frater
613 2438 703 2469 noster
728 2438 766 2468 R.
792 2436 993 2468 Cantuariensis
1017 2437 1253 2474 Archiepiicopus
1267 2459 1277 2474 ‚

203 2480 262 2511 loci
279 2479 510 2517 Metropolitanus
535 2478 580 2515 (ad
599 2488 684 2515 quern
700 2477 735 2507 de
755 2477 868 2515 antiqua
903 2477 936 2507 &
948 2476 1115 2515 approbata,
1133 2476 1165 2506 &
1181 2475 1277 2505 haete-

204 2529 254 2550 nus
269 2517 386 2557 pacifice
401 2516 543 2548 observ-ata
565 2515 778 2553 consuetudine,
800 2500 957 2558 hujusmodi
978 2512 1121 2545 causarum
1145 2514 1276 2554 cognitio

204 2559 235 2587 in
252 2556 386 2595 praedicta
402 2556 490 2587 Dioc.
508 2554 577 2586 dum
590 2554 666 2585 suam
682 2553 863 2584 Provinciam
879 2553 984 2592 visitat,
1002 2563 1087 2596 quam
1101 2561 1167 2583 tunc
1183 2552 1274 2582 visita-

204 2597 275 2633 bat,
293 2595 418 2634 pertinet)
439 2593 597 2633 hujusmodi
623 2592 732 2624 causam
755 2592 920 2623 audiendam
942 2590 1142 2630 commiserat,
1164 2591 1197 2622 &
1222 2590 1277 2621 fine

204 2634 304 2665 debito
312 2633 518 2665 terminandam
525 2655 535 2671 ,

243 2672 317 2702 Non
332 2682 365 2702 ex
378 2672 552 2709 delegatione
571 2669 733 2708 Apostolica
748 2668 865 2700 traxisset
878 2670 906 2699 in
923 2669 1033 2700 causam
1048 2693 1057 2707 ,

241 2709 323 2741 Idem
339 2710 495 2750 johannes,
513 2719 656 2748 perperam
671 2710 698 2738 in
714 2708 814 2738 eadem
832 2707 913 2738 causa
928 2708 1083 2746 procedens
1098 2714 1200 2738 contra
1216 2706 1278 2737 dic-

205 2758 270 2780 tum
286 2748 412 2780 Priorem
431 2748 610 2779 diffinitivam
629 2746 791 2778 sententiam
808 2746 995 2786 promulgavit
1011 2747 1139 2784 iniquam
1161 2768 1172 2784 ,
1192 2745 1208 2775 ὲ
1225 2756 1278 2784 qua

207 2787 262 2826 ipse
277 2787 312 2818 ad
327 2787 420 2819 sedem
435 2786 629 2825 Apostolicam
641 2785 794 2824 appellavit.

244 2825 324 2857 Cum
337 2835 430 2857 autem
444 2826 535 2856 dietus
548 2825 645 2863 Prior,
662 2824 730 2855 sicut
748 2823 857 2862 afferit,
873 2824 1028 2861 potentiam
1043 2821 1166 2860 ejusdem
1173 2820 1280 2852 Vicarii

206 2866 310 2896 merito
331 2864 552 2902 perhorrescens,
569 2873 636 2894 eum
650 2862 719 2893 infra
735 2861 929 2893 Civitatem&
939 2861 1028 2892 Dioc.
1043 2860 1213 2891 Norwicen.
1226 2870 1276 2891 ne-

225 2912 285 2933 ueat
298 2904 449 2933 convenire
464 2903 574 2941 secure,
591 2901 747 2932 discretioni
763 2909 817 2931 tuae
835 2910 883 2938 per
901 2899 1064 2938 Apostolica
1079 2899 1177 2937 scripta
1194 2909 1276 2929 man-

225 2951 320 2980 amus,
341 2943 465 2980 quatinus
482 2941 620 2977 legittime
643 2942 673 2970 in
691 2940 770 2978 ipsius
790 2939 976 2977 appellationis
999 2937 1081 2968 causa
1104 2937 1275 2976 procedens,

203 2979 365 3010 sententiam
389 2980 473 3018 ipsam
493 2978 677 3016 confirmare,
695 2978 739 3009 vel
759 2975 921 3016 infirmare,
943 2977 1126 3016 appellatione
1147 2976 1273 3014 remor-⁵1,

205 3027 352 3057 procures,
369 3018 435 3049 sicut
449 3017 484 3048 de
496 3019 557 3056 jure
572 3017 652 3048 fuerit
667 3016 835 3047 faciendum.

241 3055 307 3087 Dat.
324 3055 477 3097 Burdegalis
494 3067 521 3087 2.
541 3055 603 3087 Kal.
617 3054 698 3096 Julii,
718 3053 900 3086 Pontificatsis
913 3054 1001 3086 nostri
1013 3064 1089 3085 anno
1101 3054 1224 3092 primo-l

1011 3130 1066 3161 Sub
1074 3129 1129 3172 filo
1142 3130 1239 3160 canab.

213 3275 301 3309 *Ad
318 3279 434 3323 Papam
457 3274 494 3308 de
513 3276 714 3357 aslaligZitate
732 3276 952 3357 dArchiepiftopi
976 3274 1214 3318 Cantuariensis‚
1241 3277 1278 3312 &-

639 3338 652 3357 e
678 3328 733 3358 Cre
755 3330 849 3359 entia.

214 3411 331 3479 PApae
343 3410 408 3456 Reii
423 3410 523 3441 devota
534 3410 638 3449 pedum
652 3410 745 3441 oscula
759 3411 943 3458 beatorum.-⁸
1040 3449 1046 3456 ⁶

297 3450 376 3480 Licet
394 3449 535 3480 interdum
556 3473 566 3488 ,
590 3459 623 3479 ex
642 3449 728 3480 multa
757 3449 946 3480 benivolentia
974 3448 1098 3480 fidelium
1122 3445 1281 3478 nostrorum

214 3523 275 3554 sttae
292 3525 394 3593 Relgiae
410 3526 604 3568 praejudicium
624 3549 633 3564 ,
651 3526 849 3556 contumeliam
864 3526 897 3556 &
918 3534 1137 3564 contemptum,
1155 3534 1202 3561 per
1217 3522 1282 3554 sub-

359 3574 402 3594 ros
415 3564 570 3595 notabiliter
581 3565 812 3602 committuntur,
830 3573 865 3594 eo
881 3563 1143 3594 minusdiffimulare
1151 3572 1201 3592 nos
1209 3571 1281 3592 con-

215 3641 388 3670 manentibus
401 3642 551 3678 impunitis.

248 3675 319 3706 Sane
337 3678 365 3706 in
382 3678 524 3709 memoria
543 3678 641 3709 vesti-:e
661 3677 839 3709 Beatitudiriis
855 3689 887 3710 ea
903 3678 1046 3709 credimus
1063 3677 1194 3716 residere,
1214 3687 1278 3715 quae

211 3721 300 3758 nuper
318 3714 355 3758 de
371 3714 438 3746 statu
457 3740 464 3746 .
484 3740 489 3745 .
511 3740 516 3746 .
538 3716 753 3754 Archiepiscopi
771 3716 973 3747 Cantuariensis
992 3717 1080 3748 descri
1102 3717 1183 3747 simus
1195 3715 1279 3745 serio-

212 3753 258 3793 le,
278 3762 326 3789 per
338 3752 436 3783 litteras
450 3754 553 3785 nostras
567 3755 600 3785 &
616 3755 752 3785 Nuncios
764 3754 906 3793 speciales,
922 3755 1037 3793 qualiter
1057 3757 1066 3785 i
1088 3765 1136 3785 ern
1158 3753 1279 3784 Archie-

212 3789 341 3826 piscopus
358 3800 427 3827 erga
444 3802 495 3822 nos
512 3793 539 3823 se
555 3792 670 3829 gesserat
688 3793 861 3830 temporibus
878 3794 1038 3831 retroaetis,
1057 3804 1090 3824 ac
1110 3802 1281 3831 procurave-

213 3833 268 3863 rat,
285 3827 317 3856 &
333 3827 433 3872 fecerat
447 3831 544 3869 nobis,
563 3831 596 3860 &
606 3830 881 3870 nostris‚postp0sita
888 3833 995 3862 ratione
1005 3855 1015 3870 ,
1032 3829 1280 3868 dedecus,damp-

213 3872 249 3892 na
265 3866 484 3909 quamplurima,
503 3868 535 3898 &
548 3868 706 3906 despetfiffis:
728 3869 879 3907 quodque,
894 3869 1029 3900 fidelitatis
1048 3869 1165 3900 vinculo
1180 3878 1213 3898 ac
1229 3868 1279 3898 de-

212 3909 336 3930 votionis
361 3903 456 3933 debito
475 3914 534 3934 non
551 3906 657 3936 servatis
670 3929 679 3944 ,
705 3916 751 3944 per
769 3906 907 3937 fafflones
923 3908 956 3937 &
977 3909 1184 3945 procurationes
1203 3906 1278 3945 suas,

215 3937 252 3967 fic
278 3937 416 3975 Regnum
440 3941 567 3973 nostrum
593 3945 625 3974 ὃς
652 3945 802 3975 nonnullos
828 3944 863 3975 de
888 3944 1013 3976 fidelibus
1038 3945 1136 3976 nostris
1154 3944 1278 3982 ejusdem

212 3984 311 4019 contra
329 3987 378 4020 nos
395 3978 500 4008 dudum
518 3990 714 4024 commoverat
733 3984 766 4013 &
784 3983 903 4013 turbarat
918 4006 928 4021 ,
953 3984 1029 4022 quod
1046 3994 1094 4024 per
1111 3982 1202 4020 ipsum
1218 3992 1278 4012 non

214 4012 288 4044 stetit
311 4024 379 4053 quin
401 4016 563 4049 exhaeredati
581 4020 768 4056 proculdubio
789 4019 952 4053 fiiiffemus:
979 4032 1042 4053 non
1059 4030 1088 4054 ut
1107 4019 1209 4053 exinde
1227 4020 1279 4051 sibi

615 130 1411 182 coNvENTioNES,

1467 124 1856 175 LITERAE,

1276 213 1417 258 profectus
1436 213 1650 253 accrescerent,
1673 214 1712 245 set
1731 222 1761 245 ut
1777 215 1867 247 solum
1883 220 1936 246 rios
1954 213 1989 245 &
2013 211 2116 245 statum
2135 214 2264 247 nostrum
2283 215 2358 256 lapsu
2377 219 2453 251 Ann.
2467 213 2507 251 D*

1277 262 1417 292 praeCipiu
1436 252 1619 283 subvertisset.
2398 259 2473 300 1306
2500 244 2510 252 ⁵

1301 291 1368 336 Ἐῑ,
1389 292 1534 334 quamvis,
1561 291 1595 321 ad
1613 290 1797 322 alliciendum
1815 290 1940 322 eundem
1959 288 1995 321 ad
2015 289 2239 323 masuetudinem
2256 293 2291 324 &
2309 293 2360 325 be·
2377 302 2444 328 Edv.
2456 283 2484 327 is

1278 330 1463 373 nivolentiam
1477 339 1547 373 erga
1559 339 1610 373 nos
1626 331 1660 360 δε
1674 329 1800 369 nostros,
1818 329 2037 361 adhibuiflemus
2050 329 2265 362 sollicitudinem
2271 342 2359 371 opor-

1279 377 1378 399 tunam
1390 390 1401 406 ,
1428 368 1517 411 nichil
1535 369 1619 398 nobis
1639 368 1767 406 profuit,
1793 374 1848 399 nec
1876 369 2030 406 quicquam
2055 369 2260 400 emendationis
2276 371 2306 400 in
2325 371 2359 403 ea

1280 415 1360 449 parte
1380 416 1569 449 percepimus·
1597 406 1634 436 set
1654 408 1766 445 potius,
1790 417 1824 437 eo
1841 406 1977 445 amplius,
2003 415 2069 443 erga
2095 417 2148 437 nos
2171 409 2204 439 &
2230 408 2360 449 nostros,

1283 452 1527 475 continuationem
1549 430 1602 475 isiae
1629 445 1827 476 malivolentia:
1851 446 1885 476 &
1914 446 2113 476 contrarietatis
2128 445 2259 478 sensimus
2275 446 2360 479 effer-

1285 492 1361 513 vere.

1322 520 1358 551 Et
1374 521 1455 558 quia,
1472 519 1551 565 Pater
1565 519 1737 560 sanetisime,
1753 523 1902 559 negotium
1916 521 2014 552 Terrae
2027 521 2147 561 sanctae,
2164 523 2233 555 sicut
2247 526 2362 565 accepi-

1286 569 1365 597 muS,
1381 559 1503 605 multum
1519 559 1645 590 insideret
1653 561 1732 590 cordi
1739 560 1848 599 vestro,
1865 561 1901 591 de
1914 570 1988 600 quo,
2007 559 2067 596 &a
2085 567 2116 589 ut
2123 564 2226 601 supra,
2240 563 2361 595 inliterd

1286 597 1441 641 antedic‘lq.
1458 597 1569 641 Sitque,
1590 598 1650 633 &c.
1669 598 1701 627 121?
1709 597 1744 637 fh
1761 609 1812 636 ra,
1830 599 1981 638 aliqualiter
1995 599 2135 636 impediri.

1322 634 1468 666 Sandhtati
1483 636 1580 667 vestr-ar:
1593 636 1721 667 duximus
1745 638 1944 676 upplicandum
1962 639 2103 677 quatinus,
2121 638 2265 676 praemissis
2272 641 2363 674 inten-

1288 682 1334 713 ta,
1354 675 1374 704 fi
1389 675 1478 712 placet
1494 674 1711 706 consideratione
1726 676 1858 714 pensatis,
1875 677 1984 706 honore
2000 675 2058 706 Dei
2073 678 2197 716 praevio,
2216 687 2253 708 eo
2272 681 2363 712 modo

1288 712 1325 743 de
1339 712 1408 757 statu
1422 712 1563 750 saepediffi
1580 714 1793 752 Archiepiscopi
1807 714 1896 744 vestra
1910 715 2083 752 providentia
2098 715 2367 757 ordinare&dispo-

1289 761 1354 796 nere
1375 751 1553 790 dignaretur,
1571 751 1647 790 quod
1668 752 1703 782 ad
1723 753 1832 790 praefati
1847 754 1956 790 negotii
1969 753 2068 784 Terrae
2082 753 2183 785 faustis
2199 759 2362 793 promotio-

1292 800 1333 820 nis
1353 798 1532 859 augmentum
1547 813 1558 829 ,
1582 801 1616 821 ac
1640 790 1746 830 nostri,
1762 791 1910 831 Regnique
1925 790 2014 821 nostri
2026 791 2127 823 statum
2141 793 2254 825 cederet
2267 795 2366 833 pacifi-

1292 837 1359 858 cum
1441 836 1556 859 metum.

1310 906 1315 911 ⁸
1330 839 1452 911 Quiri,
1471 867 1638 911 consider-ata
1654 867 1860 907 malivolentia,
1877 865 1938 902 &c.
1957 874 1990 897 ut
2004 865 2107 908 ficpra,
2123 868 2283 903 habundare
2317 884 2368 905 ve-

1293 906 1441 936 risimiliter·
1463 905 1656 944 praesumimus
1678 907 1711 937 &
1733 916 1857 937 tenemus
1868 929 1878 944 ,
1895 906 1989 946 quod,
2008 907 2027 937 si
2042 908 2218 945 contingeret
2230 897 2318 949 ipsuin
2336 914 2366 943 in

1293 944 1409 988 praefato
1426 944 1533 982 Regno
1547 943 1657 984 nostro,
1674 944 1719 974 vel
1736 945 1820 984 alibi,
1839 943 1899 979 &c.
1918 951 1949 974 itt
1962 948 2066 985 supra,
2083 955 2138 976 nec
2156 946 2258 986 aliquid
2273 950 2367 982 videre

1294 985 1410 1022 seimus,
1423 981 1488 1027 &c
1507 990 1538 1012 ut
1547 982 1655 1052 ἔφη,
1673 992 1755 1021 prout
1767 982 1888 1022 superius
1903 983 1944 1014 est
1961 982 2130 1022 expressum.

1329 1021 1405 1052 Haec
1420 1030 1502 1062 igitur
1519 1045 1529 1061 ,
1571 1031 1627 1053 ater
1643 1021 1736 1053 sandie
1747 1044 1757 1060 ,
1781 1033 1845 1060 quae
1868 1023 2049 1060 praemisimus
2064 1045 2075 1061 ,
2101 1023 2259 1054 innovanda
2273 1025 2306 1055 &
2319 1026 2371 1057 ite-

1296 1060 1588 1105 randadecrevimus,
1607 1068 1636 1091 ut
1652 1060 1686 1091 ad
1702 1071 1734 1091 ea
1749 1060 1914 1091 benivolum
1922 1061 2129 1099 &promptum
2145 1061 2272 1093 exhibeat
2279 1063 2367 1096 vestra

1296 1099 1431 1129 SanCtitas
1445 1099 1635 1140 mtelletstum‘,
1653 1099 1704 1137 &,
1722 1099 1790 1130 ficut
1805 1099 1841 1130 ab
1856 1100 1962 1129 intimis
1977 1100 2064 1130 nostri
2077 1100 2168 1130 cordis
2182 1109 2310 1131 emanant
2331 1103 2371 1133 sic

1296 1138 1368 1176 apud
1368 1148 1433 1207 dios
1449 1137 1587 1169 effectum
1607 1139 1750 1170 inveniant
1766 1148 1850 1177 quem
1867 1137 2094 1177 expeetavimus,
2113 1140 2147 1170 &
2159 1125 2371 1171 desiderabiliter

1297 1186 1366 1215 expe
1398 1187 1485 1208 amus.

1338 1215 1468 1260 Volent&
1486 1215 1585 1247 vestrae
1606 1224 1697 1255 patere
1716 1216 1825 1246 notitiae
1846 1215 2017 1254 reverendae,
2037 1214 2113 1254 quod
2128 1238 2139 1254 ,
2158 1215 2177 1246 si
2197 1218 2371 1258 contingeret

1300 1254 1553 1294 Archiepiscopurn
1569 1263 1757 1286 memoratum
1776 1254 1897 1293 restitui,
1915 1254 1991 1293 quod
2005 1255 2088 1293 abiit,
2109 1254 2187 1285 statui
2203 1255 2320 1293 pristino
2336 1257 2371 1288 δε

1299 1294 1417 1338 honori,
1435 1293 1594 1332 temporalia
1609 1294 1688 1332 ipsius
1705 1293 1984 1332 Archiepiscopatsis,
2001 1303 2063 1332 quae
2077 1302 2110 1323 ex
2127 1294 2207 1324 certis
2222 1295 2305 1325 causis
2312 1295 2373 1327 sunt

1299 1342 1328 1362 in
1343 1333 1470 1363 manibus
1484 1331 1582 1363 nostris
1595 1335 1629 1362 ad
1643 1332 1775 1371 praesenS,
1794 1334 1826 1363 ad
1843 1342 1907 1370 quae
1921 1332 2035 1370 quidem
2049 1331 2204 1362 rehabenda
2222 1332 2374 1371 indignum

1300 1371 1326 1401 se
1339 1371 1458 1415 reddidit
1465 1395 1476 1411 ,
1493 1371 1669 1409 exigentibus
1684 1373 1813 1409 gravibus
1824 1371 1875 1402 suis
1890 1369 2043 1401 excelsibus
2055 1379 2136 1410 atque
2150 1371 2309 1411 demeritis,
2324 1373 2374 1403 sibi

1301 1409 1455 1448 restituere,
1469 1419 1583 1479 ’Ἥξει-πε
1598 1410 1781 1450 conscientia,
1803 1420 1862 1441 non
1875 1407 2025 1447 possemus.

1341 1448 1395 1487 Et,
1414 1458 1444 1479 ut
1472 1450 1476 1455 '
1511 1459 1577 1487 uper
1597 1447 1633 1478 de
1653 1449 1805 1479 intentione
1819 1448 1908 1479 nostra
1922 1448 2004 1477 vobis
2019 1446 2126 1485 plenius
2143 1447 2241 1486 liqueat
2257 1450 2287 1479 in
2302 1459 2375 1487 prae-

1303 1487 1405 1526 missis,
1424 1498 1472 1526 per
1485 1487 1619 1517 dile&um
1635 1486 1782 1518 Clericum
1797 1487 1830 1518 δε
1849 1487 2032 1517 Secretarium
2045 1485 2187 1526 nostrum,
2207 1486 2375 1527 Magistrum

1305 1526 1464 1565 Philippum
1486 1525 1710 1565 ix=1artelli‚Juris
1731 1525 1833 1562 Civilis
1854 1523 2040 1556 Profeiibrem
2054 1547 2064 1563 ,
2089 1523 2271 1556 Canonicum
2289 1526 2376 1558 Cice-

1304 1565 1386 1596 stren.
1408 1565 1454 1603 (de
1467 1566 1544 1604 cujus
1558 1564 1622 1595 fidei
1636 1566 1752 1602 puritate
1764 1563 1876 1595 fiduciae
1890 1563 2088 1602 plenitudinem
2103 1565 2272 1603 optinemus)
2290 1576 2377 1604 quem

1305 1604 1339 1635 ad
1355 1604 1474 1635 vestram
1488 1603 1657 1642 praesentiam
1680 1603 1847 1634 destinamus
1866 1603 1941 1640 super
1956 1603 2026 1641 hiis,
2045 1610 2167 1633 mentem
2183 1602 2307 1634 nostram
2325 1612 2379 1635 vo-

1307 1644 1348 1673 bis
1362 1644 1537 1674 decrevimus
1552 1643 1629 1673 latius
1641 1644 1760 1682 aperire,
1779 1643 1842 1681 cui,
1861 1642 1879 1672 si
1896 1641 2002 1679 placet,
2020 1641 2177 1681 dignemini
2193 1643 2223 1672 in
2235 1643 2378 1682 hiis,quae

1307 1692 1340 1752 ἲς
1357 1681 1540 1751 Ραηὲὶξᾎὲἓὶτα
1556 1680 1723 1713 Clementiae
1738 1680 1837 1712 vestrae
1850 1680 2007 1719 expresserit
2019 1681 2084 1711 viva
2098 1690 2188 1719 voce,
2203 1679 2289 1713 fidem
2298 1681 2382 1713 indu-

1331 1732 1387 1751 iam
1401 1732 1417 1752 a
1458 1732 1467 1751 i
1504 1730 1542 1752 re.

1350 1798 1523 1838 conservet,
1540 1797 1601 1834 &a
1619 1805 1650 1828 ut
1658 1798 1752 1838 ficpra.

1351 1875 1418 1907 Dat.
1435 1876 1509 1916 apud
1526 1875 1651 1906 Preston.
1669 1886 1697 1906 2.
1713 1875 1761 1906 die
1775 1873 1859 1914 Julii,
1875 1873 2059 1914 anno'Regni
2070 1872 2174 1912 nostri,
2190 1873 2254 1905 &c.

2425 1980 2518 2015 ⁶11.·,

2411 2028 2492 2058 ¹003·

1314 2004 1342 2031 *Ε
1353 2006 1403 2038 De
1412 1999 1584 2046 Custodibus
1597 2003 1691 2049 Regni
1700 2000 1817 2047 Angliae
1831 1997 1994 2043 constitutis
2006 2025 2017 2042 ,
2032 2001 2106 2046 Rege
2121 1997 2296 2046 inpartibus
2312 2002 2384 2033 Sco-

1754 2053 1799 2081 tiae
1819 2047 1967 2092 existente.

1314 2138 1435 2198 REX
1454 2136 1680 2175 Archiepiscopis
1700 2134 1877 2180 'Episcopiffi
1895 2133 2066 2174 Abbatibus,
2083 2132 2243 2173 Prioribus,
2262 2132 2388 2165 Comiti-
2407 2125 2482 2158 Ann-
2496 2123 2540 2158 DL

1346 2217 1350 2222 .
1386 2177 1640 2222 bus‚'l·3aronibu5,
1659 2159 1816 2218 Militibus,
1827 2172 2387 2218 'iibere‘tenentibusssommunitatibus,
2436 2165 2521 2206 1306.

1312 2215 1541 2248 Viceconiitibus
1556 2237 1566 2253 ,
1593 2215 1625 2245 &
1648 2213 1780 2243 omnibus
1800 2212 1857 2242 aliis
1878 2211 2016 2242 Ministris
2029 2235 2044 2254 ,ἱ
2061 2211 2169 2242 Ballivis
2183 2235 2194 2251 ,
2216 2212 2250 2243 ὃ(
2265 2211 2389 2242 fidelibus
2410 2208 2519 2241 ’θ’-34·

1315 2254 1384 2294 suis,
1401 2255 1434 2286 ad
1455 2265 1524 2293 quos
1543 2251 1686 2290 praesentes
1703 2251 1800 2282 litterae
1817 2251 2008 2288 pervenerint,
2026 2250 2147 2280 ialutem.
2412 2248 2431 2270 Ε
2453 2253 2475 2269 ¹·

1353 2294 1448 2324 Sciatis
1462 2293 1537 2331 quod
1548 2315 1556 2330 ,
1574 2301 1625 2329 pro
1640 2300 1709 2328 pace
1723 2289 1815 2320 nostra
1833 2289 1866 2319 &
1878 2289 2068 2326 tranquillitate
2083 2287 2181 2326 populi
2197 2286 2295 2325 Regni
2303 2287 2389 2318 nostri
2410 2286 2468 2309 ΡΜ·
2495 2283 2541 2317 343

1318 2334 1410 2372 (nobis
1423 2334 1452 2362 in
1471 2332 1591 2371 partibus
1605 2328 1727 2366 Scotiae,
1745 2328 1778 2358 ad
1794 2327 1975 2358 rebellioriem
1996 2330 2182 2364 quorumdam
2203 2326 2387 2356 inimicorum
2410 2324 2440 2347 Β
2454 2329 2522 2347 ¹·m·

1316 2371 1475 2403 nostrorum
1500 2369 1607 2400 ibidem
1629 2368 1775 2405 agentibus
1789 2389 1799 2404 ,
1825 2376 1894 2396 cum
1915 2365 1973 2395 Dei
1997 2365 2152 2403 adjutorio,
2170 2365 2388 2403 reprimendam)
2416 2367 2458 2394 15-

1316 2410 1414 2442 inelii'is
1436 2406 1630 2440 conservandis
1676 2405 1713 2435 dc
1729 2404 1982 2442 circumspectione
1998 2402 2031 2433 &
2046 2401 2175 2433 fidelitate
2190 2403 2390 2433 venerabilium

1315 2450 1445 2487 Patrum,
1463 2447 1505 2477 W
1509 2445 1614 2490 illielrni
1630 2429 1839 2487 llrchiepiscopi
1854 2442 1999 2486 Eborum,
2016 2441 2184 2485 &tWalteri
2200 2440 2335 2472 Coventr.
2355 2442 2389 2473 ὃ(

1317 2487 1460 2520 Lichfeld.
1479 2485 1630 2524 Episcopi,
1650 2482 1821 2513 Thesaurarii
1836 2480 1942 2519 nostri,
1958 2479 2108 2520 specialiter
2121 2478 2293 2511 confidentes
2304 2503 2314 2519 ,

1355 2526 1452 2565 Ipsos,
1479 2522 1730 2560 Archiepiscopum
1751 2521 1783 2552 &
1804 2519 1977 2558 Episcopum
1992 2540 2002 2556 ‚
2027 2517 2165 2549 Custodes
2187 2518 2295 2549 nostros
2312 2518 2385 2549 dieti

1316 2566 1415 2603 Regni
1465 2573 1498 2595 ac
1517 2564 1614 2593 locum
1637 2560 1761 2590 nostrum
1777 2560 1807 2589 in
1821 2559 1922 2589 eodem
1937 2557 1966 2588 R
2002 2567 2041 2587 no
2054 2566 2176 2587 tenentes
2193 2557 2388 2588 constituimus

1315 2615 1365 2674 pgi-
1375 2588 1690 2673 graidsentgs,dq;iamdiu
1705 2600 1734 2628 in
1742 2597 1966 2667 ‹siffisdpsnmbus
2000 2597 2085 2627 cotiae
2099 2605 2212 2626 moram
2225 2596 2372 2627 fecerimus
2386 2617 2398 2634 ,

1403 2653 1410 2672 i
1462 2652 1528 2671 me
1558 2648 1741 2670 uerimusor
1846 2647 1903 2667 u.

1316 2655 1336 2674 v
1354 2681 1390 2712 Et
1409 2653 1474 2711 ideo
1491 2680 1571 2710 vobis
1591 2677 1751 2708 mandamus
1765 2675 1843 2719 quod
1858 2674 1979 2718 eisdem,
1995 2672 2258 2712 Archiepiscopo&
2273 2672 2391 2711 Episco-

1317 2715 1677 2789 gggtfflffifflffifflg
1679 2714 1825 2790 {13⁰3}
1831 2712 2270 2789 ciii&die¹}t}igrii3ustcoiiigiiimpmnoist
2254 2722 2333 2781 2231?
2346 2720 2389 2780 {31

1317 2797 1459 2829 tendentes
1472 2796 1526 2827 sitis
1539 2796 1572 2826 &
1588 2775 1797 2830 re’spondent'es,
1817 2791 1885 2821 sicut
1902 2788 2072 2828 praedi&um
2088 2788 2138 2820 est.
2329 2772 2340 2789 ²

1354 2835 1387 2867 In
1403 2837 1480 2874 qu'us
1495 2857 1505 2873 ,
1522 2834 1583 2865 &c.
1601 2831 1735 2870 quamdiu
1754 2830 1835 2860 nobis
1851 2828 1984 2867 placuerit
2005 2826 2135 2858 duratur’.

1352 2912 1441 2945 Teste
1458 2911 1542 2950 Rege
1554 2908 1628 2950 apud
1643 2907 1764 2939 Preston
1778 2905 1901 2939 secundo
1914 2903 2040 2944 dieJulii.

1474 3051 1581 3084 Litera
1600 3047 1757 3082 clementis
1778 3047 1861 3092 Papae
1887 3043 1922 3078 de
1952 3042 2152 3078 benivolentia
2161 3041 2234 3089 fita.

1388 3137 1508 3169 Lemens
1521 3133 1687 3173 Episcopus,
1704 3131 1794 3162 servus
1808 3129 1951 3161 servorum
1967 3129 2043 3169 Dei,
2061 3131 2204 3162 carissimo
2223 3132 2253 3161 in
2276 3127 2391 3159 Christo
2415 3111 2546 3191 Αῗξοέ)

1404 3175 1476 3207 Filio
1497 3172 1629 3205 Edvardo
1651 3171 1728 3209 Regi
1751 3169 1865 3208 Angliae
1882 3169 2004 3208 illustri,
2028 3169 2143 3200 salutem
2159 3169 2192 3200 &
2207 3167 2390 3208 apostolicam
2413 3193 2441 3218 A

1318 3214 1560 3245 benedictionem.
2413 3201 2466 3256 En·
2483 3200 2530 3227 34·

1358 3252 1534 3284 Celsitudinis
1555 3258 1611 3281 tuae
1633 3248 1731 3278 litteras
1744 3270 1754 3285 ,
1771 3257 1836 3285 quas
1857 3245 2010 3277 Portatores
2031 3245 2206 3284 praesentium
2229 3244 2392 3284 attulerunt,
2438 3250 2442 3255 ’
2461 3238 2485 3256 ¹·

1320 3294 1399 3322 tanto
1415 3289 1568 3327 benignius
1589 3287 1759 3324 recepimus,
1778 3287 1811 3316 &
1826 3285 1930 3316 avidius
1942 3292 2074 3315 contenta
2089 3285 2119 3315 in
2134 3286 2172 3315 eis
2185 3283 2332 3316 exultando
2344 3285 2390 3314 iri-
2412 3271 2453 3333 fx
2484 3270 2544 3295 Δ*

1319 3330 1456 3367 speximus
1469 3328 1634 3365 diligenter,
1652 3326 1776 3364 quanto,
1793 3333 1820 3354 te
1837 3325 1973 3354 cariorem
1988 3323 2137 3361 habentes,
2155 3333 2203 3362 ea,
2221 3334 2283 3362 quae
2291 3323 2390 3353 exalta—
2426 3314 2478 3342 ‘'g'’

1320 3370 1431 3399 tionem
1450 3368 1492 3398 tui
1504 3366 1627 3396 nominis
1662 3364 1756 3401 tuique
1770 3361 1855 3393 status
1896 3362 2086 3392 romotionem
2106 3361 2252 3400 aspiciant,
2268 3362 2301 3393 &
2318 3371 2388 3399 aug-

1320 3415 1449 3437 mentum
1471 3405 1606 3436 enutriant
1627 3386 1723 3440 Regni
1740 3402 1780 3432 tui
1794 3424 1806 3441 ‚
1823 3409 1853 3432 ut
1870 3373 1974 3440 Rssale
1991 3408 2091 3432 votum
2108 3401 2200 3439 potuit
2214 3410 2275 3431 non
2289 3400 2389 3439 latere,

1320 3444 1470 3476 ferventius
1483 3442 1655 3474 affecbmus.

1359 3484 1473 3523 Qiare,
1489 3481 1528 3512 fili
1543 3479 1682 3512 carissime
1695 3501 1705 3517 ,
1723 3486 1854 3510 contenta
1867 3479 1898 3508 in
1912 3477 1964 3508 illis
1981 3477 2019 3508 sic
2038 3477 2187 3508 memoriae
2203 3475 2390 3508 commenda-

1322 3533 1401 3560 mus,
1419 3522 1453 3553 &
1468 3522 1498 3550 in
1511 3520 1562 3550 illis
1574 3519 1757 3557 proponimus
1768 3527 1819 3547 nos
1832 3517 1951 3556 habere,
1968 3516 2048 3555 quod
2061 3517 2177 3555 poteris,
2193 3524 2223 3547 ut
2238 3514 2374 3553 speramus
2379 3533 2391 3552 ,

1320 3561 1420 3591 exinde
1435 3560 1539 3589 merito
1555 3557 1715 3588 contentari.

2103 3591 2255 3629 Glasguen.
2272 3588 2389 3628 Episco-

1359 3598 1407 3629 De
1423 3596 1505 3637 gestis
1519 3606 1589 3628 vero
1692 3593 1788 3625 Sancti
1807 3592 1947 3638 Andreae,
1963 3593 1997 3624 δε

1319 3646 1423 3674 porum
1438 3659 1448 3674 ,
1472 3644 1586 3679 necnon
1603 3633 1636 3664 &
1653 3632 1735 3677 facto
1748 3632 1881 3664 Abbatiae
1898 3631 1935 3662 de
1951 3631 2045 3663 Scone
2077 3640 2125 3669 per
2142 3630 2209 3661 alios
2226 3638 2286 3661 tuos
2302 3627 2389 3671 Nun-

1319 3677 1395 3713 cios,
1413 3675 1445 3705 &
1467 3673 1570 3704 ultimo
1588 3682 1635 3711 per
1654 3669 1828 3718 Magistrum
1850 3670 2018 3714 Thornam,
2035 3653 2202 3714 dlericum,
2216 3669 2249 3699 &
2270 3666 2299 3697 R
2336 3675 2388 3695 eri-

1317 3723 1370 3782 grn
1385 3712 1492 3743 Milites
1507 3720 1587 3750 tuos,
1616 3710 1698 3750 plene
1708 3719 1768 3748 Jam
1786 3709 1928 3740 Serenitati
1945 3708 2044 3748 Regiae
2068 3707 2198 3739 duximus
2219 3704 2316 3743 respon
2336 3713 2387 3735 en-

1340 3761 1398 3781 um.
2040 3771 2043 3775 .

1357 3826 1423 3859 Dat.
1439 3825 1584 3865 Burdegal.
1602 3824 1685 3858 Non.
1696 3823 1782 3865 Julii,
1796 3822 1979 3857 Pontificattis
1992 3821 2080 3855 nostri
2093 3830 2170 3854 anno
2183 3819 2283 3858 primo.

2093 3894 2148 3928 Sub
2155 3893 2210 3936 filo
2228 3895 2355 3929 canabeo.

2339 4050 2392 4081 Ad
