2570 4261
90 217 173 250 Anu.
183 216 224 249 D.

116 264 202 295 1154„
250 256 457 293 complendum
471 279 481 293 ,
504 252 583 284 stude
604 259 720 290 gentem
741 249 818 280 illam
830 249 912 279 bonis
931 249 1058 278 moribus
1071 250 1226 278 informare
1239 273 1248 286 ,
1271 249 1305 278 &

89 862 168 893 'Ann.
177 861 219 893 D.

118 902 204 931 1161.

91 948 119 975 7.
140 945 174 968 H.
198 950 226 968 2.

89 981 143 1006 An.
159 988 185 1006 2.

89 1019 158 1054 Papa
170 1017 217 1044 Al.

113 1075 160 1130 hg.

93 2596 168 2628 Ann⁴
181 2596 221 2628 D.

121 2638 205 2666 1161.

92 2675 225 2711 hqd—ia..

249 138 275 175 6

289 218 320 249 Si
338 217 428 258 ergo}
450 214 528 254 quod
548 211 704 250 concepisti
723 212 821 241 animo
834 235 844 248 ,
865 209 974 241 effectu
995 209 1306 252 duxerisprosequente

250 306 266 325 a
286 305 331 333 aS,
350 304 409 324 tam
419 303 469 330 per
483 300 527 328 te,
543 299 628 328 quam
642 298 692 326 per
704 287 765 318 illos
780 298 851 326 quos
864 287 897 317 ad
910 287 969 317 hoc
984 285 1055 328 fide,
1073 287 1181 323 verbo,
1199 287 1233 317 &
1250 287 1307 316 vita

249 304 368 364 idoneos
388 331 445 361 effe
464 328 630 367 perspexeris
685 334 717 356 ut
734 325 886 357 decoretur
898 326 937 355 ibi
948 324 1074 355 Ecclesia
1087 348 1098 363 ,
1119 324 1258 362 plantetur
1272 325 1306 354 δε

249 372 354 402 crescat
368 369 444 399 Fidei
460 365 627 397 Christianae
640 350 771 403 mugio,
791 366 906 407 &quae
920 363 953 393 ad
967 364 1110 393 honorem
1125 362 1183 392 Dei
1196 361 1306 405 &salu-

248 418 310 441 tem
332 408 471 446 pertinent
488 405 646 434 animarum
664 403 754 433 taliter
777 402 943 433 ordinentur
955 426 965 439 ,
988 410 1019 431 ut
1034 403 1068 432 ὅ(
1080 411 1096 430 a
1117 399 1186 443 Deo
1205 400 1306 443 sempi-

250 455 337 478 ternae
350 442 485 475 mercedis
498 442 647 472 cumulum
660 441 795 479 consequi
807 441 936 471 merearis
944 464 953 478 ,
969 440 1003 470 &
1018 439 1047 469 in
1061 448 1138 469 terris
1151 438 1305 477 gloriosum

250 494 360 516 nomen
376 482 463 512 valeas
477 482 506 511 in
516 480 611 511 seculis
628 481 766 518 optinere.

246 628 305 658 Pro
344 622 522 657 Haereditare
553 623 707 657 Wllielmi
738 621 774 654 de
806 619 979 653 Saccavilla
1010 619 1132 664 litigant
1162 615 1304 651 Mabilla

293 672 376 705 Pilia
404 699 414 715 ,
454 676 490 711 &⁸
516 671 665 704 Ricardus
688 670 724 702 de
747 667 871 711 Anestia
894 679 932 699 ex
956 670 1059 699 Sorore
1082 667 1189 711 Mpos.
1238 664 1303 698 Ob-

291 730 375 753 tenta
398 724 485 767 Regis
509 721 629 752 licentia
652 718 696 750 ad
719 720 833 763 Papam
857 715 1022 762 appellatur
1051 741 1061 757 ‚
1102 717 1155 760 qui
1178 714 1303 759 cansa'zm

293 768 409 816 delegat
433 773 464 801 in
488 768 606 815 Anglia
629 763 864 799 terminandam.

309 853 455 885 Lexander
471 852 575 890 Episco
595 861 627 882 us
642 876 651 889 ,
677 850 770 882 servus
789 850 936 881 servorum
956 846 1040 888 Dei,
1062 847 1215 880 venerabili
1227 847 1303 878 fratri

247 854 307 917 A
323 893 381 929 Hy.
401 891 559 922 Cicestren.
576 861 722 928 {piscopo
756 890 789 920 &
801 888 908 918 dile&o
922 886 982 918 filio
996 887 1031 918 L.
1049 885 1302 917 Westmonasteri-

247 941 292 962 en.
314 929 419 961 Abbati
433 930 557 961 Salutem
569 930 603 960 &
615 913 813 967 Apostolicam
826 925 1067 970 Benediffionern.
1259 964 1264 969 ·

287 968 393 1007 Causa,
412 978 476 1007 quae
488 970 560 998 'inter
575 966 690 998 Ricard.
708 966 745 996 de
760 964 905 1002 Anesten,
921 965 955 995 &
969 963 1071 995 Mabil.
1087 962 1123 994 de
1130 960 1302 1002 Francevrll,

248 1007 329 1045 super
346 1018 382 1038 eo
404 1007 481 1045 quod
500 1006 557 1044 ipse
578 1004 619 1036 R.
643 1004 761 1036 eandem
776 1004 823 1034 M.
843 1003 880 1033 de
889 1002 988 1034 illicito
1002 1003 1195 1033 Matrimonio
1209 1002 1303 1032 afferit

248 1046 307 1077 effe
317 1047 440 1086 genitam
454 1069 463 1083 ‚
488 1045 522 1075 &
534 1043 665 1075 videlicet
683 1043 717 1074 ad
735 1041 813 1073 bona
833 1041 977 1072 Avunculi
996 1040 1151 1079 optinenda
1168 1040 1302 1071 Petitioni

247 1084 425 1115 Haereditatis
443 1083 541 1113 insistit
558 1108 568 1122 ,
590 1082 691 1113 diutius
712 1083 828 1121 agitatur
841 1105 851 1119 ,
873 1079 907 1110 ad
928 1079 1054 1110 nostram
1071 1079 1239 1123 audientiam
1260 1078 1301 1108 est

246 1123 366 1161 perlata,
393 1132 461 1152 cum
473 1122 554 1159 super
568 1121 666 1152 eadem
684 1121 763 1151 causa
775 1130 791 1149 a
803 1118 945 1157 praesentia
958 1118 1057 1149 Fratris
1068 1117 1156 1148 nostri
1165 1118 1204 1148 T.
1222 1116 1301 1147 Can-

246 1170 315 1192 tuar.
335 1160 547 1199 Archiepiscopi
559 1160 592 1190 ad
605 1159 700 1190 sedem
715 1157 912 1196 Apostolicam
924 1157 1007 1187 fuerit
1018 1156 1194 1194 appellatum.

285 1199 364 1238 Quia
382 1209 453 1230 vero
472 1207 590 1236 utraque
603 1208 663 1236 pars
678 1205 792 1228 venerat
805 1198 937 1233 imparata
950 1219 960 1233 ,
983 1205 1037 1226 nec
1048 1193 1131 1225 testes
1143 1195 1239 1237 secum
1252 1194 1301 1224 ad-

243 1239 361 1269 duxerat
376 1248 448 1276 quos
463 1237 544 1275 ipsius
557 1237 661 1276 negotii
673 1236 834 1267 terminatio
846 1233 1005 1271 postulabat
1019 1259 1028 1272 ,
1053 1234 1087 1278 ad
1099 1233 1300 1263 diffinitionem

244 1276 368 1307 e'usdem
382 1276 465 1306 causx
479 1275 635 1313 procedere
649 1284 709 1305 non
723 1274 867 1312 potuimus
882 1284 905 1316 ·,⁸
915 1272 991 1302 unde
1004 1297 1013 1310 ,
1027 1282 1099 1316 ‘quia
1112 1282 1164 1302 nos
1176 1271 1214 1301 de
1233 1281 1300 1308 pru-

266 1316 338 1346 entia
352 1316 386 1347 &
399 1314 565 1345 discretione
580 1313 671 1345 vestra
690 1312 803 1350 plenam
823 1310 955 1341 fiduciam
972 1320 1135 1348 optinemus
1148 1335 1157 1347 ,
1180 1310 1299 1339 eandem

625 1352 671 1383 tiae
682 1350 783 1383 vestrae
796 1350 1005 1381 committimus
1016 1348 1184 1379 audiendam
1197 1349 1230 1379 ὃς
1244 1347 1299 1379 fine

244 1353 469 1384 controversiam

242 1392 341 1423 debito
351 1390 563 1422 terminandam.

281 1430 337 1461 Per
350 1429 515 1468 Apostolica
526 1430 620 1468 itaque
633 1429 715 1460 vobis
728 1429 825 1466 scripta
837 1425 1019 1464 mandamus,
1045 1434 1178 1464 quatenus
1193 1435 1300 1456 utram-

245 1479 303 1508 que
321 1478 429 1507 partem
452 1477 583 1507 congruo
603 1468 672 1498 loco
693 1469 726 1499 &
745 1475 877 1504 tempore
898 1475 962 1496 ante
982 1463 1105 1495 vestram
1125 1463 1298 1502 praesentiam

245 1508 414 1538 convocetis
429 1531 439 1545 ,
460 1508 494 1537 ὃ(
514 1506 689 1546 allegationes
710 1505 790 1543 super
809 1504 943 1535 omnibus
962 1503 1087 1546 capitulis
1100 1501 1167 1532 hinc
1181 1503 1245 1546 inde
1259 1504 1298 1532 le-

245 1555 341 1586 gentes
355 1545 495 1575 audientes
506 1545 539 1576 δε
796 1542 911 1573 testium
928 1542 1134 1580 depolitiones,
1161 1542 1231 1579 siqui
1250 1552 1298 1579 ap-

243 1592 398 1622 paruerunt
410 1609 419 1622 ,
437 1583 473 1613 ab
486 1591 603 1620 utraque
616 1591 710 1620 parte,
728 1591 843 1612 remoto
859 1580 1047 1619 appellationis
1056 1579 1206 1610 obstaculo
1215 1605 1224 1617 ,
1242 1580 1297 1611 sus-

246 1624 380 1660 cipientes
393 1646 402 1660 ,
428 1622 537 1652 caulam
558 1621 642 1660 ipsam
657 1645 666 1659 ,
687 1620 757 1650 infra
778 1628 833 1650 tres
852 1618 965 1649 Menses
977 1643 986 1656 ,
1010 1618 1074 1656 post
1095 1618 1296 1656 susceptionem

244 1662 422 1700 praesentium
437 1660 625 1697 Litterarum,
644 1659 785 1689 mediante
792 1657 911 1696 justitia,
926 1657 1066 1700 decidatis.

284 1699 374 1738 Qiod
390 1699 410 1727 si
421 1698 550 1728 alterutra
563 1708 639 1735 pars,
657 1696 721 1735 post
732 1697 907 1735 allegationes
922 1697 957 1726 ὃς
969 1695 1052 1732 depoi
1057 1696 1155 1738 itiones
1166 1695 1296 1734 testium,

245 1738 312 1768 hinc
325 1737 391 1767 inde
402 1737 460 1767 sine
474 1735 662 1774 appellationis
672 1760 682 1774 ,
706 1744 739 1766 ut
750 1735 859 1766 distum
873 1734 913 1764 est
927 1758 936 1771 ,
960 1734 1086 1763 remedio
1104 1735 1188 1764 iactas
1201 1759 1211 1772 ,
1234 1743 1298 1764 ante

243 1775 508 1814 pronunciationem
529 1774 672 1805 sententiae
686 1798 696 1811 ,
719 1773 753 1804 ad
776 1773 899 1803 vestram
912 1771 1080 1802 audientiam
1095 1771 1273 1810 appellaverit
1288 1797 1297 1810 ,

242 1814 277 1844 ad
291 1815 453 1845 sententiam
466 1812 622 1843 nullatenus
636 1811 791 1850 procedatis
805 1836 814 1849 ,
838 1811 876 1841 set
889 1813 917 1840 in
932 1810 1036 1848 scriptis
1053 1812 1150 1841 omnia
1169 1810 1297 1850 redigen-

244 1862 303 1920 tes,
318 1853 418 1883 eadem
430 1851 544 1889 scripta,
561 1851 650 1890 sigillis
663 1849 759 1881 vestris
772 1849 891 1887 inpressa
904 1873 914 1888 ,
938 1848 972 1879 ad
985 1847 1113 1879 nostram
1126 1849 1298 1887 praesentiam

241 1892 289 1922 dei
305 1892 390 1921 inetis.

283 1929 448 1966 Caeterum,
463 1928 482 1958 si
494 1927 558 1966 post
573 1936 701 1965 receptos
714 1925 816 1956 Testes
829 1927 862 1957 &
877 1925 1063 1966 Allegationes
1074 1926 1232 1965 propositos
1239 1937 1298 1958 non

245 1968 329 2000 fuerit
340 1992 349 2006 ,
374 1976 406 1998 ut
423 1967 532 1997 dictum
552 1965 592 1996 est
605 1990 615 2004 ,
639 1965 822 2004 appellatum,
848 1964 1026 1995 diffinitivam
1041 1965 1121 2003 super
1134 1965 1237 1996 eodem
1249 1975 1298 1997 ne-

246 2007 328 2047 gotio
342 2005 505 2036 sententiam
517 2004 671 2043 proferatis.

287 2045 317 2075 Si
330 2054 401 2075 vero
413 2044 503 2082 aliqua
513 2044 635 2081 partium
649 2042 676 2073 se
689 2053 705 2073 a
715 2041 807 2074 vestra
819 2043 986 2080 vocatione,
1010 2042 1082 2073 vela
1095 2042 1184 2073 causae
1198 2043 1298 2083 cogni-

248 2084 328 2115 tione
346 2083 528 2120 subtraxerit,
553 2083 583 2112 in
604 2090 667 2112 eam
679 2106 689 2121 ,
716 2091 779 2119 quae
807 2080 864 2110 hoc
885 2080 1086 2118 praesumpserit
1133 2081 1298 2113 auctoritate

245 2121 344 2192 goffia
363 2120 675 2191 Essrcpssrssmunicationis
691 2119 854 2151 seritmtiam
871 2119 1062 2160 promulgetis.
1100 2106 1169 2151 bat.
1187 2120 1296 2162 Anagn.

269 2183 276 2190 .
328 2169 359 2191 us
403 2169 424 2198 p
480 2183 487 2190 .

559 2237 613 2269 Sub
625 2235 747 2276 plumbeo
763 2234 870 2276 Sigillo,
881 2237 1014 2276 pendente
1032 2247 1051 2265 a
1061 2235 1115 2277 filo
1134 2234 1259 2267 canabeo.

247 2366 377 2416 Epistola
407 2366 506 2414 Joan.
541 2367 737 2403 Saresberien.
763 2369 943 2402 Alexandro
966 2372 1049 2416 Papae
1069 2396 1079 2411 ,
1118 2381 1179 2415 qua
1193 2379 1299 2449 ἴοκεῖ

290 2417 514 2500 5ῗῖᾱῖἷῖ
534 2417 1192 2500 {fairrfiffsffesstifffffaffdiiss'ssissss'esssss‘ia
1214 2416 1299 2512 ΪΞΖῘῙΪ

282 2512 350 2557 stol.
376 2514 545 2560 appellaffit.

247 2599 457 2660 ASsertiones
479 2601 598 2638 partium
618 2599 692 2631 fideli
711 2600 848 2631 debemus
868 2601 998 2640 prosequi
1019 2601 1184 2633 testimonio
1232 2612 1300 2632 cum

325 2639 412 2668 causze
427 2638 589 2669 recedentes
603 2649 618 2668 a
631 2640 712 2668 nobis
729 2640 762 2669 ad
776 2640 974 2677 Apostolicam
987 2641 1099 2671 evolant
1114 2626 1302 2679 Majesiatem.

251 2673 321 2705 Inde
352 2676 392 2706 est
425 2677 502 2714 cuod
537 2677 636 2707 seriem
661 2679 862 2708 controversae
890 2689 953 2716 quae
979 2680 1050 2708 inter
1070 2679 1246 2708 Richardum
1267 2680 1303 2709 de

248 2713 361 2743 Anestia
382 2716 414 2745 ὃς
434 2715 573 2745 Mabilam
599 2715 635 2745 de
658 2715 850 2746 Franchevilla
869 2716 970 2746 diutius
990 2717 1019 2745 in
1038 2716 1178 2747 auditorio
1203 2715 1302 2747 nostro

247 2752 378 2782 ventilata
391 2752 447 2791 est,
466 2754 499 2784 ad
514 2754 643 2784 notitiam
657 2753 779 2783 vestram
794 2755 938 2785 transferre
950 2764 1094 2792 curamus,
1114 2763 1199 2792 prout
1211 2765 1304 2785 emer—

245 2799 342 2830 gentes
356 2792 463 2821 articuli
476 2792 571 2831 colligi
582 2800 741 2829 potuerunt.
775 2791 854 2822 Cum
869 2794 961 2831 itaque
968 2793 1026 2831 jam
1042 2792 1132 2823 dictus
1146 2793 1305 2824 Richardus

245 2838 284 2859 co
304 2838 381 2859 natus
400 2829 551 2860 willielmi
572 2830 608 2859 de
627 2830 778 2861 saccavilla
796 2832 829 2861 &
851 2828 956 2868 Nepos
968 2855 978 2869 ,
1004 2831 1073 2861 sicut
1093 2831 1194 2861 sororis
1216 2831 1305 2862 silium

246 2877 286 2897 vu
297 2877 345 2906 gus
366 2867 518 2905 Nepotem
536 2869 629 2898 dicere
641 2869 786 2899 consuevit
798 2893 807 2908 ,
831 2870 999 2906 petitionem
1012 2868 1189 2900 Haereditatis
1203 2870 1236 2899 ad
1252 2870 1306 2900 bo-

247 2914 289 2948 na*
303 2905 445 2936 Avunculi
462 2906 615 2937 obtinenda
628 2906 781 2937 institueret
793 2932 803 2945 ,
829 2917 987 2938 memorata
999 2907 1107 2937 Mabila
1118 2907 1172 2938 filia
1184 2908 1308 2938 Williel-

249 2951 291 2972 mi
310 2943 336 2973 se
356 2944 392 2973 illi
408 2946 435 2974 in
452 2945 518 2975 foro
531 2944 695 2975 secularium
703 2945 832 2983 judicum
846 2970 856 2983 ,
883 2946 932 2975 ubi
948 2957 989 2976 res
1002 2946 1167 2977 actitabatur
1179 2971 1189 2985 ,
1214 2957 1308 2984 oppo-

249 2981 317 3017 suit,
336 2982 454 3012 asserens
468 2982 553 3013 filiam
566 2983 680 3020 Nepoti
694 2984 721 3012 in
736 2993 847 3021 patema
859 2983 1032 3015 Hiereditate
1044 2985 1256 3022 praeferendam.

288 3019 445 3050 Richardus
459 3032 528 3051 vero
543 3022 568 3051 ei
579 3022 646 3051 nihil
657 3023 724 3060 juris
732 3022 909 3052 Hiereditarii
923 3032 1088 3060 competere
1101 3024 1256 3061 respondit,
1272 3033 1308 3053 eo

250 3058 331 3095 quod
349 3068 408 3089 non
428 3059 497 3088 eiset
517 3069 549 3089 ex
568 3059 694 3098 legitimo
715 3061 836 3098 suscepta
855 3062 1038 3091 matrimonio
1052 3085 1062 3099 ,
1087 3061 1132 3092 sed
1154 3062 1310 3092 adulten'no

251 3105 397 3134 procreata
411 3097 576 3138 complexu.
614 3097 692 3127 Cum
711 3099 803 3137 itaque
822 3101 993 3129 matrimonii
1007 3099 1127 3138 quaestio
1140 3109 1310 3138 verteretur,

252 3134 333 3172 quod
346 3134 382 3164 de
398 3134 527 3164 hccleiiis
541 3160 550 3173 ,
574 3135 770 3166 Ecclesiasticis
782 3137 938 3169 infirmatur
950 3147 997 3168 aut
1010 3137 1195 3176 convalescit,
1213 3139 1311 3168 decre-

253 3173 295 3202 vit
313 3174 390 3203 curia
408 3172 550 3203 Catholici
572 3173 665 3203 Princi
686 3175 707 3204 is
728 3174 898 3206 Serenissimi
918 3176 1006 3216 Regis
1020 3177 1180 3216 Anglorum
1192 3176 1311 3207 Henrici

254 3209 402 3250 Secundi,
429 3220 460 3242 ut
478 3210 512 3241 ad
525 3221 643 3241 examen
684 3212 884 3244 ccleiiasticum
899 3216 976 3245 caula
989 3215 1092 3245 rediret
1105 3239 1114 3253 ‚
1141 3215 1190 3245 ubi
1203 3215 1238 3245 de
1249 3216 1312 3253 jure

256 3247 411 3279 Canonum
427 3260 498 3288 quos
513 3249 615 3280 Clerus
629 3252 709 3280 novit
722 3274 732 3288 ,
755 3251 853 3292 vulgus
867 3253 990 3291 ignorat,
1007 3252 1126 3291 quaestio
1141 3254 1312 3283 matrimonii

256 3285 342 3316 finem
360 3288 488 3318 debiturn
508 3288 658 3319 sortiretur.
697 3288 823 3320 Partibus
844 3300 959 3328 quoque
976 3291 1052 3321 diem
1075 3301 1109 3322 ex
1123 3291 1219 3331 Regio
1233 3301 1313 3321 man-

255 3324 327 3367 dato·
341 3325 510 3363 praefiximus
522 3351 531 3364 ,
555 3327 589 3357 &
606 3326 721 3357 tandem
741 3327 804 3364 post
823 3327 966 3358 dilationes
1004 3340 1049 3360 uas
1063 3329 1172 3360 Mabila
1185 3339 1219 3360 ea<
1233 3331 1313 3360 variis

255 3365 476 3406 caulis-obtinuit
489 3389 498 3402 ,
517 3366 683 3402 petitionem
696 3365 771 3395 suam
784 3365 961 3397 Richardusi
1009 3368 1120 3398 aui-avit.
1160 3368 1208 3398 Ut
1219 3377 1312 3399 autern

255 3399 384 3438 liquidius
404 3403 512 3433 causam
532 3403 608 3433 suam
629 3403 763 3433 astrueret
776 3427 786 3441 ,
811 3405 844 3435 &
863 3404 1042 3435 adversariam
1055 3406 1173 3443 spuriam
1189 3406 1246 3436 esse
1260 3406 1313 3437 do-

257 3447 335 3469 ceret
348 3464 356 3476 ,
381 3440 564 3471 Avunculum
583 3442 663 3472 suum
682 3440 873 3472 Wsslielmum
891 3452 959 3472 cum
980 3444 1098 3481 quadam
1120 3444 1261 3474 Abbenda
1278 3445 1314 3475 de

257 3475 398 3516 Tresgoz.
418 3481 632 3510 matrimonium
653 3480 821 3510 contraxisse
839 3480 949 3511 asseruit
963 3505 972 3518 ,
997 3483 1030 3512 &
1047 3481 1146 3512 exinde
1157 3483 1201 3512 illa
1214 3491 1315 3513 contra

259 3512 346 3544 fidem
370 3518 491 3556 coniugii
510 3517 640 3548 derelicta
654 3543 663 3556 ,
687 3518 794 3548 duxisse
814 3518 973 3549 Adcletiam
993 3519 1078 3549 filiam
1101 3520 1212 3550 Aufridi
1227 3521 1314 3551 Vice-

259 3554 373 3583 comitis
386 3579 394 3592 ,
422 3559 453 3586 C<
475 3565 508 3585 ex
527 3566 559 3585 ca
580 3556 720 3586 Mabilam
742 3558 774 3587 ὅτ
795 3557 862 3587 alios
880 3557 982 3587 liberos
1001 3558 1140 3598 legitimos
1169 3559 1313 3599 suscepisse

259 3589 412 3623 afferebat:
440 3593 531 3631 Qod
550 3603 619 3624 cum
638 3595 810 3625 Willielmus
834 3595 992 3626 Adeletiam
1006 3596 1225 3636 superduxisset,
1252 3597 1314 3628 Ab-

258 3627 352 3672 benda
363 3654 372 3667 ,
397 3640 481 3666 quam
497 3632 668 3668 praeduxerat
681 3657 690 3670 ,
716 3635 743 3662 in
756 3634 816 3673 iplis
831 3645 869 3664 nu
890 3636 932 3664 tiis
967 3644 1000 3664 ro
1019 3634 1046 3664 se
1052 3635 1096 3672 jus
1110 3635 1224 3665 foeden's
1241 3646 1313 3666 con-

255 3667 361 3710 jugalis
373 3669 519 3706 protestata
539 3670 579 3700 est
594 3694 603 3707 ,
628 3671 793 3701 authoritate
811 3671 873 3703 Ecc
885 3673 919 3703 esi
963 3674 1005 3703 ica
1024 3673 1152 3703 inhibens
1172 3683 1209 3703 ne
1221 3673 1313 3710 supra-

260 3703 336 3735 dicta
356 3715 383 3733 in
402 3708 492 3736 mai-iti
514 3707 551 3737 sui
570 3709 679 3739 illicitos
702 3710 826 3740 transiret
843 3712 993 3752 amplexus
1031 3711 1170 3742 Praeterea
1189 3721 1259 3741 cum
1272 3713 1312 3742 ibi

283 3753 319 3786 rqe
332 3744 430 3780 turba,
450 3746 481 3773 δε
495 3747 586 3776 mariti
602 3745 640 3776 sui
656 3748 832 3787 pervertitate
846 3760 905 3779 non
920 3750 1013 3790 poffet
1033 3749 1141 3788 audiri,
1164 3749 1198 3779 ad
1217 3749 1310 3780 Dom.

270 3780 478 3823 *Vixit-ontum
491 3782 661 3822 Apostoliczc
675 3784 742 3814 sedis
756 3785 895 3825 Legatum
916 3787 1051 3824 acceffit3
1078 3787 1123 3818 sed
1144 3787 1212 3818 sicut
1234 3787 1312 3818 idem

261 3819 312 3861 iuis
330 3819 423 3849 litteris
438 3818 585 3850 testabatur
600 3846 609 3859 ,
632 3822 745 3852 tandem
759 3834 808 3863 per
819 3824 993 3856 Sententiam
1008 3828 1065 3864 ejus
1077 3827 1200 3856 obtinuit
1244 3835 1275 3856 ut
1287 3828 1312 3856 ei

260 3857 356 3899 reli-cia
374 3857 495 3900 adultera
509 3860 621 3900 maritus
632 3861 691 3890 suus
703 3861 898 3892 restitueretur.
930 3864 1024 3901 Ipsum
1039 3875 1098 3902 quo
1120 3874 1155 3894 ue
1165 3850 1312 3902 judicium

261 3894 393 3935 Episcopi
412 3894 614 3938 &Vintonienlis
635 3899 799 3929 authoritate
820 3900 896 3930 Sedis
912 3901 1085 3942 Apostolicae
1099 3875 1210 3932 dicebat
1223 3902 1312 3933 robo-

262 3942 370 3971 tatum³
390 3943 525 3971 quoniam
540 3943 601 3963 eam
612 3936 772 3977 jam-dictus
784 3937 809 3967 E
832 3938 954 3981 iscopus,
977 3941 1046 3970 dum
1062 3951 1129 3971 eum
1143 3950 1312 3972 controver—

260 3970 362 4013 saretur
376 3995 384 4008 ,
412 3971 615 4003 consultaverat
627 3997 635 4009 ,
661 3976 794 4014 icriptum
842 3977 942 4007 onlilio
957 3988 972 4006 a
986 3978 1120 4009 Domino
1140 3979 1311 4010 Innocentio

258 4007 404 4040 decessore
417 4009 527 4048 vestro,
544 4019 576 4042 ut
588 4011 710 4049 aiebant,
728 4023 887 4055 receperat,
903 4016 931 4045 in
944 4015 1006 4048 haec
1019 4019 1112 4049 verba.
1153 4018 1221 4049 Nos
1233 4018 1312 4049 enim

712 120 1512 170 CONVENTIONES,
1568 118 1954 174 LITERAE,

1342 207 1490 247 originales
1510 217 1658 246 nunquam
1670 233 1680 246 ,
1705 207 1750 237 sed
1770 208 1894 239 Domini
1915 206 2123 239 Wintonienfis
2137 207 2241 238 litteras
2249 207 2330 250 super
2344 209 2403 241 hoc
2424 204 2550 236 Ann·D-

2120 247 2156 276 'cis
2169 246 2205 277 de
2217 247 2402 280 sacramento
2447 254 2460 275 1
2468 245 2531 274 161.

1343 245 1476 276 duntaxat
1495 249 1665 287 accepimus.
1703 246 1794 286 Super
1814 257 1851 277 eo
1872 245 1950 285 quod
1969 247 2074 277 interro

1344 285 1469 324 con'ugii
1482 285 1606 314 breviter
1619 284 1776 325 respondeo
1789 297 1799 323 3
1825 285 1900 315 illam
1913 295 1999 323 quam
2011 285 2078 316 dixis
2094 287 2102 315 i
2122 296 2138 316 a
2153 294 2230 326 patre
2247 287 2400 326 conjugem

1345 331 1386 352 tra
1407 324 1473 352 itam
1488 347 1497 361 ,
1522 325 1556 354 &
1568 325 1604 353 ab
1623 333 1659 353 eo
1673 324 1719 352 cui
1733 323 1829 353 tradita
1843 323 1932 354 fuerat
1946 323 2054 354 rursum
2068 326 2137 365 patri
2149 325 2403 364 commendatam,

1345 360 1438 391 donec
1454 360 1610 404 statutadie
1625 363 1654 390 in
1665 361 1740 405 suam
1757 362 1802 392 ille
1815 360 1939 392 domum
1952 361 2109 405 traduceret
2122 387 2132 401 ,
2150 363 2217 393 dico
2234 364 2298 402 quia
2309 363 2399 402 legiti-

1344 408 1396 429 mo
1407 399 1542 430 consensu
1554 408 1758 430 interveniente
1771 410 1806 430 ex
1817 410 1854 430 eo
1866 399 1959 430 statim
1971 401 2075 431 con'ux
2087 403 2154 439 ruit,
2178 412 2237 444 quo
2248 402 2399 439 spontanea

1343 437 1476 476 pactione
1495 438 1548 468 sese
1568 439 1721 477 conjugem
1740 438 1798 468 esse
1809 438 1954 469 conceffit.
2030 449 2070 469 on
2087 441 2164 470 enim
2184 447 2311 471 tuturum
2329 449 2399 480 pro-

1341 476 1524 515 mittebatur,
1548 476 1595 506 sed
1607 476 1724 518 praesens
1735 476 1906 508 firmabatur.
1946 477 2014 515 Qia
2027 487 2142 517 propter
2154 478 2288 516 quicquid
2299 478 2399 520 posta

1343 523 1413 543 cum
1424 514 1474 544 alia
1485 514 1596 545 fastum
1615 514 1656 544 est
1667 516 1724 545 11Ve
1737 516 1766 545 in
1779 516 1873 554 coitu,
1891 515 1949 545 sive
1959 516 1988 545 in
2003 517 2183 554 generatione
2194 517 2295 556 prolis,
2315 525 2396 548 tanto

1344 552 1583 589 reprehensibilius
1594 552 1634 583 est
1646 553 1818 591 secundum,
1839 562 1946 592 quanto
1959 556 2050 584 verius
2063 555 2197 595 primum.
2236 555 2396 587 Constante

1342 591 1420 619 enim
1433 593 1544 631 primo,
1561 594 1668 630 quanto
1681 592 1798 633 amplius
1809 593 1837 621 in
1853 591 1976 622 secundo
1989 594 2197 630 committitur,
2215 601 2295 624 tanto
2306 595 2396 635 magis

1342 629 1425 667 culpa
1437 639 1561 669 augetur.
1600 629 1691 661 Unde
1703 640 1771 660 cum
1786 639 1820 660 ex
1838 630 2008 668 Apostolico
2025 631 2129 672 scripto
2143 631 2227 662 fuerit
2238 630 2394 664 divortium

1342 666 1516 697 celebratum
1529 692 1538 706 ,
1561 678 1615 698 nec
1635 668 1725 709 elapso
1743 668 1883 699 decennio
1896 694 1906 708 ,
1931 677 1977 699 aut
1989 669 2106 710 amplius
2121 669 2153 700 sit
2167 670 2261 708 aliquo
2276 671 2338 700 'uris
2349 681 2396 701 re„

1342 704 1439 735 medio
1457 705 1589 736 sententia
1609 713 1769 747 attemptata
1788 731 1799 745 ,
1828 707 1897 737 illud
1919 706 1977 737 esse
1995 709 2209 738 matrimonium
2231 708 2265 738 ha
2288 708 2396 739 endum

1340 743 1421 811 guod
1435 743 1557 783 Legatus
1566 745 1741 783 conciliavit,
1761 747 1794 776 ὅ(
1807 745 1994 777 adulterinum
2007 746 2064 777 esse
2075 747 2259 787 complexum
2270 771 2280 785 ,
2306 757 2396 785 quem

1363 781 1426 811 edes
1438 781 1604 819 Apostolioe
1613 783 1824 814 condemnavit.
1863 784 1910 814 Ad
1922 784 1984 815 haec
1997 809 2007 823 ,
2027 786 2087 824 jam
2100 794 2160 815 non
2173 784 2231 816 effe
2251 786 2280 815 in
2303 793 2395 824 quaes*

1341 821 1419 850 tione
1431 829 1528 851 utrum
1541 821 1655 851 illorum
1670 823 1886 853 matrimonium
1897 823 1981 854 fuerit
1993 847 2003 861 ,
2025 833 2095 854 curn
2114 824 2172 854 hoc
2189 824 2208 854 li
2230 831 2293 854 ueat
2311 833 2345 854 ex
2359 834 2393 855 re

1337 858 1458 896 judicata
1470 884 1480 898 ,
1504 869 1539 889 ex
1557 858 1682 891 divortio
1700 860 1843 892 celebrato
1855 886 1865 900 ,
1889 870 1923 892 ex
1942 871 1979 893 eo
1999 861 2077 900 quod
2096 862 2182 901 usque
2199 873 2216 892 a
2254 862 2312 893 dies
2323 863 2392 894 vitae

1340 897 1507 928 novissimos
1520 898 1616 928 relidia
1627 897 1750 929 adultera
1762 900 1849 936 priori
1860 900 1977 930 cohaesit
1989 902 2079 931 uxori.
2102 899 2137 930 In
2149 902 2283 931 omnibus
2295 909 2392 932 autem

1339 937 1459 967 articulis
1473 937 1523 967 libi
1534 937 1648 977 copiam
1666 936 1781 967 testium
1800 936 1858 968 effe
1876 938 1987 969 dicebat
1999 963 2008 977 ,
2031 947 2062 969 ut
2080 948 2133 969 nec
2152 939 2190 970 de
2204 941 2391 970 matrimonio

1339 976 1413 1014 prius
1427 976 1593 1014 contrasto,
1611 985 1665 1005 nec
1677 975 1714 1005 de
1729 976 1949 1016 interpellatione
1960 977 2097 1015 sequentis
2109 979 2288 1009 contubernii
2302 1003 2311 1017 ,
2334 989 2390 1010 nec

1338 1013 1375 1043 de
1387 1014 1511 1045 divortio
1523 1015 1662 1045 canonice
1677 1014 1819 1044 celebrato
1832 1014 1977 1054 quisquam
1988 1015 2074 1056 poffit
2085 1017 2235 1056 ambigere.
2275 1016 2313 1047 Et
2328 1019 2390 1055 qui-

1337 1051 1406 1082 dem
1418 1063 1487 1083 cum
1500 1063 1554 1093 pro
1567 1053 1593 1083 se
1605 1053 1722 1092 plurima
1733 1052 1861 1092 allegaret
1905 1055 2028 1084 maxime
2049 1055 2088 1084 rei
2101 1054 2232 1094 judicatae
2249 1055 2391 1087 insistebat

1337 1092 1473 1129 articulo,
1492 1094 1526 1124 ὃ(
1540 1092 1680 1122 sententiae
1692 1116 1702 1129 ,
1727 1100 1813 1129 quarn
1825 1092 1853 1120 in
1864 1077 1983 1130 Synodo
1997 1092 2091 1123 Lond.
2112 1095 2161 1133 ubi
2171 1093 2327 1125 divortium
2341 1099 2389 1124 ce-

1337 1129 1475 1160 lebratum
1489 1155 1498 1169 ,
1519 1130 1646 1161 adversus
1665 1139 1786 1160 matrem
1807 1129 1926 1160 Mabilae
1937 1141 1954 1161 a
1965 1130 2100 1161 Domino
2113 1131 2306 1163 Wintoniensi
2319 1141 2390 1164 tunc

1338 1167 1448 1208 Legato
1458 1193 1468 1207 ,
1488 1170 1521 1200 ὅ(
1537 1168 1630 1199 Lond.
1651 1168 1785 1199 Ecclesiae
1799 1166 1914 1199 Vicario
1928 1168 2012 1199 latam
2025 1169 2082 1199 esse
2094 1169 2212 1201 dicebat.
2250 1170 2389 1202 Produxit

1337 1208 1414 1237 enim
1433 1206 1515 1238 testes
1537 1214 1608 1246 quos
1627 1207 1721 1238 eidem
1744 1206 1863 1247 Synodo
1883 1209 1917 1239 ὃς
1939 1207 2076 1238 Divortio
2095 1209 2248 1240 interfuisse
2266 1209 2386 1240 afferuit.

1338 1245 1416 1284 Qia
1434 1256 1503 1289 ergo
1523 1247 1624 1284 liberi,
1651 1248 1699 1285 qui
1718 1255 1751 1276 ex
1771 1245 1905 1276 damnato
1917 1247 1950 1277 ὃς
1965 1246 2065 1277 illicito
2077 1248 2155 1277 coitu
2168 1272 2177 1285 ,
2200 1248 2244 1278 seu
2257 1256 2291 1277 ex
2302 1247 2389 1279 effusa

1336 1293 1432 1315 concu
1453 1286 1563 1316 iicentia
1576 1286 1662 1315 oeniti
1675 1285 1753 1323 sunt,
1775 1286 1811 1315 ab
1825 1286 1919 1315 omnis
1935 1285 2045 1324 prorsus
2057 1284 2235 1316 Haereditatis
2247 1286 2388 1318 beneficio

1335 1295 1521 1354 excludpuntur
1535 1336 1545 1363 3
1567 1311 1671 1361 {osque
1689 1334 1743 1367 nec
1760 1325 1820 1362 jura
1834 1324 1924 1354 civilia
1937 1333 1991 1367 nec
2002 1323 2075 1364 leges
2088 1324 2243 1363 agnoscunt
2254 1349 2264 1364 ,
2288 1324 2389 1356 Cano—-

1334 1371 1462 1400 numque
1472 1362 1544 1393 adeo
1556 1363 1700 1402 improbat
1711 1372 1793 1401 vrgor
1804 1371 1836 1392 ut
1855 1372 1909 1392 nec
1930 1363 2062 1393 alimenta
2078 1362 2210 1393 decernat
2223 1389 2233 1402 ,
2253 1363 2300 1394 sed
2314 1374 2388 1402 quo-

1334 1399 1460 1431 damodo
1475 1402 1528 1430 viri
1541 1401 1619 1439 quod
1634 1400 1676 1430 illa
1689 1401 1837 1438 subtrahit,
1851 1400 2022 1439 adquiescat,
2035 1401 2121 1442 ipsam
2133 1411 2267 1440 tanquam
2279 1403 2388 1443 paterni

1335 1440 1459 1469 criminis
1478 1448 1677 1480 argumentum
1693 1463 1702 1476 ,
1732 1449 1748 1468 a
1767 1440 1852 1470 totius
1871 1439 2036 1471 haereditatis
2054 1440 2101 1481 spe
2136 1441 2309 1472 ontendebat
2328 1442 2386 1472 esse

1334 1478 1492 1508 arcendam.
1519 1477 1566 1508 Ad
1583 1478 1646 1508 haec
1667 1477 1714 1508 M.
1740 1477 1775 1508 ad
1795 1479 1909 1521 cognati
1932 1478 1972 1509 sui
1997 1478 2118 1509 calumn'
2192 1479 2385 1518 depellandam

1354 1525 1460 1547 arentes
1476 1517 1537 1547 suos
1552 1517 1745 1547 Willielmum
1760 1515 1918 1547 Adeliciam
1931 1517 2054 1556 legitime
2066 1519 2216 1548 convictos
2233 1518 2384 1558 asserebat,

1334 1525 1367 1585 ἓ(
1382 1557 1493 1599 nuptias
1502 1566 1561 1586 non
1576 1554 1756 1585 clandestinas
1769 1579 1779 1593 ,
1800 1554 1846 1585 sed
1867 1555 2005 1586 solemnes
2024 1557 2054 1585 in
2072 1556 2143 1586 facie
2161 1556 2294 1587 Eccleiiae
2313 1568 2386 1588 con-

1333 1595 1451 1624 traxisse.
1490 1594 1567 1625 Non
1581 1594 1703 1624 multum
1714 1603 1810 1624 tamen
1822 1592 1995 1625 inficiabatur
2010 1594 2124 1633 quando
2136 1594 2218 1626 Pater
2231 1595 2292 1626 suus
2308 1596 2386 1626 Wil-

1333 1631 1442 1663 lielmus
1462 1633 1577 1670 pastum
1597 1632 1613 1662 s
1627 1633 1818 1663 onsalitiorum
1836 1631 1872 1663 de
1892 1632 2017 1663 Albreda
2035 1632 2183 1672 ducenda,
2219 1644 2288 1664 cum
2308 1643 2386 1676 pater

1333 1670 1413 1707 ipsius
1434 1681 1584 1709 antequam
1618 1680 1714 1701 uceret
1728 1671 1886 1701 Adeliciam
1900 1671 2020 1702 Mabilae
2034 1681 2155 1703 matrem
2169 1697 2178 1711 ,
2202 1673 2292 1703 inierit
2303 1698 2313 1712 ,
2338 1673 2386 1703 sed

1334 1708 1399 1739 illud
1412 1710 1497 1748 usque
1508 1710 1542 1740 ad
1556 1709 1778 1740 Matrimonium
1795 1710 1952 1747 pervenisse
1963 1711 2089 1750 negabat.
2126 1710 2182 1741 Sed
2196 1713 2259 1750 quia
2270 1713 2299 1741 in
2314 1722 2389 1742 con-·

1334 1748 1471 1779 trahendo
1490 1750 1523 1780 &
1544 1748 1722 1778 distrahendo
1741 1749 1863 1779 liberum
1883 1749 1940 1779 effe
1959 1749 2045 1780 debet
2061 1749 2097 1780 de
2115 1749 2249 1780 consensu
2264 1751 2387 1789 partium

1335 1787 1450 1823 pactum
1461 1787 1698 1826 sponsalitiorum,
1710 1796 1864 1826 utrumque
1875 1787 1954 1818 duxit
1966 1788 2024 1818 effe
2037 1787 2200 1825 remissum,
2211 1788 2289 1826 quod
2301 1798 2336 1819 ex
2349 1799 2386 1820 eo

1336 1826 1456 1862 probare
1469 1827 1609 1857 nitebatur
1622 1850 1632 1864 ,
1658 1825 1737 1864 quod
1750 1825 1832 1856 testes
1844 1826 2012 1864 apparebant
2025 1828 2109 1864 parati
2121 1828 2242 1864 probare
2253 1828 2323 1864 patri
2335 1828 2388 1858 Al-v

1337 1863 1432 1894 bredae
1445 1866 1610 1903 pecuniam,
1628 1874 1714 1902 quam
1721 1864 1894 1895 Willielmus
1905 1866 1942 1895 ab
1955 1875 1992 1895 eo
2005 1873 2161 1906 receperat,
2180 1864 2238 1895 effe
2249 1865 2385 1896 refusam:

1337 1901 1495 1941 Adjiciebat
1507 1904 1540 1935 ὃς
1556 1903 1709 1933 Albredam
1722 1904 1755 1934 ὅ(
1769 1912 1879 1944 patrem
1891 1903 1948 1941 ejus
1961 1913 2084 1934 omnem
2095 1904 2388 1948 obligationem,quae

1335 1942 1524 1973 intercesserat
1538 1951 1571 1973 ex
1583 1943 1660 1973 caufa'
1666 1941 1847 1973 Man‘imonii
1859 1951 1890 1972 ut
1902 1942 2059 1980 sperabatur
2074 1942 2242 1981 copulandi,
2253 1942 2389 1974 remiiiffe

1335 1979 1496 2011 Willielmo
1508 1982 1541 2012 &
1558 1983 1643 2019 parati
1655 1982 1713 2019 ejus
1723 1991 1760 2011 eo
1773 1980 1852 2019 quod
1865 1982 2026 2022 nuptiarum
2038 1981 2391 2021 willielmi&Ade1iciae,

1335 2027 1412 2056 pater
1426 2019 1560 2051 Albredae
1572 2021 1737 2050 communis
1748 2019 1832 2050 fuerit
1841 2020 1876 2051 &
1888 2020 2061 2051 matrimonii
2073 2019 2152 2059 liujus
2164 2020 2390 2058 promptissimus

1335 2058 1513 2095 approbator.
1553 2059 1572 2090 S
1612 2059 1691 2089 nsam
1703 2068 1773 2089 vero
1785 2068 1846 2089 non
1859 2058 1917 2089 esse
1936 2060 2089 2098 conjugem
2101 2083 2112 2097 ‚
2135 2066 2194 2088 tam
2213 2058 2287 2098 leges
2305 2058 2390 2089 Prin-

1335 2098 1449 2135 cipum,
1466 2107 1552 2136 quam
1586 2096 1856 2129 ecretaPonn'ficum
1867 2096 2037 2136 ostendunt,
2051 2107 2121 2128 cum
2136 2095 2393 2135 desponsatapuella

1335 2134 1421 2173 poffit
1435 2135 1646 2167 Monasterium
1657 2137 1818 2176 praeeligere
1829 2137 1892 2167 viro
1905 2136 2097 2174 dissentiente,
2113 2135 2182 2167 sicut
2194 2135 2329 2167 Eusebius
2340 2147 2391 2167 au·-

1335 2174 1402 2205 thor
1413 2174 1455 2205 est
1468 2186 1474 2205 z
1502 2174 1540 2206 Et
1551 2175 1624 2216 leges
1635 2174 1707 2205 teste
1719 2174 1865 2214 Gregorio
1876 2175 1983 2206 nullam
1995 2174 2126 2214 infligunt
2136 2184 2255 2212 poenam
2266 2174 2396 2214 sponsae,

1336 2213 1358 2243 si
1373 2213 1409 2244 ad
1428 2214 1581 2254 collegium
1598 2213 1751 2246 evolaverit
1769 2213 1898 2251 puellare.
1936 2212 2075 2244 Praeterea
2085 2214 2250 2253 conjugium
2261 2223 2323 2244 non
2333 2214 2394 2245 effe

1335 2252 1496 2290 perfestum
1508 2278 1517 2292 ,
1541 2252 1620 2292 quod
1637 2262 1698 2283 non
1708 2252 1861 2283 confirmat
1874 2254 1909 2283 δε
1921 2251 2030 2290 perficit
2039 2253 2211 2284 commixtio
2223 2253 2394 2292 corporalis,

1335 2291 1403 2322 licet
1417 2301 1433 2321 a
1451 2293 1541 2329 prima
1561 2291 1775 2330 desponsationis
1794 2290 1849 2322 fide
1860 2291 1972 2322 initium
1984 2291 2119 2322 sortiatur.
2157 2290 2188 2321 Si
2199 2300 2268 2331 ergo
2281 2293 2396 2323 initiatis

1335 2329 1461 2368 perfed‘ta
1473 2329 1655 2369 praejudicant
1663 2355 1673 2368 ,
1685 2330 1808 2361 omnino
1819 2331 1951 2368 iniquum
1965 2329 2007 2360 est
2017 2337 2050 2360 ut
2059 2329 2286 2367 sponsalitiorum
2297 2330 2395 2368 paffio

1335 2379 1407 2400 vero
1418 2367 1526 2400 dicatur
1537 2368 1726 2408 praejudicasse
1738 2370 1804 2408 conj
1845 2370 1880 2399 'o.
1920 2368 2004 2399 Nam
2015 2369 2049 2400 δε
2061 2367 2202 2412 Waristus
2212 2368 2287 2406 Papa
2324 2377 2394 2399 cum

1336 2407 1461 2438 formam
1474 2408 1654 2439 Matrimonii
1665 2378 1851 2439 contraheikiffi
1862 2431 1872 2446 ,
1894 2408 1927 2438 &
1939 2406 2048 2438 sacrum
2060 2415 2147 2438 ritum
2159 2431 2169 2446 ,
2185 2408 2233 2446 qui
2248 2409 2278 2437 in
2291 2393 2394 2438 sicele-

1338 2446 1374 2477 sia
1395 2446 1435 2476 est
1446 2471 1456 2485 ,
1478 2446 1632 2484 permiserit
1645 2448 1823 2486 nuptiarum,
1847 2446 1886 2476 ita
1897 2445 2051 2485 subjiciens.
2089 2444 2132 2476 Ita
2145 2446 2257 2484 peracita
2269 2446 2395 2485 legitima

1337 2485 1436 2516 scitote
1456 2485 1513 2516 effe
1533 2485 1699 2524 connubia,
1721 2485 1800 2515 aliter
1818 2494 1889 2515 vero
1907 2485 2074 2523 praesumpta
2087 2508 2098 2522 ‚
2122 2494 2183 2514 non
2203 2485 2334 2524 conjugia
2345 2483 2395 2515 sed

1338 2523 1485 2562 adulteria,
1503 2525 1536 2555 ὃς
1551 2524 1643 2562 stupra
1655 2525 1688 2555 &
1700 2524 1887 2556 contubernia
1898 2547 1908 2561 ,
1931 2531 1978 2554 aut
1988 2523 2189 2554 fornicationes
2199 2525 2292 2562 potius
2304 2532 2394 2562 quam

1339 2563 1462 2602 legitima
1479 2564 1610 2602 conjugia
1620 2562 1692 2601 esse,
1711 2572 1771 2593 non
1784 2562 1925 2592 dubitatur
1938 2586 1949 2600 .,
1965 2562 2016 2592 nisi
2027 2561 2156 2592 voluntas
2170 2563 2282 2600 propria
2294 2561 2393 2593 suffra-

1340 2611 1401 2641 gata
1414 2602 1504 2632 fuerit.
1543 2601 1583 2632 At
1596 2601 1637 2631 W
1640 2601 1767 2632 illielmus
1782 2600 1916 2631 diffoluto
1928 2600 2013 2639 pacto
2027 2601 2136 2639 priore,
2162 2600 2233 2630 sicut
2246 2600 2312 2630 licet
2326 2624 2336 2638 ,
2359 2601 2393 2630 li-

1341 2641 1407 2670 citas
1421 2641 1560 2671 contraxit
1572 2641 1679 2677 nuptias
1699 2664 1709 2679 ,
1735 2649 1788 2670 nec
1803 2648 1929 2677 unquam
1943 2638 2108 2669 consensum
2122 2637 2248 2668 adhibuit
2260 2646 2292 2668 ut
2302 2638 2338 2668 ab
2349 2638 2397 2668 illa.

1341 2678 1492 2708 diverteret
1512 2680 1557 2708 cui
1577 2679 1666 2709 fuerat
1686 2679 1810 2718 legitime
1830 2677 1986 2715 copulatus.
2025 2676 2195 2707 Divortium
2215 2686 2286 2707 vero
2314 2675 2395 2714 quod

1343 2727 1404 2755 pars
1423 2715 1535 2746 adversa
1553 2716 1653 2754 objicit
1669 2726 1717 2747 aut
1740 2717 1862 2746 omnino
1882 2725 1943 2745 non
1960 2714 2042 2745 fuisse
2055 2739 2064 2753 ,
2088 2723 2136 2745 aut
2150 2724 2209 2744 non
2221 2715 2299 2744 reste
2312 2715 2395 2746 fuisse

1344 2755 1526 2785 celebratum.
1565 2753 1710 2792 Siquidem
1731 2763 1800 2784 cum
1819 2752 1922 2792 justitia
1934 2752 2072 2783 defuncto
2086 2752 2170 2791 Rege
2180 2754 2255 2790 pacis
2267 2761 2397 2784 amatore

1344 2803 1360 2822 a
1372 2794 1449 2832 regni
1461 2792 1562 2823 finibus
1582 2792 1702 2823 exularet
1713 2815 1723 2830 ,
1749 2793 1783 2823 ὃς
1804 2791 1988 2822 invalescente
2007 2790 2105 2821 furore
2123 2792 2206 2821 novis
2224 2790 2396 2822 tradentium

1345 2841 1447 2861 omnes
1468 2840 1712 2869 provocarentur,
1735 2829 1768 2859 ad
1789 2831 1912 2860 omnino
1932 2837 2053 2860 matrem
2076 2829 2154 2859 suam
2172 2828 2323 2860 Adelitiam
2336 2830 2397 2861 ullo

1342 2871 1405 2908 jure
1417 2880 1433 2899 a
1447 2871 1569 2908 conjuge
1579 2869 1728 2907 separatam
1741 2868 1852 2899 afferuit
1865 2892 1875 2906 ,
1899 2867 1945 2898 sed
1958 2867 2097 2898 violenter
2109 2877 2124 2897 a
2137 2867 2230 2898 domo
2243 2869 2335 2899 mariti
2348 2877 2397 2898 ex-

1347 2908 1450 2938 clusam
1468 2909 1501 2939 &
1522 2908 1641 2947 ejectam
1654 2933 1664 2946 ,
1689 2909 1722 2939 &
1735 2907 1793 2937 hoc
1809 2907 2016 2937 machinatione
2028 2905 2158 2936 Gaufridi
2171 2906 2265 2936 Lond'
2277 2906 2397 2937 Archid.

1369 2947 1395 2976 ui
1408 2957 1528 2984 accepto
1542 2948 1632 2984 pretio
1644 2956 1707 2977 eam
1719 2945 1891 2975 indefensam
1903 2969 1914 2982 ,
1933 2943 2084 2975 inauditam
2097 2944 2143 2974 sed
2158 2945 2191 2975 ὃς
2204 2944 2269 2974 inde
2283 2946 2399 2976 citatam

1347 2958 1452 3015 fluduir
1470 2985 1662 3015 condemnare
1674 3008 1684 3022 ,
1709 2984 1795 3014 fretus
1814 2984 1980 3014 authoritate
1997 2982 2120 3013 Domini
2139 2982 2273 3014 Winton.
2299 2985 2347 3022 qui
2367 2993 2400 3014 ut

1347 3023 1403 3061 ipse
1422 3023 1513 3054 asserit
1534 3034 1583 3061 per
1601 3023 1694 3054 sordes
1715 3031 1865 3060 corruptus
1882 3029 1961 3059 erat,
1991 3020 2121 3052 nondum
2141 3031 2236 3052 tamen
2255 3022 2399 3062 legationis

1348 3061 1449 3092 officio
1469 3062 1644 3100 fungebatur.
1684 3060 1755 3091 Hoc
1773 3069 1869 3090 autem
1888 3070 1920 3090 ea
1936 3061 2044 3090 ratione
2063 3060 2202 3091 nitebatur
2227 3060 2377 3091 ostendere
2389 3085 2402 3100 ,

1350 3099 1428 3138 quod
1443 3099 1567 3130 Adelicia
1581 3100 1717 3130 Sanfmm
1730 3100 1825 3129 virum
1840 3098 2008 3128 Albericum
2020 3097 2195 3136 Apostolicae
2209 3098 2276 3129 sedis
2287 3100 2316 3129 in
2337 3099 2399 3129 Ari-

1348 3139 1401 3178 glia
1412 3139 1551 3178 legatum,
1569 3149 1638 3168 curn
1650 3148 1666 3167 a
1677 3138 1779 3168 marito
1793 3136 1987 3167 excluderetur
1998 3160 2008 3175 ,
2034 3136 2100 3168 adiit
2113 3161 2123 3174 ,
2147 3146 2244 3175 petens
2257 3138 2308 3168 fibi
2319 3137 2401 3176 super

1347 3178 1445 3215 injuria
1456 3187 1470 3206 a
1484 3179 1586 3207 marito
1599 3178 1631 3208 &
1645 3175 1762 3206 Archid.
1779 3175 1850 3205 illata
1857 3175 1991 3214 justitiam
2004 3175 2142 3205 exhiberi:
2160 3174 2241 3206 Cum
2252 3177 2403 3207 exratione

1350 3224 1516 3253 temporum
1531 3215 1643 3245 constet
1657 3214 1734 3252 quod
1746 3213 1892 3244 Dominus
1904 3213 2108 3244 wintoniensis
2139 3215 2246 3245 iimum
2258 3215 2267 3245 l
2302 3215 2402 3245 ationis

1350 3253 1481 3284 officium
1496 3254 1593 3283 nastus
1606 3253 1637 3283 iit
1650 3252 1715 3290 post
1729 3253 1834 3282 exitum
1846 3263 1861 3282 a
1873 3252 1956 3283 nobis
1972 3252 2025 3282 'am
2036 3251 2105 3283 disti
2143 3253 2249 3291 piscopi
2295 3252 2402 3283 ostien-

1351 3292 1392 3321 iis.
1431 3291 1541 3321 Exinde
1558 3301 1629 3322 vero
1650 3300 1719 3321 cum
1734 3291 1794 3329 jam
1815 3290 1905 3322 dictus
1970 3292 2059 3321 inton.
2079 3292 2108 3321 in
2120 3291 2240 3331 Synodo
2255 3290 2350 3322 Lond.
2368 3299 2403 3322 ut

1351 3329 1418 3360 sedis
1440 3331 1563 3360 vacantis
1582 3329 1711 3367 impleret
1729 3328 1861 3359 officium
1875 3354 1885 3368 ,
1906 3328 2064 3367 praesideret
2075 3354 2086 3367 ,
2109 3329 2256 3368 saepedicta
2275 3329 2404 3359 Adelicia

1351 3368 1443 3406 palam
1466 3368 1577 3406 prolato
1598 3367 1697 3407 Legati
1716 3367 1850 3398 mandato
1862 3392 1872 3405 ,
1898 3367 1977 3405 quod
1988 3368 2149 3399 obtinuerat
2166 3369 2245 3406 petiit
2266 3366 2346 3405 super
2358 3367 2402 3397 his

1353 3407 1454 3444 quibus
1464 3406 1499 3436 ad
1515 3406 1632 3436 Archid²
1645 3408 1679 3437 ὃς
1690 3417 1705 3436 a
1717 3407 1820 3437 marito
1835 3407 1960 3444 injuriata
1973 3406 2078 3444 fuerat,
2097 3406 2210 3446 justitiae
2223 3405 2402 3447 supplemen-

1352 3453 1416 3475 tum
1430 3469 1439 3482 ‚
1462 3445 1528 3475 licet
1540 3445 1688 3482 iniquitatis
1701 3446 1734 3477 ὅ(
1746 3454 1926 3482 acceptarum
1939 3444 2063 3475 sordium
2076 3444 2186 3483 pondus
2199 3443 2237 3473 sic
2252 3443 2403 3481 judicantis

1352 3484 1480 3513 animum
1498 3482 1691 3520 depreffiffet,
1721 3492 1751 3514 ut
1771 3493 1824 3513 nec
1845 3482 1979 3514 Domino
2034 3493 2089 3513 nec
2116 3483 2226 3521 Legato
2249 3482 2402 3513 mandante

1352 3522 1444 3558 posset
1466 3522 1504 3551 er‘
1527 3522 1531 3527 '
1550 3520 1584 3551 ad
1602 3521 1736 3559 justitiam
1756 3521 1949 3552 exhibendam.
1989 3508 2211 3552 Matrimonium
2230 3530 2301 3551 vero
2324 3521 2401 3559 prius

1351 3561 1424 3589 inter
1442 3559 1492 3589 W'
1515 3559 1632 3589 ielmum
1653 3561 1686 3591 &
1705 3559 1859 3590 Albredam
1879 3570 1913 3590 ex
1934 3570 1971 3591 eo
1990 3570 2051 3590 non
2063 3558 2247 3588 contractum·
2256 3558 2314 3589 effe
2325 3568 2400 3589 con-

1353 3597 1441 3627 stabat
1453 3622 1462 3635 ,
1489 3597 1568 3636 quod
1585 3606 1653 3628 tunc
1673 3599 1797 3635 primum
1816 3601 1887 3629 inter
1907 3609 1956 3629 eos
1968 3596 2188 3636 sponsalitiorum
2199 3596 2356 3626 solemnitas
2369 3597 2401 3627 in

1352 3635 1478 3666 Ecclesia
1525 3638 1558 3667 ὅ(
1573 3637 1733 3673 nuptiarum
1748 3638 1814 3667 ritus
1831 3638 1860 3666 in
1878 3637 1976 3675 populi
1990 3635 2126 3665 audientia
2145 3634 2306 3665 solemniter
2324 3634 2400 3665 cele-

1353 3675 1446 3718 bratus
1459 3684 1475 3704 e
1506 3698 1527 3718 ³.
1542 3674 1655 3716 quando
1673 3685 1723 3712 per
1734 3674 1861 3705 fraudem
1869 3677 1930 3718 jam
1944 3674 2011 3704 diffl
2023 3672 2225 3716 Archidiaconi
2235 3674 2269 3703 &
2281 3672 2401 3717 Episco7

1351 3712 1842 3788 {³313ss¹352225.‘5352ss552ss52533‘2153
1855 3710 2062 3789 ffleiizgsts.
2076 3710 2402 3787 fficifflssfaiffissssai‘ss

1351 3797 1398 3818 aut
1410 3788 1446 3818 de
1455 3790 1517 3826 jure
1532 3790 1605 3819 nulla
1618 3789 1749 3820 sententia
1762 3801 1816 3828 qua
1829 3789 1924 3819 absens
1949 3773 2144 3831 condemna-ta⁴
2156 3786 2197 3816 est
2210 3811 2220 3824 ,
2245 3796 2306 3817 non
2327 3797 2400 3831 con-

1352 3834 1448 3856 tumax
1460 3827 1505 3856 sed
1517 3828 1582 3857 inde
1596 3829 1676 3858 citata
1685 3852 1694 3865 ,
1711 3838 1780 3858 cum
1794 3827 1904 3858 constet
1916 3826 2078 3857 sententiam
2089 3825 2156 3854 nihil
2171 3825 2275 3855 habere
2286 3825 2401 3858 fortitu-

1350 3864 1422 3894 dinis
1435 3875 1499 3903 quae
1512 3875 1611 3896 contra
1625 3866 1781 3896 solemnem
1792 3866 1924 3896 ordinem
1934 3863 2107 3902 judiciorum
2120 3863 2172 3893 lata
2184 3862 2232 3906 est.
2266 3863 2402 3901 Replica-

1351 3902 1398 3932 bat
1413 3904 1446 3933 ὃς
1460 3903 1549 3934 multa
1560 3904 1596 3934 de
1609 3905 1754 3944 privilegio
1768 3904 1949 3942 personarum
1961 3903 1995 3933 &
2013 3902 2169 3944 ignorantia
2181 3902 2249 3939 juris
2266 3911 2335 3932 cum
2352 3912 2402 3940 pa-

1351 3942 1475 3971 rentibus
1489 3966 1498 3979 ,
1520 3951 1566 3972 aut
1576 3951 1691 3980 propter
1705 3943 1812 3972 miliriae
1827 3941 1972 3981 cingulum
1983 3964 1994 3978 ,
2015 3948 2062 3969 aut
2074 3939 2151 3969 sexus
2162 3939 2355 3982 infirmitatem
2366 3941 2402 3970 li-

1351 3988 1429 4009 ceret
1453 3980 1581 4019 ignorare
1598 3981 1664 4011 illud
1683 3981 1786 4011 habere
1803 3981 1865 4010 vim
1884 3978 2007 4017 conjugii
2016 3976 2107 4050 &d
2120 3979 2249 4017 'conjugii
2268 3978 2403 4022 praecedit

1352 4018 1463 4049 initium
1478 4042 1488 4057 ,
1511 4018 1589 4057 quod
1609 4028 1644 4051 ex
1658 4019 1826 4054 authoritate
1836 4018 1951 4058 Legum
1962 4018 1996 4051 ὃς
2081 4024 2173 4052 onum
2183 4026 2245 4050 non
2258 4016 2293 4049 ad
2307 4025 2407 4060 mam:

2316 4064 2407 4087 monn
