2570 4261
726 183 838 226 ET
920 185 1188 229 ACTA

17 267 95 298 'A-nn.
112 265 151 297 D.
170 275 232 307 tur,
248 278 302 301 nec
322 268 414 301 finirer
435 269 479 309 pia
499 269 532 302 ὃς
544 268 601 302 leni
615 269 810 301 consolationis
824 269 984 311 apostolicae
999 271 1107 304 dextera
1123 273 1226 305 releva-

37 304 120 345 i263.
170 309 201 337 ri.

17 346 80 372 Hen-
93 353 119 381 3³
206 345 363 384 Expedtans
381 348 473 385 enim,
494 348 650 385 expectavit
671 347 774 378 diutius
793 346 870 390 quod
882 345 995 378 sublime
1010 349 1102 388 Regni
1117 349 1227 389 Angliae

168 384 286 423 solium,
305 395 373 415 cum
388 385 497 416 strenua
512 386 613 416 domus
625 387 713 425 gentis
727 385 889 423 Anglicanae
903 389 1040 424 potentia,
1058 398 1142 426 quam
1165 390 1228 419 dic-

169 430 213 453 tus
233 423 423 453 Praedecessor
440 425 470 452 in
489 424 568 462 ipsius
587 424 683 462 Regni
705 423 855 453 collatione
869 423 1016 462 specialiter
1029 426 1228 464 honoraverat,

167 461 384 502 apprehenderet
402 471 477 491 arma
498 462 531 492 &
550 463 677 499 scutum,
692 462 725 491 ὃς
748 470 891 500 exurgeret
911 462 939 491 in
955 463 1120 500 adjutorium
1135 466 1228 495 matris

167 500 237 538 suae,
257 500 419 538 dizitumque
432 501 577 538 negotium
592 500 751 530 constanter
769 500 926 530 affumetet:
945 500 999 539 Et,
1016 507 1158 539 praetatam
1170 502 1227 533 Ec—

168 539 279 569 clefiam
298 537 441 567 liberando
463 538 610 577 magnifice
631 538 666 568 ab
685 538 804 567 inimicis
830 538 902 576 ejus,
918 540 963 577 qui
984 541 1012 569 in
1038 542 1155 571 circuitu
1171 543 1226 579 ejus

168 577 257 614 sunt,
280 584 314 605 ac
340 576 511 606 extrahendo
520 576 697 634 AEraediffum
720 576 855 614 Regnum
870 599 880 614 ,
905 577 1013 617 ejusque
1034 579 1171 618 populum
1190 580 1226 609 de

168 614 294 645 faucibus
307 615 491 653 persequentis
502 638 512 654 ,
547 616 580 646 ὃς
595 616 691 653 jugum
704 616 795 644 oneris
807 615 879 653 ejus,
893 615 925 645 &
939 616 1077 656 sceptrum
1091 618 1226 648 estadioris

169 654 227 692 ejus
242 652 465 691 magnificentius
477 653 620 694 superaret.

206 690 262 722 Sed
281 690 437 729 hujusmodi
457 692 613 731 expediatio
632 692 665 722 &
689 690 764 728 spes,
783 700 866 729 quam
893 692 920 721 in
941 692 1022 722 vobis
1041 691 1113 724 sedes
1126 694 1224 725 eadem

166 729 275 770 posuit,
294 730 402 760 nullum
414 729 463 759 sibi
477 730 584 768 prorsus
598 729 789 759 commodum
801 725 890 759 attulit
902 730 945 760 vel
959 730 1117 769 profestum
1127 744 1136 769 ς
1145 734 1226 770 quin-

168 771 262 800 immo
278 768 352 799 sedes
366 767 437 806 ipsa,
457 768 614 807 hujusmodi
636 767 680 807 spe
693 767 834 805 frustrata,
853 769 950 798 multas
965 770 998 798 &
1013 770 1226 801 innumerabiles

190 815 283 845 ropter
304 807 361 837 hoc
384 807 491 844 injurias
508 807 542 837 &
562 807 726 846 ignominias
742 807 869 846 pettulit,
887 807 1017 846 pluraque
1033 809 1065 839 ὃς
1081 809 1225 839 inextima-

167 817 234 877 Eilia
246 844 371 875 sustinuit
383 843 555 876 detrimenta.

206 882 310 913 Dictus
332 893 453 923 namque
476 883 640 914 Manfredus
655 906 665 922 ,
689 884 876 920 occupatione
895 882 976 922 ipsius
998 883 1093 922 Regni
1115 883 1226 924 Syciliae

171 923 231 952 non
246 930 395 952 contentus
409 944 418 959 ,
441 922 476 952 ad
496 922 687 953 Anchonitan.
713 920 890 959 Marchiam,
915 921 948 951 &
969 923 1143 961 quamplures
1163 923 1227 953 alias

175 968 258 990 terras
277 960 312 990 de
331 961 499 1000 patrimonio
520 961 599 1001 iplius
618 959 766 998 Ecclesiae,
790 961 823 990 δε
838 959 954 989 demum
967 959 1001 989 ad
1017 961 1154 999 quandam
1168 971 1229 998 par-

174 1006 234 1029 tem
247 998 377 1037 Tusciae,
403 1008 466 1037 quae
483 999 619 1030 Romano
635 999 758 1035 Imperio
769 999 902 1036 subjacet,
920 997 1012 1028 avidas
1027 999 1059 1028 &
1070 1000 1230 1036 occupatri-

171 1047 220 1068 ces
240 1047 336 1067 manus
358 1037 507 1068 extendens
521 1061 530 1075 ,
553 1046 739 1067 memoratam
761 1036 915 1066 Ecclesiam
936 1035 1046 1066 diversis
1060 1037 1228 1076 persecutio-

172 1084 245 1106 num
263 1076 409 1114 generibus
429 1076 594 1107 incestanter
614 1076 710 1115 affligit
726 1085 732 1103 z
761 1075 843 1105 Adeo
865 1074 943 1114 quod
963 1073 1061 1118 eadem
1082 1075 1204 1105 Ecclesia
1218 1099 1228 1114 ,

174 1114 269 1144 multis
286 1114 365 1145 malis
381 1114 501 1153 afflicta,
518 1115 629 1145 diversis
646 1115 735 1145 attrita
747 1112 896 1151 molestiis,
914 1113 947 1143 &
961 1123 1040 1155 varus
1053 1111 1163 1152 flagellis
1176 1124 1228 1154 op-

172 1152 262 1192 pressa
270 1174 280 1190 ,
297 1153 344 1182 vix
357 1153 448 1191 potest
461 1154 496 1183 ab
509 1153 664 1191 hujusmodi
677 1151 897 1192 oppressionibus
912 1150 1062 1195 respirare.-
1180 1191 1184 1196 ⁵

212 1191 360 1230 Qioniam
382 1201 416 1221 ex
435 1191 491 1221 hoc
513 1191 599 1221 libere
611 1190 744 1229 pullulant
759 1190 888 1226 haereses,
907 1190 995 1220 cultus
1005 1189 1095 1220 divmi
1107 1191 1229 1220 nominis

174 1228 313 1269 dispendia
333 1230 522 1260 minorationis
543 1231 658 1260 incurrit
670 1252 680 1267 ,
703 1228 831 1258 incendia
851 1228 980 1266 urbium,
1001 1227 1231 1272 depopulationes

174 1267 359 1307 Castrorum,
378 1268 477 1308 strages
491 1267 736 1304 Christianorum,
755 1267 788 1296 &
822 1265 961 1309 uamplura
972 1266 1023 1295 alia
1037 1266 1231 1297 abhominabi-

172 1306 208 1337 lia
232 1308 464 1345 committuntur,
483 1317 546 1346 quae
570 1307 674 1336 divin-:e
691 1304 791 1334 oculos
846 1303 959 1340 aJestatis
970 1303 1136 1346 offendunt,
1154 1305 1231 1336 scan-

174 1344 270 1375 dalum
292 1347 321 1375 in
341 1345 464 1376 Ecclesia
482 1352 670 1374 commovent
683 1344 716 1373 &
729 1341 904 1372 tremendum
916 1341 1120 1373 Eccleliasticae
1134 1344 1231 1374 censu-

174 1393 213 1414 rae
233 1385 363 1423 vigorem
376 1384 520 1414 debilitant
535 1384 568 1413 Sc
581 1381 765 1413 conculcant:
793 1389 847 1410 nec
858 1379 951 1416 potest
964 1380 1017 1420 ipsa
1030 1381 1152 1425 Ecclesia
1161 1405 1170 1420 ,
1189 1384 1232 1412 in-

174 1422 373 1453 valescentibus
384 1422 507 1461 vejusdem
521 1421 627 1452 Manfr.
645 1421 765 1457 viribus,
793 1426 965 1456 oportunum
985 1418 1127 1458 superbiis
1141 1431 1233 1451 reme-

173 1460 253 1490 dium
274 1461 413 1491 adhibere.

211 1499 279 1529 Nos
297 1500 397 1538 igitur,
415 1499 562 1539 postquam
579 1499 630 1530 fuit
653 1497 752 1528 nostris
772 1496 928 1527 cervicibus
947 1496 1121 1537 Apostolicae
1135 1499 1162 1536 ju
1183 1509 1233 1529 um

175 1536 311 1568 servitutis
322 1539 483 1577 impositum
498 1561 508 1576 ,
534 1538 692 1577 diligentius
705 1535 876 1578 attendentes
887 1535 963 1574 quod
978 1545 993 1565 a
1007 1536 1143 1573 praedidio
1186 1547 1234 1576 eg-

172 1586 215 1606 no
229 1575 340 1615 Syciliae
353 1587 440 1607 omne
453 1577 559 1607 malum
574 1576 653 1614 ipfius
666 1575 799 1605 Eccleiiae
812 1572 982 1613 pandebatur
996 1597 1006 1612 ,
1029 1574 1062 1605 δε
1075 1575 1150 1606 causa
1161 1578 1235 1615 peri-

172 1614 304 1645 culorum
324 1614 483 1653 hujusmodi
504 1614 693 1652 procedebat5
729 1613 935 1643 ‘considerantes
959 1613 1043 1643 etiam
1062 1614 1138 1652 quod
1160 1615 1233 1645 dista

174 1651 309 1683 Romana
331 1652 456 1684 Ecclelia
475 1663 524 1693 per
548 1663 599 1683 vos
618 1662 677 1682 non
696 1652 804 1691 potuit,
820 1660 911 1695 neque
926 1659 1034 1690 poterat
1049 1652 1138 1689 (quod
1154 1654 1234 1684 inviti

174 1690 329 1728 referimus)
350 1702 365 1722 a
386 1692 438 1722 suis
457 1691 656 1722 calamitatibus
679 1690 712 1720 ὃς
728 1699 897 1727 aerumpnis,
910 1698 1170 1729 quantumcumque
1184 1702 1235 1723 vos

174 1729 276 1760 diutius
290 1731 493 1767 expectaverit,
509 1730 630 1759 liberari:
650 1736 761 1765 propter
779 1726 855 1766 quod
869 1729 992 1758 omnino
1004 1729 1166 1768 expediebat
1177 1732 1234 1761 tam

173 1768 272 1806 nobis,
290 1769 376 1806 quam
397 1769 405 1797 i
427 1768 445 1798 si
468 1767 603 1797 Ecclesiae
616 1766 651 1796 de
666 1766 783 1806 praefato
800 1765 903 1806 Regno
916 1766 1025 1807 Sicilyae
1037 1766 1113 1797 aliter
1126 1771 1234 1809 cogita-

172 1816 217 1843 re,
237 1805 388 1836 neceffario
422 1805 583 1843 isposuimus
598 1806 626 1836 in
638 1806 735 1835 animo
748 1803 847 1835 nostro
862 1805 897 1834 de
912 1804 1016 1845 Regno
1029 1805 1087 1845 ipso
1101 1809 1234 1847 tradiare,

170 1853 205 1874 ac
225 1843 354 1875 ordinare
375 1845 494 1883 utiliter,
512 1852 596 1883 prout
615 1843 743 1884 expedire
765 1843 867 1874 honori
886 1844 919 1875 &
937 1844 1076 1883 profetiffli
1089 1847 1232 1883 praedietae

171 1881 308 1913 Ecclesiae
322 1883 484 1914 viderimus.

209 1920 345 1962 Cumque
360 1921 519 1960 hujusmodi
531 1923 633 1954 nostrae
646 1923 807 1953 intentionis
817 1921 1158 1962 propositumproducere
1173 1923 1234 1955 vel-

172 1958 262 1990 lemus
276 1960 305 1990 in
318 1960 429 2000 adium,
445 1965 493 2000 tu,
511 1960 550 1991 fili
564 1962 644 1999 Rex,
662 1961 718 1992 hoc
733 1962 885 2001 intelligens
898 1961 925 1990 id
940 1971 1024 2001 grave
1040 1962 1123 1993 tulisti
1132 1985 1142 2001 ,
1162 1962 1232 1993 sicut

171 1999 335 2038 accepimus
348 2022 358 2038 ,
383 2000 416 2030 &
437 1999 604 2040 molestum3
621 2001 657 2031 de
675 2010 732 2040 quo
752 2010 788 2030 eo
806 1999 1044 2030 vehementiorem
1063 2002 1233 2031 ammiratio-

174 2046 242 2066 nem
265 2037 293 2067 in
313 2047 411 2069 mente
432 2049 499 2069 acce
520 2040 606 2078 imus,
628 2049 686 2078 quo
703 2039 857 2076 pleniorem
868 2037 924 2067 sem
945 2048 973 2068 er
992 2037 1028 2068 de
1049 2048 1076 2070 te
1097 2039 1232 2080 praedit‘lta

172 2074 299 2107 Ecclesia
312 2076 443 2107 fiduciam
455 2077 491 2107 ha
503 2077 569 2115 uit,
587 2078 665 2117 quod
681 2078 709 2107 in
722 2077 832 2108 cunCtis
846 2086 915 2107 nece
938 2076 1048 2108 itaribus
1069 2073 1119 2108 fibi
1131 2085 1232 2118 poten-

172 2120 214 2144 ter
234 2114 267 2144 &
288 2123 413 2154 patenter
432 2115 579 2154 affisteres,
604 2115 735 2155 ipsiusque
755 2116 896 2146 honorem
918 2116 951 2146 ὃς
971 2115 1145 2155 comodum,
1172 2126 1233 2148 non

171 2152 359 2221 solumdpenes
371 2162 399 2184 te
415 2176 423 2191 ,
450 2153 494 2184 sed
508 2155 591 2184 etiarn
608 2158 691 2192 penes
706 2154 772 2184 alios
784 2153 938 2184 affeetuoso
951 2154 1044 2184 studio
1056 2157 1233 2195 procurares,

171 2199 262 2222 retroa
296 2192 317 2221 is
331 2192 505 2229 temporibus
519 2192 668 2223 dinosceris
682 2192 710 2222 id
724 2192 897 2223 laudabiliter
910 2193 1050 2232 peregisse.

213 2229 291 2268 Qia
305 2239 372 2270 ergo
385 2231 504 2261 liberum
517 2230 557 2261 est
569 2232 651 2262 nobis
665 2231 697 2263 &
712 2231 760 2268 ipsi
776 2230 909 2261 Ecclesiae
922 2230 957 2260 de
970 2231 1108 2269 praedieto
1119 2230 1225 2274 Regno

171 2267 277 2298 Siciliae
297 2269 455 2310 disponere,
469 2280 502 2300 ac
522 2271 595 2308 quta
614 2269 744 2300 nostrum
763 2269 970 2311 beneplacitum
989 2270 1116 2302 ordinare
1130 2295 1140 2310 ,
1163 2282 1232 2311 curn

171 2306 348 2338 conditiones
361 2331 371 2346 ,
395 2309 445 2339 sub
472 2309 571 2347 quibus
593 2308 730 2349 Regnum
751 2308 840 2349 ipsum
860 2317 875 2337 a
895 2307 1011 2346 praesato
1031 2310 1232 2348 praedeceffore

170 2345 336 2377 concessum
348 2347 454 2385 extitit,
471 2347 632 2385 adimpletae
646 2358 706 2377 non
721 2347 838 2384 fuerint,
859 2346 928 2376 sicut
941 2346 1043 2387 nostis,
1061 2357 1113 2379 nos
1128 2349 1230 2387 (inten-

170 2383 269 2414 dentes
304 2386 429 2415 omnino
448 2394 565 2426 urgente
583 2386 617 2416 acl
638 2385 666 2415 id
684 2396 736 2416 nos
754 2384 918 2416 necessitatis
930 2386 1045 2416 articulo
1060 2387 1102 2425 (in
1118 2397 1175 2425 quo
1190 2387 1231 2418 est

168 2407 306 2460 praedie'ta
328 2423 452 2454 Ecclesia
471 2424 528 2454 hoc
543 2433 671 2463 tempore
685 2423 846 2459 constituta)
867 2423 903 2453 de
917 2423 1022 2463 Regno
1037 2425 1112 2463 ipso,
1130 2434 1230 2465 prout,

169 2461 284 2500 pensato
307 2461 444 2491 moderno
463 2462 543 2499 ipsius
564 2461 697 2493 Ecclesiae
717 2462 807 2499 statu,
828 2461 957 2498 expedire
976 2462 1144 2502 viderimus,
1165 2472 1231 2504 pro-¹

168 2499 275 2536 videre)
298 2498 351 2529 Ma
372 2499 542 2530 nificentiam
563 2499 684 2531 vestram
740 2501 776 2531 de
794 2501 909 2530 fratrum
932 2500 1095 2532 nostrorum
1114 2503 1232 2532 consilio

170 2537 326 2576 rogandam
365 2539 472 2568 uximus
493 2539 622 2568 attentius
642 2540 676 2569 ὃς
693 2522 875 2576 fiortandam,
894 2539 923 2567 in
945 2539 1135 2575 remissionem
1149 2541 1231 2570 vobis

169 2577 372 2613 peccaminum
395 2577 596 2606 nichilominus
615 2578 788 2616 injungentes
809 2577 954 2616 quatinus,
986 2576 1120 2615 praemiffii
1135 2580 1229 2608 omnia

171 2613 243 2645 infra
265 2613 424 2645 vestrorum
439 2613 555 2645 claustra
595 2615 725 2646 effitorum
747 2615 927 2646 meditatione
947 2617 1063 2654 provida
1085 2617 1233 2647 revolven-

172 2661 230 2691 tes,
249 2653 282 2684 &
305 2662 429 2693 gerentes
451 2653 485 2685 ad
500 2626 662 2695 praedi'tstam
678 2653 849 2692 Ecclesiam,
866 2653 944 2693 super
958 2663 1001 2685 tot
1014 2656 1070 2686 e'us
1084 2655 1233 2696 angustiis,

172 2691 271 2721 habito
292 2692 326 2722 ad
345 2693 468 2723 radicem
483 2695 601 2732 veritatis
612 2695 641 2724 in
653 2694 705 2725 hac
717 2702 793 2734 parte
808 2693 950 2735 respectu,
966 2694 1003 2725 fili
1031 2696 1052 2725 is
1063 2694 1233 2735 compassio-

172 2731 216 2760 nis
230 2730 364 2761 affectum
402 2731 510 2762 nullum
525 2730 656 2771 deinceps
668 2733 750 2763 nobis
764 2733 859 2771 &ipsi
874 2731 1007 2763 Ecclesiae
1017 2756 1026 2771 ,
1047 2733 1126 2772 super
1141 2733 1234 2771 hujus-

172 2768 254 2799 modi
273 2768 343 2799 diisti
363 2754 458 2809 Regni
479 2771 596 2810 negotio
609 2795 619 2811 ,
644 2772 771 2811 ingeratis
790 2770 1043 2840 impedimentum,
1069 2773 1234 2812 nullumque

173 2807 402 2838 contradietioiiis
425 2807 605 2839 obstaculum
619 2811 780 2849 opponatis>
795 2809 820 2840 se
872 2810 907 2847 ab
930 2810 961 2839 iis
985 2813 1093 2850 penitus
1103 2811 1233 2850 desisten-

171 2853 231 2885 tes,
248 2855 307 2876 non
321 2846 410 2877 solum
423 2848 584 2887 permittatis
597 2858 649 2878 nos
663 2850 696 2880 δε
709 2857 765 2879 ean>
781 2857 828 2879 em
870 2847 999 2879 eclesiam
1011 2849 1096 2880 libere
1109 2850 1145 2880 de
1153 2847 1233 2890 Reg-

171 2895 214 2915 no
227 2884 286 2924 ipso
298 2886 414 2916 trariiare
427 2896 460 2916 ac
474 2886 581 2925 facere,
600 2887 670 2917 sicut
684 2887 834 2918 viderimus
853 2887 1136 2926 faciendum,verum
1150 2890 1233 2919 etiarn

170 2924 206 2954 &
218 2924 310 2954 verbis
323 2923 471 2954 ostendatis
483 2926 517 2956 ὃς
531 2925 612 2955 literis
624 2925 702 2965 quod
715 2926 798 2957 vobis
809 2935 869 2956 non
881 2925 1018 2965 displicet,
1036 2928 1130 2957 immo
1143 2927 1233 2968 placet

171 2963 193 2992 si
212 2961 286 2992 dieta
309 2962 430 2993 Ecclesia
450 2962 528 3002 super
550 2964 631 3002 ipsius
651 2964 746 3003 Regni
767 2964 883 3004 negotio
901 2965 1000 2995 tratstet
1020 2975 1087 2995 cum
1100 2966 1234 3005 aliquibus

170 3000 273 3030 mundi
286 2999 477 3040 Principibus,
502 3001 633 3041 suamque
645 3002 730 3041 poffit
744 3002 779 3034 de
790 3002 848 3044 ipso
862 3002 968 3041 Regno
982 3004 1178 3035 conditionem
1193 3005 1234 3035 fa-

171 3047 237 3072 cere
249 3038 394 3068 meliorem
403 3048 416 3075 :v

208 3074 308 3106 Preces
322 3076 401 3120 super
413 3075 472 3120 hoc
485 3076 661 3118 Apostolicas
676 3081 763 3112 taliter
775 3080 932 3122 impleturi,
950 3081 1028 3120 quod
1044 3080 1156 3122 Regem
1172 3078 1233 3113 Re-

171 3123 242 3152 gum
263 3114 440 3159 constituatis,
455 3116 556 3158 exinde
576 3118 657 3153 vobis
667 3121 821 3161 propitium
833 3121 867 3151 &
879 3120 1050 3159 benignum,
1066 3122 1099 3152 &
1113 3122 1233 3159 praedic-

172 3160 234 3196 tam
247 3151 411 3197 Romanam
421 3153 572 3185 Ecclesiam
586 3156 702 3187 reddatis
716 3167 828 3198 propter
843 3159 900 3188 hoc
916 3160 997 3189 vobis
1011 3161 1147 3199 perpetuis
1159 3169 1231 3190 tem-

171 3190 305 3235 poribus,
323 3201 352 3221 in
367 3191 464 3223 vestris
475 3196 727 3234 oportunitatibus,
745 3197 927 3228 favorabilem
940 3197 1119 3233 adiutricem:

211 3227 250 3273 Et
271 3239 340 3273 ecce
354 3231 539 3275 venerabilem
553 3232 663 3264 fratrem
678 3234 808 3266 nostrum
913 3235 1160 3280 Archiepiscopum
1172 3236 1233 3267 Cu-

171 3266 270 3310 sentin.
290 3277 384 3298 Virum
402 3278 496 3308 utique
517 3279 637 3308 expertae
650 3273 834 3310 providentiae
848 3297 858 3312 ,
883 3284 916 3305 ac
936 3277 1096 3306 examinatae
1109 3276 1233 3313 virtutis,

172 3315 250 3342 cujus
267 3305 355 3350 super·
366 3306 418 3336 hiis
438 3309 613 3347 acquiescatis
641 3310 756 3344 monitis
775 3312 808 3341 ὃς
829 3313 1065 3344 exhortationibus
1078 3337 1087 3352 ,
1120 3322 1234 3354 propter

176 3343 234 3375 hoc
251 3343 399 3384 specialiter
412 3345 446 3376 ad
461 3356 529 3386 VOS,
548 3346 584 3377 de
596 3348 718 3388 ipsorum
731 3350 847 3380 fratrum
862 3351 996 3390 consilio,
1013 3352 1191 3384 destinamus.

3 606 69 641 ⁸1³1·
85 621 149 649 771.

211 3431 280 3475 Dat.
300 3433 373 3473 apud
387 3431 504 3464 Urbem
516 3433 662 3475 Veterem,
689 3436 789 3475 quinto
805 3428 870 3468 Kal.
891 3430 1029 3479 Augusti,
1051 3435 1236 3470 pontificatus

175 3469 265 3501 nostri
278 3482 354 3503 anno
366 3471 498 3502 secundo.

650 3562 776 3596 Plumbeo
788 3564 878 3604 Sigillo
890 3578 909 3597 a
914 3565 967 3610 filo
980 3547 1105 3599 ra'nabeo.

11 3714 39 3737 σο
53 3717 153 3755 1,77·2.
330 3710 353 3732 *
374 3712 495 3744 Littera
514 3713 590 3758 Regi
606 3710 642 3744 de
658 3708 804 3754 resistendo
822 3708 977 3747 rebellibus
993 3717 1069 3761 ejus.

14 3811 101 3852 [Ann-
114 3820 155 3852 D.
210 3806 399 3840 Llustriffimo
422 3808 516 3840 Princi
538 3809 563 3847 i,
580 3807 716 3839 Domino
738 3807 787 3837 suo
806 3805 964 3846 kariffimo,
980 3808 1116 3842 Domino
1129 3802 1237 3842 Henri-

81 3859 99 3888 6
230 3856 268 3877 co
282 3870 292 3886 ,
315 3847 374 3878 Dei
392 3849 492 3888 gratia,
537 3858 553 3878 e
573 3847 647 3877 i‘An
668 3846 711 3875 liae
758 3845 892 3875 Domino
909 3845 1073 3887 Hiberniae,
1101 3851 1134 3880 δε
1154 3850 1236 3882 Duci

11 3868 79 3927 ffllnz
88 3869 134 3935 4372
180 3883 330 3924 Acquitan.
349 3887 469 3931 devotus
487 3887 520 3918 δε
561 3885 626 3932 delis
640 3855 707 3930 sgittis
720 3869 760 3914 R.
776 3883 812 3914 de
823 3883 925 3914 Nevill
936 3885 1048 3918 salutem
1063 3888 1096 3918 &
1109 3888 1234 3920 debitam

14 3940 53 3965 ‚H
179 3931 248 3953 cum
260 3921 315 3953 fide
328 3922 363 3955 &
373 3924 523 3956 dilectione
534 3923 744 3961 subiectionem.

16 3957 66 4002 AB}
79 3945 150 4003 {usp
217 3959 366 3998 Quoniam
385 3964 415 3994 in
435 3974 521 3995 manu
541 3963 608 3993 sorti
626 3968 738 4001 oportet
758 3960 904 3990 rebellibus
922 3961 1019 3993 vestris
1031 3963 1167 4003 resistere,
1183 3966 1233 4006 qui

13 4012 71 4040 del.
83 4014 139 4041 Lit-
176 4008 278 4040 pacem
299 3999 420 4045 vestrarn
440 4003 474 4033 &
492 4001 713 4043 tranquilitatem·
727 3998 775 4029 Re
817 3997 920 4029 'vestri
933 4000 1057 4043 nituntur
1069 4003 1234 4048 infringere,

16 4056 113 4078 ,mus
179 4037 322 4082 pluresque
348 4040 459 4078 tepidos
479 4042 509 4073 in
526 4039 658 4081 responsis
677 4039 728 4071 suis
746 4047 762 4069 a
801 4036 1044 4073 conservationem
1062 4049 1138 4081 pacis
1153 4052 1236 4077 inve-

13 4087 112 4126 ‘fi‘pm‘
176 4086 283 4146 mgim.
299 4116 326 4146 1.
344 4115 378 4146 P.
396 4113 438 4146 Π.

1270 190 1748 242 PUBLICA.
2272 208 2318 245 81

1306 276 1446 321 Maiestati
1460 280 1559 312 vestrae
1572 282 1689 323 dignum
1704 286 1769 316 duxi
1782 286 1931 328 supplicate
1944 296 2091 329 quatenus,
2107 289 2126 320 si
2141 288 2319 329 placet‚D0-
2331 290 2406 320 Anii.
2422 290 2464 320 D.

1272 324 1355 345 minis
1376 316 1508 349 Roberto
1526 321 1561 350 de
1582 321 1661 360 Brus,
1692 324 1814 361 Johanni
1836 326 1914 356 Corn
1936 338 1967 365 n,
2000 327 2124 366 Johanni
2145 328 2180 358 de
2201 327 2296 358 Balliol
2312 352 2320 366 ,
2334 329 2429 367 1263.·

1273 353 1363 383 Henr.
1383 355 1418 384 de
1434 355 1537 399 Percy,
1562 360 1664 402 &aliis
1680 360 1858 401 Magnatibus
1871 337 1966 396 veli'ris
1980 366 2007 395 in
2021 367 2143 405 partibus
2157 367 2206 396 illis
2221 366 2321 397 litteras
2333 373 2397 395 Heu.
2419 376 2445 402 3,

1272 391 1372 422 vestras
1386 392 1520 425 destinare
1533 397 1620 427 velitis
1628 420 1646 440 ‚3
1673 400 1746 438 uod,
1771 402 1805 431 ad
1821 404 2058 434 conservationem
2075 406 2147 443 pacis
2160 406 2188 434 in
2204 406 2323 444 partibus

1270 430 1489 498 {ll'tmrffremam
1504 456 1513 472 ,
1540 442 1647 472 potenti
1674 439 1723 466 iter
1737 441 1790 469 una
1805 450 1918 472 mecum
1931 452 2046 472 manum
2059 452 2199 482 apponant
2212 445 2324 474 auxilia-

1281 479 1336 498 rice
1378 479 1383 497 ἶ
2268 489 2271 491 ’

1308 507 1386 550 Qua
1392 530 1404 552 ,
1421 507 1440 538 fi
1454 509 1532 553 polle
1545 512 1679 555 potentiae
1693 514 1849 546 amicorum
1865 527 2012 556 meorum,
2027 520 2060 550 &
2076 528 2147 549 meae
2161 520 2188 549 in
2204 521 2324 559 partibus

1271 546 1411 581 praedidtis
1428 546 1510 591 fuerit
1529 548 1707 591 associatum,
1729 553 1756 582 in
1771 563 1906 592 quantum
1918 559 2068 596 poterimus
2082 558 2189 588 malitiis
2202 559 2322 597 praedic·

1272 590 1366 613 torum
1383 585 1525 615 rebellium
1541 587 1661 618 resistere
1676 591 1849 622 conabimur.

1309 621 1354 652 Ad
1376 622 1449 661 hoc,
1469 625 1578 667 bonum
1598 626 1680 665 esset,
1698 637 1728 658 ut
1748 631 1836 660 michi
1855 631 1982 670 videtur,
2001 634 2034 663 &
2055 640 2148 663 tutum
2161 633 2237 671 quod
2252 634 2323 666 Cas-

1271 667 1344 703 trum
1363 661 1398 690 de
1416 661 1611 705 Pontelrac'to,
1628 666 1704 704 quod
1725 666 1767 696 est
1788 670 1861 708 quasi
1882 670 1964 700 clavis
1977 671 2006 700 in
2019 670 2163 701 Comitatu
2177 671 2322 711 Eborum,

1271 707 1335 727 Viris
1346 701 1503 738 potentibus
1516 701 1584 731 esset
1597 706 1804 742 praemunitum.
1896 737 1898 741 ,

1310 735 1398 773 Super
1419 736 1470 767 hiis
1491 739 1586 783 igitur,
1604 742 1623 770 ii
1644 741 1751 785 placet,
1771 740 1858 775 vestra
1878 744 1968 785 Regia
1983 745 2112 784 Maiestas
2127 748 2216 778 michi
2229 748 2324 780 vestro

1271 773 1395 804 vestrum
1410 776 1614 813 beneplacitum
1629 779 1756 818 dignetur
1772 783 1930 821 significare.

1310 812 1405 843 Valeat
1418 814 1553 854 Regnum
1569 816 1692 848 vestrum
1704 820 1736 849 &
1751 819 1905 860 Imperium
1919 823 2024 860 semper
2038 824 2066 853 in
2082 823 2221 855 Domino.

1271 944 1320 975 De
1349 946 1427 990 Rege
1450 947 1572 994 Dacyae,
1599 960 1661 982 una
1683 962 1751 983 cum
1783 955 1857 999 Rege
1881 956 2045 1002 Mrwegiae
2065 952 2279 1001 applicantibus
2295 959 2326 987 in

1741 1002 1852 1034 Scozm.

1273 1079 1477 1140 VEnerabili
1490 1082 1578 1126 Viro,
1593 1085 1626 1115 &
1639 1087 1733 1116 amico
1745 1089 1914 1127 reverendo,
1934 1090 2065 1122 Domino
2080 1091 2131 1122 W.
2151 1093 2186 1124 de
2202 1092 2321 1125 Merton
2340 1082 2414 1113 Asm-
2431 1082 2476 1114 D·

1351 1118 1526 1151 Cancellario
1540 1121 1662 1166 Domini
1675 1124 1778 1164 Regis,
1795 1125 1856 1156 suus
1871 1127 1910 1157 R.
1926 1128 1960 1157 de
1973 1129 2073 1160 Nevill
2085 1130 2195 1161 salutem
2205 1130 2251 1169 ,ὃς
2271 1141 2318 1168 pa-
2373 1121 2457 1161 ¹263·

1272 1163 1358 1200 ratam
1373 1158 1407 1188 ad
1421 1158 1592 1196 beneplacua
1606 1162 1787 1193 voluntatem.
2340 1164 2391 1188 Aa.
2411 1169 2459 1194 47=

1312 1194 1415 1226 Literas
1430 1195 1554 1228 Domini
1570 1198 1657 1238 Regis
1671 1211 1758 1238 nuper
1772 1203 1881 1242 recepi,
1906 1206 2081 1235 continentes
2096 1206 2172 1244 quod
2189 1217 2235 1237 me
2250 1208 2325 1247 capi-
2340 1203 2376 1243 H:
2390 1204 2416 1234 3·

1273 1239 1386 1275 taneum
1406 1234 1485 1265 suum
1504 1236 1648 1268 constituit
1669 1240 1698 1269 in
1711 1239 1900 1271 Comitatibus
1915 1242 1966 1271 suis
1980 1243 2048 1272 ultra
2060 1243 2213 1282 Trentam,
2231 1245 2264 1275 ad
2313 1263 2326 1280 -¹
2341 1236 2440 1264 Ibam*

1274 1279 1314 1300 cis
1333 1270 1388 1302 suae
1408 1273 1648 1319 conservationem
1663 1286 1761 1308 contra
1773 1280 1906 1319 quosdam
1921 1280 2035 1311 rebelles
2046 1281 2123 1320 suos,
2138 1292 2170 1312 ac
2186 1284 2260 1320 pacis
2273 1255 2328 1313 [Plane

1272 1311 1492 1355 perturbatores,
1508 1314 1541 1344 &
1554 1313 1662 1354 insuper
1675 1315 1830 1347 custodiam
1845 1317 2005 1349 Comitatus
2016 1319 2162 1358 Eborum,
2190 1321 2224 1351 ὃς
2236 1320 2328 1350 Castri

1275 1347 1395 1391 ejusdem
1423 1351 1512 1380 michi
1539 1354 1703 1392 commisit,
1734 1365 1799 1393 quae
1818 1356 1932 1396 quidem
1955 1358 1983 1387 in
2004 1358 2136 1388 omnibus
2157 1368 2209 1398 pro
2228 1359 2331 1389 viribus

1275 1385 1427 1424 adimplere
1439 1397 1545 1429 paratus
1557 1392 1624 1421 sum.

1315 1424 1522 1470 Verququia
1542 1429 1604 1460 talia
1624 1430 1758 1462 affiimere
1779 1442 1838 1463 non
1859 1433 1989 1472 possum,
2006 1434 2062 1464 fine
2077 1435 2202 1465 maximis
2217 1435 2333 1476 sumpti-

1276 1462 1345 1502 bus,
1361 1463 1505 1508 dilectioni
1524 1467 1622 1498 vestrae
1641 1470 1759 1508 dignum
1781 1472 1845 1501 duxi
1865 1472 1912 1510 sup
1934 1473 2012 1503 licare
2026 1482 2175 1513 quatenus,
2193 1474 2211 1503 fi
2225 1474 2334 1513 placet,

1277 1502 1424 1534 consilium
1447 1504 1570 1549 vestrum
1588 1509 1621 1538 &
1634 1508 1763 1538 auxilium
1778 1510 1893 1547 praesens
1907 1483 2040 1542 ssomino
2055 1511 2129 1551 Regi
2142 1512 2229 1542 velitis
2243 1522 2333 1553 appo-

1278 1549 1368 1585 nere,
1378 1550 1408 1572 ut
1430 1542 1516 1573 michi
1539 1544 1672 1583 significet
1692 1547 1757 1585 ubi,
1775 1549 1807 1578 ὃς
1827 1549 1863 1578 de
1880 1559 1954 1587 quo„
1981 1550 2036 1580 sive
2056 1550 2091 1580 de
2110 1551 2208 1588 quibus
2231 1561 2331 1588 potero

1276 1578 1421 1622 denarium
1441 1583 1597 1621 perquirere
1617 1584 1651 1614 ad
1672 1585 1826 1616 custodiam
1848 1587 1907 1617 tam
1929 1587 2087 1618 Comitatus
2107 1588 2140 1618 &
2155 1588 2247 1619 Castri
2260 1599 2331 1630 prae-

1276 1617 1435 1687 (ἒιέζοπὲιῐη,
1453 1622 1537 1659 quam
1559 1621 1650 1653 Castri
1669 1622 1703 1653 de
1725 1623 1892 1665 Bamburgh.
1908 1626 1984 1666 quod
2007 1628 2036 1657 in
2058 1636 2120 1657 mea
2133 1626 2174 1657 est
2189 1627 2334 1666 custodia,

1288 1666 1366 1687 acien
1388 1667 1441 1688 am.

1314 1694 1430 1727 Dicitur
1446 1699 1522 1728 enim
1534 1709 1586 1739 pro
1599 1708 1677 1731 certo
1690 1701 1766 1741 quod
1784 1702 1848 1732 Rex
1862 1702 1970 1744 Dacyae
1984 1727 1993 1742 ,
2017 1706 2073 1735 una
2087 1714 2155 1735 cum
2168 1704 2250 1745 Rege
2262 1704 2332 1735 No-

1277 1743 1393 1780 rewayae
1407 1758 1416 1773 ,
1441 1746 1514 1781 cum.
1536 1747 1635 1778 magna
1660 1741 1836 1770 multitudine
1858 1740 1983 1781 Navegii
1997 1766 2006 1780 ,
2026 1744 2055 1773 in
2076 1743 2218 1773 forencisis
2237 1742 2333 1773 Infulis

1277 1771 1382 1804 Scotiae
1395 1775 1545 1814 applicuit,
1563 1777 1602 1807 set
1616 1787 1673 1817 quo
1688 1788 1844 1817 proponant
1859 1780 1994 1810 divertere
2007 1781 2135 1811 nondum
2147 1790 2333 1820 certum,un-

1277 1810 1313 1840 de
1328 1813 1483 1848 periculum
1495 1815 1524 1843 in
1538 1816 1659 1854 partibus
1674 1817 1724 1846 illis
1736 1819 1858 1848 eminere
1883 1818 2100 1850 formidandum.

1313 1849 1471 1882 Dileetioni
1486 1853 1568 1883 etiam
1582 1854 1679 1884 vestrae
1693 1855 1818 1895 fignifico
1832 1856 1908 1896 quod
1920 1858 2031 1896 quidam
2046 1880 2056 1896 ,
2082 1867 2151 1896 quos
2162 1857 2254 1888 fideles
2267 1856 2333 1888 Do-

1278 1890 1348 1931 mini
1373 1890 1461 1929 Regis
1480 1891 1534 1920 esse
1556 1891 1719 1931 credebam,
1739 1895 1794 1931 jam
1815 1904 1863 1933 per
1876 1896 2103 1932 praedicationem
2117 1896 2230 1926 suorum
2244 1896 2332 1926 rebel-

1277 1926 1346 1970 lium
1368 1929 1402 1958 ad
1421 1929 1490 1968 ipsos
1500 1931 1615 1972 'penitus
1634 1932 1695 1961 sunt
1714 1933 1859 1970 conversi,
1879 1943 1991 1971 propter
2010 1934 2087 1973 quod
2102 1936 2188 1972 majus
2200 1935 2331 1965 auxilium

1277 1965 1395 1996 aliorum
1411 1974 1580 2007 perquirere,
1598 1970 1767 2009 majoresque
1780 1971 1901 2011 sumptus
1914 1973 2003 2004 facere
2017 1973 2167 2011 oportebit.

1315 2004 1410 2036 Valeas
1425 2008 1532 2045 semper
1548 2007 1577 2036 in
1589 2006 1731 2038 Domino.

1454 2145 1527 2190 Regi
1544 2146 1662 2177 Littera
1679 2141 1715 2175 de
1732 2143 1898 2178 Baronibns
1918 2148 1954 2184 ὠ·
1976 2144 2153 2181 Rebellibus.

1277 2229 1565 2294 EXcellentiffimo
1584 2243 1618 2264 ac
1638 2233 1860 2265 reverentissimo
1882 2234 2015 2266 Domino
2033 2235 2179 2275 Henrico,
2198 2234 2255 2266 Dei
2270 2245 2333 2276 gra-
2352 2231 2428 2263 Ann-
2442 2231 2481 2263 D*

1351 2271 1405 2309 tia,
1423 2271 1518 2302 illustri
1539 2271 1613 2312 Regi
1700 2272 1761 2310 liae,
1779 2273 1912 2304 Domino
1931 2272 2095 2313 Hiberniae,
2117 2276 2150 2306 ὃς
2173 2275 2251 2306 Duci
2272 2276 2332 2306 Ac·
2369 2271 2454 2311 1263-

1296 2310 1444 2349 uitanniae,
1462 2311 1523 2341 suus
1544 2313 1650 2348 semper
1702 2310 1837 2352 adulphus
1856 2311 1955 2344 Ruffei
1975 2312 2104 2352 salutem,
2123 2314 2156 2345 ὅτ,
2170 2314 2285 2353 integrae
2298 2314 2332 2344 fi·
2349 2314 2400 2338 An.
2414 2320 2462 2345 47·

1276 2318 1392 2388 delitatis
1405 2348 1511 2390 semper
1525 2349 1720 2380 constantiam.
1952 2388 1955 2390 Ι
2351 2354 2404 2376 fleu
2428 2358 2453 2384 3·

1312 2385 1507 2418 Nobilissimae
1520 2398 1552 2418 ac
1565 2386 1811 2418 Excellentiffimae
1825 2387 1968 2419 Serenitati
1981 2389 2081 2420 vestrae
2096 2390 2114 2420 fi
2135 2390 2222 2421 nifico
2237 2392 2331 2430 quod,
2347 2391 2385 2413 Ex
2407 2390 2476 2431 Ban-

1277 2423 1346 2455 sicut
1366 2425 1444 2455 datur
1464 2426 1534 2456 mihi
1553 2427 1666 2465 intelligi
1705 2425 1817 2464 quidam
1836 2425 1957 2456 Barones
1976 2437 2009 2457 ac
2024 2428 2114 2458 Rebel
2126 2428 2248 2460 esvesti·i
2260 2440 2330 2460 ven·
2348 2425 2395 2452 M·
2410 2429 2467 2451 [1¹2-

1276 2463 1406 2531 turgsunt
1422 2464 1494 2503 apud
1510 2464 1644 2496 Castrum
1663 2449 1762 2495 §arum
1773 2473 1842 2494 curn
1855 2474 1955 2507 magna
1970 2466 2145 2497 multitudine
2160 2476 2331 2499 armatorum
2344 2470 2424 2539 erar.
2439 2470 2471 2491 ut

1276 2510 1306 2530 in
1342 2511 1414 2531 revi:
2361 2512 2378 2528 u
2395 2511 2435 2529 ra.

1315 2541 1331 2556 *⁶
1348 2539 1386 2569 Et
1404 2540 1466 2578 quia
1481 2562 1491 2578 ,
1513 2539 1546 2570 ad
1566 2541 1754 2571 munitionem
1772 2539 1865 2571 Castri
1887 2540 1969 2571 vestri
1985 2547 2044 2572 non
2060 2543 2176 2575 invenio
2190 2544 2336 2585 homines,
2483 2579 2488 2583 ,

1277 2576 1328 2606 nisi
1352 2577 1547 2617 paucissimos,
1572 2580 1620 2619 qui
1637 2589 1689 2618 pro
1708 2579 1823 2609 denariis
1842 2579 1936 2609 vestris
1956 2580 2063 2611 ibidem
2084 2583 2173 2612 velint
2192 2583 2335 2623 intereffe,
2356 2579 2407 2607 *1-
2422 2587 2486 2617 7732

1278 2615 1347 2645 'mihi
1362 2615 1473 2654 vestro,
1493 2616 1512 2646 fi
1525 2616 1632 2656 placet,-
1650 2617 1751 2657 aliquid
1768 2617 1899 2650 auxilium
1913 2618 2023 2649 mittere
2035 2620 2140 2658 velitis,
2154 2620 2188 2651 ad
2202 2620 2336 2653 Castrum

1279 2653 1404 2685 vestrum
1416 2654 1583 2692 praedidium
1600 2663 1698 2686 contra
1711 2665 1759 2685 eos
1767 2654 1986 2687 eustodiendum
2000 2658 2033 2688 δε
2043 2657 2259 2690 defendendum.

1314 2691 1411 2723 Valeat
1423 2692 1657 2724 Excellentiffima
1672 2694 1806 2725 Serenitas
1819 2693 1908 2725 vestra
1921 2695 2028 2736 semper
2042 2697 2072 2727 in
2085 2696 2227 2729 Domino.

1279 2836 1399 2868 Littera
1416 2837 1490 2882 Regi
1505 2837 1636 2869 Francia
1647 2862 1657 2878 ‚
1690 2837 1878 2882 excusatoria
1898 2835 1978 2883 quod
1991 2837 2086 2884 ipsicm
2108 2835 2144 2870 de
2161 2842 2247 2872 certis
2264 2850 2341 2872 cau.

1662 2885 1706 2928 sis
1722 2885 1809 2919 adire
1824 2890 1936 2934 nequit.

1279 2971 1421 3027 REGI
1440 2974 1565 3005 Franciae
1577 2997 1587 3012 ,
1610 2968 1676 3005 Rei<
1695 2969 1808 3015 Ang'liae
1826 2974 1960 3012 salutem3
1989 2966 2024 3007 ’δε
2047 2972 2159 3006 sincerae
2180 2975 2338 3009 dilefflonis
2355 2969 2433 3002 Assn·
2445 2971 2490 3003 D:

1318 3036 1322 3037 γ
1351 3012 1456 3052 semper
1467 3022 1657 3052 augmentum.
2378 3010 2462 3050 ¹263·

1316 3049 1413 3082 Vestra
1430 3053 1511 3082 nobis
1539 3051 1702 3090 significavit
1724 3050 1891 3082 Excellentia
1912 3051 1990 3091 quod
2007 3062 2075 3090 nos,
2100 3052 2201 3084 dilet‘h
2222 3054 2337 3086 consors
2355 3053 2406 3077 An.
2425 3059 2473 3085 47-

1279 3087 1391 3126 nostra,
1409 3091 1443 3121 &
1464 3089 1512 3119 filii
1533 3089 1621 3119 nostri
1642 3090 1676 3120 ad
1696 3099 1748 3120 vos
1781 3091 1862 3121 certis
1876 3090 1944 3120 loco
1968 3091 2002 3122 &
2015 3098 2159 3135 tempore,
2176 3092 2206 3122 in'
2219 3095 2336 3132 propriis
2354 3092 2388 3114 H.
2410 3097 2436 3124 3·

1278 3127 1399 3167 personis
1411 3129 1585 3166 veniremus,
1609 3136 1640 3158 ut
1654 3128 1731 3167 super
1745 3111 1830 3158 status
1843 3127 1932 3158 nostri
1948 3129 2173 3160 meliorationem
2186 3132 2333 3162 consilium
2350 3129 2409 3153 Pat.
2424 3135 2476 3162 47·

1279 3167 1313 3196 &
1328 3166 1460 3197 auxilium
1472 3167 1554 3196 nobis
1568 3166 1679 3205 poiseus
1692 3167 1842 3204 impartiri,
1859 3167 1892 3198 ὅ(
1906 3174 1936 3197 ut
1950 3167 2032 3198 vobis
2041 3167 2120 3207 super
2133 3169 2190 3199 aliis
2203 3178 2335 3208 tanquam
2353 3169 2386 3191 H.
2417 3173 2445 3199 3·

1279 3198 1415 3240 Domino
1427 3205 1623 3244 loqueremur,
2349 3211 2376 3230 ⁷¹·
2396 3210 2440 3238 ¹3-

1317 3241 1449 3273 Vol'entec
1470 3237 1725 3285 liquidem-vestrae
1745 3242 1938 3283 Magnitudini
1961 3253 2014 3281 pro
2028 3245 2132 3275 viribus
2145 3246 2338 3285 complacere,

1280 3281 1338 3310 tam
1353 3290 1424 3318 nos,
1440 3282 1525 3319 quam
1539 3280 1687 3311 consilium
1701 3280 1845 3320 nostrum,
1863 3290 1933 3312 tunc
1948 3284 2030 3313 nobis
2043 3281 2181 3321 affistens,
2196 3284 2272 3321 quod
2286 3295 2340 3314 no-

1280 3319 1322 3386 bds'
1336 3320 1365 3348 in
1376 3319 1432 3387 1hac
1448 3327 1523 3357 parte
1538 3317 1706 3358 fignificastis
1719 3340 1730 3357 ,
1754 3321 1851 3351 animo
1866 3322 2047 3352 reverenti&
2062 3322 2196 3352 inclinato
2208 3323 2338 3362 cupimus

1280 3368 1295 3387 a
1315 3367 1354 3386 im
1385 3368 1439 3387 ere.

1319 3367 1444 3434 Vefium,
1464 3396 1527 3433 quia
1539 3394 1660 3425 Barones
1674 3393 1779 3434 nostri,
1797 3406 1830 3426 ex
1843 3397 1924 3427 certis
1936 3395 2037 3435 causis,
2052 3397 2152 3435 volunt
2165 3397 2338 3431 securitatem

1281 3433 1330 3464 sibi
1365 3433 1465 3464 raestari
1479 3434 1515 3463 de
1527 3434 1615 3463 reditu
1628 3433 1725 3465 nostro
1738 3434 1840 3465 festino
1853 3436 1883 3465 in
1896 3435 2043 3474 Angliam,
2061 3434 2225 3465 celsitudini
2238 3436 2338 3467 vestrae

1281 3443 1465 3511 supplicamus
1486 3472 1625 3502 humiliter
1645 3468 1679 3502 Sc
1699 3472 1804 3503 devote
1822 3481 1957 3512 quatenus
1975 3475 2028 3510 eis,
2052 3483 2100 3512 per
2112 3473 2219 3516 'litteras
2237 3475 2339 3505 vestras

1281 3520 1403 3550 patentes
1417 3534 1426 3549 ,
1452 3510 1530 3546 super
1546 3509 1603 3540 hoc
1631 3510 1714 3540 talem
1729 3511 1902 3541 securitatem
1920 3511 2047 3550 praestare
2064 3510 2169 3549 velim,
2190 3512 2302 3549 qualem
2322 3524 2340 3545 a

1281 3549 1364 3579 vobis
1382 3547 1544 3581 venerabilis
1566 3556 1643 3585 pater
1658 3547 1687 3586 J.
1707 3548 1881 3579 Glascuenfis
1898 3549 2068 3589 EpiscopuS,
2085 3549 2118 3579 &
2138 3549 2339 3589 staterjohan-

1282 3586 1330 3617 nes
1349 3586 1384 3617 <ie
1406 3587 1528 3617 Houton
1547 3585 1740 3625 Templarius,
1756 3597 1827 3627 quos
1845 3588 1886 3617 ob
1904 3588 1961 3619 hoc
1982 3589 2017 3618 ad
2030 3585 2151 3618 vestram
2164 3590 2340 3625 praesentiam

1280 3625 1502 3661 transmittimus,
1519 3623 1708 3663 postulabunt.
1880 3662 1882 3666 ,
2248 3662 2249 3665 Ἴ

1319 3662 1464 3694 Caeterum
1477 3662 1650 3703 praesentiam
1662 3662 1802 3701 nostram,
1818 3663 1863 3697 die
1877 3662 1960 3693 nobis
1970 3673 1985 3694 a
1996 3660 2086 3694 vestra
2100 3662 2271 3696 Celsitudine
2284 3665 2337 3697 sta-

1281 3702 1360 3740 tuto,
1385 3711 1419 3738 ex
1431 3701 1511 3732 certis
1523 3701 1606 3731 caulis
1619 3701 1760 3738 praedidris
1772 3700 1901 3731 exhibere
1914 3711 1973 3731 non
1988 3701 2130 3739 possumus
2143 3714 2153 3740 3
2172 3713 2237 3744 quas
2247 3704 2338 3735 Nun-

1282 3741 1320 3770 cii
1341 3740 1429 3770 nostri
1449 3739 1530 3770 vobis
1574 3738 1660 3768 lenius
1680 3739 1881 3778 explanabunt3
1901 3740 2001 3777 quibus
2012 3739 2090 3781 supet
2103 3740 2224 3774 adventu
2236 3743 2335 3774 nostro

1281 3778 1315 3809 ad
1328 3788 1379 3809 vos
1394 3779 1479 3809 fidem
1493 3776 1556 3807 adhi
1579 3787 1624 3807 ere
1637 3777 1725 3808 velitis
1740 3777 1902 3817 pleniorem.

1318 3857 1407 3891 Teste
1420 3858 1500 3898 Rege
1511 3857 1584 3898 apud
1599 3855 1724 3889 Westm.
1748 3857 1784 3888 16
1796 3856 1842 3888 die
1855 3856 1982 3897 Augusti.

1810 4117 1837 4150 L
2280 4122 2346 4152 Lit-
