2570 4261
221 125 303 176 158

68 209 197 242 Ann.D.
216 210 348 246 erorum,
366 207 399 237 A.
420 205 462 236 D.
483 211 567 241 1249.
585 210 635 238 per
655 198 792 229 Nuncios
802 196 913 228 nostros
926 194 1073 234 prorogari
1086 192 1172 230 usque
1186 188 1222 219 ad
1233 189 1276 220 fe-

95 259 178 288 ¹249-
217 247 291 278 stum
306 245 414 284 S.Joh.
430 244 505 283 Bapt.
524 241 557 269 A.
577 239 618 269 D.
641 246 725 275 1250.

258 286 396 316 Dedimus
408 281 512 312 dilecto
525 279 559 309 &
572 275 645 307 fideli
661 274 761 305 nostro
774 273 906 304 Galfrido
926 273 962 303 de
976 269 1086 301 Grandi
1100 268 1206 298 Monte
1224 275 1278 303 po-

219 324 346 355 testatem
365 319 470 358 jurandi
488 319 517 346 in
537 316 658 346 animam
679 312 804 343 nostram
819 335 829 350 ,
847 311 925 351 quod
944 311 1029 350 ipsam
1043 309 1073 338 in
1089 308 1181 337 forma
1194 327 1204 343 ,
1223 313 1277 341 qua

222 364 295 401 prius
315 372 346 391 ca
368 369 393 389 ta
417 357 469 388 fuit
490 357 561 385 inter
581 363 649 390 nos,
663 353 696 383 &
711 350 858 389 praefatum
870 350 982 388 Regem
996 371 1007 387 ,
1024 347 1107 385 usque
1127 344 1161 374 ad
1179 341 1281 383 praedi-

221 402 301 431 <stum
316 400 354 428 fei
371 406 418 426 um
433 393 577 425 Omnium
590 391 759 422 sancrorum
775 388 1001 424 observabimus,
1019 386 1051 416 &
1067 393 1119 421 pro
1132 390 1207 422 parte
1225 389 1280 410 no-

219 438 277 507 ‹siirssik
281 438 413 467 faciemus
425 432 541 462 firmiter
555 429 696 461 observari
710 428 794 468 usque
804 428 839 459 ad
855 426 958 458 festum
967 421 1203 461 Sanetijohannis
1209 427 1281 457 prae-

241 487 265 506 ιι
280 485 337 506 um.

255 513 288 543 In
304 512 401 549 cujus,
416 510 476 541 &c.

68 294 131 317 Hm.
151 299 176 326 3.

255 587 344 621 Teste
358 587 440 626 Rege
451 584 525 624 apud
538 583 699 615 Windesbr.
716 592 743 613 2.
756 581 802 611 die
817 578 963 610 Ostobris.

227 645 1273 675 Μ

436 715 484 746 De
498 712 618 756 Treuga
632 719 702 741 cum
718 708 851 740 Francia
865 699 1065 749 proroganda.

71 802 148 834 Ann-
162 800 200 832 D.
222 800 347 858 REX
365 797 513 832 omnibus,
531 794 591 837 &c
610 792 732 823 salutem.
1261 819 1265 824 Ι

91 850 174 879 1249.
329 837 426 869 Sciatis
439 845 491 865 nos
505 831 609 863 dediffe
623 830 731 861 dile&o
751 828 785 859 &
797 826 869 857 fideli
884 824 983 856 nostro
999 823 1086 853 Petro
1100 820 1135 851 de
1149 818 1284 851 Sabaudia

69 884 124 908 An.
140 889 183 916 33.
222 879 332 918 plenam
348 873 516 915 porestatem
527 869 604 911 quod
620 877 744 907 treugam
759 890 769 905 ,
788 866 857 895 inter
874 864 1055 894 Ludovicum
1072 859 1208 890 illustrem
1222 857 1283 887 Re-

70 923 103 946 H.
127 928 151 954 3-
222 927 289 958 gem
301 916 426 946 Francia:
460 912 492 942 &
508 920 574 947 nOS,
592 908 774 938 deficientem
795 905 824 934 in
844 903 903 933 hoc
917 901 990 932 festo
1005 900 1150 930 Omnium
1165 896 1284 927 Sancto-

69 957 174 985 Ibt'dtm·
223 966 287 988 rum
296 978 307 994 ,
320 963 397 984 anno
417 934 523 981 Grati-<e
542 954 625 985 1249.
636 952 795 989 ¹prorogare
809 941 909 981 poffit,
922 948 955 971 ex
975 943 1050 978 parte
1062 936 1178 974 nostrii,
1195 934 1283 972 usque

223 994 258 1025 ad
277 993 376 1024 festum
392 987 557 1020 Nativitatis
569 985 642 1016 beati
662 983 799 1022 Johannis
826 978 972 1017 Baptistae,
986 987 1062 1007 anno
1085 976 1179 1015 gratiae
1201 981 1284 1011 1250.

224 1033 274 1063 sub
289 1031 386 1062 eadem
407 1028 516 1064 foi-ma,
533 1025 566 1056 &
591 1023 692 1054 eisdem
707 1019 914 1051 conditionibus
926 1019 959 1048 &
972 1014 1204 1054 obligationibus,
1222 1011 1284 1049 qui-

223 1072 273 1102 bus
292 1069 399 1100 dudum
423 1074 503 1105 capta
519 1063 571 1093 fuit
591 1064 661 1092 inter
683 1059 852 1100 praedictum
875 1056 988 1095 Regem
1001 1054 1035 1085 ὅ(
1051 1062 1103 1083 nos
1116 1075 1126 1091 ,
1145 1051 1229 1089 usque
1247 1048 1283 1079 ad

224 1108 373 1150 praefatum
386 1105 488 1136 festum
501 1102 645 1133 Omnium
659 1098 837 1129 Sanctorum.
923 1132 928 1137 ι
1020 1132 1024 1136 ¹
1126 1129 1131 1134 ⁵

264 1147 404 1178 Dedimus
423 1144 507 1173 etiarn
523 1140 615 1171 eidem
630 1137 715 1168 Petro
735 1134 902 1174 potestatem
918 1130 1026 1170 jurandi
1045 1131 1074 1159 in
1088 1136 1213 1159 animam
1233 1135 1285 1156 no-

222 1186 307 1218 stram
321 1182 398 1225 quod
411 1180 530 1212 eandem
544 1186 668 1216 treugam
678 1199 687 1214 ‚
705 1176 754 1205 sub
769 1174 877 1210 forma,
889 1169 1115 1206 conditionibus,
1134 1167 1167 1198 ὃς
1179 1165 1287 1209 obliga-

226 1225 348 1255 tionibus
367 1220 528 1252 memoratis
539 1240 549 1256 ,
567 1215 775 1247 observabimus
790 1235 800 1250 ,
817 1211 850 1242 &
870 1219 922 1248 pro
940 1216 1014 1249 parte
1033 1205 1129 1237 nostra
1148 1204 1286 1235 faciemus

225 1263 341 1295 firmiter
355 1258 501 1290 observari.

264 1301 302 1331 Et
327 1298 404 1337 quod
424 1296 500 1326 idem
517 1293 616 1324 Petrus
634 1301 667 1322 ex
690 1298 766 1329 parte
780 1287 875 1319 nostra
887 1286 1010 1326 recipere
1023 1284 1109 1314 valeat
1123 1282 1287 1313 Sacramen-

225 1349 289 1371 tum
313 1335 437 1375 praedicli
462 1334 546 1372 Regis
559 1355 568 1370 ,
586 1331 631 1362 vel
652 1330 722 1359 illius
742 1329 789 1367 qui
806 1327 841 1356 ab
855 1335 906 1364 eo,
923 1325 969 1354 cui
983 1322 1140 1354 custodiam
1155 1320 1200 1350 seu
1213 1319 1287 1356 regi-

225 1388 293 1409 men
307 1377 402 1415 Regni
414 1374 471 1411 sui,
491 1370 624 1410 quamdiu
638 1368 679 1398 est
694 1369 723 1397 in
738 1365 860 1405 partibus
872 1362 1055 1394 transmarinis
1097 1357 1287 1395 commiserit,

226 1417 324 1447 habeat
358 1411 505 1443 otestatem
518 1407 627 1447 jurandi
643 1408 669 1436 in
684 1406 808 1435 animam
822 1403 901 1441 ipsius
915 1401 950 1432 de
966 1382 1098 1439 praediCia
1110 1406 1219 1437 treuga,
1235 1395 1287 1426 sic-

229 1465 258 1486 ut
295 1464 332 1483 rae
355 1448 518 1519 icturgcest,
536 1445 729 1478 inviolabiliter
741 1439 920 1474 observanda.

313 1500 405 1529 cujus,
459 1497 484 1518 c.

267 1567 358 1600 Teste
372 1574 402 1597 ut
417 1565 503 1603 supra.

269 1641 538 1713 Confmileshlitteras
553 1638 655 1668 habent
670 1639 701 1667 P.
712 1634 851 1678 Hereford
860 1630 1014 1672 Epifioput,
1032 1626 1070 1664 ό·
1086 1631 1119 1658 Ρ.
1135 1627 1292 1665 chaceport,

229 1684 276 1723 sub
291 1696 308 1714 a
321 1689 489 1719 ternattone,
507 1689 563 1708 cum
578 1677 629 1707 hac
643 1673 768 1715 clauficla.
879 1692 881 1694 -

268 1761 304 1791 Et
319 1758 396 1798 quod
417 1756 533 1788 dilectos
546 1754 640 1785 fratres
653 1751 763 1783 nostros
775 1748 965 1779 Willielrnum
980 1745 1015 1776 de
1029 1743 1154 1775 Valentia
1169 1742 1202 1772 &
1217 1739 1293 1770 Ade-

233 1810 294 1831 mer
308 1798 343 1829 de
358 1797 506 1839 Lesignem
522 1817 532 1833 ,
548 1803 616 1823 cum
631 1790 765 1821 omnibus
779 1788 862 1828 bonis
877 1787 909 1817 &
925 1786 1005 1825 rebus
1027 1783 1093 1819 suis,
1111 1789 1218 1820 ponere
1229 1777 1293 1818 pos-

232 1840 281 1876 sit,
298 1838 342 1867 vel
358 1836 459 1874 poliint
473 1836 502 1864 in
518 1831 659 1870 praefatam
674 1836 815 1866 treugam,
835 1829 853 1854 ii
869 1824 1005 1864 praedicto
1019 1821 1112 1860 Regi,
1127 1819 1171 1850 vel
1184 1817 1292 1847 Custo-

233 1877 262 1906 di
283 1876 331 1906 suo
353 1874 469 1912 praefato
489 1871 644 1909 placuerit·7
663 1869 698 1897 ita
716 1865 793 1904 quod
809 1863 884 1894 salvo
907 1864 940 1893 ὃ(
960 1862 1014 1892 fine
1029 1858 1235 1898 impedimento
1255 1857 1294 1886 ire

234 1914 338 1954 poss'int
352 1915 382 1943 in
399 1911 563 1948 Franciam,
582 1909 614 1940 ὃς
630 1907 758 1937 redirem
773 1902 913 1942 Angliam.

271 1952 304 1984 In
320 1952 412 1989 cujus,
428 1951 487 1981 &c.

269 2028 358 2061 Teste
371 2036 403 2058 ut
418 2027 505 2064 supra.

468 2087 1289 2107 πμ

257 2153 346 2186 Bulla
362 2153 523 2185 Innocentis·
541 2151 619 2194 Papa
629 2146 720 2191 [ἔφη
738 2140 942 2190 approbatione
966 2139 1182 2178 Matrimonii,
1207 2145 1273 2167 con-

287 2201 378 2234 trat‘li
394 2204 470 2232 inter
490 2202 596 2244 Regem
612 2195 728 2242 Angliae
744 2196 780 2230 φ’*
800 2192 912 2224 Filiam
926 2191 1049 2222 Comitis
1065 2187 1235 2219 Provinciae.

83 2286 160 2319 Ann-
171 2286 212 2318 D.
236 2286 459 2349 INnocentius
471 2282 642 2321 Episcopus,
657 2278 747 2310 servus
758 2276 900 2308 servorum
917 2274 990 2311 Dei,
1006 2269 1218 2302 Venerabilibus
1229 2268 1295 2298 Fra-

103 2335 188 2364 1249.
285 2325 373 2356 tribus
478 2319 700 2359 Archiepiscopo
715 2314 885 2347 Eboracensi
898 2314 931 2344 &
946 2309 1146 2342 Herefordensi
1154 2306 1295 2346 Episcopo

81 2369 133 2394 An.
150 2374 195 2402 34-
232 2365 364 2402 salutem,
382 2362 416 2393 &
431 2360 627 2404 Apostolicam
642 2354 888 2397 benedic‘ti'onem..
1073 2388 1078 2393 1
1195 2385 1200 2391 ·
1231 2385 1236 2390 1

81 2408 115 2431 Η·
140 2412 151 2439 3
270 2402 314 2433 Ex
329 2410 403 2441 parte
416 2398 546 2429 carissimi
560 2399 590 2427 in
604 2394 722 2427 Christo
740 2392 788 2423 filu
802 2390 889 2421 nostri
994 2387 1107 2427 Angliae
1125 2384 1214 2424 Regis
1230 2383 1293 2414 illu-

181 2457 194 2463 ·
234 2441 312 2480 stris,
327 2441 409 2471 nobis
421 2439 511 2468 extitit
522 2437 569 2477 sup
590 2436 702 2465 licatum
735 2439 781 2468 ut,
795 2439 862 2460 cum
876 2427 932 2467 ipse
943 2427 1013 2458 olim
1021 2425 1147 2463 juraverit
1177 2423 1236 2454 uod
1245 2432 1292 2452 ca-

233 2480 369 2511 riffimarn
391 2479 420 2508 in
435 2475 552 2507 Christo
600 2475 653 2503 iam
668 2455 792 2502 nostram
806 2468 984 2510 johannam,
1002 2464 1144 2504 Reginam
1205 2460 1291 2492 stellae

233 2517 366 2550 illustrem
382 2539 392 2555 ,
414 2524 507 2546 natam
529 2512 630 2544 nobilis
648 2511 701 2540 viri
806 2506 928 2537 Comitis
947 2504 1060 2534 Pontin.
1072 2511 1140 2532 tunc
1154 2501 1291 2538 solutam,

230 2558 345 2589 duceret
364 2555 394 2585 in
413 2563 530 2584 uxorem
543 2564 553 2588 ς
568 2552 619 2588 &‚
635 2559 683 2587 per
703 2546 875 2583 interpositas
895 2543 1019 2582 personas
1031 2551 1099 2572 cum
1111 2539 1182 2581 ipsa,
1201 2548 1290 2579 quan-

233 2604 296 2628 tum
310 2596 338 2625 in
353 2603 388 2623 eo
402 2592 472 2631 fuit,
491 2589 711 2621 Matrimonium
726 2586 833 2616 duxerit
850 2580 1093 2617 contrahendum,

271 2633 315 2665 Ac
337 2631 451 2662 tandem
465 2655 475 2667 ,
495 2636 645 2668 comperto
664 2624 739 2665 quod
762 2623 836 2653 illam
855 2630 950 2660 quarta
964 2617 1208 2657 consanguinitatis
1220 2615 1290 2646 linea

233 2671 433 2710 contingebat,
453 2667 643 2699 Matrimonio
654 2662 811 2693 hu'usmodi
825 2660 944 2690 minime
955 2657 1170 2692 consummatO,
1189 2653 1292 2684 cariffi-

235 2720 313 2741 mam
334 2711 362 2739 in
383 2706 502 2738 Christo
525 2705 622 2735 Filiam
641 2706 690 2732 noi
707 2710 765 2731 ram
787 2698 921 2729 illustrem
935 2696 1078 2734 Reginam
1094 2694 1223 2733 Anglize,
1241 2702 1293 2722 na-

234 2757 293 2780 tam
312 2748 394 2779 clarae
409 2746 557 2776 memoriae
624 2740 747 2772 Comitis
761 2737 939 2774 Provinciae,
956 2735 1006 2765 sibi
1021 2735 1050 2764 in
1063 2732 1135 2763 facie
1155 2730 1290 2762 Ecclefiae

235 2785 469 2818 matrimonaliter
482 2782 617 2821 copularit
624 2802 634 2817 ‚

272 2824 423 2856 Providere
441 2822 545 2853 honori
558 2820 607 2850 suo
628 2818 661 2848 &
677 2816 798 2847 filiorum
813 2814 925 2845 suorum
940 2812 968 2842 in
982 2811 1034 2842 hac
1046 2817 1138 2850 parte,
1156 2818 1193 2839 ne
1204 2816 1292 2847 prop-

236 2872 278 2895 ter
290 2865 347 2893 hoc
363 2862 451 2901 aliqua
461 2860 572 2900 imponi
585 2859 622 2889 eis
637 2858 666 2887 in
680 2854 824 2894 posterum
836 2861 902 2883 nota
917 2849 1016 2889 poffit,
1035 2857 1146 2888 paterna
1160 2847 1294 2877 sollicitu-

236 2903 302 2934 dine
315 2909 481 2931 curaremus.

273 2942 289 2958 *
308 2939 430 2978 Ideoque
455 2936 614 2967 fraternitati
636 2933 734 2963 vestrae
757 2941 804 2969 per
830 2927 981 2968 apostolica
1005 2926 1102 2966 scripta
1128 2923 1293 2954 mandamus

235 2979 364 3018 quatinus
377 2999 386 3013 ,
404 2975 530 3014 inquisita
548 2974 575 3003 su
614 2983 626 3002 r
640 2972 698 3002 hoc
710 2969 868 3009 diligentius
881 2968 995 2997 veritate
1004 2988 1014 3002 ,
1029 2965 1047 2995 si
1062 2964 1146 2995 vobis
1159 2963 1294 2993 constite-

236 3019 271 3047 rit
293 3017 328 3047 ita
347 3014 416 3051 effe,
434 3015 556 3051 primum
577 2984 792 3042 ffiatriinonium
814 3008 846 3038 ὅ(
860 3007 1063 3043 juramentum,
1081 3001 1158 3041 quod
1172 3000 1209 3031 de
1222 3011 1294 3031 con-

235 3053 371 3087 trahendo
386 3052 441 3090 ipse
463 3053 555 3090 primo
576 3048 737 3087 praestiterat
752 3070 762 3085 ,
783 3055 842 3076 non
864 3053 973 3081 tenere,
992 3052 1024 3072 ac
1037 3041 1128 3073 valere
1140 3038 1294 3070 secundum

237 3094 402 3126 auCtoritate
417 3089 570 3127 apostolica
583 3087 744 3117 decernatis.

276 3129 508 3162 Contradietorae
530 3136 579 3164 per
599 3124 744 3156 censuram
765 3120 1005 3158 Ecclesiasticam,
1022 3117 1203 3158 appellatione
1220 3113 1298 3154 post-

238 3170 343 3211 posita,
361 3165 579 3206 compescendo.

276 3207 382 3247 Qod,
399 3206 417 3236 fi
431 3215 490 3235 non
504 3204 592 3234 ambo
603 3202 654 3231 hiis
666 3199 831 3237 exequendis
843 3197 985 3237 potueritis
1003 3193 1131 3226 interesse
1142 3215 1153 3232 ,
1169 3192 1236 3223 alter
1250 3201 1300 3222 ve-

242 3247 333 3278 strum
348 3256 379 3276 ea
393 3243 591 3275 nichilominus
606 3246 764 3278 exequatur.

86 2951 218 2986 '1·4÷9·

244 3322 348 3391 ἡξει.
371 3320 506 3360 Lugdun.
528 3319 555 3348 6.
578 3316 642 3348 Kal.
661 3314 829 3346 Novembr.
844 3309 1027 3342 pontificatus
1046 3308 1134 3340 nostri
1154 3317 1230 3339 anno
1244 3307 1302 3346 sep-

252 3372 266 3390 J
298 3371 323 3390 O.

609 3429 735 3462 plumbeo
747 3427 836 3466 sigillo
846 3426 976 3466 pendente
987 3436 1005 3454 a
1018 3423 1064 3464 filo
1077 3423 1198 3453 canabeo.

296 3560 413 3591 Littera
430 3561 536 3591 Comiti
553 3553 731 3606 Leycestriae‚
757 3551 838 3600 quod
853 3555 889 3585 V
887 3555 1022 3583 icecomes
1037 3547 1073 3580 de
1090 3547 1261 3580 Franziac'o

348 3605 383 3636 de
395 3606 537 3650 seditione
546 3605 711 3651 appellatur
721 3614 774 3648 per
790 3600 997 3634 Amalvinum
1017 3595 1053 3628 de
1071 3599 1202 3630 Vareno.

105 3690 184 3721 Arm.
195 3688 238 3719 D.
255 3688 341 3744 RE
350 3687 380 3717 X
398 3689 500 3718 dilee’to
513 3690 545 3719 ὃς
558 3688 630 3718 fideli
645 3688 695 3718 suo
713 3684 871 3716 Simonide
885 3682 990 3713 Monte
1001 3681 1085 3719 forti,
1103 3679 1215 3710 Comiti
1230 3677 1305 3717 Ley·

126 3737 213 3767 1249.
327 3726 448 3763 cestriae,
466 3726 618 3756 Senescallo
632 3726 682 3756 suo
696 3722 878 3759 wasconiae‚
892 3722 1014 3751 salutem.

107 3772 160 3798 An.
180 3777 224 3803 34.
276 3804 280 3808 -
298 3763 398 3807 Grates
414 3764 494 3793 vobis
504 3764 646 3793 referimus
658 3773 694 3793 co
716 3762 781 3792 iosas
794 3761 829 3790 de
842 3759 1016 3790 solicitudine
1027 3780 1036 3795 ,
1053 3764 1168 3786 necnon
1181 3755 1214 3785 &
1227 3754 1307 3784 labo-

109 3811 144 3837 H.
166 3815 191 3841 3.
260 3801 484 3846 ribus-immensis
497 3823 506 3837 ,
524 3802 638 3839 negotiis
653 3812 691 3830 no
718 3802 752 3830 ris
766 3808 843 3830 terra:
856 3797 958 3827 nostrae
972 3794 1133 3826 Wasconiae
1146 3792 1289 3831 vigilanter
1298 3814 1307 3829 ,

109 3843 198 3880 claras.
259 3850 276 3870 a
293 3840 418 3869 Virilitate
438 3837 525 3868 vestra
544 3839 701 3868 multotiens
714 3837 858 3875 impensis,
871 3835 1013 3865 sentientes
1026 3832 1168 3863 evidenter
1180 3830 1256 3870 quod
1273 3829 1307 3859 fi·

114 3892 159 3918 34-
175 3885 206 3908 Η.
219 3889 244 3916 3.
261 3879 308 3909 des
326 3879 359 3909 ὅτ
378 3877 516 3915 diligentia
535 3875 623 3905 vestra
643 3877 723 3906 nobis
735 3899 744 3913 ,
762 3876 795 3906 ὃς
809 3883 889 3904 terrae
903 3872 1008 3903 nostrae
1020 3870 1185 3901 Wasconiae
1202 3868 1309 3898 cedunt

112 3930 148 3950 m.
159 3929 202 3947 20.
218 3920 242 3947 d.
259 3917 292 3947 ad
306 3916 502 3960 commodum
514 3923 573 3942 non
589 3914 732 3944 mediocre
744 3936 753 3951 ‚
772 3913 878 3951 totique
891 3910 1040 3950 posteritati
1054 3907 1159 3939 nostrae
1171 3906 1309 3947 perpetuis

259 3955 430 3993 temporibus
444 3952 590 3982 utilitatem
604 3951 635 3981 &
649 3952 762 3981 honoris
776 3952 982 3981 incrementum
997 3949 1058 3978 sunt
1070 3946 1196 3976 allaturae.

296 3992 355 4023 Pro
368 4002 425 4032 quo
440 3989 614 4030 prudentiam
626 3988 743 4020 vestram
754 4011 762 4027 ‚
776 3988 812 4020 de
827 3998 896 4026 qua,
913 3987 981 4017 ficut
995 3986 1031 4016 de
1043 3985 1127 4016 nobis
1139 3983 1202 4022 ἱρῆς
1213 4005 1224 4021 ,
1237 3981 1309 4013 fidu-

673 97 1472 154 CONVENrioNEQ

1532 101 1567 141 l)
1594 101 1613 142 1
1641 101 1680 143 ἾΓ
1708 101 1742 142 Ῑί
1771 100 1812 141 it
1842 99 1898 141 143
1921 125 1934 146 5

1322 186 1396 229 ciam
1408 185 1559 231 habemus,
1574 196 1705 231 rogamus
1718 188 1752 217 &
1765 185 1947 216 exhortamur
1958 183 2108 222 quatinusa
2117 182 2219 223 coeptis
2229 181 2312 213 bonis
2317 191 2378 212 non
2398 181 2476 212 Ann.
2489 181 2532 213 D.

1321 224 1466 269 deiis'tatis3
1484 225 1521 255 set
1536 235 1632 255 omnia
1645 227 1758 264 negotia
1769 225 1861 254 nostra
1874 221 2016 260 praedictat
2033 229 2131 260 terrae,
2149 220 2303 251 secundum
2317 221 2380 262 pos.
2420 231 2507 261 1249.

1324 263 1483 307 sibilitatem⁴
1494 262 1629 301 vestram,
1646 263 1702 293 fine
1714 263 1787 294 felici
1801 261 1974 293 concludatis
1989 270 1995 289 z
2014 259 2060 290 Ut
2078 260 2138 290 tam
2150 271 2165 290 a
2179 259 2278 297 nobis,
2293 261 2381 298 quarn
2400 265 2464 290 Hm.
2482 270 2507 298 3.

1323 302 1360 331 ab
1381 302 1537 369 lzaeredibus
1556 301 1656 333 nostris
1673 302 1786 342 dignam
1805 300 1956 338 recipiatis,
1971 308 2038 330 cum
2051 299 2132 329 omni
2147 298 2273 336 honore,
2287 308 2382 329 remu-

1324 350 1389 370 nera
1402 350 1507 370 ionem.

1362 377 1471 421 Verum
1486 386 1515 408 ut
1527 378 1724 409 discretionem
1736 377 1857 408 vestram
1868 376 1947 415 super
1957 374 2246 414 quibusdam,terram
2258 373 2385 405 nostram

1325 414 1489 460 wasconiae
1502 417 1694 454 tangentibus,
1711 416 1858 446 reddamus
1872 416 2036 452 certiorem,
2055 413 2230 453 praesentibus
2241 414 2323 443 vobis
2329 413 2384 443 du-

1326 462 1416 497 ximus
1437 455 1626 485 intimandum
1646 455 1740 493 quod,
1755 454 1872 484 dilec'tus
1886 454 1919 484 ὅ(
1938 452 2025 483 fidelis
2039 451 2148 489 noster,
2167 451 2332 483 Amalvinus
2347 451 2384 482 de

1328 491 1424 522 Vareis
1439 503 1527 536 nuper
1541 494 1619 523 venit
1631 494 1665 536 ad
1682 503 1734 523 nos
1753 494 1781 522 in
1797 492 1941 531 Angliam,
1959 492 1992 522 &
2001 514 2011 529 ,
2033 492 2063 520 in
2077 490 2157 530 plena
2171 489 2258 521 Curia
2270 489 2384 529 nostra,

1327 530 1474 567 appellavit
1489 529 1700 562 Vicecomitem
1713 531 1748 560 de
1761 531 1919 561 Frunziaco
1932 530 1969 560 de
1980 529 2115 559 seditione
2125 527 2227 558 nostra.

1364 567 1496 611 Offerens
1520 569 1546 612 se
1571 569 1772 607 probaturum,
1790 568 1944 599 secundum
1964 567 2105 606 judicium
2127 566 2245 604 ejusdem
2264 565 2362 597 Curiae
2376 590 2387 605 ,

1325 606 1404 649 quod
1418 607 1543 650 interfuit
1556 608 1736 651 corporaliter
1744 630 1754 645 ,
1771 608 1820 637 ubi
1834 606 1984 645 praedidlms
1997 605 2167 636 Vicecomes
2180 605 2386 635 conventiona-

1327 653 1369 674 V1t
1384 644 1495 675 Comiti
1512 644 1645 676 Pictavrae
1659 644 1737 683 quod
1753 646 1796 683 ei,
1808 646 1855 682 qui
1868 645 1904 675 de
1914 645 2076 684 capitalibus
2090 643 2210 674 inimicis
2223 640 2324 672 nostris
2334 643 2375 674 est

1328 691 1430 727 terram
1446 682 1573 727 nostram
1584 683 1747 714 Wasconiae
1760 684 1897 728 proderet.
2376 667 2388 682 ²

1365 722 1478 761 Qubus
1491 721 1586 766 auditis
1598 722 1782 753 consideravrt
1796 721 1882 752 Curia
1898 720 1992 752 nostra
2004 720 2080 757 quod
2095 719 2244 760 praedietus
2262 718 2387 750 Viceco-

1328 769 1388 790 mes
1408 760 1625 804 summoniretur
1643 759 1718 804 quod
1728 780 1737 798 5
1752 761 1779 790 in
1794 760 1925 791 Crastino
1944 759 2148 790 Purificationis
2163 759 2252 789 beatae
2267 758 2387 798 Mariae,

1327 808 1428 842 coram·
1439 799 1521 828 nobis
1533 808 1562 828 in
1571 798 1680 843 ‘Anglia
1701 798 1835 837 justitiam
1848 806 2008 838 recepturus
2019 800 2052 829 &
2066 797 2202 835 faffiirus,
2217 805 2385 834 compareat.

1365 837 1400 868 Et
1422 836 1487 880 ideo
1509 838 1590 867 vobis
1609 821 1917 881 mandamus-quatinus
1931 836 2099 874 praedffium
2113 834 2326 866 Vicecomitem
2344 835 2387 865 so-

1328 875 1477 919 lempniter
1498 875 1673 919 summoneri
1695 875 1813 914 faciatis,
1848 874 1905 905 uod
1921 883 1988 905 tunc
2001 875 2033 905 sit
2048 884 2145 905 coram
2165 875 2246 904 nobis
2256 897 2265 911 ,
2282 875 2312 903 in
2326 872 2388 903 Cu-

1329 923 1368 943 ria
1376 913 1634 958 nostra,praed16to
1647 913 1820 951 Amalvino,
1853 923 1869 943 e
1881 912 2012 952 praedieia
2032 913 2164 943 seditione
2199 911 2371 950 responsurus

1329 952 1363 983 &
1379 951 1510 989 iustitiam
1524 952 1644 983 facturus
1656 952 1690 982 δι
1704 961 1864 989 recepturus
1876 974 1886 990 ,
1903 960 1934 982 ut
1953 950 2119 990 praedidltum
2142 961 2158 981 e
2187 975 2192 980 .
2379 935 2389 950 ²

1351 989 1538 1034 'Plerumque
1556 990 1635 1034 super
1655 989 1810 1033 Escambio
1826 989 1861 1021 de
1881 989 1974 1029 Burgo
1993 989 2072 1027 supra
2091 999 2184 1028 mare,
2200 989 2234 1020 &
2248 988 2283 1019 de
2298 988 2390 1019 Frun-

1329 1037 1428 1074 ziaco,
1447 1029 1525 1067 quod
1539 1029 1621 1059 nobis
1632 1028 1724 1058 retulit
1738 1037 1772 1058 ex
1785 1037 1861 1066 parte
1874 1027 1979 1066 vestra,
1993 1028 2113 1058 dilectus
2126 1029 2160 1059 &
2174 1027 2259 1057 fidelis
2277 1027 2372 1058 noster

1330 1067 1502 1112 Willielmus
1526 1067 1561 1097 de
1583 1066 1701 1110 Cbaeny
1736 1067 1819 1097 vobis
1841 1066 1971 1096 duximus
1997 1065 2220 1103 respondendum
2229 1087 2238 1102 ,
2257 1066 2335 1104 quod
2351 1050 2389 1096 esz

1330 1107 1475 1150 cambium
1494 1105 1560 1149 illud
1577 1090 1767 1149 ‘ordinand'um
1789 1106 1823 1136 δε
1842 1103 2004 1135 faciendum
2022 1105 2205 1143 relinquimus
2218 1104 2372 1143 prudentiae

1330 1143 1411 1184 fidei,
1429 1145 1461 1176 ὅ(
1475 1143 1634 1175 discretioni
1646 1143 1765 1181 vestrae,
2380 1127 2391 1143 ²

1368 1182 1513 1222 Rogantes
1535 1191 1639 1227 atterite
1657 1191 1791 1223 quatenus
1805 1191 1854 1221 ea,
1870 1191 1933 1220 quae
1947 1180 2067 1211 videritis
2087 1181 2116 1210 in
2131 1179 2184 1211 hac
2201 1188 2278 1218 parte
2291 1179 2390 1210 nostro

1331 1222 1490 1266 commodo
1507 1231 1661 1251 convenire
1674 1245 1683 1259 ‚
1702 1221 1840 1251 maturetis
1857 1220 2002 1258 diligenter
2017 1219 2049 1250 &
2069 1219 2176 1250 curiose
2192 1229 2198 1248 ;
2220 1219 2296 1258 Qia
2310 1221 2391 1259 quic-

1333 1260 1399 1298 quid
1414 1260 1480 1290 inde
1501 1260 1591 1290 facere
1610 1259 1756 1296 duxeritis,
1775 1269 1827 1288 nos
1841 1267 1976 1298 gratanter
1988 1257 2214 1298 acceptabimus,
2231 1259 2265 1289 ὅ(
2281 1267 2333 1288 nos
2347 1258 2390 1288 in-

1324 1299 1367 1330 *de
1382 1298 1431 1328 sub
1446 1298 1622 1328 festinatione
1636 1297 1834 1329 certificaretis.

1370 1336 1484 1375 Insuper
1506 1338 1600 1380 sciatis·
1617 1336 1693 1375 quod
1713 1335 1838 1366 Gaillard
1848 1335 1884 1365 de
1896 1334 2024 1370 Solariis,
2043 1334 2075 1365 δε
2088 1333 2263 1364 Willielmus
2278 1333 2393 1364 Ernald.

1334 1375 1493 1420 Muneder,
1509 1376 1541 1406 ὅ(
1554 1375 1667 1419 quidam
1679 1374 1715 1405 de
1728 1374 1914 1418 complicibus
1929 1373 1979 1403 suis
1991 1373 2024 1403 ὅ(
2037 1372 2204 1410 fautoribus,
2221 1374 2286 1412 qui,
2305 1381 2335 1402 ut
2347 1373 2392 1403 di-

1333 1422 1406 1445 citur
1418 1437 1428 1453 2
1445 1422 1595 1445 intererant
1615 1423 1644 1444 vi
1659 1413 1692 1443 δε
1713 1423 1795 1443 armis
1814 1412 1976 1449 conflidtui,
1993 1411 2093 1442 habito
2107 1411 2254 1441 vobiscum
2267 1412 2297 1441 in
2310 1409 2394 1441 Civi-

1333 1461 1401 1497 tate.
1411 1452 1504 1483 nostra
1518 1451 1707 1497 Burdegaliae,
1727 1452 1774 1481 ubi
1786 1451 1901 1491 quidam
1921 1449 2073 1493 Milesk&
2088 1449 2198 1489 signifer
2208 1449 2297 1480 vester
2310 1451 2394 1480 inter-

1334 1491 1403 1522 fecti
1424 1491 1552 1529 fuerunt,
1571 1500 1601 1534 iri
1622 1498 1820 1527 contemptum
1845 1489 1879 1519 &
1898 1488 2089 1532 opprobrium
2112 1487 2267 1526 nostrum,
2286 1488 2319 1519 ὅ(
2344 1489 2394 1527 qui

1336 1530 1433 1569 postea
1449 1529 1565 1573 ‚fuerunt
1579 1539 1614 1572 *in
1634 1528 1738 1558 Castro
1757 1527 1793 1557 de
1813 1527 1971 1557 Frunziaco
1990 1534 2090 1556 contra
2101 1535 2154 1555 nos
2168 1526 2200 1556 ὃ(
2215 1535 2282 1564 vos,
2303 1527 2395 1566 (quo-

1337 1579 1399 1599 rum
1418 1577 1502 1599 etiam
1524 1567 1627 1611 autulio
1648 1566 1749 1611 tardius
1769 1566 1821 1596 fuit
1835 1564 1970 1595 Castrum
1983 1563 2153 1602 predictum
2166 1564 2324 1601 redditum)
2345 1575 2395 1595 ve-

1337 1617 1440 1640 nerunt
1452 1607 1485 1637 ad
1499 1616 1551 1636 nos
1562 1605 1652 1649 in'An
1674 1605 1738 1635 liam
1755 1616 1764 1642 3
1784 1614 1854 1642 quos
1867 1603 1959 1634 statim
1968 1602 2081 1647 ¹arestari
2093 1602 2210 1633 fecimus
2221 1603 2254 1634 &
2267 1603 2395 1634 detineri.

1337 1646 1561 1724 sinitis?
1583 1640 2096 1719 ἓὺὶηῗῃῖιῑάἳὲῗεὸἓῗῖἕὲἓὲῗιᾝᾋ
2107 1641 2399 1718 ἷξὲῗὲεὲἷῗέᾞῑῗῖῗῖἱ

1337 1723 1405 1767 inde
1420 1722 1507 1754 Curia
1520 1721 1615 1751 nostra
1627 1721 1758 1764 didrabit:
1779 1719 1833 1758 Et,
1850 1719 1880 1763 su
1917 1729 1929 1749 r
1943 1718 2015 1755 hoc,
2033 1717 2167 1748 dederunt
2181 1719 2263 1748 nobis
2279 1690 2399 1757 oblildes,

1338 1762 1444 1792 scilicet
1459 1785 1468 1797 ,
1486 1769 1575 1790 unum
1596 1759 1719 1789 filiorum
1737 1757 1856 1789 Rustani
1896 1767 1912 1788 e
1931 1757 2008 1788 Solat
2021 1779 2031 1794 ‚
2047 1756 2079 1788 ὅ(
2093 1757 2261 1797 praedictum
2275 1756 2399 1789 Williel-

1339 1810 1420 1830 mum
1438 1799 1543 1830 Ernald
1558 1797 1710 1828 Moneder.

1375 1839 1465 1882 Super
1476 1847 1535 1882 quo
1548 1836 1731 1880 consideravit
1746 1835 1833 1866 Curia
1853 1834 1947 1866 nostra
1959 1832 2036 1873 quod
2049 1833 2177 1873 praedieti
2190 1834 2400 1872 transgressores

1339 1877 1413 1908 stent
1426 1877 1531 1915 iudicio
1545 1874 1643 1920 Curiae
1654 1873 1758 1905 nostrae
1775 1874 1923 1905 Vasconiae
1961 1873 2011 1903 ubi
2024 1871 2157 1910 praedicta
2169 1872 2282 1903 fuerunt
2300 1872 2319 1892 *⁵
2337 1882 2400 1912 per-

1337 1924 1443 1960 petrata
1456 1938 1466 1954 ,
1485 1925 1545 1956 quo
1566 1914 1664 1944 melius
1683 1912 1787 1951 possmt
1806 1921 1906 1944 eorum
1923 1896 1996 1942 i‘aCta
2015 1911 2142 1951 probari,
2160 1910 2316 1942 secundum
2334 1921 2399 1950 quae

1336 1955 1481 1994 suscipiant
1494 1952 1572 1992 quod
1586 1960 1754 1983 meruerunt.

1376 1993 1414 2024 Et
1433 1993 1498 2023 ideo
1515 1992 1596 2022 vobis
1615 1990 1780 2035 mandamus
1799 1989 1875 2030 quod
1892 2012 1902 2027 ,
1918 1995 2033 2025 accepta
2053 1986 2194 2018 securitate
2213 1987 2248 2017 de
2262 1988 2402 2028 praedidlis

1339 2032 1425 2076 quod.
1439 2041 1536 2076 coram
1557 2030 1638 2060 vobis
1652 2039 1680 2059 in
1696 2028 1782 2059 Curia
1796 2027 1888 2058 nostra
1902 2027 2063 2057 Wasconiae
2086 2026 2223 2063 parebunt
2234 2027 2348 2064 justitiae
2365 2027 2401 2058 de

1338 2071 1479 2114 praediffitis
1490 2092 1499 2106 ‚
1518 2068 1546 2099 id
1565 2068 1647 2099 nobis
1666 2066 1821 2110 significetis
1832 2089 1841 2103 ‚
1858 2067 1891 2098 &
1915 2075 1967 2095 nos
1984 2073 2052 2095 tunc
2070 2064 2222 2103 praedi&oe
2239 2065 2347 2096 obsides
2365 2066 2400 2097 ad

1338 2119 1391 2140 vos
1405 2117 1594 2145 rermttemuS,
1611 2117 1665 2136 una
1679 2115 1745 2136 cum
1759 2106 1814 2136 aliis
1825 2104 1958 2143 justitiam
1973 2110 2138 2140 recepturos.

1378 2147 1432 2192 Et,
1452 2148 1471 2178 si
1484 2147 1533 2186 qui
1551 2146 1586 2176 de
1600 2154 1698 2174 eorum
1714 2144 1901 2181 complicibus
1917 2143 1950 2172 &
1963 2141 2113 2171 fautoribus
2127 2140 2218 2171 adhuc
2233 2141 2266 2172 ad
2283 2151 2334 2172 nos
2351 2152 2401 2173 ve-

1340 2195 1452 2256 gerint,
1473 2182 1809 2253 {os'affstarigaciemug
1827 2181 1920 2211 donec
1935 2179 2034 2210 similes
2052 2179 2135 2209 nobis
2153 2180 2280 2211 dederint
2292 2181 2403 2212 obfides

1361 2235 1379 2308 ἰ
1401 2233 1474 2303 upg³
1481 2219 1879 2305 qffiguycismduxiuriili‘ssssssgiieg
1890 2255 2064 2294 monendos,
2083 2256 2208 2294 quatinus
2222 2267 2282 2287 non
2301 2257 2353 2288 sitis
2371 2259 2400 2288 in

1340 2301 1393 2346 lius
1406 2300 1574 2338 exequendis
1593 2298 1662 2328 adeo
1679 2299 1764 2342 tepidi
1782 2298 1830 2341 'vel
1846 2295 1965 2340 remissi,
1981 2295 2057 2334 quod
2072 2304 2120 2334 per
2134 2295 2294 2326 facilitatem
2308 2298 2400 2328 veniae

1339 2350 1440 2370 iterum
1463 2339 1583 2369 sumatur
1599 2347 1614 2367 a
1635 2337 1767 2369 similibus
1781 2344 1955 2366 incentivum
1970 2333 2169 2371 delinquendi,
2188 2343 2240 2364 nec
2253 2335 2324 2364 adeo
2336 2345 2401 2366 cru-

1339 2379 1428 2423 deleS,
1446 2377 1528 2422 quod·
1539 2377 1608 2407 ultra
1622 2376 1717 2405 merita
1727 2374 1897 2418 'procedatur
1912 2373 1946 2402 ad
1959 2382 2079 2409 poenas,
2097 2371 2136 2403 set
2151 2382 2199 2409 per
2219 2374 2340 2403 tramites
2353 2374 2402 2411 ju-

1341 2417 1424 2461 stitiae
1441 2416 1574 2459 linealiter
1592 2413 1768 2457 procedatis,
1785 2421 1869 2452 prout
1885 2410 2036 2442 constantis
2050 2410 2083 2441 &
2093 2408 2274 2449 justiJudicis
2287 2413 2400 2452 requirit

1340 2455 1505 2498 solicitudo,
1521 2455 1554 2486 &
1567 2453 1634 2484 inde
1647 2452 1767 2483 debeatis
1780 2451 1877 2481 diebus
1891 2450 2030 2490 perpetuis
2044 2449 2247 2479 commendari.

1377 2493 1431 2532 Et,
1448 2504 1511 2538 quia
1525 2515 1534 2530 ,
1550 2491 1690 2531 pendente
1707 2490 1836 2529 judicio,
1853 2499 1902 2527 per
1920 2488 2094 2518 securitatem
2110 2487 2310 2524 praed-:erorum
2326 2488 2403 2518 obsi-

1337 2533 1424 2571 dum,
1441 2542 1479 2562 eis
1492 2530 1680 2574 concessimus
1693 2528 1869 2571 conduCtum
1884 2526 2029 2564 nostrum,
2047 2525 2130 2555 vobis
2141 2525 2303 2557 mandamus
2323 2526 2401 2565 quod

1339 2582 1401 2641 gon
1412 2570 1562 2640 exldiibeatis
1581 2579 1633 2600 vos
1654 2569 1692 2599 eis
1705 2566 1859 2608 suipecltOS,
1878 2575 1915 2597 ne
1929 2565 1986 2596 dici
2000 2563 2084 2604 possit
2095 2564 2173 2604 quod
2185 2575 2201 2596 a
2215 2565 2340 2605 suspesto
2348 2565 2403 2604 Ju-

1360 2620 1402 2641 ice
1414 2621 1446 2649 Ju
1468 2617 1585 2639 icentur.

2419 1914 2435 1931 ¹*
2452 1915 2550 1950 1.45o.‘

1372 2685 1461 2717 Teste
1474 2685 1557 2726 Rege
1575 2681 1649 2725 apud
1663 2681 1842 2719 Clarendon‚
1861 2689 1899 2720 30
1913 2679 1959 2710 die
1974 2677 2172 2718 Novembris,
2187 2680 2344 2718 ann0,&c.
2355 2689 2402 2721 34.

1340 2761 2394 2783 .-----------------.--..-,-

1456 2823 1648 2872 Indulgentia
1667 2824 1828 2857 Innocentii
1847 2821 1952 2866 quarti
1968 2826 2071 2850 contra
2090 2816 2278 2860 Provfiones.

1341 2912 1564 2981 leggcentius
1577 2907 1747 2951 Episcopus,
1765 2906 1855 2937 servus
1866 2904 2010 2948 serrorum
2024 2901 2100 2940 Dei,
2117 2899 2228 2945 dilectis
2246 2899 2307 2930 filiis

1460 2959 1496 2981 ati
1516 2950 1549 2980 &
1571 2947 1737 2978 Conventui
1759 2943 1927 2975 Monasterii
1943 2941 2044 2973 sanctae
2062 2939 2164 2971 Crucis
2179 2938 2215 2969 de
2231 2937 2398 2976 waltham,
2419 2926 2496 2957 Ann-
2510 2926 2550 2957 D-

1341 2990 1458 3020 Ordinis
1479 2987 1573 3019 Sancti
1590 2984 1756 3025 Augustini,
1775 2981 1956 3013 Londonien.
1974 2980 2064 3011 Dioc.
2079 2978 2208 3016 salutem,
2226 2977 2259 3009 &
2275 2976 2399 3016 Aposto-
2440 2975 2525 3004 1249·

1340 3030 1426 3060 licam
1440 3025 1679 3057 benedictionem.
2418 3007 2470 3032 An.
2487 3011 2533 3042 34·

1379 3067 1512 3097 Procedit
1523 3073 1556 3094 ex
1570 3063 1728 3094 devotionis
1742 3058 1841 3090 vestrae
1854 3058 1959 3088 meritis
1969 3064 2016 3095 ut,
2033 3064 2117 3096 quam
2137 3053 2223 3094 digne
2237 3052 2399 3094 possumus,
2418 3046 2460 3108 {fx
2473 3051 2531 3108 {im

1343 3106 1424 3137 vobis
1436 3105 1555 3135 libenter
1569 3102 1685 3140 gratiam
1699 3100 1839 3130 faciamus.

1382 3142 1462 3173 Hinc
1476 3141 1517 3172 est
1531 3140 1611 3180 quod
1626 3148 1692 3175 nos,
1710 3136 1807 3167 vestris
1823 3133 2068 3174 supplicationibus
2081 3130 2222 3168 inclinati,
2234 3130 2400 3161 auctoritate
2421 3126 2485 3156 “²2’'-

1342 3183 1425 3226 vobis
1436 3180 1612 3224 praesentium
1625 3177 1801 3221 indulgemus
1815 3183 1863 3212 ut,
1877 3172 1910 3203 ad
1923 3181 1986 3216 rece
2008 3173 2116 3213 tionem
2125 3193 2134 3206 ,
2153 3168 2198 3200 seu
2212 3169 2402 3214 provisionem

1344 3222 1458 3256 alicuius
1480 3229 1509 3248 in
1535 3217 1712 3254 pensionibus
1725 3237 1734 3252 ,
1752 3213 1796 3243 seu
1822 3211 1962 3242 beneficiis
2013 3207 2186 3240 eclesiasticis
2200 3231 2210 3245 ,
2229 3216 2278 3246 pei·
2302 3207 2403 3237 litteras

1347 3257 1523 3296 Apostolicas
1538 3254 1671 3292 compelli
1684 3253 1802 3283 minime
1816 3251 1941 3288 valeatis,
1954 3257 2018 3290 quae
2029 3247 2065 3279 de
2078 3247 2131 3277 hac
2152 3244 2327 3284 indulgentia
2340 3255 2401 3276 non

1345 3299 1463 3330 fecerint
1477 3296 1661 3326 mentionem.

1384 3335 1469 3366 Nulli
1487 3343 1503 3363 e
1536 3342 1556 3362 o
1575 3331 1698 3362 omnino
1719 3328 1869 3359 hominum
1888 3326 1970 3356 liceat
1984 3325 2057 3355 hanc
2072 3324 2205 3368 paginam
2216 3319 2321 3352 nostrae
2332 3330 2404 3353 con-

1347 3373 1476 3407 cessionis
1488 3372 1517 3401 in
1544 3372 1654 3407 ingere,
1671 3368 1715 3398 vel
1727 3368 1752 3397 ei
1765 3366 1828 3397 ausu
1841 3366 1989 3396 temerario
2001 3370 2156 3398 contraire,

1386 3412 1474 3450 Siquis
1488 3418 1581 3439 autem
1594 3408 1651 3438 hoc
1666 3413 1830 3445 attemptare
1842 3403 1958 3444 praesum
1981 3402 2057 3440 sei-it,
2074 3398 2294 3437 indignationem
2306 3398 2402 3427 omni-

1349 3447 1546 3492 potentileei
1559 3470 1568 3485 ,
1586 3446 1619 3477 &
1636 3447 1785 3476 beatorum
1808 3442 1882 3474 Petri
1901 3442 1934 3474 &
1957 3413 2054 3479 Bauli,
2070 3435 2276 3476 Apostolorum
2287 3436 2360 3474 ejus,
2376 3434 2403 3466 se

1348 3488 1461 3522 noverit
1474 3486 1657 3517 incursurum.

1387 3564 1454 3596 Dat.
1474 3560 1609 3598 Lugdun.
1626 3569 1658 3599 15
1676 3556 1737 3589 Kal.
1749 3551 2076 3596 Januarii‚Pontificatfis
2087 3549 2173 3582 nostri
2187 3558 2262 3580 anno
2275 3547 2401 3588 septimo.

1585 3701 1674 3734 Bulla
1690 3700 1726 3734 de
1745 3711 1842 3733 annuo
1860 3696 1952 3742 Cenfh
1960 3689 2158 3740 persblvendo.

1351 3786 1570 3856 ΙῙῖῙὶηοςςηῑὶυε
1584 3784 1752 3829 Episcopus,
1769 3783 1859 3818 servus
1871 3781 2011 3826 servorum
2025 3777 2098 3814 Dei,
2113 3773 2254 3805 cariffimo
2271 3774 2300 3803 in
2315 3772 2403 3818 Chri-
2422 3776 2500 3808 Am,-
2515 3776 2556 3809 D·

1352 3824 1589 3896 bened'igtlilgnem.
1628 3823 1701 3863 Regi
1720 3822 1882 3860 Anglorum
1900 3817 2012 3855 illustri,
2029 3815 2140 3846 salutem
2157 3812 2191 3842 &
2207 3811 2402 3851 Apostolicam
2422 3825 2526 3883 112249.

1389 3902 1534 3933 Serenitati
1553 3899 1653 3939 Regiae
1671 3897 1849 3939 praesentibus
1865 3892 2019 3939 innotescat
2050 3888 2113 3933 uod
2128 3887 2225 3933 dileffi
2239 3888 2286 3919 filii
2292 3913 2302 3927 ‚
2315 3889 2402 3929 Jaco.
2423 3864 2537 3929 3⁰33&

1352 3942 1404 3972 bus
1424 3941 1460 3971 de
1482 3940 1560 3970 Scala
1600 3939 1726 3977 Arengus
1747 3935 1908 3972 Abadengi,
1924 3931 2013 3970 Hugo
2062 3926 2196 3966 usticelli,
2209 3926 2332 3966 jacobus
2345 3929 2402 3960 Gi-
2423 3935 2464 3958 Ex
2479 3933 2539 3958 A...

1353 3979 1442 4017 berti,
1462 3977 1495 4009 &
1508 3961 1693 4009 Balcsenoetus
1706 3974 1797 4012 Petri,
1815 3978 1982 4003 mercatores
1994 3966 2164 4003 florentini,
2345 4004 2404 4037 Pro
2424 3975 2490 4005 ²08⁷·
