2570 4261
233 72 278 99 12

84 140 158 172 Ann-
174 138 216 174 D.
230 143 330 181 fuerit,
344 144 378 174 &
392 151 426 174 ex
440 151 516 181 parte
527 142 610 180 ipfius
622 142 701 180 super
713 143 771 172 hoc
783 142 886 172 fueritis
900 140 1039 179 requisiti,
1058 139 1236 178 praesentibus
1249 147 1294 168 us-

108 179 191 211 1286.

85 223 151 248 Edv.
176 229 198 247 ι.

88 589 164 621 Ann.
179 588 218 618 D.

118 629 200 657 1286,

87 670 140 694 An.
162 677 202 702 ¹4·

87 709 118 732 E.
143 714 165 733 i.

87 748 143 771 Rot.
157 744 185 771 de

86 785 201 819 Treuga,

88 830 146 852 (γε.
159 830 199 855 ¹4-

87 862 217 887 E.i.m.2.

87 897 220 936 ⁸'Il-330.

96 2214 174 2245 Anti.
184 2212 224 2244 D.

116 2254 202 2283 1286.

94 2296 146 2320 An.
166 2301 208 2327 ¹4-

95 2352 151 2397 Rat.
168 2353 196 2396 'de

94 2411 191 2450 :si-tuga
200 2427 207 2438 ‚

98 2454 154 2477 (γε.
167 2455 209 2480 14.

95 2487 192 2512 ΞΛΜ,
203 2494 229 2522 3.

105 3741 237 3778 ”ll-33¹·

233 192 290 219 que
303 183 337 225 ad
350 182 465 212 Festum
480 182 576 213 Sancti
586 181 735 211 Michaelis
750 181 921 220 Archangeli
934 180 1060 210 secundo
1073 187 1226 210 venturum
1239 175 1294 206 du-

235 230 343 251 raturis.

271 295 381 325 Afrum
396 293 512 325 Parisius
526 294 572 324 die
583 293 665 332 Jovis
680 293 742 331 post
757 292 872 324 Festum
884 294 975 325 Beatae
993 293 1093 324 Mariae
1103 291 1295 333 Magdalenae,

233 343 308 364 anno
322 333 446 363 Domini
459 333 608 363 millesimo
620 333 816 364 ducentesimo
828 333 1023 373 ostuagesimo
1035 332 1120 362 sexto.

236 459 342 493 Litem
361 456 487 502 Asfonsb
510 459 584 504 Regi
599 459 778 504 Aragom'ae,
804 455 857 490 nbi
871 455 906 490 de
922 461 1043 504 negotiis
1060 459 1148 489 varie
1159 465 1299 502 protrac-

474 509 533 548 tis,
559 509 596 545 (ᾖν
613 505 648 539 de
666 504 744 549 vista
767 510 844 539 inter
863 518 907 539 cos
916 504 1072 550 facienda,

238 588 408 650 EGregio
429 589 557 632 Principi
577 591 712 622 Domino
734 591 871 629 Alfonso,
890 589 948 620 Dei
991 589 1072 628 tatia,
1091 588 1167 628 Regi
1190 587 1300 630 Arago-

310 629 382 667 nlae,
401 628 536 668 Majoric.
549 638 634 668 atque
654 630 808 668 Valentiae,
827 629 940 660 Comiti
961 599 1162 665 &archinonaffi
1181 626 1301 657 dear-

237 666 306 704 diJS,
323 667 423 698 eadem
438 667 543 706 gratia,
563 668 627 698 Rex
641 668 765 708 Angiiae,
782 668 926 699 Dominus
941 667 1106 705 Hiberniae,
1124 667 1157 697 ὃς
1173 665 1243 696 Dux
1256 664 1299 694 A-

237 707 386 745 quitaniae,
404 706 519 737 salutem
537 708 569 738 &
587 707 702 737 sincerae
713 706 872 738 dilectionis
884 706 1028 736 affectum.

276 744 384 775 Fideles
404 744 511 775 vestros
535 744 671 776 Nuncios
689 769 699 783 ,
723 747 798 775 viros
818 746 837 765 ‘¹‘
857 744 1028 775 venerabiles
1042 767 1052 781 ,
1079 743 1162 773 nobis
1184 741 1299 779 missos,

236 781 359 822 scilicet,
377 783 494 814 Petrum
518 783 637 814 Mai-tini
658 783 694 814 de
717 783 858 815 Artissona
876 782 1021 820 Militem,
1038 782 1244 820 &Johannem
1265 780 1302 811 de

239 821 382 860 Zappata,
400 831 469 852 curn
491 821 571 852 hilari
587 822 765 861 jocunditate
786 822 968 860 suscepimus,
987 822 1020 852 δε
1042 821 1078 850 ab
1101 822 1139 851 eis
1155 820 1238 850 relata
1252 830 1301 849 au-

236 859 359 890 divimus
380 860 526 899 diligenter
548 860 628 898 super
648 860 733 891 vestri
754 861 839 891 statiis
860 859 1050 898 prosperitate:
1069 859 1152 889 nobis
1175 868 1224 896 per
1239 868 1302 887 eos-

237 899 304 929 dem
324 900 398 929 vivae
417 900 497 930 vocis
517 900 634 930 oraculo
653 901 782 930 nunciata
795 899 960 939 gaudentes,
979 900 1012 929 &
1030 899 1060 928 in
1075 899 1200 935 caeteris,
1218 897 1301 927 nobis

235 947 285 976 per
299 937 414 968 eosdem
428 937 573 982 expositis,
592 939 704 977 plenam
716 938 845 969 fiduciam
860 937 1037 975 adhibentes,

275 976 387 1006 Verum
408 985 538 1020 negotia,
557 987 610 1014 pro
632 987 756 1021 quorum
777 976 955 1015 expeditione
976 976 1010 1006 ad
1033 973 1159 1005 nostram
1179 971 1303 1004 accesse—

235 1023 301 1045 runt
316 1015 506 1053 praesentiam,
524 1015 597 1047 adeo
613 1015 708 1054 saepius
724 1017 849 1046 intricata
859 1015 990 1052 fuerunt,
1009 1014 1086 1052 quod
1098 1015 1175 1052 juxta
1188 1013 1316 1043 maturi-'

236 1062 323 1084 tatem
332 1078 341 1092 ,
360 1054 376 1084 {i
390 1055 472 1084 nobis
489 1055 521 1098 βε
535 1055 570 1084 ab
585 1054 622 1085 eis
635 1054 819 1093 optatam,ad
833 1054 1110 1085 consummationem
1119 1052 1231 1083 felicem
1240 1060 1301 1081 non

237 1101 367 1130 poterant
381 1103 537 1131 pervenire.

277 1132 444 1170 Qiocirca,
463 1142 513 1169 per
525 1132 716 1162 intricationes
730 1130 891 1169 hujusmodi
905 1132 992 1162 varias
1007 1129 1200 1168 multipliciter
1211 1129 1303 1168 impe-

235 1168 303 1208 diti,
321 1171 354 1201 &
373 1179 473 1201 contra
492 1169 597 1201 nostrie
618 1171 780 1201 intentionis
800 1170 976 1208 propositum
997 1169 1070 1206 saepe
1085 1168 1238 1206 protracti,
1259 1169 1302 1205 ip-

236 1208 279 1238 sos
298 1208 332 1238 N
336 1210 434 1239 uncios
456 1209 619 1239 multotiens
638 1209 771 1239 recedere
789 1209 962 1239 intendentes
976 1233 985 1246 ,
1004 1208 1070 1238 licet
1093 1208 1196 1238 invitos
1209 1229 1219 1244 ,
1235 1206 1302 1236 licet

236 1246 286 1277 diu
309 1248 477 1285 urotraeios,
493 1257 594 1278 contra
607 1249 729 1288 propriae
741 1248 891 1278 voluntatis
902 1248 1046 1277 arbitrium
1061 1246 1179 1276 fecimus
1199 1246 1301 1275 retine-

238 1287 278 1323 ri,
316 1296 391 1316 onec
411 1296 447 1316 eo
467 1285 558 1316 modo
580 1286 693 1325 possent
714 1285 845 1317 recedere
857 1309 867 1324 ,
892 1286 970 1324 quod
990 1286 1072 1316 vobis
1093 1283 1206 1322 possent
1226 1292 1302 1314 certa

236 1324 328 1362 aliqua
348 1333 506 1363 reportare,
525 1326 591 1363 qui,
611 1325 727 1363 qualiter
746 1325 829 1355 fuerit
848 1324 1009 1362 processum
1031 1325 1059 1353 iri
1088 1324 1222 1353 omnibus
1238 1346 1248 1360 ,
1266 1322 1301 1353 &

239 1363 356 1400 qualiter
380 1363 628 1399 consummatum,
647 1363 787 1402 statusque
806 1363 896 1394 nostri
916 1363 1123 1394 continentiam
1144 1360 1198 1392 fida
1219 1361 1303 1392 vobis

239 1401 375 1431 relatione
388 1410 522 1439 poterunt
537 1404 677 1433 nunciare.

278 1440 416 1478 Qiorum
439 1440 544 1477 fidem,
561 1441 735 1478 diligentiam
755 1448 838 1478 atque
860 1438 1042 1477 industriam,
1061 1440 1090 1469 in
1105 1436 1304 1476 pertractandis

238 1478 273 1509 &
295 1478 464 1516 exequendis
485 1479 585 1510 vestris
605 1480 742 1519 negotiis,
760 1480 788 1508 in
811 1478 944 1509 Domino
965 1477 1220 1515 commendamus3
1240 1486 1304 1506 eos-

237 1517 305 1547 dem
326 1517 497 1549 Sublimitati
518 1517 634 1556 vestrae,
654 1528 722 1549 cuni
743 1517 828 1555 pleno
850 1517 963 1548 laudum
978 1517 1142 1555 praeconio,
1160 1515 1306 1546 remitten-

238 1564 287 1586 tes.

276 1594 453 1625 Terminum
466 1593 563 1632 vistie,
582 1596 654 1625 inter
668 1604 720 1625 nos
735 1594 768 1625 &
782 1604 835 1625 vos
848 1593 881 1624 ad
899 1594 1023 1623 invicem
1045 1592 1199 1631 faciendae,
1217 1601 1306 1630 expo-

239 1633 342 1664 suimus
362 1633 466 1664 eisdem
487 1633 610 1664 secreto:
630 1643 718 1671 quem
734 1633 817 1664 vobis
860 1632 893 1662 ad
915 1643 966 1663 vos
986 1633 1130 1662 venientes
1144 1656 1153 1669 ,
1171 1639 1306 1670 poterunt

240 1674 389 1709 nunciare,
405 1673 507 1711 quibus
523 1673 550 1701 in
567 1671 623 1702 istis
638 1674 672 1703 ὃ(
687 1672 743 1702 aliis
756 1657 932 1711 expediendis
943 1695 952 1710 ,
962 1671 1076 1710 plenam
1087 1670 1220 1701 adhibere
1234 1669 1307 1700 fidu-

239 1712 316 1780 ciaxm
325 1712 478 1771 'nullatinus
490 1710 631 1742 dubitetis.

308 1758 387 1780 aete.

279 1825 348 1856 Dat.
371 1825 453 1857 Paris.
473 1826 609 1857 vicesimo
634 1828 736 1864 quinto
759 1826 804 1857 die
823 1825 906 1864 Jiilii,
924 1835 1000 1856 anno
1021 1824 1145 1856 Domini
1158 1823 1308 1855 millesimo

240 1864 435 1896 ducentesimo
449 1866 642 1904 oeiuagei‘imo
656 1866 740 1896 semo.

245 2001 357 2032 Forma
381 2001 500 2047 Trcugae
527 2011 587 2045 quae
601 2025 609 2041 ‚
635 1997 786 2031 mediante
816 1999 892 2043 Rege
921 1996 1054 2043 Angliae‚
1080 1998 1157 2028 inita
1175 1995 1243 2040 fuit
1260 1998 1308 2027 in·

289 2058 335 2080 ter
363 2053 450 2096 Reges
475 2050 608 2085 Franciae
640 2051 677 2085 ὠ
708 2049 868 2093 Aragoniae
889 2072 898 2088 ,
922 2057 960 2078 ex
981 2056 1070 2092 parte
1095 2047 1183 2092 Regis
1210 2046 1310 2077 Fran-

291 2108 348 2129 τηε.

314 2179 444 2212 Niversis
466 2179 575 2211 Christi
596 2179 742 2218 fidelibus,
760 2178 794 2209 ad

330 2221 402 2257 rint,
420 2218 576 2249 Edwardus
592 2243 601 2257 ,
622 2218 679 2249 Dei
698 2220 783 2258 gratia
799 2243 808 2256 ,

246 2258 383 2289 Domino
399 2258 604 2295 sempiternam.

285 2296 365 2327 Cum
383 2296 537 2327 carissimus
560 2296 707 2326 Dominus
728 2296 761 2326 ὅ(
783 2295 1005 2335 consanguineus
1026 2293 1121 2325 noster
1143 2293 1308 2334 Philippus,

249 2335 307 2366 Dei
322 2336 424 2375 gratia,
441 2335 507 2366 Rex
520 2334 645 2365 Franciae
657 2334 782 2372 illustris,
801 2334 836 2364 ad
849 2334 1062 2372 requisitionem
1077 2334 1110 2365 ὃ(
1127 2342 1225 2371 preces
1245 2342 1312 2363 nos-

247 2383 301 2405 tras

283 2399 382 2443 Nobis
396 2411 564 2443 concesserit
578 2411 728 2450 plenariam
741 2410 928 2450 potestatem,
947 2410 966 2441 fi
980 2411 1093 2441 summo
1104 2409 1238 2441 Pontifici
1253 2408 1311 2447 pla-

246 2453 352 2489 cuerit,
369 2451 548 2482 concedendi
561 2460 668 2490 treugas
683 2450 770 2493 usque
781 2449 816 2480 ad
836 2449 951 2480 Festum
962 2450 1058 2480 Sand'ti
1072 2448 1221 2479 Michaelis
1241 2447 1312 2486 Sep-

247 2492 380 2527 tembris,
397 2500 472 2520 anno
495 2489 619 2520 Domini
640 2489 790 2519 millesimo
811 2488 1007 2519 ducentesimo
1020 2488 1106 2518 oetua
1126 2488 1215 2518 elimo
1229 2486 1311 2525 septi-

246 2539 316 2567 mo,
333 2529 370 2558 de
391 2529 417 2559 se
436 2530 469 2560 ὃ(
489 2528 599 2566 Regnis
620 2527 690 2566 suis,
709 2527 871 2566 Gentibus,
890 2527 1014 2557 Vallallis
1028 2526 1100 2558 &V
1128 2526 1245 2557 itoribus
1257 2525 1310 2556 suis

837 2190 887 2210 uos
902 2178 1049 2218 praesentes
1062 2178 1160 2210 litterae
1174 2187 1311 2216 pervene-

859 2228 893 2249 ex
912 2218 1024 2258 Angliae
1038 2242 1048 2256 ,
1067 2218 1126 2249 &o
1147 2217 1263 2248 salutem
1282 2217 1311 2247 in

245 2568 414 2598 eorumdem
428 2568 618 2606 Regnorum,
637 2566 790 2606 magnifico
805 2566 930 2605 Principi
944 2559 1315 2608 Dominomffi*

247 2607 304 2637 Ara
323 2608 397 2636 oniae
412 2606 527 2644 illustri,
547 2605 697 2644 Aragoniae
712 2605 907 2643 Valentiaeque
927 2605 1051 2644 Regnis,
1070 2612 1097 2635 at
1120 2613 1154 2634 ue
1177 2603 1308 2634 Comita-

246 2647 288 2675 tui
333 2645 509 2682 archinonae,
526 2644 681 2682 Terrisque
701 2643 757 2673 aliis
782 2653 848 2681 quas
866 2642 986 2681 possidet
1001 2644 1030 2672 in
1045 2652 1102 2680 prae
1114 2643 1187 2680 enti,
1203 2641 1309 2672 Genti-

246 2684 315 2721 biis,
333 2683 473 2721 Vassallis,
491 2684 524 2714 &
546 2681 718 2713 Valitoribus
740 2681 792 2712 suis
812 2681 980 2712 eorumdem
994 2680 1187 2719 Regnorum,
1204 2679 1310 2710 Comi-

246 2721 319 2753 tatus
335 2723 436 2760 pariter
449 2723 482 2753 &
497 2730 651 2759 terrarum,

284 2761 370 2799 Nos,
386 2770 420 2791 ex
433 2759 593 2799 hujusmodi
609 2758 746 2797 potestate
761 2759 843 2788 nobis
857 2757 1006 2796 concessa,
1024 2757 1112 2788 Petro
1133 2756 1251 2787 Martini
1272 2755 1309 2787 de

247 2799 380 2830 Artisono
396 2799 501 2837 Militi,
517 2798 643 2838 johanni
656 2798 692 2828 de
708 2797 853 2836 Zeppata,
869 2796 1102 2827 Procuratoribus
1117 2795 1243 2834 praedisti
1258 2794 1309 2826 Ai-

246 2838 319 2868 fonsi
333 2838 422 2869 incliti
438 2838 526 2868 Reois
542 2837 711 2876 Aragonize,
728 2836 894 2866 habentibus
909 2834 1062 2874 recipiendi
1077 2834 1185 2865 easdem
1201 2843 1261 2865 treu
1283 2844 1309 2864 as

246 2876 399 2914 plenariam
413 2864 581 2914 potestatem
595 2877 628 2907 ὅ(
642 2874 758 2916 speciale
774 2873 952 2912 mandatum,
971 2884 1024 2911 pro
1039 2874 1097 2912 ipso
1109 2873 1228 2903 Alfonso
1281 2883 1311 2903 e-

247 2924 284 2953 ge
306 2915 420 2952 praefato
441 2916 482 2946 Ar
510 2915 609 2951 oniae,
627 2914 752 2953 Regnis,
771 2912 921 2943 Comitatu
943 2913 976 2944 &
992 2913 1090 2943 Terris
1101 2912 1258 2953 praediCtis,
1276 2921 1309 2942 ac

250 2954 302 2983 suis
321 2953 446 2983 Vaffallis
461 2978 470 2991 ,
482 2924 663 2983 Ἓαὶίῑοῑὼυε
684 2952 808 2995 ipsorum
838 2951 1010 2994 Regnorum
1025 2976 1034 2990 ,
1059 2949 1223 2982 Comitatus
1238 2974 1248 2988 ,
1274 2951 1308 2981 &

249 2991 422 3030 Terrarum,
441 2991 528 3022 dietas
541 3001 664 3029 treugas,
684 2993 703 3021 si
716 2993 830 3021 summo
844 2989 977 3020 Pontifici
999 2990 1151 3029 placuerit,
1168 2988 1309 3020 concessi-

251 3039 313 3060 mus
326 3030 411 3068 usque
423 3029 457 3059 ad
471 3031 626 3060 terminum
641 3030 846 3067 supradistum·⁷

287 3068 362 3098 Infra
376 3078 460 3106 quam
472 3076 597 3107 treugam
607 3093 616 3106 ,
634 3068 670 3097 de
681 3068 826 3098 voluntate
839 3066 962 3105 expressa
977 3067 1103 3106 preediffi
1117 3065 1309 3096 DominiRe-

247 3107 287 3146 gis
303 3106 444 3144 Franciae,
462 3107 495 3137 ὃ(
511 3107 712 3144 praedictorum
726 3106 947 3137 Procuratorum
961 3106 1030 3137 dicti
1044 3106 1132 3144 Regis
1148 3104 1310 3135 Alfonsiin-

247 3145 324 3176 cludi
344 3145 475 3176 volumus
495 3145 623 3175 nobilem
646 3146 740 3175 virum
760 3145 923 3175 Dominum
941 3144 1104 3183 Jacobum,
1123 3153 1253 3182 patruum
1266 3143 1309 3174 su-

248 3184 365 3222 pradiffi
386 3183 496 3214 min'fici
515 3183 602 3223 Regis
624 3182 664 3212 Ar
699 3184 773 3213 oniae
788 3208 798 3221 ,
825 3183 934 3213 Gentes
948 3208 956 3221 ,
982 3183 1118 3214 Vass'allos
1134 3207 1143 3221 ,
1169 3182 1308 3213 Valitores

249 3223 313 3253 suos
327 3245 336 3260 ,
362 3223 395 3253 8:
413 3222 516 3252 Terras
535 3231 602 3260 quas
621 3193 762 3259 poffident
782 3223 810 3251 in
832 3222 981 3261 praesenti3
1001 3223 1020 3253 si
1041 3231 1137 3253 tamen
1158 3221 1216 3251 hoc
1235 3220 1308 3258 suae,

249 3261 353 3292 scilicet
376 3262 527 3291 memorati
543 3260 648 3299 jacobi
662 3285 672 3297 ,
697 3261 829 3297 placuerit
854 3261 1015 3299 voluntati,
1040 3260 1119 3298 super
1142 3270 1202 3297 quo
1222 3259 1309 3298 usque

248 3299 283 3330 ad
304 3300 418 3331 odtabas
437 3299 640 3338 Assumptionis
660 3299 749 3329 beatae
772 3298 895 3338 Virginis
914 3300 991 3329 suam
1007 3300 1106 3337 nobis,
1123 3298 1168 3329 vel
1184 3297 1310 3329 Nunciis

249 3337 364 3406 postris,
381 3347 495 3380 propter
508 3339 565 3369 hoc
577 3337 728 3376 specialiter
743 3337 928 3376 destinandis,
945 3338 1086 3369 declarare
1099 3337 1239 3369 tenebitur
1255 3346 1310 3369 vo-

262 3387 393 3408 untatem.

287 3415 315 3445 Si
335 3426 428 3447 autem
446 3415 537 3446 dietus
547 3414 672 3453 jacobus
687 3422 814 3451 treugam
828 3424 886 3444 non
902 3416 1088 3453 acceptaverit
1105 3422 1310 3452 memoratam,

251 3452 284 3483 &
299 3462 424 3492 guerram
438 3454 537 3484 fecerit
552 3453 669 3492 praefato
684 3453 816 3484 Domino
831 3453 950 3483 Alfonso
972 3455 1062 3493 Regi,
1081 3453 1231 3492 Aragoniae
1252 3452 1311 3484 Va-

251 3490 399 3531 lentiaeque
418 3493 544 3532 Regnis,
559 3501 592 3522 ac
613 3490 703 3522 Com.
719 3491 885 3522 Barchinon.
899 3493 932 3523 &
947 3493 1003 3523 aliis
1015 3493 1114 3523 Terris
1135 3502 1202 3529 quas
1226 3490 1312 3529 possi-

254 3528 302 3559 det
314 3531 342 3560 in
359 3534 499 3571 praesenti,
519 3530 660 3568 Vassallis,
676 3529 702 3560 V
705 3531 845 3560 :ilitoribus
859 3530 910 3560 suis
931 3531 1099 3561 eorumdem
1120 3530 1312 3569 Regnorum,

253 3566 416 3611 Comitatus
436 3572 537 3608 pariter
559 3570 593 3601 &
613 3569 785 3609 Terrarum,
805 3568 954 3606 praedicstus
975 3570 1039 3599 Rex
1062 3570 1186 3600 Franciae
1198 3569 1225 3598 V
1227 3568 1311 3598 assalli

253 3606 287 3648 {Sc
301 3605 438 3649 Valitores
451 3609 490 3639 sui
506 3619 566 3639 non
577 3609 676 3646 juvent
691 3607 804 3638 dictum
818 3607 982 3638 Dominum
991 3608 1135 3646 jacobum
1149 3609 1179 3637 in
1198 3607 1312 3646 aliquo,

254 3652 285 3673 in
299 3648 440 3683 mvaiione
458 3646 617 3685 hujusmodi
628 3646 762 3676 facienda.

290 3680 328 3724 Et
348 3683 409 3713 vice
425 3685 518 3723 veria,
536 3685 555 3716 si
574 3685 665 3716 dietus
679 3684 824 3715 Dominus
838 3683 904 3714 Rex
912 3683 1081 3723 Aragoniae‚
1095 3683 1224 3722 Gentes,
1242 3683 1314 3714 Vas-

252 3718 308 3750 salli
320 3742 330 3757 ,
354 3729 401 3750 aut
421 3722 557 3764 Valitores
577 3724 615 3754 sui
632 3723 742 3754 dietum
766 3722 927 3753 Dominum
944 3723 1089 3761 Jacobum
1103 3747 1113 3761 ‚
1138 3723 1157 3742 ¹*
1177 3722 1314 3753 Patruum

252 3758 350 3794 suum,
369 3759 483 3794 pacifice
499 3761 526 3790 se
538 3761 707 3799 habentem,
725 3769 771 3792 aut
785 3761 905 3799 Terras,
921 3761 967 3792 vel
983 3761 1082 3792 Castra
1094 3771 1158 3800 quae
1172 3770 1250 3791 nunc
1271 3768 1315 3790 te-

253 3804 303 3843 net
326 3796 372 3839 vel
390 3797 523 3836 possidet,
540 3801 635 3839 primo
655 3800 833 3831 invaderent·
853 3800 886 3830 &
905 3799 996 3830 dietus
1013 3800 1139 3868 ἐέεοὺυε
1152 3822 1162 3837 ,
1184 3799 1313 3836 Gentes,

254 3833 384 3871 waffalii,
402 3843 447 3867 aut
468 3835 603 3869 Valitores
623 3839 662 3869 sui
682 3838 806 3868 eundem
859 3839 992 3869 ominum
1045 3848 1128 3878 egem
1143 3837 1312 3875 Alfonsum‚

254 3872 379 3909 Gentes,
398 3871 549 3915 Vaslallos,
569 3884 615 3906 aut
636 3876 775 3907 Valitores
796 3876 878 3914 ipsius
891 3901 901 3914 ,
919 3877 1023 3907 Terras
1039 3878 1086 3908 vel
1106 3875 1206 3907 Castra
1218 3899 1229 3912 ,
1247 3884 1312 3912 quae

252 3910 393 3954 possident
407 3920 438 3954 in
450 3909 597 3955 Catelonia
606 3936 615 3949 ,
634 3914 677 3943 vel
689 3915 775 3953 alibi,
791 3914 921 3945 invadere
938 3915 1081 3946 voluerint
1094 3924 1128 3945 ex
1141 3913 1207 3952 post
1221 3913 1312 3952 faCtQ

252 3949 333 3983 liceat
346 3949 481 3982 Domino
494 3949 568 3988 Regi
583 3950 721 3990 Franciae,
737 3954 795 3993 ejus
809 3952 970 3993 Gentibus,
988 3953 1129 3993 Vaffallis,
1146 3953 1181 3985 &
1202 3950 1311 3984 Valito-

691 46 1498 99 CONVENTIONES,
1552 46 1939 106 LITERAE‚

1331 133 1406 164 ribus
1418 133 1714 179 ¹eundem-Jacobum
1733 138 1767 169 ὃς
1784 137 1862 177 suos,
1878 146 1938 169 tam
1956 137 1987 167 in
2007 135 2173 168 defensione
2185 136 2344 169 Terrarum
2358 139 2393 170 &
2414 135 2491 167 Ann.
2505 119 2570 171 Daer‘

1333 171 1475 202 Gentium
1495 172 1564 203 disti
1586 175 1711 206 Domini
1731 176 1850 215 jacobi,
1867 177 1955 215 quam
1966 176 1996 205 in
2009 175 2201 214 aggressione,
2219 175 2266 206 seu
2278 177 2307 206 in
2319 177 2398 208 inva-
2435 175 2520 207 1286.

1335 210 1413 240 sione
1424 210 1580 241 Terrarum
1593 213 1639 244 seu
1653 214 1795 245 Gentium
1809 214 1951 253 saepedicti
1963 213 2089 245 Domini
2101 214 2190 254 Regis
2198 213 2398 253 Alfonsi,mo-
2414 215 2483 243 Edv·
2502 223 2529 244 ¹-
2567 246 2570 261 :

1334 248 1376 278 dis
1390 249 1490 286 quibus
1503 250 1643 283 voluerint
1655 252 1792 292 adjuvare.

1374 286 1540 326 Caeterum,
1557 289 1576 318 fi
1596 290 1688 321 dictus
1706 291 1850 323 Dominus
1866 290 1992 330 Jacobus
2012 291 2107 329 primo
2119 289 2264 322 invaderet
2277 290 2400 331 Terras,

1338 335 1405 362 quas
1419 325 1465 369 vel
1479 337 1542 364 quae
1556 327 1697 367 saepefatus
1714 330 1845 361 Alfonsus
1865 330 2019 367 Aragoniae
2040 330 2108 360 Rex
2124 328 2251 367 illustris,
2268 327 2400 369 Vassalli,

1337 364 1371 394 &
1387 363 1525 394 Valitores
1546 365 1583 396 sui
1603 368 1768 399 earumdem
1787 369 1957 406 Terrarum,
1974 367 2091 408 pacifice
2112 367 2139 398 se
2152 367 2285 398 habentes
2318 377 2398 399 nunc

1338 403 1480 445 tenent&
1494 403 1653 450 possident3
1672 407 1781 438 licitum
1794 407 1826 438 sit
1839 414 1999 437 memorato
2015 406 2098 446 iRegi
2120 405 2260 444 Alfonso,
2276 391 2403 437 Vaffallis

1338 440 1372 470 ὃς
1385 439 1559 485 Valitoribus
1572 441 1641 482 sun,
1660 445 1790 476 invadere
1802 447 1836 477 &
1850 447 1910 484 imp
1950 454 2014 475 nare
2026 444 2149 475 Terram
2161 443 2286 475 Domini
2296 443 2402 483 Jacobi

1336 477 1500 524 supradieti,
1514 481 1548 511 ὃς
1562 480 1751 514 Vaffallorum
1764 484 1896 521 suorum,
1914 494 1933 514 u
1956 484 2092 521 icumque
2112 484 2142 513 in
2162 482 2305 521 praediffls
2324 483 2401 514 Ter-

1337 525 1374 546 ris
1392 525 1548 563 exnterint3
1568 520 1602 551 &
1624 521 1690 552 Rex
1710 522 1852 561 Franciae,
1870 522 1999 560 Vaffalli,
2015 522 2050 553 &
2072 520 2211 552 Valitores
2223 520 2263 551 sui
2273 530 2336 552 non
2352 522 2400 560 ju-

1336 554 1445 586 vabunt
1457 566 1487 600 in
1500 557 1595 602 ahquo
1611 559 1776 591 Dominum
1786 560 1931 599 jacobum
1945 559 2154 600 supradictum,
2171 568 2226 590 nec
2244 558 2403 599 Vaffaiios,

1337 602 1392 623 nec
1400 593 1548 637 ‘Valitores
1561 597 1694 635 ejusdem.

1376 632 1443 663 Sive
1461 642 1558 664 autem
1580 636 1708 679 praefatus
1729 636 1875 668 Dominus
1891 637 2018 677 Jacobus
2032 637 2103 668 infra
2116 637 2266 677 Treugam
2278 634 2399 676 praedic-

1338 678 1396 700 tam
1410 671 1468 702 esse
1480 672 1615 712 voluerit,
1635 675 1692 705 five
1713 685 1790 714 non,
1809 675 1908 707 Castra
1927 684 2040 716 tamen,
2059 686 2124 715 quae
2142 683 2241 707 tenent
2260 676 2291 705 in
2302 674 2403 705 Terris

1339 708 1375 739 de
1390 709 1549 754 Russelone
1561 713 1594 743 δε
1608 712 1756 744 Ceritonia
1771 714 1884 745 Vassalli
1901 716 1936 746 ὃς
1948 715 2086 746 Valitores
2102 714 2184 753 ipsius
2204 713 2405 752 praenominati

1339 747 1428 792 Regis
1449 749 1565 794 Aifonfi,
1582 751 1616 782 &
1638 751 1762 783 Domini
1783 753 1951 785 eorumdem
1970 753 2153 791 Castrorum,
2171 753 2242 784 infra
2255 751 2405 791 Treugam

1339 786 1504 830 praednstam
1525 788 1658 828 existant,
1674 801 1739 829 quae
1756 792 1829 822 inter
1847 791 1984 822 illustrem
2004 792 2120 831 Regem
2139 791 2263 822 Franci-ae
2283 791 2316 822 δε
2331 800 2405 828 prae-

1338 824 1448 855 dictum
1463 827 1590 870 nobilem
1605 828 1719 867 Regem
1732 829 1883 860 Araooniae
1898 830 1939 860 est
1951 830 2074 868 superius
2086 830 2229 868 ordinata,
2246 829 2305 859 hoc
2327 829 2404 860 salvo

1339 863 1443 908 quod,
1461 865 1540 896 dieto
1565 864 1701 911 Domino
1717 854 1831 904 Jacosso
1873 878 1927 906 pro
1944 868 1971 899 se
1992 869 2140 900 Treuoam
2161 878 2221 899 non
2240 875 2405 912 acceptante

1339 902 1522 942 praediffitam,
1542 903 1561 934 fi
1576 905 1675 948 ipsein
1692 905 1783 936 Terra
1796 906 1832 937 de
1845 893 1995 937 Ruffelon.
2010 907 2056 938 vel
2067 895 2198 938 Ceriton.
2219 906 2254 936 ali
2274 916 2310 937 ua
2328 904 2403 937 Cas-

1340 949 1400 985 tra,
1415 941 1604 987 Vaffalloriim
1618 943 1741 982 ejusdem
1755 945 1919 976 nobiliffimi
1932 945 2021 985 Regis
2035 945 2147 977 Alfonsi
2180 945 2248 976 obse
2273 955 2288 976 a
2309 952 2404 976 teneat

1342 989 1372 1009 m
1384 981 1536 1050 {pzaesenttin
1554 991 1583 1012 in
1603 982 1752 1014 obsidione
1774 984 1884 1022 incepta
1905 983 2052 1015 Dominus
2073 983 2139 1015 Rex
2154 969 2286 1016 'Franciae
2304 984 2404 1023 juvare

1407 1031 1415 1048 i
1441 1029 1496 1050 eun
1517 1030 1573 1051 em.

1343 1028 1461 1102 poQae
1473 1059 1600 1102 obsidio,
1620 1059 1677 1104 sive
1689 1060 1787 1099 sponte
1797 1059 1961 1100 decesserit,
1979 1059 2036 1091 sive
2047 1059 2101 1091 alio
2117 1068 2302 1099 quocumque
2321 1058 2404 1099 casu,

1343 1095 1578 1141 fuerit'reioluta
1598 1098 1618 1128 si
1635 1099 1713 1129 idem
1731 1099 1857 1138 Jacobus
1877 1099 1953 1129 dieta
1973 1098 2089 1138 Castra,
2107 1098 2153 1128 vel
2173 1107 2275 1128 eorum
2296 1097 2404 1136 aliqua,

1343 1134 1392 1179 vel
1406 1135 1521 1174 aliquod
1535 1136 1619 1168 vellet
1633 1139 1736 1169 iterum
1759 1137 1902 1177 obsidere,
1920 1136 2046 1168 Vaffallis
2058 1161 2068 1176 .,
2091 1136 2168 1168 dieta
2187 1135 2285 1167 Castra
2303 1145 2402 1168 teneri-

1342 1174 1432 1212 tibuS,
1450 1175 1567 1212 pacifice
1586 1176 1613 1206 se
1632 1176 1816 1215 habentibus,
1833 1176 1901 1207 Rex
1921 1176 2046 1207 Franciae
2065 1174 2175 1206 illustris
2195 1176 2224 1205 in
2245 1174 2304 1206 hoc
2323 1174 2405 1214 casu,

1341 1213 1442 1255 treuga
1463 1213 1595 1253 durante,
1613 1214 1724 1246 dietum
1738 1215 1883 1254 jacobum
1905 1223 1965 1245 non
1984 1214 2110 1253 juvabit,
2128 1223 2182 1244 nec
2196 1212 2286 1244 dietus
2300 1212 2405 1244 Alfon-

1341 1251 1383 1281 sus
1393 1253 1502 1288 juvabit
1519 1253 1591 1291 ipsos
1611 1252 1764 1292 Vassallos,
1782 1253 1817 1292 si,
1835 1253 1901 1292 post
1917 1253 2097 1285 obsidionem
2115 1260 2259 1290 amotam,
2276 1251 2322 1282 vel
2340 1251 2405 1282 alias

1342 1289 1510 1331 resolutam,
1525 1293 1654 1330 primitus
1671 1292 1836 1324 invaderent
1856 1292 2022 1323 Dominum
2041 1291 2183 1331 Iacobum
2196 1289 2405 1329 supradictum,

1345 1328 1392 1359 vel
1407 1329 1530 1360 Terram
1545 1340 1632 1369 quam
1644 1339 1722 1363 tenet
1731 1331 1767 1362 ad
1781 1330 1907 1368 praesens.

1380 1366 1488 1410 Inhac
1507 1369 1525 1399 si
1548 1369 1644 1400 uidem
1662 1378 1758 1410 treuga
1777 1369 1929 1400 Comitem
1944 1368 2051 1400 Fuxen.
2064 1366 2274 1409 Reymundum
2286 1366 2338 1398 Ro
2358 1366 2408 1397 etii

1344 1404 1377 1436 &
1391 1406 1458 1437 alios
1471 1406 1515 1452 Va
1540 1408 1607 1439 allos
1644 1407 1783 1439 Valitores
1818 1409 1959 1448 &gentes
1972 1407 2061 1453 Regis
2068 1407 2195 1438 Franciae
2229 1405 2322 1445 quoad
2343 1415 2404 1450 ‚er-

1343 1454 1527 1515 erasti
1541 1430 2276 1524 Caesenassistentes-aissa
2297 1443 2408 1514 Ψεὲ

1343 1521 1436 1590 {lictus
1452 1508 1599 1555 Dominus
1608 1524 1734 1564 Jacobus
1748 1534 1797 1563 per
1813 1524 1840 1555 se
1853 1524 1959 1555 dictam
1971 1523 2118 1564 Treugam
2131 1533 2171 1554 vo
2182 1524 2270 1561 uerit,
2288 1506 2345 1554 siv’e
2352 1531 2408 1552 no·—

1355 1570 1426 1592 uerit
1438 1571 1506 1593 acce
1527 1571 1592 1594 tare.

1384 1600 1494 1631 Omnia
1508 1573 1605 1632 {utem
1624 1601 1725 1640 verba,
1741 1609 1826 1640 atque
1847 1600 1994 1640 adverbia,
2011 1600 2133 1639 superius
2148 1606 2325 1637 memorata,
2342 1607 2409 1637 quae

1345 1637 1400 1668 defi
1441 1641 1567 1670 ationem
1583 1640 1722 1679 praesentis
1734 1641 1871 1678 temporis
1891 1640 2103 1678 repraesentant,
2119 1638 2155 1670 ad
2176 1638 2254 1669 diem
2270 1637 2409 1669 oetavum

1347 1647 1556 1717 Aiiffiptionis
1570 1679 1700 1723 gloriosae
1712 1678 1834 1709 Viroinis
1847 1678 2009 1723 referantur.
2033 1678 2036 1684 '

1384 1715 1419 1760 Iii
1441 1727 1563 1760 quorum
1583 1728 1716 1749 omnium
1739 1706 1935 1748 testimonium
1947 1717 1980 1748 &
1994 1716 2106 1754 plenam
2118 1714 2224 1754 fidem,
2240 1713 2409 1754 praesentem

1346 1764 1477 1794 paginam
1490 1756 1566 1797 sigilli
1580 1756 1669 1788 nosti-i
1681 1756 1801 1788 fecimus
1812 1756 1972 1797 patrocinio
1985 1755 2170 1787 communiri.

1386 1830 1454 1863 Dat.
1473 1834 1507 1865 &
1528 1834 1624 1864 adium
1644 1833 1727 1865 Paris.
1747 1833 1853 1865 oetavo
1872 1832 1937 1864 Kal.
1954 1831 1981 1862 A
2042 1830 2093 1871 sti,
2111 1830 2243 1863 videlicet
2274 1829 2321 1861 die
2335 1829 2410 1860 beati

1343 1869 1448 1940 {ggbi
1461 1872 1608 1911 Apostoli,
1625 1883 1702 1904 anno
1714 1871 1824 1905 Gratiae
1838 1871 1988 1903 millesimo
2019 1870 2194 1902 ucentesimo
2215 1853 2410 1909 ogtuagesimo

1441 2052 1554 2083 Forma
1565 2049 1706 2097 praediHae
1723 2050 1842 2096 Treugae
1855 2075 1865 2092 ,
1889 2060 1928 2082 ex
1940 2058 2030 2096 parto
2049 2050 2137 2095 Regis
2145 2047 2317 2095 Aragom'ae.

1421 2143 1550 2174 Niversis
1569 2142 1677 2174 Christi
1697 2143 1840 2181 fidelibus,
1855 2141 1890 2173 ad

1350 2222 1423 2258 niae,
1440 2223 1474 2253 &
1522 2230 1558 2251 ux
1575 2221 1752 2266 Aquitaniae,
1766 2220 1882 2251 salutem
1902 2229 1934 2249 iri
1949 2218 2085 2249 Domrno
2099 2218 2305 2256 sempiternam.

1456 2184 1461 2189 ᾗ
1776 2183 1780 2187 .
1865 2181 1884 2189 .,
1911 2151 1983 2210 <flios
1995 2141 2096 2186 litterae
2108 2140 2254 2185 praesentes
2268 2148 2409 2183 pervene-
2428 2144 2504 2176 Ann.
2520 2145 2561 2177 D.

1440 2191 1519 2252 nul}
1530 2182 1704 2221 Edwardus,
1724 2182 1782 2212 Dei
1803 2190 1909 2224 gratia,
1952 2189 1986 2211 ex
2007 2179 2121 2224 Angliae
2142 2179 2289 2210 Dominus
2303 2178 2411 2209 Hiber-
2427 2185 2549 2260 2²28&-

1389 2259 1469 2290 Cum
1487 2260 1589 2290 nobilis
1610 2271 1668 2298 vir,
1687 2258 1818 2290 Alfonsus
1838 2258 1909 2288 filius
1929 2257 2075 2296 quondam
2095 2256 2172 2288 Petri
2194 2257 2230 2287 de
2252 2255 2410 2295 Aragonffi,
2428 2267 2458 2290 Ε,
2481 2272 2504 2290 1,

1351 2297 1385 2328 ad
1397 2299 1607 2337 requisitionem
1619 2298 1760 2336 nostram,
1778 2307 1826 2335 per
1841 2297 2040 2327 Procuratores
2053 2296 2116 2326 suos
2140 2296 2174 2327 &
2193 2295 2348 2332 Nuncios,
2366 2295 2410 2326 vi-
2427 2306 2482 2328 Rot.
2497 2300 2526 2328 de

1350 2336 1470 2375 delicet,
1488 2337 1606 2368 Petrum
1629 2336 1749 2367 Martini
1770 2341 1806 2366 de
1824 2335 1954 2366 Artisona
1977 2334 2102 2365 Militem
2118 2357 2128 2372 ,
2144 2335 2178 2365 &
2193 2333 2356 2372 johannem
2375 2332 2412 2363 de
2428 2342 2547 2376 Trcuga,‘

1351 2375 1493 2414 Zappata,
1507 2376 1590 2406 nobis
1608 2375 1687 2413 super
1708 2375 1783 2412 hoc,
1801 2375 1834 2406 &
1854 2381 1970 2412 propter
1991 2373 2050 2404 hoc
2069 2371 2220 2411 specialiter
2241 2371 2412 2409 destinatos,
2431 2376 2486 2410 &2
2499 2387 2543 2412 14·

1350 2424 1399 2452 per
1418 2415 1520 2445 litteras
1540 2413 1663 2453 ejusdem
1684 2413 1795 2444 Aifonii
1817 2420 1958 2454 patentes,
1974 2411 2110 2442 habentes
2129 2411 2210 2452 super
2223 2410 2280 2442 hoc
2296 2410 2412 2449 speciale
2431 2420 2565 2453 13,1.m.3.

1350 2453 1515 2484 mandatum

1388 2491 1487 2523 Nobis
1501 2475 1652 2533 plenariam
1665 2490 1837 2522 concesserit
1850 2488 2020 2527 potestatem
2034 2488 2071 2520 de
2082 2488 2124 2528 se,
2142 2489 2176 2520 &
2192 2486 2415 2527 Aragonia,Va-

1348 2530 1497 2569 lentiaeque
1519 2531 1627 2570 Regnis
1641 2555 1651 2569 ,
1669 2530 1820 2561 Comitatu
1839 2528 2026 2559 Barchinonae
2039 2551 2049 2567 ,
2073 2529 2107 2560 &
2127 2527 2225 2558 Terris
2245 2527 2303 2556 aliis
2316 2549 2326 2566 ,
2346 2535 2416 2564 quas

1349 2569 1455 2600 detinet
1475 2571 1506 2600 in
1523 2570 1668 2608 praesenti,
1684 2568 1828 2600 Gentibus
1850 2569 1883 2599 &
1898 2566 2070 2598 Valitoribus
2082 2566 2135 2596 suis
2149 2565 2320 2596 eorumdem
2335 2564 2366 2596 R
2401 2582 2416 2588 -

1348 2617 1473 2646 norum,
1492 2607 1655 2639 Comitatus
1668 2617 1753 2646 atque
1766 2607 1938 2645 Terrarum,
1956 2606 1990 2636 &
2004 2605 2021 2635 s
2035 2604 2157 2636 ecialiter
2170 2604 2207 2635 de
2221 2603 2273 2634 illis
2285 2604 2337 2634 suis
2387 2614 2417 2634 a-

1347 2646 1476 2677 litoribus
1488 2647 1522 2678 &
1537 2647 1662 2677 Vassallis
1677 2648 1726 2684 qui
1739 2647 1769 2676 in
1785 2644 1936 2675 Russelon.
1950 2645 1983 2675 &
2029 2644 2127 2673 eriton.
2142 2643 2245 2673 Terras
2260 2649 2357 2673 tenent
2369 2649 2417 2672 aut

1348 2684 1467 2723 Castra,
1485 2685 1568 2716 dandi
1583 2685 1665 2715 Treu
1684 2694 1711 2714 as
1727 2684 1773 2714 seu
1786 2684 1872 2713 etiam
1887 2681 2068 2713 concedendi
2082 2679 2256 2711 sereniffimo
2269 2680 2415 2718 Principi,

1349 2722 1484 2753 Domino
1507 2724 1655 2761 Philippo,
1707 2723 1750 2761 egi
1774 2721 1951 2751 Francorum
1974 2719 2097 2757 illustri,
2121 2718 2228 2756 suisque
2248 2718 2358 2758 Regnis
2379 2719 2415 2749 &

1348 2761 1462 2799 Terris,
1483 2771 1550 2800 quas
1571 2762 1606 2791 ad
1628 2760 1745 2799 praesens
1766 2758 1891 2797 detinet,
1909 2757 2036 2788 Vaffaiiis
2060 2758 2094 2788 &
2117 2756 2292 2787 Valitoribus
2313 2757 2365 2787 suis
2384 2757 2415 2787 in

1349 2799 1524 2838 Russelone‚
1543 2799 1690 2830 Ceritonifi
1703 2799 1736 2830 &
1752 2796 1902 2828 Catelonia
1915 2796 2020 2827 Terras
2034 2796 2196 2827 tenentibus
2217 2794 2275 2826 sive
2295 2794 2414 2835 Castra,

1348 2848 1464 2869 necnon
1477 2838 1637 2876 Gentibus,
1653 2836 1796 2874 Vassallis,
1814 2837 1848 2868 &
1861 2834 2033 2866 Valitoribus
2047 2834 2098 2865 suis
2112 2833 2282 2864 eorumdem
2295 2836 2312 2851 ’⁶
2333 2833 2414 2874 Reg-
2432 2845 2497 2875 ⁴11,

1350 2887 1457 2908 norum
1477 2885 1562 2916 atque
1583 2877 1738 2908 Terrarum
1772 2884 1805 2905 ac
1824 2883 1909 2906 etiam
1933 2869 2040 2911 lac055
2053 2872 2150 2904 illustri
2164 2871 2242 2916 Regi
2257 2871 2415 2912 Majori'ca-

1351 2926 1415 2947 turn
1429 2916 1463 2947 δε
1475 2916 1528 2946 suis
1540 2915 1682 2955 Vaffallis,
1697 2898 1870 2945 Vasitoribus
1883 2913 1918 2944 &
1931 2912 2092 2956 Gentibus,
2109 2921 2143 2942 ac
2155 2910 2253 2941 Terris
2266 2910 2417 2956 &Castris

1349 2964 1415 2993 quae
1428 2953 1570 2999 possident
1583 2955 1612 2985 in
1625 2953 1768 2999 praesenti,
1785 2952 1872 2991 usque
1878 2951 1919 2996 .²d
1932 2959 2088 2983 terminum
2107 2958 2196 2989 quem
2215 2949 2348 2989 expedire
2366 2950 2414 2982 seu

1354 3003 1510 3063 coffgsngiff
1519 2992 1927 3076 itini-iliiicsnlilffleirssgigs'tarilteggggis
1941 3026 2222 3074 conceffa,praefato
2233 3027 2411 3073 nobilissimo

1350 3070 1427 3110 Regi
1441 3070 1581 3109 Franciae,
1601 3070 1763 3110 Regnisque
1775 3068 1826 3099 suis
1843 3069 1877 3099 ὅτ,
1892 3068 2007 3106 Terris,
2024 3077 2091 3107 quas
2102 3066 2138 3098 ad
2150 3065 2269 3105 praesens
2289 3066 2412 3107 detinet,

1349 3109 1484 3148 dictisque
1505 3108 1667 3147 Gentibus,
1685 3107 1810 3140 Vaffallis
1827 3107 1861 3138 &
1884 3106 2057 3137 Valitoribus
2078 3103 2312 3149 suis-eorumdem
2328 3104 2411 3143 Reg-

1350 3158 1455 3179 norum
1475 3156 1558 3185 atque
1577 3148 1756 3185 Terrarum,
1771 3156 1823 3185 pro
1844 3146 2053 3185 praenominato
2069 3143 2161 3175 nobili
2173 3144 2255 3182 viro,
2274 3143 2414 3182 Alfonso,

1349 3188 1396 3218 seu
1410 3186 1664 3217 Procuratoribusi
1686 3186 1754 3224 siuS,
1772 3185 1894 3223 superius
1909 3184 2078 3221 nominatis,
2097 3183 2161 3214 vice
2178 3181 2262 3220 ipsius
2283 3181 2414 3222 Alfonfi‚

1349 3226 1396 3257 seu
1415 3235 1468 3263 pro
1486 3224 1545 3262 ipso
1563 3224 1656 3269 Alfon
1667 3235 1705 3262 o,
1722 3224 1830 3268 Regnis
1851 3233 1967 3268 quoque
2053 3221 2129 3265 oniae
2142 3220 2176 3251 &
2190 3220 2327 3265 Valentiae
2362 3231 2414 3252 rae-

1349 3265 1461 3303 taxatis,
1479 3263 1629 3294 Comitatu
1643 3264 1678 3294 ὃς
1690 3263 1788 3293 Terris
1822 3262 1959 3300 raediecis,
1977 3270 2011 3292 ac
2043 3270 2082 3290 uis
2096 3258 2269 3291 Valitoribus
2287 3260 2321 3291 ὅτ.
2371 3269 2414 3290 as-

1350 3303 1418 3334 sallis
1436 3301 1562 3341 ipsorum
1582 3301 1754 3345 Regnorum
1769 3326 1779 3340 ,
1824 3299 1960 3332 omitatsis
1979 3307 2064 3337 atque
2083 3298 2241 3329 Terrarum
2253 3321 2265 3337 ‚
2281 3298 2363 3329 Treu

1350 3342 1448 3373 damus
1466 3349 1551 3379 atque
1570 3341 1744 3371 conterimus
1759 3364 1769 3378 ,
1795 3340 1831 3371 us
1847 3350 1882 3371 ue
1902 3338 1938 3369 ad
1957 3337 2076 3369 Festum
2096 3337 2171 3368 beati
2192 3336 2344 3368 Michaelis
2398 3353 2414 3359 -

1352 3379 1496 3419 changeii,
1515 3380 1544 3420 i'n
1563 3378 1739 3418 Septembri,
1756 3380 1821 3410 anni
1870 3378 1964 3409 omini
1983 3376 2077 3416 1286„
2085 3375 2245 3415 duraturas,
2263 3373 2413 3414 &api-out

1351 3424 1381 3451 ‘⁷¹
1387 3414 2064 3495 {⁰1ss}ssfflii‘ssiriankngiai‘v‘ffa’ngss'ffirf‘ffrffi'gssss
2074 3417 2232 3492 ffiffdsmodi
2263 3451 2284 3484 fi
2299 3451 2416 3483 summo

1352 3495 1487 3528 Pontifici
1501 3494 1652 3533 placuerit,
1671 3496 1835 3533 acceptavit.
2237 3476 2248 3492 ³

1391 3535 1425 3566 In
1445 3543 1568 3573 quorum
1588 3534 1721 3564 omnium
1742 3532 1939 3564 testimonium
1954 3532 1988 3564 &
2001 3530 2114 3569 plenam
2127 3527 2232 3568 fidem,
2249 3526 2414 3568 praesentem

1352 3575 1481 3614 paginam
1495 3571 1573 3609 sigilli
1587 3571 1677 3603 nostri
1687 3573 1807 3603 fecimus
1820 3571 1979 3611 patrocinio
1991 3578 2173 3601 communiri.
2400 3573 2402 3576 ’

1392 3650 1502 3681 Actum
1514 3650 1549 3681 &
1564 3649 1632 3680 Dat.
1646 3648 1728 3680 Paris
1743 3649 1892 3687 videlicet,
1908 3647 1955 3678 die
1969 3646 2042 3678 beati
2050 3645 2155 3686 Jacobi
2167 3642 2299 3684 Apostoli
2308 3666 2318 3681 ,
2334 3651 2411 3675 anno

1354 3688 1479 3722 Domini
1493 3688 1643 3719 millesimo
1655 3688 1851 3721 ducentesimo
1865 3686 2059 3727 octuageiimo
2074 3685 2158 3718 sexto-

2315 3985 2417 4023 Litora

2501 2854 2565 2886 3323
