2570 4261
0 310 90 348 mD.

0 361 75 392 217.

0 405 25 423 η.
43 402 69 430 3.

0 511 15 528 Ι.
39 510 49 527 1

20 547 46 574 3.

16 615 81 653 3.d.

4 1300 99 1332 1.218.

0 1645 52 1667 nn,
62 1634 104 1666 D.

0 1683 83 1723 r217.

0 2591 68 2623 Rnn.
82 2589 123 2621 D.

13 2638 99 2667 1217.

0 2674 45 2698 (n.
68 2679 91 2697 1.

0 2751 53 2774 Par.
76 2755 100 2773 ι.

0 2789 30 2813 H.
49 2794 73 2820 3.
89 2793 126 2812 m.

596 160 786 236 ῘΕΤ
869 184 1138 228 ACTA

109 366 159 400 De
185 362 337 398 liberando
358 360 560 397 Willielmum
585 357 808 441 deCLanraster
842 358 888 393 ad
911 357 1084 402 instantiam
1114 360 1171 392 Co-

235 422 238 426 ·
529 418 614 441 mms
652 419 667 439 e
691 419 749 441 rtae.

56 519 63 526 .
113 498 283 562 GUalo,
301 495 477 527 miseratione
489 492 583 526 divina
596 492 679 524 titulo
693 492 788 523 Sancti
802 491 919 523 Martini
933 488 1084 532 Presbyter
1099 490 1173 523 Car—

0 577 52 613 nus.
71 582 95 603 ῐζ

198 536 294 568 dinalis
342 533 517 572 Apostolicae
536 532 604 562 sedis
626 532 767 570 Legatus,
781 530 823 560 H.
843 531 1040 575 Dublinenfis,
1058 530 1112 560 W.
1132 530 1172 561 E-

111 576 218 606 borum
233 559 463 611 Arch'iepiscopi3
479 571 512 601 P.
528 568 795 613 wintoniensia-J.
814 569 1018 608 Bathomenfis,
1036 569 1070 600 &
1086 568 1172 599 Glas-

112 611 243 644 tonienfis
293 612 327 643 &
348 611 376 641 S.
400 608 605 649 Wigorniensis
626 607 784 645 Episcop1;
809 607 862 637 W
874 607 916 651 ¹de
943 607 1032 647 Lascy
1046 632 1056 646 ,
1081 607 1117 637 L.
1135 607 1173 638 de

115 637 271 682 Monemai·
282 674 292 688 ‚
317 650 351 682 ὅ(
369 648 411 679 Η.
429 647 466 679 de
487 646 613 680 Mortuo
626 647 714 685 mari,
730 645 837 676 Nobili
851 655 915 677 viro
927 645 1014 677 Petro
1029 646 1065 676 de
1081 645 1170 677 Mau-

109 689 353 759 layeltlariimr‘igbilis
370 726 413 757 vir
428 723 468 755 R.
486 723 598 755 Comes
616 722 737 754 Cestriae
749 721 983 761 crucesignatus,
999 723 1048 762 qui
1062 722 1171 762 semper

112 767 187 798 bene
200 767 233 798 &
246 766 363 796 fideliter
376 764 487 795 servivit
499 763 636 793 Dominis
650 762 702 792 suis
716 761 845 805 Regibus
860 761 987 801 Angliae,
1007 771 1110 793 votum
1121 772 1171 799 pe-

113 805 304 845 ‘eg‘matmss
324 803 379 833 suae
400 801 532 870 ΜΨ
545 798 1050 870 ῗῶΠὲΞέἓῖἓῑὲῗξῑὲἔίἑᾞῑίἰῐωέεἳέ
1064 809 1171 868 Ἔῗέιῖἒ

113 843 326 912 ἓξὲἰοῃῐῗεὸἕεΐα
364 850 422 910 ligi}
440 849 595 916 lirpdulrgugc'
613 877 692 915 quod
705 876 788 907 Will.
807 876 844 907 de
857 849 1027 915 Lancallter,
1045 861 1173 920 ‘'lussmssi

113 921 251 958 praecepit
267 918 399 955 liberari,
422 916 531 956 pridem
552 917 586 948 &
601 915 698 954 saepius
710 915 856 946 Dominus
870 915 911 945 H.
931 915 998 946 Rex
1012 914 1125 959 Anghae
1139 913 1172 943 11-

115 958 224 996 lustris,
238 957 342 988 habere
361 965 423 986 non
441 956 533 993 potuit
548 965 554 984 z
579 954 640 994 Ipse
661 962 755 985 tamen
768 978 778 993 ,
800 953 836 984 ad
850 955 1002 997 maximam
1014 952 1172 996 mitantiam

113 996 242 1028 nostram
257 1018 267 1034 ,
290 996 324 1026 ὃς
344 1003 441 1032 preces
462 993 630 1031 multiplices
643 1016 653 1031 ,
677 992 712 1023 ad
730 993 848 1031 praesens
861 1002 876 1022 a
891 998 1115 1032 peregrinatione
1127 989 1173 1019 illa

115 1034 235 1065 subfistit
251 1046 257 1051 ·
284 1033 423 1071 affumpta
437 1033 495 1070 jam
515 1041 602 1062 cruce
622 1032 651 1062 in
665 1031 782 1069 pestere
795 1030 830 1061 ad
841 1028 1069 1074 prosequendum
1080 1027 1176 1059 hostes

116 1072 177 1104 Dei
190 1073 225 1104 ὅ(
239 1057 391 1109 Ecclesiae,
406 1069 574 1102 adversarios
588 1069 711 1100 Domini
726 1070 765 1100 sui
778 1069 866 1113 Regis
877 1068 998 1112 Anghae.
1118 1106 1124 1112 ·

154 1109 247 1142 Unde
277 1119 349 1140 cum
362 1109 444 1147 ipsius
463 1108 644 1147 obsequium,
659 1117 718 1139 tam
731 1107 884 1145 laudabile,
899 1106 1035 1150 Domino
1049 1105 1126 1146 Regi
1140 1106 1175 1138 &

116 1158 210 1218 ifgm
231 1132 606 1216 pfufisumnssinfiiipfi‘ffi?
619 1145 928 1223 ’8ἷοῖἐὲἒέῗίᾟὲῗέ
962 1144 1178 1223 μξὲἒῖἓὸἒζὶὲἓξ

117 1197 422 1257 ΧλοΙζιιΙἙὲῗΞιιιῐξιηίιζεῑίῐη
436 1248 446 1263 ,
471 1225 505 1255 &
526 1195 583 1255 finge
600 1210 681 1254 omni
700 1222 851 1252 occafione
871 1223 905 1253 &
924 1206 1088 1265 difficultaie
1100 1244 1110 1259 ,
1129 1220 1180 1264 sub

117 1265 194 1296 salvo
215 1263 362 1295 condus&
383 1263 498 1293 mittatis
517 1262 554 1292 us
568 1272 603 1292 ue
626 1260 839 1291 Gloucestriam
852 1282 862 1298 ,
883 1261 918 1291 <St
939 1270 1006 1291 eum
1019 1260 1058 1289 ibi
1072 1259 1180 1289 liberarl

119 1304 139 1323 ³⁸
159 1303 262 1333 faciatis
276 1301 430 1339 Radulpho
444 1300 540 1331 Musar
574 1299 749 1329 Vicecomiti
763 1298 970 1336 Gloucestriae3
987 1298 1112 1329 Scientes
1126 1307 1180 1335 pro

120 1350 202 1373 ‘em'
221 1339 322 1379 ‘md’
346 1339 396 1407 ‘33¹³
416 1338 489 1381 istm*
531 1334 1182 1406 ¹³²¹?aiiii}Sngeffiiitffdmpgssfiistrffie3ch

121 1379 375 1457 igtjucsliigdrttgit'im
387 1383 608 1444 gffrinffnmgrgito
619 1384 703 1445 vobgss
716 1383 820 1452 poterigt
835 1385 986 1451 imputari.p
992 1413 1100 1445 Valete.

177 1537 276 1588 de
287 1535 529 1584 Archiepifiopus
551 1534 751 1581 Dublinieqfis
769 1534 869 1571 redeat
889 1539 921 1570 in
935 1534 1132 1572 Hiberniam.

123 1624 254 1684 REX
278 1623 386 1654 dilectis
401 1622 575 1667 &fidelibus
589 1622 642 1654 suis
651 1622 808 1670 Baronibus
823 1623 990 1669 Hiberniae,
1005 1623 1130 1669 salutem.
1153 1664 1158 1670 ¹
1181 1664 1186 1670 Ι

217 1664 300 1695 Licet
321 1662 498 1700 praesentlam
524 1662 689 1693 venerabilis
709 1671 791 1701 patris
813 1664 902 1694 nostri
923 1663 1046 1694 Domini
1067 1664 1188 1694 Henrrci

126 1699 247 1734 Dublin.
270 1700 483 1739 Archiepiscopi
502 1701 532 1730 in
586 1701 672 1731 rtibus
694 1702 806 1741 Angliae
825 1702 907 1733 nobis
930 1703 963 1733 &
985 1711 1074 1742 regno
1088 1702 1188 1733 nostro

126 1742 271 1773 scierimus
284 1739 401 1771 extitisse
414 1748 536 1777 pemece
561 1739 645 1769 'ariam
679 1740 816 1779 ipsiusque
837 1740 955 1771 consilio
969 1741 1016 1772 vix
1029 1751 1124 1771 carere
1138 1751 1188 1772 va-

72 1809 81 1817 ,
128 1781 249 1818 leamus,
264 1779 354 1817 ipsum
367 1785 464 1808 tamen
476 1777 511 1808 ad
525 1785 615 1816 partes
626 1763 776 1810 Hiberniae
789 1778 958 1822 destinamus
966 1803 976 1817 ,
984 1788 1016 1810 ut
1031 1779 1189 1811 Ecclesiam

103 1849 109 1855 ,
127 1819 220 1857 suam,
235 1818 293 1856 ejus
312 1815 433 1847 absentia
454 1816 624 1855 jampridem
643 1816 794 1848 desolatam
807 1841 817 1856 ‚
843 1819 933 1849 vinter
953 1818 987 1849 &
1006 1818 1166 1850 consoletur
1180 1843 1190 1857 ,

128 1857 267 1895 statusque
287 1864 369 1886 terrae
380 1854 487 1886 nostrae
499 1854 649 1885 Hiberniae
662 1856 868 1894 emendationi,
887 1857 920 1888 ὃς
933 1855 1107 1895 agendorum
1121 1867 1189 1887 nos-

127 1904 240 1928 trorum
254 1896 284 1925 in
296 1894 419 1932 partibus
429 1893 528 1924 vestris
539 1894 711 1931 expeditioni
723 1904 773 1932 per
787 1895 912 1926 vestrum
924 1895 1076 1925 confilium
1094 1896 1128 1926 &
1145 1896 1190 1934 ju-

130 1944 235 1968 vamen
253 1931 378 1964 intendat
394 1943 402 1961 2
428 1931 521 1962 Unde
543 1932 626 1962 vobis
648 1933 812 1964 mandamus
827 1958 837 1971 ,
862 1933 941 1971 quod
961 1934 987 1963 ei
1000 1934 1029 1963 in
1043 1935 1192 1973 omnibus,

129 1984 197 2013 quae
215 1971 251 2002 ad
273 1981 326 2001 nos
340 1970 466 2008 spediant
500 1969 660 2001 ordinandis
674 1972 708 2002 &
722 1971 916 2010 disponendis,
934 1971 988 2001 fitis
999 1972 1192 2011 intendentes,

130 2022 188 2081 illm
206 2020 277 2041 curn
298 2009 404 2040 dilecto
418 2009 452 2041 &
464 1994 542 2038 fideli
552 2008 653 2040 nostro
666 2009 707 2040 G.
723 2009 760 2041 de
776 2010 901 2041 Matisco
911 2009 1074 2049 Justiciario
1089 2010 1190 2042 nostro

166 2050 290 2080 iberniae.

169 2087 313 2119 Volumus
328 2087 411 2116 etiam
426 2085 460 2117 ὃ(
474 2086 653 2124 praecipimus
690 2086 770 2125 quod
784 2087 897 2125 omnia,
914 2086 950 2117 ad
964 2096 1016 2117 nos
1030 2086 1195 2128 spectantia,

130 2136 181 2165 per
197 2126 277 2164 ipsius
292 2124 416 2157 Domini
429 2124 640 2163 Archiepiscopi
652 2110 878 2164 dispositionem,
895 2136 950 2156 una
961 2135 1030 2157 cum
1042 2125 1194 2165 justiciarii

132 2165 221 2198 nostri
235 2165 269 2195 &
283 2163 377 2194 vestro
392 2164 534 2199 juvamine
548 2164 581 2194 &
598 2163 715 2194 consilio
730 2163 905 2195 ordinentur.

171 2203 209 2234 Et
220 2204 249 2233 in
263 2202 343 2240 hujus
351 2202 391 2232 rei
404 2201 599 2233 testimonium
616 2202 664 2233 has
676 2202 766 2234 literas
778 2203 884 2235 nostras
899 2211 1038 2242 patentes,
1047 2204 1108 2236 &c.
1116 2205 1200 2236 vobis

134 2250 282 2273 mittimus.

168 2317 262 2350 Teste
284 2316 405 2350 Comite
422 2317 496 2357 apud
517 2317 699 2351 Wintoniam

179 2358 202 2388 st
221 2359 225 2363 .
712 2343 723 2358 ,
751 2320 796 2351 16.
822 2320 868 2353 die
889 2321 993 2360 Aprilis
1006 2346 1017 2360 ,
1033 2331 1110 2353 anno
1121 2322 1200 2362 regni

137 2368 178 2389 no
205 2368 227 2388 rl
246 2366 271 2388 1.
1173 2382 1176 2383 γ

205 2493 318 2525 Contra
339 2495 499 2526 Canonicos
516 2492 711 2540 Carleolenfts
723 2498 798 2542 Regi
816 2498 916 2530 Scotiae
930 2494 1119 2531 adhaerentes.

141 2577 351 2635 REverendo
359 2577 495 2609 Domino
508 2589 541 2609 ac
552 2578 627 2609 Patri
640 2580 669 2609 in
676 2578 794 2611 Christo
810 2581 966 2612 Kariffimo
980 2581 1120 2613 Honorio
1128 2605 1138 2621 ,
1146 2581 1205 2613 Dei

216 2617 300 2655 gratia
321 2617 435 2647 summo
457 2616 608 2655 Pontifici,
626 2617 770 2648 Henricus
783 2619 881 2651 eadem
894 2621 979 2659 gratia
993 2621 1060 2650 Rex
1077 2621 1206 2660 Angliae,

145 2655 214 2698 &c4
225 2655 359 2693 salutem,
376 2656 409 2686 &
430 2653 555 2686 debitam
577 2665 646 2686 cum
666 2658 748 2686 omni
762 2658 873 2688 honore
888 2659 922 2690 ὃς
938 2658 1111 2697 subjectione
1123 2668 1207 2691 reve-

144 2702 272 2723 rentiam.

182 2731 311 2763 Noverit
323 2731 415 2762 sancta
429 2730 580 2762 Paternitas
590 2732 682 2763 vestra
695 2732 774 2771 quod
789 2733 932 2766 Canonici
946 2734 1132 2767 Carleolenfis
1148 2736 1208 2768 Ec-

145 2769 253 2808 clefiae,
267 2771 393 2801 faventes
406 2771 439 2802 &
454 2770 625 2802 adhaerentes
639 2771 716 2811 Regi
736 2772 859 2813 Scotiae,
875 2775 909 2805 ὃς
925 2774 981 2804 aliis
999 2774 1157 2806 adversariis
1175 2777 1210 2807 ὃς

145 2809 267 2840 inimicis
289 2809 406 2847 vestris,
431 2809 466 2839 &
486 2808 605 2849 nostris,
631 2819 832 2851 procurantes,
857 2821 995 2851 quantum
1017 2814 1046 2843 in
1069 2814 1131 2851 ipfis
1151 2814 1210 2853 est,

144 2847 399 2878 exhaeredationem
416 2847 558 2886 nostram,
575 2848 665 2886 spreta
682 2851 792 2887 penitus
809 2851 976 2882 auetorirare
993 2851 1099 2890 vestra,
1118 2853 1152 2884 &
1168 2853 1211 2884 se-

145 2886 189 2917 dis
204 2886 379 2924 Apostolicae
393 2885 493 2926 Legati
505 2887 534 2916 in
547 2887 618 2917 locis
631 2887 783 2919 interdictis
805 2890 984 2928 praesentibus
1004 2891 1089 2921 etiam
1111 2890 1211 2922 Inimi-

146 2926 186 2956 cis
202 2925 299 2956 vestris
313 2924 466 2955 interdistis
480 2925 513 2955 &
527 2927 781 2958 excommunicatis
793 2928 996 2968 irreverenter,
1008 2930 1042 2961 ὃς
1057 2930 1209 2968 impuden-

147 2972 208 3001 ter,
226 2965 260 2995 &
275 2964 482 2994 contumaciter
496 2963 590 2994 divina
604 2965 746 2996 celebrare
759 2975 820 2997 non
833 2975 975 2997 verentur.

185 3001 330 3033 Praedieto
352 3003 436 3032 etiam
456 3001 531 3041 Regi
552 3003 676 3041 Scotiae,
699 3004 820 3036 inimico
840 3005 986 3036 Romanae
1004 3005 1159 3047 Ecclesiae,
1175 3008 1210 3039 &

147 3040 267 3079 nostro,
284 3039 436 3070 interdicto
451 3042 485 3071 &
497 3043 764 3081 excommunicato,
782 3043 885 3074 urbem
898 3043 1110 3076 Carleolensem
1124 3046 1214 3077 hosti-

147 3078 212 3109 liter
231 3079 402 3116 occupanti,
419 3078 446 3108 se
466 3078 663 3119 subdiderunt,
681 3082 715 3113 &
736 3082 744 3112 i
766 3082 826 3112 sum
840 3084 871 3113 in
885 3082 1042 3114 Patronum
1056 3085 1091 3116 δε
1106 3084 1215 3116 Domi-

151 3126 223 3146 num
242 3125 428 3155 receperunt,
451 3117 485 3148 &
507 3116 668 3149 fidelitatem
688 3120 714 3149 ei
735 3092 883 3160 fgcerunt3
906 3122 943 3152 ita
965 3123 1050 3153 etiam
1068 3123 1165 3162 quod,
1183 3125 1213 3154 in

151 3155 348 3192 praejudicium
364 3156 426 3185 'uris
447 3154 553 3194 nostri,
569 3157 604 3188 &
626 3156 760 3189 Ecclefiae
779 3159 982 3198 Eboracenfis,
999 3160 1034 3191 ad
1052 3161 1213 3193 instantiam

151 3192 223 3223 dieti
245 3193 332 3233 Regis
351 3165 456 3224 §coriae
468 3194 576 3225 inimici
590 3194 694 3234 nostri,
712 3197 855 3235 quendam
869 3198 1017 3229 Clericum
1033 3199 1114 3230 suum
1129 3202 1215 3231 inter-

152 3231 263 3262 dietum
278 3232 312 3263 &
325 3233 605 3265 excommunicatum
618 3234 754 3274 eligerunt
766 3237 818 3267 fibi
831 3238 862 3267 in
876 3236 1054 3276 Episcopum
1066 3239 1100 3270 ὃς
1113 3238 1214 3271 Pasto-

154 3280 228 3301 rem.

194 3308 277 3339 Cum
299 3309 385 3339 etiam
409 3310 542 3348 praediCta
567 3311 693 3343 Ecclefia
712 3312 897 3345 Carleolensis
919 3314 967 3345 fita
987 3314 1019 3346 sit
1038 3316 1067 3345 in
1088 3314 1216 3347 confinio

156 3346 255 3387 Regni
272 3347 378 3378 Scotiae
391 3371 401 3385 ,
425 3351 548 3380 maxime
568 3350 710 3388 expediret
731 3353 911 3391 tranquilitati
922 3355 956 3385 &
970 3355 1031 3391 paci
1045 3354 1164 3392 nostrae,
1182 3357 1216 3386 ὃς

157 3385 255 3425 Regni
267 3385 374 3423 nostri,
392 3386 469 3423 quod
483 3387 536 3418 tale
553 3389 594 3419 ibi
613 3388 829 3421 constitueretur
843 3392 934 3429 capud
948 3393 981 3423 &
995 3392 1057 3423 talia
1071 3395 1216 3432 membra,

157 3433 208 3462 per
222 3434 286 3462 quae
300 3424 381 3454 nobis
394 3425 427 3455 &
443 3423 549 3464 Regno
564 3426 663 3458 nostro
678 3427 780 3458 utiliter
792 3431 825 3460 &
840 3430 991 3463 efficaciter
1004 3431 1164 3471 provideri,
1182 3433 1216 3465 δε

158 3461 314 3492 adversariis
328 3462 428 3492 nostris
441 3462 555 3493 facultas
567 3465 691 3495 nocendi
704 3466 789 3503 poffit
801 3468 916 3499 recludi.

199 3500 360 3532 Paternitati
377 3500 477 3532 vestrae
497 3501 602 3532 devote
613 3503 661 3541 sup
682 3503 815 3545 licarnus,
833 3508 961 3544 quatinus
974 3507 1148 3540 consulentes
1162 3519 1218 3540 no-

159 3539 202 3570 bis
218 3540 253 3571 &
272 3539 381 3577 Regno
402 3539 517 3578 nostro,
536 3539 638 3571 statum
686 3542 793 3573 cclefiae
814 3545 956 3582 praedierae
975 3548 1005 3577 in
1020 3547 1119 3577 melius
1132 3558 1216 3578 com-

160 3585 270 3609 mutare
281 3578 388 3617 velitis3
406 3587 590 3617 amoventes,
608 3578 628 3608 fi
641 3579 750 3619 placet,
765 3581 890 3615 funditus
902 3585 938 3615 ab
950 3584 1050 3617 eadem
1065 3585 1216 3624 praedietos

161 3615 329 3648 scismaticos
342 3618 376 3648 &
388 3618 660 3648 excommunicatos

200 3654 281 3685 Cum
293 3656 373 3685 enim
384 3656 434 3692 ipfi
448 3656 477 3686 in
488 3656 581 3686 multis
595 3655 773 3696 habundent‚
790 3658 945 3699 Episcopus
959 3672 1058 3694 eorum
1072 3664 1110 3694 ita
1121 3663 1218 3694 hatte-

161 3702 215 3724 nus
229 3693 350 3733 egestate
358 3693 479 3725 afflictus
491 3694 532 3725 est
544 3695 577 3726 ὃ(
591 3695 702 3738 inopia,¹
719 3695 799 3733 quod
810 3699 858 3729 vix
870 3700 955 3731 habet
967 3701 1017 3731 ubi
1032 3701 1123 3740 capud
1136 3702 1217 3733 suum

160 3732 302 3771 reclinet,
326 3732 360 3764 δε
381 3742 440 3763 non
459 3734 599 3764 invenitur
620 3733 717 3775 aliquis
731 3757 741 3771 ,
763 3735 813 3772 qui
824 3737 855 3766 'm
867 3737 962 3776 aliquo
975 3740 1059 3770 nobis
1074 3740 1146 3770 utilis
1160 3741 1218 3772 effe

162 3771 269 3808 poterit
279 3779 327 3802 aut
340 3770 507 3802 neceffarius
515 3794 525 3811 ‚
543 3773 592 3811 qui
606 3771 807 3809 Episcopatum
818 3773 898 3805 illum
911 3777 1036 3814 recipere
1049 3779 1181 3811 voluerit.

200 3808 327 3840 Scientes
343 3818 397 3847 pro
416 3818 497 3841 certo
541 3810 620 3849 quod
633 3821 694 3840 non
713 3812 816 3847 poterit
829 3813 911 3842 nobis
923 3816 1022 3846 melius
1034 3816 1177 3854 provideri
1189 3819 1219 3848 in

164 3847 287 3883 partibus
308 3847 361 3877 illis
373 3871 384 3886 ,
401 3857 486 3886 prout
520 3858 536 3878 e
549 3849 668 3880 consilio
682 3848 808 3878 fidelium
822 3851 856 3880 &
870 3849 1042 3889 Magnarum
1055 3854 1219 3886 nostrorum

165 3884 311 3916 evidenter
322 3886 523 3925 intelleximuS,
541 3897 628 3926 quam
641 3887 661 3917 fi
673 3887 801 3925 praediEti
813 3887 957 3921 scismatici
971 3892 1004 3923 &
1019 3896 1219 3925 excommuni-

167 3923 223 3952 cati
242 3925 352 3960 penitus
370 3934 555 3956 amoveantur
570 3938 581 3964 ς
598 3927 649 3965 &‚
667 3926 735 3957 loco
749 3936 869 3965 eorum,
887 3929 936 3965 qui
947 3929 1078 3962 dicuntur
1094 3931 1220 3972 Regula-

167 3968 230 4003 res,
248 3961 335 4005 (curn.
349 3962 402 3994 sint
423 3963 533 4002 prorsus
552 3965 710 4003 irregulares
723 3989 734 4003 ,
759 3965 793 3996 &
811 3964 948 3996 Ecclefiae
959 3967 1103 4000 Romanae
1114 3971 1222 4001 inimici

168 3998 203 4028 &
221 3999 430 4040 inobedientes)
451 4002 656 4034 constituantur
677 4002 882 4041 Praebendarii3
920 4004 949 4035 ui
960 4004 1104 4038 Romanae
1117 4008 1221 4040 Eccle-

170 4034 218 4066 fiae
236 4035 397 4069 obedientes
407 4063 418 4077 ,
440 4041 475 4072 &
492 4042 577 4071 nobis
596 4043 625 4071 in
640 4041 770 4072 Consilio
784 4041 835 4072 sint
848 4051 900 4079 pru
920 4051 1014 4083 entes,
1029 4046 1064 4077 &
1076 4047 1108 4076 in
1118 4047 1223 4080 auxilio

171 4072 320 4144 effizcffiesl’.
332 4083 479 4150 tit-egsum
491 4088 578 4117 poena
588 4090 605 4113 a
617 4079 759 4112 confimili
769 4079 876 4114 delicto
887 4080 956 4131 alios
968 4081 1111 4116 detareat.

1225 183 1701 234 PUBLICA.‘
2213 212 2265 255 73

1243 268 1284 313 Et
1297 268 1377 308 super
1392 271 1442 301 hiis
1457 272 1634 316 voluntatem
1656 277 1777 310 vestram
1793 278 1949 311 Kariffimo
1963 279 2070 312 Amico
2085 281 2185 313 nostro
2200 283 2267 315 Do-
2284 283 2414 314 Anu-132

1209 317 1289 338 mmo
1305 308 1415 346 Legato
1429 310 1580 349 figmhcare
1594 314 1690 344 velitis.
2303 331 2386 358 1217.

1243 347 1262 366 *²
1272 345 1398 385 Et,quia
1411 348 1542 379 nondum
1557 350 1704 383 habuimus
1718 354 1853 394 sigillum,
1863 357 1910 387 has
1925 357 2024 388 litteras
2038 358 2128 389 fraino
2143 358 2268 391 Comitis
2283 366 2343 387 Heo-
2367 370 2391 393 ³-

1208 384 1360 454 ynizisslielmi
1381 385 1561 425 Marescalli,
1588 388 1722 422 Ret‘toris
1743 393 1832 424 nostri
1854 396 1887 426 ὃς
1906 395 2002 436 Regni
2016 383 2121 435 noiiri,
2141 398 2267 437 sigillavi·
2284 401 2299 415 '⁵
2318 393 2415 434 1-2l92

1244 499 1335 532 Teste
1347 496 1452 534 eodem
1466 500 1587 535 Comite
1599 499 1674 543 apud
1686 504 1822 537 Winton.
1842 510 1889 538 26.
1909 510 1954 541 die
1968 511 2078 550 Aprilis.

1361 645 1410 678 De
1418 645 1510 690 ficlvo
1528 646 1674 681 condnHu
1688 659 1744 696 pro
1761 649 1944 685 Oratoribus
1960 652 2117 687 Ludovici.

1283 768 1432 807 speCmris,
1449 771 1572 801 salutem.

1248 806 1348 837 Sciatis
1367 806 1447 844 quod
1469 809 1637 846 suscepimus
1657 811 1687 841 in
1706 809 1813 843 salvum
1827 813 1861 844 ὃς
1874 813 2003 846 securum
2018 815 2197 848 conductum
2208 828 2274 848 nos·
2290 810 2325 833 A.

1207 850 1289 886 trum
1303 852 1423 888 quatuor
1435 845 1584 886 Magnates
1599 848 1635 878 de
1648 850 1767 880 confilio
1780 851 1903 882 Domini
1918 852 2079 893 Lodovici,
2098 865 2167 885 cum
2182 857 2273 896 vigin-
2290 849 2316 870 H

1212 889 1234 911 ti
1253 883 1393 920 equitibus
1407 907 1418 921 ,
1440 883 1475 913 ad
1493 886 1667 917 veniendum
1689 889 1761 919 inter
1781 889 1939 928 Breynford
1954 892 1987 922 ὃς
2003 892 2222 933 Hundessoive,
2240 896 2274 926 &
2291 886 2350 910 ΡΜ·
2372 891 2395 909 ’“
2421 922 2425 929 ,

1213 919 1391 964 loquendum
1413 931 1482 952 cum
1503 932 1622 961 quatuor
1644 925 1826 966 Magnatibus
1839 953 1849 967 ,
1874 928 1911 960 de
1922 930 2039 961 consilio
2051 931 2167 971 nostro,
2185 933 2219 964 &
2234 934 2278 964 vi·
2295 925 2328 949 H.
2347 929 2372 957 3‘
2388 928 2425 955 ⁷²⁹³

1213 966 1286 995 ginti
1299 969 1316 989 e
1338 960 1438 989 umbus
1447 982 1457 998 ,
1495 972 1545 991 uos
1558 962 1656 993 secum
1671 964 1810 996 duxerint.
2294 959 2321 987 ⁶·

1252 995 1292 1027 Et
1334 1005 1393 1027 urat
1414 1007 1472 1027 con
1494 999 1575 1029 utitus
1594 1001 1646 1030 iste
1667 1011 1718 1038 per
1737 1011 1833 1034 totum
1853 1003 1937 1035 istum
1958 1006 2035 1038 diem
2053 1008 2164 1047 Lunae,
2181 1011 2276 1047 proxi-

1216 1033 1384 1110 rffltiitrrnopost
1402 1034 1506 1066 festum
1527 1036 1624 1069 Saneti
1644 1038 1777 1071 Barnabae
1797 1041 1953 1082 Apostoli,
1979 1055 2055 1076 anno
2080 1047 2175 1087 Regm
2189 1048 2278 1080 nostri

1256 1109 1295 1142 Et
1317 1110 1384 1141 ideo
1405 1112 1489 1143 vobis
1507 1112 1673 1145 mandamus
1694 1115 1773 1154 quod
1794 1117 1933 1155 praedietis
1948 1129 2066 1157 quatuor
2080 1121 2281 1164 MagnatibuS,

1219 1158 1289 1194 cum
1309 1150 1411 1189 viginti
1429 1152 1570 1189 equitibus
1589 1153 1701 1183 nullum
1723 1155 1833 1186 malum
1846 1156 1965 1195 faciatis,
1983 1168 2029 1188 aut
2044 1159 2102 1190 fieri
2118 1165 2282 1199 permittatis

1219 1198 1250 1217 m
1264 1187 1378 1226 eundo,
1396 1189 1555 1230 morando,
1574 1191 1621 1222 vel
1632 1191 1779 1224 redeundo
1795 1203 1843 1231 per
1855 1202 1951 1226 totum
1967 1195 2044 1227 diem
2057 1198 2149 1230 Lunae
2162 1201 2282 1239 praedic-¹

1218 1234 1290 1258 tum.

1259 1263 1298 1296 Et
1310 1265 1340 1296 in
1354 1265 1435 1305 hujus
1449 1267 1490 1297 rei
1504 1266 1717 1308 testimonium²
1735 1271 1795 1302 &c.

1210 728 1338 786 REX
1363 732 1499 761 omnibus
1521 731 1630 764 Ballivis
1652 734 1686 766 ὃς
1707 733 1834 767 fidelibus
1857 736 1910 767 suis
1923 761 1932 775 ,
1950 737 2098 776 praesentes
2113 739 2213 773 litteras
2228 744 2273 773 in-
2289 727 2421 805 Agi?¹

2350 817 2372 834 l·

2319 866 2324 870 .
2347 854 2372 881 3.

1223 1342 1352 1412 desseste
1372 1341 1492 1374 Comite
1504 1366 1514 1382 ,
1540 1344 1614 1383 apud
1636 1345 1744 1378 Certen.
1768 1347 1944 1381 duodecimo
1964 1350 2010 1382 die
2027 1350 2123 1391 Junii,
2140 1362 2218 1384 anno
2239 1364 2290 1384 eon

1416 1521 1466 1556 De
1482 1521 1609 1568 Treugis
1623 1534 1696 1556 cum
1711 1523 1868 1558 Ludovlco
1889 1525 2092 1561 emendandis.

1228 1604 1395 1668 NObili
1415 1604 1479 1637 viro
1501 1606 1657 1640 Lodovico
1677 1609 1871 1651 primogenito
1892 1611 1982 1650 Regis
2002 1612 2128 1644 Franciae
2141 1638 2151 1652 ,
2170 1613 2294 1645 Williel-
2313 1583 2444 1661 ΑῙΤχ-ΡᾹ

1324 1655 1388 1676 mus
1410 1643 1590 1677 Marescallus
1611 1647 1723 1678 Comes
1745 1649 1930 1689 Penbrociae,
1949 1652 1982 1682 &
1996 1650 2157 1683 Consilium
2171 1652 2295 1684 Domini
2312 1669 2348 1693 Α,
2372 1673 2394 1691 ι,

1228 1685 1259 1716 R
1297 1686 1317 1715 is
1331 1683 1462 1722 Angliae,
1480 1685 1556 1715 reeta
1569 1684 1679 1725 sapere,
1698 1688 1731 1718 &
1745 1688 1896 1719 noviffima
1911 1689 2068 1726 providere.
2313 1709 2348 1732 H.
2369 1712 2396 1740 3,

1301 1724 1415 1753 overitis
1428 1723 1524 1762 quod,
1542 1723 1577 1753 ad
1592 1726 1686 1763 diem,
1703 1736 1790 1764 quem
1806 1727 1933 1758 statuistis
1945 1729 2018 1766 apud
2027 1729 2167 1770 Roffam,
2185 1730 2231 1761 die
2241 1731 2296 1769 Jo·
2315 1747 2371 1770 pff,
2397 1750 2420 1767 1,

1229 1763 1272 1794 vis
1291 1764 1321 1792 in
1342 1761 1476 1792 Crastino
1494 1761 1591 1792 Sandri
1611 1763 1702 1801 Petri,
1718 1765 1832 1796 fuerunt
1846 1766 1993 1797 Hubertus
2007 1767 2043 1798 de
2058 1768 2153 1808 Burgo
2163 1769 2296 1808 Justicia-
2314 1785 2347 1809 H⁴
2367 1789 2391 1816 3,
2405 1788 2441 1808 m„

1229 1802 1285 1831 rius
1306 1800 1418 1839 Angliae
1431 1823 1441 1838 ,
1467 1800 1501 1830 &
1524 1799 1729 1832 Emendatores
1750 1803 1856 1843 nostri,
1873 1805 1908 1835 ad
1922 1806 2133 1838 emendationes
2147 1807 2294 1846 capiendas
2318 1829 2359 1846 n,
2381 1818 2405 1846 a„

1230 1841 1264 1871 &
1285 1838 1423 1869 faciendas
1443 1837 1479 1868 de
1499 1839 1751 1877 interceptionibus
1764 1866 1773 1880 ,
1799 1843 1877 1873 fatftis
1888 1845 1917 1873 in
1933 1846 2024 1880 prima
2037 1846 2135 1885 treuga
2149 1847 2183 1877 &
2199 1847 2297 1877 secun-

1231 1878 1283 1915 da,
1299 1879 1333 1909 ὃς
1349 1876 1383 1908 ad
1396 1885 1524 1915 treugam
1537 1877 1694 1908 faciendam
1709 1880 1851 1910 observari
1864 1883 1897 1912 &
1913 1884 2011 1912 teneri.

1271 1916 1337 1946 Ubi
1358 1915 1436 1946 venit
1459 1914 1494 1944 ad
1514 1925 1564 1946 eos
1580 1916 1653 1947 solus
1674 1916 1758 1948 frater
1780 1917 1944 1950 Isenbardus
1960 1943 1970 1958 ,
1995 1920 2165 1959 Capellanus
2186 1922 2298 1963 vester,

1234 1964 1303 1986 cum
1323 1954 1419 1984 litteris
1440 1953 1544 1996 vestris·
1562 1964 1611 1992 per
1630 1965 1698 1993 quas
1718 1956 1888 1995 significastis
1903 1958 1981 1996 quod
1996 1961 2022 1989 ei
2037 1960 2105 1990 fides
2119 1962 2299 1993 adhiberetur

1233 1993 1387 2024 indubitata
1405 1992 1486 2028 super
1508 1993 1578 2030 hiis,
1597 2003 1661 2031 quae
1681 1993 1789 2025 diceret
1809 2005 1843 2026 ex
1866 2006 1943 2034 parte
1956 1998 2060 2037 vestra,
2077 2001 2126 2038 qui
2140 2000 2210 2031 dixit
2223 2000 2302 2039 quod

1235 2040 1362 2070 treugam
1381 2030 1509 2061 teneretis
1524 2054 1534 2068 ,
1558 2033 1592 2061 &
1615 2033 1711 2063 citavit
1733 2043 1785 2063 nos
1808 2043 1842 2063 ex
1864 2043 1943 2073 parte
1964 2036 2054 2067 vestra
2068 2059 2079 2076 ‚
2103 2039 2137 2069 &
2154 2048 2203 2077 per
2218 2039 2306 2070 sacra-

1236 2078 1331 2101 menta
1342 2068 1438 2098 nostra
1448 2068 1527 2106 quod
1540 2076 1668 2109 treugam
1680 2078 1847 2102 teneremus.

1276 2107 1314 2139 Et
1328 2107 1393 2138 ideo
1406 2107 1462 2136 hoc
1476 2107 1560 2137 vobis
1575 2107 1777 2148 significamus,
1796 2112 1860 2151 quia
1873 2112 2010 2145 volumus
2025 2114 2104 2153 quod
2119 2115 2206 2146 sciatis
2223 2116 2307 2155 ⁴quod

1237 2155 1366 2186 treugam
1387 2146 1506 2176 libenter
1528 2146 1663 2178 volumus
1683 2155 1803 2187 tenere,
1830 2150 1864 2180 &
1878 2151 1997 2183 citamus
2015 2162 2117 2184 omnes
2129 2155 2190 2185 illos
2203 2165 2253 2192 per
2267 2156 2308 2185 sa-

1239 2193 1383 2217 cramenta
1401 2184 1448 2214 sua
1459 2208 1470 2224 ,
1489 2186 1538 2223 qui
1553 2193 1682 2226 treugam
1695 2195 1731 2218 ex
1743 2196 1821 2226 parte
1833 2189 1928 2220 nostra
1937 2191 2119 2230 juraverunt,
2137 2195 2215 2231 quod
2231 2202 2307 2225 treu-

1259 2234 1306 2255 am
1318 2231 1438 2255 teneant.

1239 2234 1258 2266 g
1277 2263 1412 2301 Capiatur
1431 2270 1527 2294 autem
1548 2262 1606 2295 dies
1625 2264 1660 2296 ὃς
1682 2261 1762 2297 locus
1782 2272 1951 2306 competens
1972 2268 2007 2299 ad
2029 2270 2241 2301 emendationes
2260 2271 2307 2301 ca-

1241 2302 1355 2342 piendas
1367 2302 1401 2333 &
1414 2301 1553 2333 faciendas
1568 2312 1603 2333 ex
1616 2313 1735 2342 utraque
1748 2315 1842 2345 parte,
1859 2308 1893 2338 &
1907 2309 2021 2338 mittatis
2034 2309 2116 2339 nobis
2129 2309 2230 2340 litteras
2245 2319 2308 2339 ves-

1240 2351 1294 2373 tras
1314 2340 1350 2372 de
1368 2340 1516 2372 conductu
1536 2351 1638 2373 eorum
1658 2344 1726 2382 qui,
1741 2344 1776 2373 ad
1791 2344 1869 2375 diem
1882 2347 1917 2376 ὃς
1933 2346 2033 2377 locum
2043 2371 2052 2385 ,
2071 2356 2105 2377 ex
2121 2356 2198 2385 parte
2211 2347 2308 2378 nostra

1241 2380 1276 2412 ad
1289 2378 1501 2411 emendationes
1515 2380 1661 2417 capiendas
1674 2382 1708 2412 &
1723 2382 1863 2413 faciendas
1876 2384 1951 2416 salvo
1965 2387 2064 2416 venire
2078 2385 2199 2424 poffinr,
2218 2387 2251 2417 &
2265 2386 2306 2416 ibi

1242 2420 1319 2451 salvo
1329 2419 1434 2449 morari
1443 2441 1453 2457 ,
1471 2418 1505 2449 δε
1518 2419 1626 2450 ibidem
1640 2419 1716 2451 salvo
1730 2423 1845 2453 reverti.

1280 2457 1341 2488 Has
1356 2466 1452 2487 autem
1464 2456 1565 2487 litteras
1578 2457 1667 2497 sigillo
1685 2459 1814 2496 praedierr
1832 2459 1958 2493 Comitis
1978 2461 2132 2493 Willielmi
2152 2461 2311 2494 Marescalli
2361 2484 2372 2493 =

1246 2496 1426 2528 decrevimus
1439 2495 1553 2535 sigillari.

1283 2575 1359 2603 Idem
1377 2572 1539 2602 mandatum
1559 2572 1596 2614 est
1609 2576 1763 2612 Engeramo
1778 2575 1810 2605 de
1823 2574 1919 2616 Cufiy,
1938 2574 1976 2613 ὠ
1991 2580 2087 2608 Comiti
2109 2580 2260 2610 Niveriens
2273 2577 2314 2616 ὥς

1249 2612 1359 2653 Confilio
1369 2611 1512 2641 Lodovici.

1249 2755 1340 2788 Bulla
1364 2756 1497 2789 Honorii
1520 2757 1604 2804 Papae
1628 2756 1665 2791 dc
1681 2757 1847 2793 ordinando
1871 2762 1952 2794 circa
1971 2762 2127 2794 Canonicos
2146 2761 2315 2803 Carleolenf

1751 2808 1812 2853 fis.

1253 2888 1462 2950 Honorius
1481 2890 1653 2936 Episcopus,
1677 2892 1770 2939 servus
1783 2893 1929 2927 servorum
1942 2894 2022 2934 Dei,
2040 2893 2147 2939 dileeto
2159 2888 2219 2925 filio
2234 2894 2316 2940 Gua-
2337 2897 2493 2938 Ann'..D31.
2521 2926 2526 2932 .

1344 2930 1404 2961 lom
1423 2931 1506 2961 titulo
1525 2932 1611 2970 sanciti
1633 2931 1753 2963 Marum
1775 2934 1944 2974 Presbytero
1962 2934 2103 2964 Cardmali
2121 2958 2132 2972 ,
2153 2933 2317 2972 apostohcae
2363 2945 2450 2974 1217.

1252 2968 1321 3001 sedis
1337 2968 1465 3007 Legato,
1482 2969 1597 3000 salutem
1610 2971 1644 3000 &
1658 2970 1843 3008 apostolicam
1856 2972 2098 3003 benediffionem.

1291 3007 1370 3038 Tam
1383 3007 1537 3038 carissimus
1552 3009 1582 3038 in
1598 3007 1716 3039 Christo
1731 3009 1802 3041 filius
1819 3011 1915 3041 noster
1930 3010 1996 3041 Rex
2008 3010 2171 3050 Anglorum
2183 3004 2312 3055 illustris,
2333 2980 2418 3051 1523.

1253 3054 1340 3084 quam
1354 3046 1526 3076 venerabiles
1538 3046 1635 3076 fratres
1649 3047 1738 3078 nostri
1753 3048 1936 3079 Dublinenfis
1950 3050 1984 3080 ὃ(
2000 3048 2184 3080 Eboracenfis
2197 3050 2316 3081 Arch1e-
2332 3059 2371 3081 Ex
2386 3056 2446 3082 Au-

1253 3084 1360 3122 piscopi
1395 3094 1428 3115 ac
1449 3084 1672 3124 Londoniensis,
1689 3086 1914 3125 Wintouiensrs,
1933 3087 2123 3119 Bathonienfis
2143 3089 2176 3120 δε
2197 3089 2251 3119 Wi
2271 3098 2318 3118 or-
2333 3100 2399 3129 togr,

1251 3122 1351 3153 nienfis
1368 3109 1501 3161 Episcopi
1515 3123 1567 3153 suis
1588 3124 1671 3154 nobis
1690 3124 1785 3154 litteris
1797 3126 1978 3164 intimarunt,
2019 3126 2078 3157 uod
2095 3126 2238 3158 Canonici
2265 3127 2317 3155 *ar-

1253 3161 1387 3192 leolenses
1400 3186 1410 3200 ,
1435 3169 1534 3192 contra
1554 3164 1859 3194 excommunicationis
1876 3165 1911 3195 &
1925 3165 1997 3195 inter
2019 3165 2067 3196 iffi
2081 3164 2241 3202 sententias,
2257 3166 2318 3194 tam

1254 3210 1270 3230 a
1283 3201 1381 3239 nobis,
1399 3201 1486 3238 quam
1499 3210 1514 3230 a
1527 3208 1556 3230 te
1577 3201 1606 3229 in
1622 3201 1811 3238 persecutores
1828 3203 1862 3234 &
1883 3203 2040 3234 turbatores
2052 3203 2140 3243 Regis
2154 3205 2187 3235 &
2203 3203 2317 3246 Regni,

1255 3248 1358 3269 eorum
1382 3240 1511 3278 exigente
1532 3239 1636 3269 malitia
1650 3263 1659 3277 ,
1683 3241 1871 3279 promulgatas
1886 3265 1897 3279 ,
1922 3249 2030 3272 temere
2050 3244 2193 3272 venientes
2208 3264 2217 3278 ‚
2236 3240 2317 3284 ipsius

1257 3276 1346 3317 Regis
1359 3276 1531 3315 Capitalibus
1543 3278 1664 3308 inimicis
1677 3302 1687 3316 ,
1706 3281 2013 3310 excommunicationis
2029 3278 2316 3323 vinculoninnodratis,

1259 3316 1278 3335 ³¹²
1295 3315 1409 3353 publice
1422 3316 1637 3347 communicare
1656 3317 1846 3356 praesumunt,
1864 3319 1897 3350 ὃς
1917 3319 1946 3349 in
1966 3318 2037 3349 locis
2058 3317 2212 3348 mterdretis
2223 3316 2319 3350 divma

1258 3355 1296 3384 eis
1310 3353 1406 3384 officia
1419 3355 1569 3385 celebrare.

1297 3392 1343 3422 Ad
1357 3392 1419 3423 haec
1434 3393 1511 3431 Regi
1520 3392 1644 3432 Scotiae,
1658 3394 1747 3432 ipsum
1762 3393 1877 3432 Regem
1887 3394 2049 3434 Anglorum
2057 3393 2222 3438 Dominum
2236 3394 2318 3427 suum

1258 3432 1387 3469 nequiter
1406 3432 1600 3471 impugnanti,
1615 3442 1648 3462 ac
1669 3442 1784 3471 propter
1803 3434 1860 3463 hoc
1883 3434 2184 3475 excommunicationis
2200 3434 2317 3464 vinculo
2374 3452 2377 3455 κ

1257 3469 1410 3508 innodato,
1427 3470 1454 3500 se
1468 3470 1614 3501 voluntate
1624 3471 1774 3509 spontanea
1786 3471 1965 3501 subdiderunt
1981 3494 1990 3507 ,
2016 3471 2050 3501 ὃς
2063 3493 2073 3509 ,
2091 3469 2131 3514 ad*
2142 3481 2200 3508 ejus
2212 3471 2320 3502 instan-

1259 3510 1344 3546 tiam,
1363 3509 1505 3547 quendam
1523 3508 1662 3539 clericum
1682 3511 1739 3547 ejus
1755 3533 1765 3546 ,
1790 3509 2090 3539 excommunicationis
2104 3509 2222 3541 vinculo
2233 3512 2319 3541 inno-

1258 3546 1373 3584 datum,
1395 3547 1445 3577 fibi
1458 3546 1689 3585 praesumpserunt
1703 3548 1804 3586 eligere
1819 3549 1848 3576 in
1856 3546 2031 3589 Episcopum
2045 3547 2079 3577 δε
2093 3546 2252 3591 pastorem,
2268 3549 2321 3579 hiis

1259 3587 1293 3616 δε
1315 3585 1371 3615 aliis
1394 3586 1488 3616 modis
1508 3594 1608 3617 contra
1627 3586 1791 3616 Romanam
1812 3584 1969 3616 Ecclenam
1981 3584 2172 3623 multipliciter
2184 3586 2323 3620 excedere

1259 3632 1320 3654 non
1333 3633 1470 3655 verentes.

1298 3662 1397 3702 Qare
1416 3663 1485 3694 dieti
1504 3663 1570 3693 Rex
1583 3686 1593 3700 ,
1618 3661 1829 3700 Archiepiscopi
1842 3685 1852 3701 ,
1876 3662 1909 3694 δε
1929 3662 2062 3700 Episcopi
2081 3664 2163 3694 nobis
2173 3663 2320 3704 suggerere

1260 3700 1425 3732 studuerunt
1460 3710 1490 3731 ut
1503 3701 1616 3731 eosdem
1630 3699 1810 3738 Canonioes,
1830 3700 1951 3739 quisunt
1963 3700 2023 3732 solo
2037 3703 2157 3732 nomine
2169 3704 2318 3742 regulares,

1258 3739 1294 3770 ab
1308 3739 1365 3778 ipsa
1378 3724 1494 3770 ecclelia
1508 3739 1663 3768 faceremus
1677 3739 1785 3775 penitus
1799 3740 1943 3777 amoveri,
1963 3739 2005 3769 eis
2020 3751 2030 3777 3
2043 3750 2092 3778 per
2105 3741 2167 3770 alias
2180 3742 2317 3780 regulares

1259 3778 1385 3809 ecclesias
1399 3778 1563 3814 collocatis·²
1581 3786 1614 3806 ac
1628 3776 1767 3806 electione
1782 3801 1792 3814 ,
1815 3777 1975 3815 attemptari
1995 3750 2032 3808 die
2045 3779 2184 3816 praediem
2197 3789 2316 3810 excom-

1261 3818 1422 3855 municato,
1436 3815 1511 3845 irrirfi⁴
1525 3814 1666 3852 nuntiata,
1683 3815 1829 3845 ecclesiam
1851 3817 1936 3853 ipsam
1949 3815 1986 3846 de
1999 3817 2121 3854 personis
2136 3817 2212 3857 Regi
2228 3817 2316 3848 fideli-

1261 3856 1328 3893 bus,
1345 3856 1379 3886 &
1393 3853 1516 3886 ecclefiae
1528 3853 1672 3883 Romanae
1685 3852 1794 3884 devotis
1812 3854 1934 3884 ordinari
1952 3854 2108 3886 faceremus
2122 3881 2131 3894 ,
2150 3864 2209 3886 tam
2224 3857 2253 3885 in
2269 3866 2317 3886 ca-

1261 3895 1334 3932 pite,
1351 3902 1436 3931 quam
1456 3894 1485 3921 in
1505 3890 1664 3930 membris,
1683 3891 1898 3929 possessionibus
1916 3903 1949 3923 ac
1971 3892 2121 3925 redditibus
2135 3894 2260 3936 ejusdem
2271 3904 2319 3924 ec-

1262 3932 1352 3962 cleliae
1375 3933 1447 3961 inter
1466 3929 1648 3967 episcopum,
1663 3931 1697 3962 &
1717 3931 1870 3961 canonicos
1884 3931 2056 3963 ordinandos
2068 3932 2175 3962 ibidem
2188 3941 2320 3969 portione

1262 3969 1390 4009 congrua
1403 3968 1569 3998 distributis:
1579 3967 1726 3998 afferentes
1738 3968 1766 3998 id
1781 3970 1958 4007 tranquilitati
1973 3971 2060 4010 Regis
2072 3972 2106 4002 &
2122 3971 2217 4009 Regni
2230 3970 2319 3999 maxi-

1263 4015 1312 4038 me
1325 4006 1519 4046 profuturum,
1538 4016 1606 4037 cum
1621 4006 1746 4036 ecclesiae
1757 4006 1921 4047 saepedicta,
1939 4009 1969 4039 in
2059 4011 2091 4039 'ae
2103 4019 2136 4039 ac
2151 4009 2256 4039 Scotiae
2271 4008 2319 4038 sira

1263 4046 1397 4077 limitibus
1410 4067 1420 4082 ,
1445 4043 1548 4075 eisdem
1570 4045 1646 4084 Regi
1663 4045 1697 4075 &
1712 4044 1818 4083 Regno
1837 4046 1962 4077 multum
1973 4057 2006 4087 pr
2047 4045 2103 4079 effe
2114 4047 2220 4085 valeat,
2235 4047 2256 4076 fi
2269 4045 2318 4075 de-

1264 4092 1332 4117 vota
1345 4084 1477 4121 extiterit·²
1496 4083 1529 4115 &
1542 4083 1658 4121 obesse,
1676 4083 1696 4114 fi
1709 4082 1792 4114 fuerit
1806 4083 1946 4123 indevota,

1788 4120 1820 4154 K

2338 3328 2388 3356 *L
2404 3338 2472 3363 zze,

2241 4118 2319 4150 Cum

2438 2809 2460 2826 ἱ.
2519 2819 2526 2827 a
