2570 4261
80 231 157 264 'Ami
173 229 214 260 D.

111 271 194 308 1267.

81 314 145 338 Heu.
168 318 193 345 3.

82 463 133 488 An.
148 467 195 497 5¹·

85 504 119 525 H.
139 509 162 529 ξ.

84 542 114 563 I..
134 533 199 570 nf.

88 583 150 609 3²7⁷-
166 583 193 599 a,

83 615 210 648 penesCa-

86 659 151 675 Tlss't'a
155 659 167 673 r
171 668 177 674 .

86 692 198 715 δίαιταν.

94 1384 148 1413 01.
162 1382 229 1419 845.

236 148 314 188 108

233 322 351 354 Littera
377 311 517 348 Ottobom'
538 311 575 344 de
596 321 668 357 pace
684 309 774 354 fafla
799 310 877 339 inter
896 306 942 338 H.
969 305 1078 350 Regem
1093 301 1232 348 Angliae,
1257 302 1294 338 &²

575 362 615 393 L.
642 360 809 403 Principem
830 353 951 388 Walliae.

237 448 470 511 OTtobonus‚
485 445 660 477 miseratione
675 441 792 479 divina,
810 438 895 471 sanffi
910 437 1021 468 Adriani
1036 436 1184 466 Diaconus
1196 433 1298 465 Cardi-

267 528 289 557 st
319 488 400 525 nalis,
426 485 601 526 Apostolicae
621 482 688 513 sedis
706 482 825 521 legatus,
847 477 882 509 ad
897 484 1059 516 perpetuam
1073 474 1245 505 memoriam
1259 472 1297 502 rei

250 538 264 557 e
290 537 323 557 ες.

231 538 248 569 g
270 565 389 595 Creator
409 562 540 593 omnium
562 560 643 591 Deus
664 559 730 597 qui,
750 559 779 588 in
799 554 875 586 tanta
889 553 989 584 mundi
1002 552 1150 589 varietate,
1166 548 1300 587 tantaque

232 602 414 642 repugnantia
431 609 542 637 rerum,
558 600 660 629 orbem
681 599 711 627 in
731 594 808 627 tanta
821 591 976 624 concordia
993 590 1140 627 stabilivit,
1156 597 1187 618 ut
1201 587 1300 618 omnia

233 637 448 673 suosierminos
466 646 595 675 teneant,
620 638 654 667 &
675 643 749 665 certa
768 634 830 672 lege
851 630 1012 667 subsistant,
1035 628 1192 658 humanum
1213 634 1300 665 genus

236 680 331 719 (quod
359 678 459 709 mundi
489 676 663 716 repraesentat
683 671 831 714 ymagine)
853 670 902 700 suo
923 668 1030 698 secreto
1047 666 1156 705 judicio
1173 673 1300 704 guerram

233 719 347 750 dissidiis
365 717 452 756 affligi
472 714 608 756 permittit
620 711 786 752 aliquando,
804 708 941 747 &ipsum
957 706 1007 736 suo
1021 713 1093 736 nutu
1107 704 1183 743 pacis
1197 710 1302 734 recreat

252 766 343 788 nitate.

231 770 250 790 u
274 796 333 834 Ipse
355 795 476 834 quippe,
492 791 655 831 Anglorum
675 789 708 820 ὃ(
724 786 912 818 Wallensium
934 794 973 825 po
994 783 1072 821 ulos,
1086 792 1102 812 a
1123 781 1172 811 lon
1193 782 1215 811 is
1228 788 1303 811 retro

236 834 410 872 temporibus
429 833 459 862 in
474 840 591 868 poenam
603 828 714 859 forsitan
731 833 931 862 utrorumque,
950 834 964 853 a
985 822 1111 852 invicem
1126 820 1155 850 di
1179 819 1302 857 identes,

239 874 332 905 multis
344 871 499 908 discordiis,
521 867 669 904 multisque
682 865 761 896 bellis
774 863 912 900 afflictos,
931 861 1019 892 oculo
1033 858 1230 890 misericordiae
1245 858 1301 888 sii-„e

234 913 380 951 respiciens
392 910 443 940 hiis
458 908 573 945 diebus,
589 905 705 942 volens,
723 912 754 934 ut
769 902 895 940 videtur,
909 900 998 931 finem
1011 899 1089 929 malis
1100 899 1250 936 inponere,
1268 896 1303 927 ad

239 950 425 982 concordiam
441 947 485 978 sua
498 947 598 986 pietate
612 944 728 974 reduxit.

276 989 353 1019 Ecce
371 986 516 1018 Dominus
536 983 578 1014 H.
601 983 665 1013 Rex
682 981 792 1019 Angliae
804 977 929 1017 illustris,

239 1028 403 1059 hominibus
423 1024 473 1055 suis
492 1033 525 1054 ex
541 1032 595 1053 una
608 1029 701 1062 parte,
720 1021 753 1051 ὃς
771 1018 871 1049 nobilis
884 1017 927 1047 vir

239 1068 271 1097 ni
290 1076 343 1105 pro
364 1065 407 1103 se,
422 1061 639 1097 successoribus,
657 1060 690 1091 &
708 1057 873 1088 hominibus
892 1055 942 1086 suis
955 1064 988 1086 ex
1001 1054 1101 1092 altera,
1119 1052 1196 1092 super
1208 1052 1303 1082 omni-

240 1106 292 1135 bus
305 1102 532 1135 contentionibus
545 1100 577 1131 &
590 1097 748 1135 discordiis,
765 1096 835 1126 olim
851 1096 921 1125 inter
935 1094 961 1124 se
975 1093 1091 1131 habitis,
1109 1101 1141 1122 ac
1157 1091 1304 1130 transgres-

239 1145 365 1175 sionibus
387 1143 420 1174 &
441 1139 585 1180 dampnis,
622 1147 665 1168 uae
688 1136 756 1167 hinc
768 1134 833 1165 inde
845 1134 916 1164 facta
932 1134 1078 1169 dicuntur,
1097 1130 1131 1161 ad
1146 1129 1305 1168 hujusmodi

240 1192 342 1222 pacem
355 1182 388 1212 &
403 1178 586 1211 concordiam
626 1182 792 1206 evenerunt:

281 1220 313 1252 In
336 1220 430 1258 primis
452 1216 601 1257 siquidem,
620 1215 684 1253 quia
705 1213 741 1243 de
752 1212 858 1243 caeteris
870 1209 1014 1240 discordiis
1026 1207 1105 1238 facile
1119 1206 1308 1237 concordatur

241 1261 291 1291 ubi
306 1256 613 1290 concordiaintervenit
626 1255 914 1289 animomm,omnes
927 1257 1074 1285 rancores,
1089 1245 1220 1283 offensae,
1235 1247 1307 1283 inju-

243 1301 309 1337 riae,
325 1294 547 1336 transgressiones
569 1294 601 1324 &
621 1292 758 1330 dampna,
775 1299 824 1330 per
839 1287 1017 1319 Lewelinum
1031 1286 1063 1317 ἃ
1079 1285 1138 1315 suos
1152 1285 1223 1315 illata
1241 1283 1307 1314 Do-

246 1339 327 1368 mino
347 1335 423 1373 Regi
444 1335 477 1364 &
497 1332 655 1362 tenentibus
672 1337 779 1370 partem
800 1328 891 1363 suam,
910 1326 943 1356 &
959 1325 1030 1355 illata
1046 1323 1195 1354 Lewelino
1208 1324 1240 1352 ὅ(
1255 1322 1307 1352 suis

244 1377 280 1407 ab
292 1375 454 1405 hominibus
469 1371 554 1410 Regis
568 1370 601 1400 ὃ(
614 1368 773 1400 tenentibus
791 1374 898 1404 partem
912 1365 984 1403 ejus,
1003 1363 1022 1383 ’¹¹‘
1038 1362 1198 1394 adinvicem
1212 1362 1308 1392 remit-

246 1423 339 1447 tuntur
352 1422 384 1443 ac
399 1412 483 1442 etiam
495 1408 701 1439 condonantur.

284 1452 408 1488 Verum,
425 1449 559 1488 quoniam
570 1445 690 1477 solidum
705 1444 737 1475 ἃ
752 1442 850 1473 stabile
860 1448 1007 1482 permanet
1020 1439 1097 1481 quod
1110 1438 1216 1469 locatur
1228 1437 1307 1477 super

245 1490 354 1531 justitia:
367 1487 571 1523 fundamentis,
590 1485 685 1523 primo
698 1492 762 1521 quae
775 1481 903 1520 justitiae,
921 1479 1023 1510 deinde
1039 1488 1102 1518 quae
1114 1477 1174 1507 sunt
1190 1477 1309 1508 liberali-

247 1531 308 1561 tatis
329 1530 362 1560 &
402 1527 477 1557 ratiae
491 1526 519 1555 in
533 1524 583 1554 ista
596 1522 768 1559 concordia,
787 1521 819 1551 &
834 1520 946 1549 mixtim
961 1517 1161 1548 nichilominus
1177 1517 1308 1555 utiinque

245 1569 348 1599 alicubi
395 1566 548 1596 celarentur
562 1586 572 1602 ‚
604 1572 670 1592 cum
697 1560 860 1599 plerumque
887 1556 1072 1588 concordiam
1092 1565 1186 1592 parere
1205 1554 1306 1585 soleat:

246 1608 314 1647 quin
337 1615 385 1645 per
405 1604 521 1644 gratiam
540 1602 577 1633 sic
598 1602 680 1640 vigor
697 1597 810 1637 justitiae
823 1604 994 1634 temperetur
1008 1604 1037 1625 ut
1052 1595 1081 1624 in
1094 1594 1163 1631 hiis,
1182 1604 1245 1632 quae
1259 1604 1307 1631 pe-

248 1654 341 1677 tunter
361 1655 377 1675 a
397 1643 518 1682 partibus
530 1663 540 1680 ,
564 1639 634 1679 justa
653 1637 813 1669 exhibeatur
832 1636 917 1675 gratia
932 1658 942 1673 ,
970 1635 1004 1665 &
1025 1632 1070 1664 fiat
1088 1631 1186 1670 justitia
1206 1634 1308 1673 gratio-

248 1685 282 1716 sa.

285 1721 446 1754 Restituent
458 1721 541 1760 igitur
553 1717 712 1749 Lewelinus
725 1716 757 1746 &
771 1714 809 1744 sui
823 1712 957 1744 Domino
975 1710 1006 1741 R
1023 1712 1067 1750 vi,
1086 1710 1119 1740 ὃς
1133 1710 1202 1749 suis,
1219 1711 1252 1741 &
1266 1719 1308 1741 te-

248 1763 378 1795 nentibus
392 1769 498 1800 partem
508 1759 583 1789 suam
596 1765 695 1787 omnes
709 1752 906 1796 poffeffioneS,
923 1759 1005 1794 terras
1064 1750 1137 1788 jura,
1155 1758 1205 1788 per
1218 1750 1308 1788 ipsum

249 1809 388 1840 occupata
406 1801 439 1830 &
458 1798 519 1828 suos
532 1821 541 1836 ,
558 1796 707 1826 occasione
728 1801 834 1833 guerrae
850 1791 884 1822 ὅ(
902 1789 1063 1825 discordiae,
1081 1788 1184 1819 ultimo
1205 1788 1308 1818 habitae

249 1841 321 1871 inter
344 1839 478 1878 Anglicos
496 1837 528 1867 &
549 1832 717 1870 wallensec3
732 1831 853 1870 exceptis
873 1829 949 1860 terris
970 1828 1006 1858 de
1027 1826 1207 1857 Breconia&
1221 1826 1309 1856 Wer-

251 1888 397 1917 crennon,
411 1884 528 1917 quarum
550 1873 696 1904 Lewelino
718 1871 750 1901 &
771 1870 821 1899 suis
840 1867 933 1898 seii'ina
952 1867 984 1897 &
1000 1864 1131 1907 possessio
1144 1865 1308 1896 remanebit.

252 1917 302 1948 De
323 1917 383 1957 ipsis
404 1924 496 1946 tamen
518 1914 550 1944 &
572 1912 646 1949 aliis,
666 1920 732 1949 quas
751 1908 827 1938 idem
848 1906 1007 1936 Lewelinus
1026 1903 1169 1942 restituet,
1186 1904 1232 1934 vel
1246 1914 1309 1948 quae

252 1956 436 1986 remanebunt
450 1953 561 1990 eidem,
574 1950 620 1981 siet
640 1951 707 1980 hinc
727 1946 792 1978 inde
807 1944 912 1984 justitia
930 1943 1086 1974 secundum
1100 1942 1312 1974 consuetudines

251 1995 383 2025 hactenus
397 1996 426 2024 in
442 1991 570 2021 Marchia
583 1988 746 2019 observatas.

288 2033 391 2064 Seisina
410 2032 494 2062 etiam
516 2032 548 2061 δε
570 2026 702 2065 possessio
723 2033 803 2055 terrae
818 2023 854 2054 de
869 2021 978 2060 Burget.
993 2029 1132 2052 remaneat
1146 2019 1313 2058 Lewelino,

252 2074 302 2103 cui
322 2071 386 2102 Rex
406 2068 538 2101 concedit
556 2067 589 2098 &
609 2066 655 2096 dat
674 2066 718 2104 jus
738 2063 815 2102 quod
835 2061 917 2091 habet
930 2062 959 2090 in
972 2070 1019 2098 ea,
1037 2059 1072 2089 de
1086 2059 1140 2096 ipsa
1156 2068 1248 2089 tamen
1263 2058 1309 2089 fiet

249 2110 354 2149 justitia
374 2108 596 2149 quibuscumque
617 2106 657 2142 jus
679 2104 708 2133 in
729 2112 760 2132 ea
774 2100 945 2142 petentibus,
963 2099 992 2129 in
1007 2099 1174 2139 proprietate
1187 2098 1232 2129 vel
1248 2107 1312 2136 pos-

252 2149 385 2186 seffione,
403 2145 555 2178 secundum
568 2141 779 2174 consuetudines
796 2139 956 2180 praelibatas.

292 2187 324 2217 In
337 2197 408 2218 terra
422 2194 490 2216 vero
503 2183 538 2213 de
552 2180 714 2212 Maclenich
729 2179 810 2209 liceat
822 2176 913 2207 nobili
926 2177 988 2206 viro
1001 2174 1129 2216 Rogerio
1141 2174 1176 2205 de
1191 2173 1313 2206 Mortuo

256 2225 332 2257 Mari
348 2225 468 2257 castrum
482 2223 584 2261 erigere
596 2220 640 2251 vel
652 2217 806 2255 aedificare,
825 2225 878 2254 pro
891 2215 940 2245 suo
954 2214 1036 2244 libito
1050 2214 1215 2251 voluntatis,
1233 2214 1312 2252 cujus

255 2264 353 2303 castri,
375 2262 456 2294 simul
476 2271 543 2291 cum
562 2258 615 2299 ipsa
635 2266 723 2294 terra,
739 2255 832 2286 eidem
854 2253 1020 2292 Lewelino,
1045 2252 1183 2283 restitutio
1203 2251 1267 2291 fiet,
1293 2253 1312 2283 fi

255 2303 362 2334 dietam
382 2310 483 2332 terram
504 2299 539 2330 de
554 2295 718 2327 Maclenich
733 2294 849 2335 praefato
864 2292 1029 2331 Leweiiiio,
1043 2292 1087 2330 jus
1103 2293 1133 2322 in
1147 2301 1178 2322 ea
1192 2291 1313 2329 petenti,

254 2341 404 2380 adjudicari
417 2339 570 2377 contingat.

292 2380 436 2410 Dominus
456 2377 540 2408 etiam
563 2374 628 2405 Rex
648 2373 763 2403 dimittit
784 2371 817 2403 ὃ(
838 2369 970 2401 concedit
986 2377 1066 2399 terras
1078 2369 1113 2400 de
1128 2368 1209 2399 Kede
1221 2368 1311 2399 WVien

253 2418 288 2449 ὃ(
305 2417 340 2450 de
362 2417 457 2457 Kery,
474 2425 543 2446 curn
562 2413 660 2454 pertin.
676 2411 743 2450 suis,
762 2409 909 2441 Lewelino
927 2407 1082 2447 praedicto·⁷
1097 2408 1160 2447 qui,
1178 2407 1197 2437 fi
1213 2407 1241 2437 in
1257 2407 1314 2437 aliis

253 2458 323 2488 villis
342 2458 385 2487 vel
403 2456 479 2486 terris
497 2452 682 2491 adiacentibus
696 2452 739 2489 jus
757 2449 875 2479 voluerit
889 2448 1057 2484 reclamare,
1075 2445 1230 2477 secundum
1244 2456 1314 2483 prae-

254 2496 342 2527 dicias
359 2493 569 2526 consuetudines
581 2490 679 2528 justitia
692 2490 740 2519 sibi
755 2487 815 2518 fiet:
834 2488 867 2517 &
881 2486 1019 2524 similiter,
1038 2486 1192 2516 secundum
1206 2485 1314 2515 easdem

255 2534 484 2571 consuetudines,
502 2531 547 2561 siat
559 2529 659 2567 justitia
673 2526 820 2564 omnibus,
833 2527 873 2562 jus
887 2524 1098 2555 reclamantibus
1111 2525 1140 2554 iri
1157 2524 1233 2554 terris
1248 2533 1314 2561 quae

256 2573 442 2604 remanebunt
454 2570 570 2611 praefato
587 2567 748 2604 LewelinO,
763 2566 795 2596 &
808 2564 867 2595 suis.

293 2611 342 2642 De
362 2611 453 2642 castro
474 2618 542 2639 vero
563 2607 595 2637 &
618 2615 688 2636 terra
709 2605 745 2635 de
767 2603 808 2633 W
812 2603 945 2632 hicenton
966 2601 1042 2632 idem
1056 2600 1217 2630 Lewelinus
1232 2599 1316 2630 habe-

257 2651 300 2680 bit
321 2651 353 2681 δε
372 2649 485 2688 recipiet
505 2646 645 2676 servitium
661 2643 738 2683 quod
757 2641 972 2672 Praedeceffores
993 2640 1031 2670 sui
1052 2639 1088 2669 de
1108 2638 1169 2676 ipsis
1182 2638 1314 2669 hatfienus

257 2689 438 2726 habuerunt·³
460 2685 572 2727 guardia
592 2683 713 2723 ejusdem
734 2681 816 2712 militi
839 2688 1001 2710 remanente
1021 2678 1069 2708 cui
1092 2677 1158 2707 Rex
1179 2676 1316 2709 concessit

256 2728 382 2758 eandem.

295 2765 375 2796 Idem
395 2764 595 2795 nichilominus
616 2758 774 2790 Lewelinus
789 2757 915 2787 nobilem
930 2756 1024 2786 virum
1039 2753 1204 2784 Robertum
1218 2753 1254 2784 de
1266 2752 1318 2784 Al-

257 2813 289 2835 to
312 2804 417 2836 Monte
451 2813 521 2834 cum
542 2809 598 2831 tota
613 2808 682 2828 terra
695 2796 739 2828 sua
755 2797 790 2827 de
806 2795 853 2825 Ha
864 2795 1019 2832 Wordim,
1035 2792 1127 2823 statim
1141 2792 1196 2822 sine
1209 2792 1317 2822 dilatio-

259 2854 296 2873 ne
316 2844 406 2882 aliqua
421 2827 540 2872 liberum
558 2838 680 2869 restituet
700 2836 732 2866 &
746 2835 885 2872 dimittet3
903 2835 949 2863 cui
964 2833 1110 2869 Roberto,
1125 2830 1211 2868 usque
1222 2830 1255 2861 ad
1269 2831 1318 2861 tri-

259 2883 333 2922 ginta
345 2891 449 2920 annos,
465 2882 493 2910 in
508 2889 539 2909 ea
554 2877 674 2908 castrum
696 2873 833 2904 aedificare
848 2872 892 2902 vel
905 2873 1009 2911 erigere
1022 2880 1081 2901 non
1096 2870 1199 2900 licebit.

299 2920 351 2950 Per
369 2920 441 2950 hanc
463 2927 558 2949 autern
579 2914 786 2946 ordinationem
807 2910 946 2941 Griffinus
965 2910 1032 2940 filius
1045 2908 1169 2939 Wenori
1182 2907 1278 2945 Wen,
1296 2907 1316 2938 fi

259 2967 345 2996 quam
366 2967 465 2989 terram
485 2956 592 2992 tenuit,
609 2954 679 2983 dum
698 2951 765 2982 effet
787 2960 854 2981 curn
873 2949 972 2988 Rege,
988 2956 1139 2986 antequam
1153 2946 1187 2977 ad
1203 2946 1318 2976 fidelita-

259 3005 320 3027 tem
339 2998 371 3027 &
393 3005 497 3036 partem
519 2995 624 3024 veniret
644 2990 796 3027 Lewelini,
820 2988 960 3019 restituere
980 2988 1098 3017 minime
1119 2994 1258 3023 teneatur,
1277 2986 1318 3021 jus

261 3043 356 3065 tamen
371 3036 398 3064 in
412 3045 443 3065 ea
456 3032 613 3064 volentibus
624 3030 774 3061 reclamare
789 3029 819 3058 in
834 3028 1000 3067 proprietate
1015 3026 1060 3056 seu
1073 3024 1255 3065 possessione,
1272 3023 1319 3054 siet

259 3073 363 3111 ‘justitia
376 3071 526 3103 secundum
539 3069 748 3100 consuetudines
761 3066 932 3107 supradictas.

299 3111 444 3142 Caeterum
457 3110 601 3141 Dominus
614 3108 678 3138 Rex
691 3106 816 3145 Angliae,
835 3104 932 3135 volens
946 3102 1048 3141 praesati
1062 3100 1199 3132 Lewelini
1212 3101 1320 3140 magni-

261 3149 345 3181 ficate
365 3150 524 3190 personam,
542 3147 575 3177 &
589 3148 616 3176 in
633 3155 668 3176 eo
682 3154 799 3175 caereros
813 3143 951 3174 honorare
965 3143 1012 3180 qui
1026 3141 1074 3171 sibi
1089 3139 1264 3170 haereditario
1278 3140 1319 3176 ju-

260 3199 291 3219 re
311 3188 475 3224 succedent,
493 3195 526 3216 ex
547 3194 621 3215 mera
639 3184 683 3214 sua
697 3183 854 3213 liberalitate
865 3191 898 3212 ac
912 3182 1011 3220 gratia,
1029 3180 1065 3210 de
1079 3179 1221 3209 voluntate
1234 3179 1318 3208 etiam

260 3228 294 3258 &
309 3227 411 3257 assensu
432 3225 555 3256 Domini
573 3222 703 3253 Edwardi
720 3221 904 3259 primogeniti
919 3221 957 3250 sui
973 3220 1049 3256 data,
1068 3217 1201 3248 concedit
1215 3216 1315 3254 praefa-

259 3274 292 3296 to
316 3265 461 3297 Lewelino
480 3264 514 3294 &
530 3261 687 3292 haeredibus
708 3259 758 3289 suis
771 3259 884 3289 Walliae
899 3258 1090 3295 principatum
1100 3279 1110 3296 ,
1126 3264 1156 3286 ut
1168 3255 1246 3285 idem
1262 3254 1319 3284 Le-

261 3305 377 3335 welinus
389 3305 421 3335 ὃ(
436 3302 557 3332 haeredes
571 3301 609 3330 sui
625 3299 767 3337 Principes
780 3297 893 3327 Walhae
908 3306 1053 3327 vocentur.

300 3343 338 3373 Et
364 3343 481 3372 habeant
509 3340 614 3377 insuper
635 3337 792 3368 fidelitatem
814 3337 846 3367 &
869 3336 999 3374 homagia
1019 3334 1152 3364 omniurn
1174 3332 1317 3363 Baronum

261 3381 474 3418 XValliensium,
492 3388 522 3409 ut
540 3378 609 3408 dieti
628 3376 748 3406 Barones
768 3385 783 3404 a
797 3374 915 3413 praefatis
929 3374 1061 3411 Principe
1075 3373 1109 3403 ὃ(
1120 3371 1275 3402 haeredibus
1288 3371 1316 3399 in

265 3422 353 3457 capite
375 3427 486 3449 teneant
508 3428 590 3448 terras
612 3414 684 3452 suas;
700 3422 819 3452 excepto
840 3413 974 3451 homagio
993 3412 1094 3442 nobilis
1105 3411 1157 3440 viri
1173 3409 1320 3440 Maraduci

266 3456 311 3487 filii
333 3458 416 3496 Refi,
430 3458 506 3495 cujus
521 3455 686 3494 homagium
700 3454 732 3483 &
748 3451 905 3481 dominium
918 3451 982 3480 Rex
996 3451 1044 3480 sibi
1056 3449 1255 3480 &haeredibus
1269 3447 1320 3476 suis

266 3499 361 3525 retinet
371 3507 453 3533 ,cum
469 3504 527 3526 tota
541 3504 610 3523 terra
624 3491 746 3530 ejusdem
755 3499 856 3529 ,quam
871 3490 945 3519 idem
958 3489 1092 3526 Princeps
1105 3488 1155 3517 sibi
1168 3486 1320 3522 restituere,

267 3533 300 3562 &
319 3544 332 3563 a
347 3534 396 3563 suis
410 3535 500 3564 statim
514 3532 619 3563 restitui
630 3531 719 3561 facere
733 3537 872 3566 teneatur,
890 3529 925 3558 de
937 3538 991 3567 qua
1005 3529 1045 3563 iiis
1059 3528 1087 3556 in
1103 3536 1133 3556 ea
1145 3525 1319 3555 reclamanti-

268 3570 318 3600 bus
330 3572 510 3609 postmodum
522 3571 568 3601 fiet
578 3570 696 3608 justitia,
712 3568 779 3598 licut
794 3568 865 3596 inter
879 3576 953 3603 pares
967 3567 1028 3596 suos
1043 3565 1101 3596 fieri
1115 3563 1270 3594 consuevit.

306 3608 554 3648 Quandocumque
574 3610 645 3639 vero
668 3606 802 3637 Domino
818 3604 892 3643 Regi
912 3605 1044 3645 placuerit
1065 3602 1182 3642 praefato
1198 3600 1322 3637 Principi

268 3647 422 3690 concedere
443 3648 604 3686 homagium
619 3645 765 3676 Maraduci
779 3643 923 3683 praedic‘ti,
941 3643 1068 3680 praefatus
1083 3641 1216 3680 Princeps
1230 3636 1324 3669 eidem

268 3683 342 3751 {legi
362 3686 405 3714 vel
423 3686 575 3716 haeredibus
593 3685 644 3715 suis
664 3685 788 3725 quinque
804 3681 889 3712 millia
911 3682 1069 3712 maritarum
1092 3679 1155 3709 dare
1170 3679 1202 3709 &
1218 3678 1323 3708 solvere

283 3731 400 3751 ene'lssjl‘.

943 987 1000 1047 {ro
1015 975 1057 1021 se,
1075 975 1253 1019 haeredibus,
1267 983 1301 1004 ac

969 1016 1101 1047 ewelinus
1115 1014 1185 1044 filius
1199 1011 1302 1044 Griffi-

310 3759 357 3788 De
379 3760 471 3790 David
491 3771 599 3799 autern,
613 3763 694 3792 fratre
718 3759 853 3790 Lewelini
872 3758 1012 3798 praedic‘ti,
1028 3757 1068 3788 est
1090 3755 1238 3795 specialiter
1249 3752 1326 3783 ordi-

273 3806 388 3842 natum,
405 3799 478 3841 quod
501 3799 588 3829 dietus
612 3800 766 3829 Leweliiius
787 3798 836 3827 sibi
857 3797 976 3826 restituat
995 3805 1086 3826 totam
1101 3803 1203 3825 terram
1237 3800 1322 3831 quam

273 3837 350 3878 fldem,
364 3834 456 3875 David
470 3836 577 3874 habuit,
585 3847 730 3876 antequam
742 3837 777 3865 ab
790 3835 848 3875 ipso
859 3834 999 3865 recederet
1009 3858 1018 3873 ,
1026 3835 1059 3865 &
1074 3835 1102 3863 iii
1113 3840 1189 3871 parte
1234 3829 1326 3859 omini

276 3873 364 3911 Regis
385 3873 469 3908 ellel-3
484 3884 537 3909 qua
552 3875 570 3903 si
586 3874 678 3904 David
692 3885 751 3904 non
764 3874 844 3903 fuerit
856 3881 1020 3910 contentuS,
1038 3872 1084 3902 fiet
1097 3871 1148 3901 sibi
1163 3867 1325 3906 provisionis

275 3918 457 3942 augmentum
466 3933 474 3947 ,
487 3914 571 3952 prout'
581 3912 719 3941 Griffinus
732 3912 800 3941 filius
813 3911 933 3941 Wenon
947 3910 1027 3940 Wen
1036 3934 1045 3948 ,
1058 3911 1091 3940 ὃ(
1105 3906 1244 3939 Griffinus
1256 3905 1326 3934 filius

276 3943 554 3995 h'lEdocmHocilius
568 3948 635 3977 filins
651 3950 831 3987 Madoch,&
846 3949 876 3978 O
890 3949 1003 3978 Wenus
1011 3943 1327 3987 Bledhyn,&Tuderus

274 3987 342 4016 siaiu:
357 3986 494 4016 Inuenech
504 4009 512 4022 ,
526 3986 598 4014 bona
613 3987 764 4017 fidedicent
773 4009 782 4024 ,
793 3986 961 4016 ordinabunt
973 3987 1016 4015 vel
1029 3988 1112 4016 etiam
1121 3982 1326 4024 providebunt:

694 125 1502 178 coNvENTioNEQ

1556 121 1945 169 LITERAE,

1338 212 1494 243 secundum
1507 208 1581 250 leges
1594 209 1629 241 ὃς
1643 210 1858 241 consuetudines
1874 206 1919 236 W
1920 206 1990 236 alliae
2002 229 2012 244 ,
2024 203 2123 243 justitia
2136 204 2186 236 fibi
2203 202 2269 243 fiet,
2285 215 2344 237 uno
2357 209 2402 240 vel

1336 251 1447 282 duobus
1458 249 1729 290 praesentibusffluos
1745 248 1879 279 Domino
1888 245 1960 284 Regi
1971 245 2154 275 transmittere
2167 245 2300 282 placuerit
2312 246 2346 276 ad
2360 249 2402 278 vi-

2420 203 2552 239 Ann.'D.

2439 246 2535 284 ¹267..

1337 289 1464 320 dendum
1477 298 1542 326 quae
1554 287 1811 326 &qualiterjusti'tia
1825 286 1874 316 sibi
1886 283 1948 321 flet,
1964 283 2216 321 quaeomniadi&0
2224 282 2317 314 David
2323 285 2401 316 exhi-
2419 289 2482 313 Heri.
2507 293 2545 321 3:

1337 328 1399 358 beri
1412 327 1557 357 debent&
1566 326 1702 357 fieriinfra
1714 325 1819 356 festum
1832 324 1992 354 Nativitatis
2001 322 2169 353 Dominicae
2180 323 2313 361 proximo
2325 322 2402 355 futu..

1338 376 1420 404 rum,
1439 363 1589 395 obstaculo
1601 364 1746 402 cujussibet
1758 364 1865 394 alterius
1878 362 2015 392 dilationis
2028 360 2072 390 seu
2084 360 2254 392 difficultatis
2266 370 2375 393 amoto.

1378 404 1439 435 Dat
1457 404 1543 433 etiam
1565 404 1598 434 &
1619 403 1752 433 concedit
1770 403 1849 433 dicto
1871 401 1991 440 Principi
2006 402 2039 431 ὅ(
2056 399 2213 430 haeredibus
2228 399 2280 430 suis
2293 399 2403 432 Domi-

1339 453 1391 473 nus
1410 442 1475 485 Rex
1491 449 1609 481 quatuor
1629 441 1787 472 Cantredos
1805 441 1841 471 de
1855 439 1948 469 Perch
1960 438 2064 476 Wlad,
2077 438 2148 468 adeo
2161 439 2243 477 plene
2254 449 2269 468 a
2283 440 2404 476 praefatis

1341 480 1490 511 Lewelino
1512 481 1546 511 ὃς
1565 479 1722 510 haeredibus
1742 479 1885 510 habendos
1914 479 1932 497 ²*
1949 478 1981 508 ὃς
2044 476 2195 516 ssidendos,
2213 477 2353 516 sicutipse
2370 480 2404 510 &

1339 517 1556 562 praedecessores
1573 518 1612 548 sui
1634 518 1705 557 ipsos
1716 528 1841 558 unquam
1856 518 1960 555 plenius
1973 517 2009 546 ha
2031 524 2138 546 uerunt.

1379 556 1438 602 Pro
1458 557 1557 596 quibus
1568 555 1746 596 Principatu‚
1764 558 1840 587 terris
1851 580 1860 594 ,
1877 556 2016 594 homagiis
2034 555 2067 585 ὅ(
2085 553 2312 585 conceffionibus
2325 556 2404 588 idem

1342 595 1476 636 Princeps
1489 596 1522 626 &
1537 595 1702 625 successores
1715 596 1753 626 sui
1767 595 1943 633 fidelitatem,
1960 596 1992 625 ὅ(
2009 593 2193 633 homagium,
2211 603 2244 623 ac
2261 594 2404 626 servitium

1342 634 1509 666 consuetum
1530 635 1563 665 ὃ(
1583 633 1712 664 debitum
1734 634 1867 664 Domino
1886 633 1933 664 Re
1956 634 1960 639 '
1983 633 2016 664 &
2028 631 2183 662 haeredibus
2194 632 2262 669 suiS,
2277 633 2406 669 praestare

1345 674 1379 717 ὃς
1403 673 1494 703 facere
1515 673 1701 711 tenebuntur,
1717 673 1795 711 quod
1809 673 1880 710 ipse,
1898 642 2142 702 veslantccess'ores
2153 670 2193 700 sui
2206 670 2334 711 Regibus
2344 672 2405 702 An-

1342 712 1407 751 gliae
1419 711 1622 742 consueverunt
1641 711 1674 742 &
1686 712 1851 741 tenebantur
1863 711 1954 741 facere
1967 711 2001 742 &
2015 708 2152 748 praestare.

1365 790 1370 795 η
1383 749 1537 795 Praetatum
1551 758 1645 793 autem
1660 749 1808 789 Princeps,
1825 750 1858 780 ὃ(
1873 750 1926 788 sui,
1943 759 1977 780 ac
1992 749 2158 780 successoroe
2172 757 2272 778 eorum
2286 759 2345 780 non
2361 759 2406 781 re-

1345 797 1450 826 cipient
1461 799 1491 833 in
1506 797 1583 818 terris
1597 787 1647 818 suis
1661 788 1697 832 ali
1721 798 1787 832 ueni
1802 788 2002 826 adversarium,
2020 788 2065 819 seu
2076 787 2225 818 inimicum
2239 788 2405 827 bannitum,

1344 828 1391 858 vel
1412 828 1564 867 fugitivum
1585 826 1693 865 praefati
1746 836 1801 867 egis
1821 827 1853 857 &
1875 826 2020 857 haeredum
2039 827 2175 863 suorum,
2200 835 2254 856 nec
2276 830 2316 857 eis
2333 837 2405 857 con-

1344 873 1385 897 tra
1404 865 1517 906 Regem
1531 866 1564 896 δε
1579 865 1700 896 haeredes
1714 865 1775 896 suos
1789 864 1958 905 praestabunt
1975 865 2139 903 consilium,
2157 865 2289 895 auxilium
2304 865 2349 897 vel
2364 866 2405 896 fa-

1341 915 1450 936 vorem.

1361 943 1630 988 'Dominus-etiam
1648 942 1730 981 Rex,
1756 943 1790 974 ὅ(
1810 942 1933 973 haeredes
1951 941 2008 980 sui,
2025 943 2191 981 inimicum,
2216 941 2261 973 vel
2283 943 2408 974 adversa-

1345 992 1420 1027 rium
1434 981 1594 1027 Principis,
1612 981 1657 1012 vel
1680 981 1826 1013 haeredum
1847 983 1980 1020 suorum,
1998 991 2059 1012 non
2072 982 2293 1013 manutenebunt
2308 990 2407 1013 contra

1345 1020 1508 1062 Principem
1520 1020 1565 1051 vel
1579 1020 1722 1059 juvabunt.

1384 1059 1495 1090 Omnes
1509 1067 1602 1104 autem
1617 1059 1820 1089 conventiones
1834 1059 1868 1090 &
1883 1058 1978 1097 parfia,
1990 1058 2082 1089 habita
2097 1060 2168 1089 inter
2182 1061 2329 1098 praeiatum
2346 1058 2408 1090 Re-

1345 1107 1412 1138 gem
1433 1097 1561 1142 Angliae,
1579 1098 1612 1129 ὃς
1627 1097 1806 1128 Lewelinum
1818 1097 2003 1137 praedictum,
2021 1107 2074 1127 nec
2090 1107 2150 1127 non
2163 1096 2260 1127 litterae
2274 1099 2308 1128 &
2322 1099 2407 1136 scrip-

1348 1137 1518 1182 tutassuper·
1537 1147 1575 1167 eis
1594 1136 1754 1174 consediae,
1773 1136 1793 1166 si
1835 1146 1878 1166 uae
1898 1135 1987 1166 forsan
2009 1136 2140 1174 existant,
2158 1134 2203 1165 vel
2217 1143 2349 1173 poterunt
2364 1139 2409 1167 in-

1347 1186 1454 1215 veniri,
1472 1176 1537 1206 huic
1553 1176 1634 1216 paci,
1656 1175 1689 1206 δε
1704 1184 1813 1205 concor
1835 1176 1867 1204 iae
1881 1197 1891 1212 ,
1908 1175 1953 1205 seu
1973 1175 2142 1205 ordinationi
2159 1175 2188 1204 in
2201 1174 2297 1211 aliquo
2309 1184 2409 1215 repug-

1349 1220 1458 1260 nantes,
1476 1224 1529 1255 pro
1549 1214 1646 1258 nullis,
1663 1213 1758 1253 cassis,
1775 1214 1854 1244 irritis
1874 1216 1907 1244 δε
1927 1215 2020 1244 vacuis
2040 1214 2148 1255 penitus
2160 1213 2327 1252 habeantur,
2341 1224 2410 1252 pace

1351 1253 1400 1284 ista
1415 1254 1446 1284 &
1469 1253 1622 1284 concordia
1637 1254 1666 1283 in
1680 1252 1735 1282 suce
1750 1252 1884 1283 firmitatis
1897 1252 1999 1282 robore
2010 1261 2199 1292 permanente.

1363 1330 1368 1335 .
1389 1292 1436 1322 Ad
1453 1292 1527 1330 hoc,
1546 1301 1598 1336 pro
1618 1292 1753 1335 omnibus
1771 1291 2000 1321 concessionibus
2015 1292 2049 1322 &
2065 1290 2255 1330 largitionibus
2272 1290 2409 1329 supradic-

1349 1339 1399 1374 tis,
1417 1331 1450 1362 &
1474 1340 1511 1375 ut*
1524 1329 1659 1368 Princeps
1681 1329 1737 1369 ipse
1758 1329 1882 1360 Domini
1904 1329 1991 1369 Regis
2010 1330 2043 1361 ὃ(
2063 1330 2200 1361 Filiorum
2221 1330 2335 1360 suorum
2348 1339 2410 1370 gra-

1350 1377 1417 1399 tiam
1440 1370 1544 1414 plenius
1562 1369 1679 1407 habeat,
1697 1369 1730 1399 ὅτ
1752 1369 1858 1398 bonam
1874 1369 1997 1407 optineat
2010 1368 2200 1407 voluntatem,
2217 1369 2246 1399 vi
2266 1369 2315 1398 inti
2328 1369 2411 1407 quin-

1350 1417 1405 1446 que
1418 1409 1503 1452 millia
1517 1417 1630 1451 marcar.
1649 1406 1782 1437 Domino
1797 1407 1870 1446 Regi
1886 1408 1919 1438 &
1934 1407 2089 1438 haeredibus
2101 1407 2151 1438 suis
2171 1417 2223 1446 pro
2238 1377 2283 1446 ἐ,
2300 1407 2334 1438 &
2349 1407 2411 1438 suc—

1350 1445 1500 1490 cessoribus
1519 1447 1569 1476 suis
1587 1446 1652 1476 dare
1671 1453 1798 1483 tenetur,
1816 1446 1973 1485 dequibus
1991 1446 2047 1486 ipse
2069 1445 2202 1484 Princeps
2214 1446 2290 1476 mille
2306 1455 2413 1477 marcas

1349 1485 1420 1515 infra
1439 1485 1579 1530 mensem,
1595 1485 1628 1514 &
1647 1492 1766 1527 quatuor
1787 1484 1871 1514 millia
1892 1493 2007 1515 marcar.
2029 1484 2114 1524 usque
2134 1485 2168 1516 ad
2183 1485 2345 1525 proximum
2358 1484 2413 1515 fes-

1350 1532 1413 1554 tum
1434 1526 1581 1568 nativitatis
1604 1522 1786 1561 Dominicae,
1806 1532 1859 1561 pro
1881 1523 1982 1560 quibus
2000 1522 2135 1554 solvendis
2155 1523 2230 1553 idem
2251 1522 2413 1555 Lewelinus

1349 1563 1459 1607 cavebit
1476 1562 1600 1603 ydonee,
1619 1563 1652 1592 ὃ(
1671 1560 1773 1591 deinde
1793 1562 1822 1591 in
1834 1561 1936 1591 eodem
1953 1562 2075 1592 termino
2095 1563 2145 1592 tria
2157 1562 2242 1592 millia
2255 1571 2413 1593 marcarum

1350 1602 1476 1640 quolibet
1498 1611 1573 1632 anno
1594 1600 1678 1643 apud*
1688 1599 1828 1630 Cestriam
1844 1601 1873 1630 in
1888 1599 2060 1630 monasterio
2073 1599 2210 1639 Cestriae,
2224 1599 2306 1631 dieto
2318 1600 2411 1640 Regi,

1350 1641 1396 1671 vel
1417 1640 1540 1671 Nuncio
1561 1639 1610 1670 suo
1620 1640 1712 1683 'ipsius
1733 1638 1819 1678 Regis
1833 1638 1933 1669 litteras
1948 1639 2082 1669 deferenti
2098 1638 2253 1679 persolvet,
2269 1638 2363 1670 donec
2376 1639 2414 1670 de

1350 1687 1409 1723 tota
1429 1678 1537 1710 summa
1557 1678 1647 1722 suerit⁷
1659 1678 1779 1718 plenarie
1793 1678 1982 1709 satisfactum:
2008 1676 2043 1707 de
2057 1678 2181 1715 qualibet
2194 1687 2263 1708 vero
2275 1677 2414 1709 solutione

1350 1718 1439 1749 littera
1460 1719 1495 1750 de
1515 1719 1664 1757 quietantia
1687 1716 1733 1747 fiet
1756 1726 1805 1756 per
1826 1717 1856 1748 R
1893 1727 1955 1754 em,
1973 1716 2019 1748 vel
2039 1716 2193 1746 Nuncium
2211 1715 2396 1756 supradictum

1351 1755 1385 1787 ad
1400 1756 1457 1787 hoc
1473 1758 1509 1788 ab
1525 1756 1583 1800 ipso
1597 1756 1676 1794 Rege
1690 1727 1900 1787 mandatumego't
1912 1754 2079 1793 potestatem
2093 1755 2254 1786 habentem.
2403 1740 2414 1756 ¹

1385 1795 1481 1839 ,Qiod
1503 1796 1538 1835 si,
1557 1805 1585 1825 in
1607 1795 1723 1832 praefato
1741 1793 1817 1837 ¹festo
1834 1796 1981 1826 nativitatis
2000 1793 2185 1832 Dominicae,
2208 1793 2316 1825 stimma
2330 1795 2416 1825 trium

1351 1834 1471 1865 millium
1491 1843 1649 1877 marcarum
1669 1833 1795 1871 quolibet
1814 1844 1890 1864 anno
1911 1843 1971 1863 non
1983 1832 2065 1863 fuerit
2077 1832 2231 1872 persoluta,
2248 1832 2269 1862 si
2280 1831 2316 1862 us
2331 1842 2366 1863 ue
2379 1832 2415 1864 ad

1352 1872 1455 1917 festum
1477 1873 1678 1913 purificationis
1691 1873 1779 1902 beatae
1793 1871 1914 1913 Virginis
1925 1873 2087 1913 proximum
2099 1870 2215 1909 sequens
2225 1871 2302 1901 idem
2341 1880 2417 1902 ewe-

1352 1912 1422 1942 linus
1444 1912 1627 1955 supradiehim
1644 1911 1785 1941 summam
1803 1921 1862 1942 non
1883 1911 2010 1949 solverit,
2027 1918 2145 1941 centum
2167 1911 2274 1940 marcas
2295 1910 2415 1941 nomint:

1352 1960 1449 1995 poenae
1470 1953 1571 1990 solvet,
1590 1952 1623 1982 &
1643 1950 1745 1980 deinde
1765 1959 1818 1995 pro
1836 1950 1962 1990 quolibet
1983 1948 2093 1988 mense,
2108 1949 2137 1978 in
2159 1958 2217 1989 quo
2232 1949 2263 1979 iii
2276 1948 2418 1980 solutione

1353 1989 1495 2034 praedictae
1515 1991 1634 2035 summae
1652 1989 1801 2027 defecerit,
1819 1989 2029 2029 quinquagintas
2051 1997 2156 2018 marcas
2174 1988 2293 2017 nomine
2303 1997 2420 2027 poenae;

1353 2029 1388 2072 &.
1402 2029 1602 2072 nichilominus
1612 2030 1869 2071 ornnes-expensas,
1884 2038 1951 2066 quas
1967 2027 2032 2058 Rex
2047 2035 2162 2067 propter
2175 2026 2234 2058 hoc
2248 2026 2365 2066 fecerit,
2381 2026 2417 2058 ὃς

1354 2076 1437 2097 etiam
1453 2069 1580 2098 interesse
1594 2066 1743 2105 praestabit.

1390 2105 1533 2150 praemissa
1553 2107 1680 2144 tractata,
1706 2105 1847 2145 ordinata,
1871 2106 1905 2138 &
1923 2112 2065 2143 acceptata
2082 2104 2144 2135 sunt
2162 2114 2177 2134 a
2198 2104 2318 2145 praefatis
2335 2102 2420 2143 Rege

1354 2143 1389 2188 ὃς
1411 2146 1600 2190 primogenito
1618 2146 1683 2183 suo,
1702 2155 1754 2175 nec
1777 2155 1836 2175 non
1857 2144 1996 2185 Eynyanti
2011 2143 2068 2173 filio
2083 2143 2259 2184 Keyradanc.
2274 2142 2308 2173 &
2320 2141 2419 2173 David

1353 2181 1411 2213 filio
1430 2183 1568 2228 Eynyanti
1577 2208 1586 2222 ,
1605 2183 1771 2214 habentibus
1785 2183 1951 2221 potestatem
1965 2183 1999 2213 &
2011 2181 2124 2220 speciale
2136 2182 2300 2212 mandatum
2315 2190 2330 2210 a
2346 2190 2420 2219 prae·

1353 2220 1412 2265 fato
1433 2222 1580 2267 Lewelino
1597 2222 1726 2253 firmandi
1748 2232 1847 2262 pacem
1860 2223 1893 2253 &
1908 2222 2146 2259 compositionem
2161 2230 2230 2251 curn
2246 2219 2328 2259 Rege
2344 2229 2418 2257 prae-

1354 2259 1449 2305 didio,
1467 2261 1641 2300 haeredibus,
1659 2263 1692 2293 ὅ(
1711 2261 1872 2292 hominibus
1889 2260 1955 2299 suis,
1973 2260 2006 2290 &
2023 2260 2134 2299 jurandi
2152 2260 2182 2289 in
2201 2259 2325 2289 animam
2366 2268 2418 2288 rae-

1354 2298 1424 2329 dieti
1451 2300 1611 2345 Lewelini,
1629 2301 1663 2332 &
1683 2301 1903 2331 consiliariorum
1924 2299 2037 2329 suorum
2053 2309 2063 2336 ς
2088 2308 2142 2328 nec
2162 2306 2222 2328 non
2242 2268 2364 2327 faciendi
2382 2298 2419 2329 &

1355 2339 1518 2376 complendi
1532 2349 1628 2383 omnia
1643 2349 1708 2378 quae
1721 2340 1796 2369 circa
1808 2348 1908 2384 pacem
1922 2337 2087 2376 praedietam
2099 2337 2160 2367 sunt
2171 2344 2319 2374 oportuna.

1392 2376 1445 2422 Et,
1462 2378 1496 2408 ad
1512 2388 1646 2415 majorem
1668 2378 1881 2416 compositionis
1895 2377 1975 2414 ipsius
1989 2375 2150 2405 firmitatem
2163 2375 2196 2405 &
2211 2375 2315 2413 robur,
2333 2373 2418 2404 nobi-

1355 2417 1403 2461 ¹9⁸.
1414 2418 1467 2447 viri
1489 2416 1631 2448 Robertus
1650 2416 1820 2454 Walerand,
1839 2416 1872 2446 ὃς
1890 2415 2032 2453 johannes
2046 2413 2082 2443 de
2095 2414 2120 2444 la
2135 2412 2236 2453 Lynde
2248 2414 2278 2443 in
2291 2413 2418 2443 animam

1357 2459 1437 2493 ipsius
1458 2455 1564 2497 Regis,
1581 2456 1618 2486 de
1630 2455 1739 2493 speciali
1752 2456 1786 2486 &
1802 2465 1836 2485 ex
1857 2453 1929 2485 reffo
1941 2453 2073 2484 mandato
2086 2451 2226 2491 ejusdem,
2242 2453 2275 2483 δε
2291 2450 2421 2490 praefatus

1357 2493 1503 2526 Robertus
1524 2497 1553 2526 in
1574 2496 1697 2525 animam
1715 2493 1821 2532 praefati
1868 2493 1959 2523 omini
1973 2490 2119 2530 Edwardi,
2137 2490 2241 2522 habens
2255 2491 2292 2521 ab
2305 2489 2365 2530 ipso
2377 2489 2422 2519 su-

1357 2543 1406 2578 per
1422 2534 1478 2565 hoc
1492 2534 1608 2574 speciale
1620 2533 1803 2571 mandatum,
1819 2533 1853 2564 ὃ(
1868 2531 2064 2570 praenominati
2078 2530 2218 2571 Eynyanti
2231 2529 2264 2560 &
2280 2527 2375 2559 David
2389 2529 2420 2558 in

1356 2582 1480 2605 animam
1501 2573 1628 2613 praedieti
1645 2573 1782 2605 Lewelini
1805 2573 1839 2603 ὃς
1854 2570 2073 2602 consiliariorum
2085 2570 2213 2607 suorum,
2233 2567 2313 2598 radiis
2326 2567 2419 2597 sacro-

1354 2611 1453 2654 sanffis
1473 2612 1647 2653 Evangeliis,
1665 2611 1868 2653 praesentialiter
1885 2611 2063 2652 juraverunt,
2083 2607 2160 2646 quod
2181 2605 2287 2646 proefati
2308 2605 2373 2636 Rex
2385 2605 2421 2636 &

1358 2653 1560 2690 primogenitus
1580 2652 1655 2690 suuS,
1672 2652 1705 2682 &
1727 2649 1897 2680 Lewelinius
1916 2648 1949 2678 &
1961 2647 2107 2678 consiliarii
2119 2646 2171 2684 sui,
2190 2654 2288 2676 contra
2302 2643 2424 2683 praedic-

1357 2697 1415 2731 tam
1432 2699 1532 2731 pacem
1553 2690 1632 2720 nullo
1652 2697 1779 2727 tempore
1794 2688 1925 2721 venient;
1946 2684 1983 2715 set
1997 2694 2060 2714 eam
2075 2686 2105 2714 in
2118 2685 2251 2715 omnibus
2264 2684 2298 2715 &
2314 2682 2424 2723 singulis

1358 2727 1411 2757 sum
1424 2730 1544 2759 articulis
1558 2728 1673 2758 firmiter
1685 2728 1719 2759 ὅ(
1733 2727 1940 2763 imperpetuum
1954 2723 2149 2753 observabunt.

1396 2764 1464 2797 Αᾶ.
1486 2767 1634 2806 Sallopiae,
1648 2775 1724 2795 anno
1745 2763 1866 2793 Domini
1889 2761 2036 2791 millesimo
2049 2759 2243 2790 ducentesimo
2256 2758 2423 2798 sexagesimo

1358 2805 1475 2842 septimo
1491 2829 1501 2843 ,
1533 2804 1579 2835 die
1606 2804 1764 2834 Dominica
1788 2802 1919 2841 proxima
1937 2807 2001 2829 ante
2020 2797 2124 2828 festum
2146 2797 2232 2827 saneti
2256 2796 2424 2835 Michaelis,

1360 2842 1547 2876 Pontificatus
1558 2843 1681 2873 Domini
1695 2841 1853 2872 Clementis
1867 2838 1906 2869 Pa
1927 2847 1953 2868 ae
1966 2837 2054 2876 quarti
2066 2846 2141 2866 anno
2157 2836 2249 2866 tertio.

1397 2881 1450 2921 Et,
1469 2883 1515 2913 die
1532 2882 1629 2921 Jovis,
1646 2882 1676 2912 in
1697 2879 1770 2910 festo
1793 2878 1866 2909 beati
1920 2875 2029 2906 'chaelis
2042 2874 2181 2913 sequenti,
2199 2873 2327 2912 praefatus
2339 2873 2423 2904 Prin-

1360 2931 1425 2962 ceps
1440 2923 1469 2952 in
1488 2921 1628 2961 praesentia
1643 2918 1754 2956 nostra,
1777 2917 1811 2948 &
1825 2916 1950 2947 Domini
1960 2914 2048 2958 ¹Regis
2054 2936 2065 2953 ,
2083 2913 2224 2952 filiorum,
2241 2914 2274 2944 &
2295 2912 2423 2943 consilia-

1360 2963 1483 2997 riorum,
1502 2960 1535 2991 ὃ(
1552 2959 1693 2990 Baronum
1715 2957 1844 2993 suorum,
1861 2953 2043 2992 supradit‘tam
2065 2951 2304 2992 compositionem
2325 2951 2359 2982 &
2373 2960 2422 2991 pa-

1362 3009 1428 3030 cem
1446 3007 1610 3038 acceptans,
1628 2998 1662 3028 &
1681 2994 1803 3033 expresse
1813 2993 1946 3024 ratificans
1959 2993 1988 3022 iri
2004 2992 2138 3021 omnibus
2153 2991 2186 3021 &
2201 2989 2308 3029 singulis
2321 2989 2423 3019 articu-

1360 3039 1392 3069 lis
1412 3038 1480 3075 suis,
1499 3038 1575 3068 facto
1593 3037 1689 3077 primo
1700 3034 1835 3072 homagio
1849 3032 1940 3071 Regi,
1958 3031 1991 3061 &
2007 3029 2131 3071 praestito
2144 3028 2318 3059 sacramento
2331 3027 2423 3058 fideli-

1360 3078 1438 3114 tatiS,
1457 3075 1611 3106 secundum
1632 3075 1754 3105 formam
1776 3071 1895 3111 superius
1909 3076 2089 3107 annotatam,
2106 3068 2182 3099 idem
2199 3066 2359 3097 Lewelirius
2370 3075 2424 3106 pro

1360 3115 1405 3154 se,
1423 3115 1456 3145 ὃ(
1477 3113 1686 3145 successoribus
1720 3112 1753 3142 ὃς
1774 3109 1929 3140 haeredibus
1949 3108 2016 3146 suis,
2034 3107 2067 3138 ὃ(
2083 3106 2194 3137 Hoelus
2207 3105 2277 3136 filius
2292 3103 2423 3142 Madok‚

1362 3154 1495 3184 Grocion
1514 3153 1670 3183 Goronum
1693 3134 1858 3180 senescallus
1880 3148 1959 3188 ipsius
1982 3146 2136 3184 Principis,
2153 3145 2186 3176 &
2205 3143 2338 3174 Tuderus
2353 3142 2424 3173 filius

1362 3192 1529 3230 Eadnenec,
1548 3192 1581 3222 &
1601 3189 1747 3229 supradiffl
1765 3187 1881 3226 Eynan,
1898 3188 1931 3217 &
1945 3185 2056 3222 David,
2072 3183 2218 3215 consiliarii
2230 3182 2300 3213 dieti
2312 3181 2424 3211 Princi-

1361 3233 1403 3269 pis
1417 3232 1593 3268 juraverunt,
1612 3228 1692 3259 taffls
1711 3226 1886 3257 sacrosanctis
1907 3223 2082 3263 Evangeliis,
2101 3222 2129 3252 se
2142 3230 2240 3252 contra
2253 3220 2421 3260 praedietam

1360 3279 1460 3309 pacem
1480 3268 1513 3298 &
1533 3266 1768 3304 compositionem
1785 3267 1814 3295 iri
1828 3265 1924 3304 aliquo
1936 3272 1997 3293 nori
2012 3269 2145 3292 venturos
2150 3270 2160 3298 ;
2181 3259 2220 3291 set
2234 3268 2298 3289 mm
2314 3260 2344 3289 in
2357 3267 2422 3288 om-

1362 3308 1443 3338 nibus
1456 3306 1613 3347 supradictis
1626 3305 1745 3335 articulis
1759 3304 1784 3334 se
1797 3312 1934 3344 perpetuo
1945 3301 2106 3332 servaturos

1400 3346 1454 3384 Et,
1472 3346 1506 3376 ad
1525 3344 1635 3381 maioris
1658 3343 1767 3373 roboris
1780 3341 1956 3378 firmitatem,
1974 3349 2026 3370 nos
2041 3338 2118 3378 sigilli
2131 3336 2267 3368 nostri&
2285 3333 2425 3374 supradic-

1364 3394 1459 3416 torum
1480 3383 1602 3414 Domini
1622 3381 1724 3420 Regis,
1742 3381 1865 3411 Domini
1887 3378 2037 3414 Edwardi,
2055 3374 2305 3416 primogenium,
2323 3373 2424 3404 Lewe-

1363 3425 1414 3454 lini
1437 3422 1595 3459 Principis,
1620 3419 1718 3460 Eynan
1732 3443 1742 3458 ,
1767 3420 1800 3450 &
1824 3417 1938 3456 David,
1960 3416 2112 3456 sigillorum
2131 3413 2289 3445 munimine
2309 3409 2427 3451 praesens

1363 3463 1497 3501 scripturn
1510 3460 1627 3491 fecimus
1646 3458 1779 3489 roborari.

1402 3537 1470 3570 Dat.
1490 3534 1563 3576 apud
1578 3534 1716 3566 Montem
1730 3534 1868 3573 Gorneri,
1883 3543 1959 3564 anno
1972 3530 2095 3562 Domini
2109 3528 2256 3560 millesimo
2269 3523 2422 3557 ducentesi-

1366 3589 1417 3610 mo
1429 3574 1594 3612 sexagesimo
1606 3574 1743 3614 septimo,
1763 3583 1777 3613 3
1797 3574 1861 3603 Kal.
1876 3572 2000 3603 octobr.
2020 3566 2206 3600 Pontificatsis
2219 3563 2341 3597 Domini
2355 3562 2424 3594 Cle-

1369 3618 1470 3650 rneritis
1484 3613 1570 3653 Papae
1584 3612 1674 3652 quarti
1689 3622 1765 3643 anno
1777 3613 1870 3644 tertio.

1545 3687 2419 3707 *A

2422 464 2438 481 ⁴⁸
2449 463 2474 494 I.
2488 464 2556 500 84⁶⁴

1367 3766 1425 3797 Pro
1435 3761 1505 3806 filia
1526 3757 1647 3794 Thomae
1664 3763 1786 3794 Comitis
1801 3756 1958 3792 sabaudia
1975 3754 2011 3790 de
2027 3752 2192 3802 quingentis
2204 3750 2317 3781 marcis
2333 3746 2378 3780 ad
2386 3746 2424 3792 ft
2441 3773 2519 3806 Ann-
2534 3774 2570 3805 n

1779 3805 1999 3841 maritandam.

1370 3902 1498 3958 REX
1521 3904 1668 3942 omnibuS,
1687 3904 1748 3935 &c.
1760 3903 1882 3934 salutern.

2465 3813 2551 3844 1268.

2442 3856 2495 3881 An.
2511 3860 2556 3890 35.

2444 3895 2479 3918 H.
2498 3900 2523 3927 3.
2563 3898 2566 3901 ·

1480 3941 1576 3971 Sciatis
1597 3943 1674 3982 quod
1691 3940 1826 3980 Magister
1840 3938 1966 3970 Giffems
1979 3933 2153 3966 Camerarius
2167 3932 2332 3963 venerabilis
2344 3929 2427 3972 patris
2445 3933 2503 3956 Pat.
2513 3937 2567 3964 με

1371 3978 1410 4008 O.
1429 3979 1524 4009 Sanffl
1546 3980 1662 4011 Adriani

2348 4043 2431 4077 nobis

1680 3979 1807 4010 Diaconi
1828 3976 1980 4008 Cardinalis
1993 3997 2004 4011 ,
2028 3970 2203 4010 Apostolicae
2223 3971 2292 4002 sedis
2313 3968 2428 4008 Legati,
2445 3971 2478 3994 H.
2498 3975 2522 4003 3.

270 4025 390 4069 ‚gQiibus
405 4025 423 4055 ii
431 4023 527 4055 David
540 4023 657 4055 noluerit
663 4024 716 4055 eise
730 4032 878 4069 contentus
886 4024 978 4064 ,quod
990 4025 1108 4056 voluerit
1120 4029 1195 4063 petet
1203 4020 1254 4059 ,de
1260 4028 1331 4060 quO,
1372 4027 1421 4058 per
1443 4028 1616 4057 praeceptum
1632 4018 1760 4051 nostrum
1773 4016 1878 4055 recepit
1889 4014 2050 4054 quingentas
2065 4019 2172 4042 marcas
2184 4009 2221 4042 ²⁴1
2232 4019 2303 4051 09³⁸
2315 4005 2426 4048 &¹²33
2445 4015 2472 4034 ’⁸‘
2485 4013 2536 4040 44·
