2570 4261
256 109 308 150 24

105 185 182 219 Ann.
199 187 238 219 D.
253 184 337 220 illius,
356 182 453 213 litteras
465 179 569 210 nostras
579 184 701 214 patentes
715 177 764 220 sub
776 170 954 206 ratificatione
986 174 1216 219 acis-praediffle,
1235 175 1306 218 citra

128 234 210 264 1257.
254 222 355 253 instans
376 219 488 260 Festum
507 216 707 258 Purificationis
726 222 872 254 impetrare
892 224 944 258 pro
995 214 1086 251 astris,
1106 224 1169 254 quae
1187 223 1305 244 nornine

104 268 168 293 Hem.
190 275 215 302 3.
256 260 353 292 nostro
372 266 481 291 tenetis,
507 265 571 298 qula:
592 254 696 297 scilicet
715 253 801 296 bonae
820 262 970 283 memoriae
989 252 1176 297 Reymundus
1216 261 1308 295 quon-

255 300 322 330 dam
338 297 443 326 Comes
464 293 642 329 Provincioe,
660 291 694 321 &
712 301 754 320 vir
769 290 876 328 vester,
891 291 924 322 &
941 301 992 322 vos
1004 292 1103 329 nobis,
1118 301 1170 321 cau
1183 301 1197 320 a
1208 300 1309 330 pigno-

256 339 307 374 ris,
325 332 462 377 obligastis
473 340 525 372 pro
539 339 657 368 quatuor
670 329 791 361 millibus
804 328 984 369 Marcarum,
1001 340 1066 370 quae
1082 340 1097 360 a
1115 330 1197 360 nobis
1208 337 1309 359 mutuo

255 371 514 447 reffxdgbduietem
534 406 567 437 δε
586 403 735 437 utilitatem
755 405 875 437 vestram
895 405 970 436 filiali
990 405 1144 436 affefflone
1156 405 1309 435 desideran-

254 459 309 487 tes,
327 448 424 477 litteras
438 446 542 476 nostras
554 454 692 483 patentes,
718 445 795 483 super
808 444 988 476 ratificatione
1020 444 1148 482 raedicta,
1167 442 1310 473 exhabun-

252 487 327 518 danti
349 485 430 515 vobis
444 485 580 514 mittimus
592 494 640 525 per
653 483 790 515 dilectum
805 483 935 515 Militem
947 494 986 514 no
1013 492 1077 514 rum
1091 482 1263 522 Drogonem
1274 480 1310 511 de

250 525 483 594 B³i5iltestionem
501 559 622 592 vestram
640 568 769 599 rogantes
788 561 916 591 attentius
928 561 1056 600 quatinus
1069 558 1161 589 eidem
1175 557 1311 596 Drogoni

251 602 440 638 securitatem,
454 610 519 640 quae
538 601 620 631 nobis
639 600 755 630 sufficiat
767 599 803 629 de
816 599 954 639 praediffis
965 606 1084 638 quatuor
1097 596 1216 627 millibus
1230 595 1312 626 Mar-

252 649 349 670 carum
362 639 443 669 nobis
457 638 620 676 reddendis,
635 637 691 668 fieri
704 637 806 669 faciatis
821 639 885 668 vice
899 637 1007 675 nostra,
1025 637 1100 666 circa
1114 636 1226 675 plenam
1237 634 1310 665 solu-

252 680 360 710 tionem
374 678 454 708 nobis
469 677 533 707 inde
545 676 702 707 faciendam
716 676 866 706 consilium
878 674 978 705 efficax
992 683 1171 718 apponentes.

288 713 347 747 Pro
361 726 419 754 quo
431 716 512 746 vobis
525 715 606 746 artius
619 714 799 755 astringamur
809 715 843 744 ad
855 723 958 753 gratesz,
982 714 1016 744 &
1030 723 1059 743 in
1070 712 1121 742 hiis
1135 721 1205 755 quae*
1213 709 1313 751 praefa-

251 764 294 786 tus
317 754 403 785 Miles
424 753 516 785 noster
535 754 617 784 vobis
638 753 731 790 dicet,
751 761 785 782 ex
806 762 882 793 parte
895 751 1005 789 nostra,
1023 751 1101 795 super
1113 757 1227 790 negotio
1240 760 1311 788 prie-

251 794 332 824 dieto
346 817 355 831 ,
380 795 406 823 ei
430 792 515 822 fidem
539 791 689 822 adhibeatis
709 790 892 821 indubitatam
908 803 917 827 ς
949 798 1140 821 renunciantes
1162 790 1244 819 nobis
1264 799 1313 829 per

251 832 373 863 eundem
388 831 490 863 statum
503 829 647 867 vestrum,
664 831 698 861 &
711 829 810 860 vestr-2
828 829 1035 869 beneplacitum
1049 829 1208 859 voluntatis.

286 909 375 940 Teste
390 916 422 939 ut
439 908 522 949 supra.

252 1039 373 1070 Littera
397 1037 534 1083 Episcopo
572 1034 784 1080 Herefordcnfi
802 1034 839 1068 de
862 1037 982 1081 negotiis
1006 1044 1075 1065 cum
1095 1033 1222 1078 Alfonsb
1239 1035 1315 1079 Rege

297 1084 443 1128 Castellae,
468 1089 504 1123 ξφ
533 1083 569 1116 de
597 1082 727 1124 Ricardo
752 1087 863 1116 Comire
895 1079 1045 1116 cornubiae
1063 1085 1095 1115 in
1113 1086 1221 1129 Regem
1237 1083 1315 1115 Ale-

298 1137 426 1167 mannil:
441 1131 589 1180 eligendo5
611 1135 648 1171 (θ’
667 1131 703 1165 de
723 1132 881 1177 Gaftonia.

101 1215 176 1248 Arn.
194 1213 236 1245 D·
255 1216 383 1281 REX
406 1217 549 1257 Episcopo
566 1217 718 1249 Hereford.
734 1217 857 1248 salutem.

123 1262 198 1292 1²57
355 1257 454 1287 Sciatis
468 1267 535 1294 nm,
554 1258 588 1288 &
601 1257 742 1297 Reginam
755 1255 880 1286 nostram
922 1254 1075 1296 liberosque
1088 1254 1215 1294 nostrOS,
1230 1256 1258 1286 in
1270 1265 1313 1286 re-

99 1297 152 1321 An.
169 1302 216 1328 4¹·
255 1295 332 1326 ceffu
346 1295 437 1326 latoris
451 1296 642 1333 punientium,
660 1296 737 1326 sanos
752 1292 867 1325 extitisse
879 1278 912 1325 ἐς
928 1295 1103 1334 incolumes,
1116 1295 1194 1335 quod
1207 1295 1242 1326 de
1258 1305 1311 1325 vo-

97 1337 133 1361 H-
153 1342 165 1368 3
256 1335 298 1365 bis
311 1334 377 1364 scire
388 1333 602 1374 praecordialiter
615 1333 787 1364 affectamus.

97 1370 236 1407 claus41.
290 1372 390 1403 Grates
410 1373 490 1403 vobis
507 1372 656 1403 uberrimas
674 1372 821 1402 referentes
833 1381 886 1412 pro
900 1371 1028 1403 laudabili
1040 1371 1200 1416 diligentia,
1218 1371 1309 1402 solici-

168 1430 174 1435 -
254 1410 367 1448 tudine,
384 1418 467 1448 atque
485 1410 730 1453 laboribus,·quos
751 1411 827 1441 circa
845 1411 957 1449 negotia
977 1410 1070 1441 nostra
1092 1420 1120 1440 in
1141 1410 1308 1449 Wasconia,

186 1468 192 1473 -
225 1459 234 1468 .
254 1459 317 1489 qua:
339 1458 428 1488 nuper
451 1449 533 1479 vobis
551 1450 735 1488 injumrimus,
751 1449 864 1480 viriliter
881 1458 962 1488 atque
975 1448 1144 1479 laudabiliter
1155 1449 1308 1489 impendis·

252 1490 299 1524 τῖες
323 1488 356 1518 &
377 1488 460 1517 etiam
479 1497 531 1524 pro
551 1487 758 1527 allegationibus
778 1487 812 1518 δε
833 1487 976 1528 responsis,
993 1497 1057 1527 quae
1076 1487 1200 1518 Nunciis
1219 1488 1308 1528 Regis

250 1525 379 1557 Castellae
395 1550 405 1563 ,
427 1525 509 1555 vobis
527 1527 725 1557 occurentibus
737 1549 746 1564 ,
777 1535 830 1564 pro
898 1534 926 1556 te
944 1525 1040 1556 nostra
1054 1549 1064 1564 ,
1089 1527 1160 1557 'uxta
1182 1526 1305 1558 formam

246 1565 388 1601 scripturae
403 1565 614 1603 conventionis,
630 1566 702 1595 inter
713 1564 824 1595 diCtum
876 1573 957 1603 egem
971 1565 1004 1595 &
1018 1574 1071 1595 nos
1106 1564 1188 1596 abitae
1201 1588 1211 1603 ‚
1233 1565 1305 1605 saga-

246 1605 275 1634 ci
288 1603 488 1633 deliberatione
500 1601 619 1641 fecistis,
645 1603 678 1634 &
692 1613 772 1642 quae,
789 1612 839 1643 per
853 1602 1000 1633 Clericum
1014 1602 1138 1634 vestrum
1151 1613 1239 1644 nuper
1251 1614 1305 1636 no-

246 1642 289 1674 bis
302 1640 466 1678 transrniffa,
481 1650 658 1682 acceptamus
671 1643 705 1673 &
718 1641 870 1681 plurimum
881 1642 1074 1681 approbamus.

282 1679 321 1711 Et
337 1690 405 1711 cum
427 1680 540 1711 Nuncii
556 1680 705 1722 supradiffi
717 1680 821 1711 eisdem
837 1680 1048 1719 allegationibus
1060 1680 1094 1712 &
1109 1680 1241 1721 responsis
1253 1691 1304 1712 ne-

244 1728 382 1760 quaquam
402 1720 547 1759 contenti,
564 1729 613 1758 ea,
629 1728 714 1760 prout
731 1719 814 1750 nobis
833 1717 1018 1757 significastis,
1037 1719 1156 1749 minime
1175 1719 1304 1751 duxerint

245 1758 427 1796 acceptanda·
450 1768 517 1797 nm,
534 1766 642 1797 partem
661 1758 786 1788 nostram
806 1757 896 1788 facere
915 1756 1041 1788 volentes
1052 1758 1176 1795 bonam,
1197 1757 1306 1797 Magis-

245 1803 320 1827 trum
340 1797 392 1827 W.
410 1782 446 1827 de
463 1797 606 1828 Watford.
644 1796 791 1828 Clericum
801 1795 946 1835 nostrum,
963 1795 998 1827 ad
1013 1796 1161 1834 praefatum
1175 1795 1305 1837 Regem,

245 1844 314 1865 cum
326 1836 420 1866 litteris
431 1834 548 1874 nostris,
565 1835 751 1874 destinamus,

285 1874 429 1914 Rogantes
449 1873 569 1904 eundern
590 1883 621 1904 ut
639 1884 745 1912 unum,
763 1883 815 1914 pro
838 1881 912 1911 parte
931 1872 1041 1910 nostra,
1060 1873 1096 1904 de
1109 1881 1229 1912 quatuor
1243 1873 1307 1904 sub-

246 1911 366 1952 scriptis,
394 1913 477 1943 vobis
493 1912 638 1950 videlicet,
666 1912 810 1953 Episcopo
830 1912 1041 1951 wigornienfi,
1064 1912 1167 1943 Electo
1187 1912 1307 1943 Winto-

244 1951 347 1989 nienfi,
365 1951 538 1990 &Johanne
554 1950 700 1989 Maunsel,
717 1960 806 1981 unum
821 1950 1039 1988 destinabimus3

281 1989 326 2020 Ac
340 1990 390 2028 ipsi
410 1990 468 2020 duo
479 2014 489 2028 ,
521 1991 540 2021 si
553 1990 583 2019 in
596 1989 666 2020 dieti
681 1990 788 2030 negotii
800 1989 1077 2020 consummationem
1091 1989 1244 2020 convenire
1256 1999 1307 2019 ne-

243 2029 399 2096 qffverint,
419 2030 532 2061 tertium
546 2028 595 2059 sibi
604 2052 613 2067 ,
632 2038 718 2068 quem
733 2028 767 2060 ad
780 2028 838 2060 hoc
852 2027 981 2059 duxerint
993 2027 1130 2058 idoneum
1144 2027 1303 2067 eligendum

243 2075 259 2097 a
283 2077 391 2099 ocient·

280 2105 320 2136 Et
334 2092 468 2147 qui'cquid
482 2106 531 2145 ipsi
548 2115 616 2145 tres,
625 2106 670 2137 vel
686 2116 746 2147 pars
760 2105 883 2145 ipsorum
896 2105 986 2143 major
997 2102 1173 2135 decreverint
1185 2103 1306 2136 statuen-

243 2143 332 2182 dum,
347 2155 414 2182 nos,
433 2146 488 2175 five
501 2146 579 2184 super
593 2145 764 2177 restitutione
779 2144 963 2182 Castrorum,
981 2142 1026 2173 seu
1038 2150 1170 2173 terrarum
1178 2166 1188 2183 ,
1202 2144 1248 2174 vel
1262 2155 1305 2175 re-

243 2192 308 2215 rum
320 2182 448 2222 aliarum,
465 2184 619 2215 secundum
634 2184 758 2215 formam
771 2183 911 2222 scripnirae
926 2182 1125 2214 conventionis
1139 2181 1301 2221 praedictae,

242 2221 325 2260 plene
339 2221 472 2252 faciemus
486 2223 634 2254 observari.

282 2259 479 2291 Dileffionem
495 2262 577 2301 igitur
590 2261 709 2292 vestram
721 2271 754 2292 ro
774 2271 852 2292 amus
865 2268 967 2293 attente
979 2268 1130 2300 quatenuS,
1150 2258 1220 2291 sicut
1234 2270 1303 2300 nos,

241 2295 279 2340 &
290 2297 521 2336 indempnitatem
539 2299 683 2339 nostram,
699 2301 733 2331 ὃ(
793 2300 879 2331 wardi
894 2299 941 2329 filii
955 2299 1044 2342 nostri
1058 2298 1184 2338 diligitis,
1210 2309 1225 2329 a
1276 2310 1302 2329 r-

241 2337 315 2367 tibus
328 2337 491 2369 Wasconiae
504 2348 563 2368 non
577 2339 709 2369 recedatis
723 2339 816 2370 donec
830 2339 927 2369 sciatur
940 2338 1006 2377 quid
1016 2337 1108 2369 dietus
1120 2337 1185 2368 Rex
1193 2309 1302 2369 (3ᾏέἰεῖ-

241 2373 279 2406 !ae
294 2375 372 2413 super
387 2377 444 2408 hoc
459 2377 566 2407 duxerit
579 2377 757 2416 faciendum,

280 2412 329 2446 Set
340 2414 454 2447 interim
470 2415 587 2456 negotiis
600 2416 718 2454 nostris,
735 2418 769 2447 ὅ(
784 2415 855 2446 diffl
868 2414 916 2445 filii
932 2414 1019 2445 nostri
1031 2413 1180 2457 tmgstandis
1194 2415 1301 2453 &pro-

239 2454 386 2494 curandis,
422 2464 486 2487 rout
501 2454 591 2486 vestra
605 2454 731 2486 discretio
745 2454 873 2492 expedire
888 2455 1017 2491 noverit,
1036 2452 1177 2492 inlistatis,
1200 2455 1235 2486 &
1249 2463 1302 2484 nos

238 2492 276 2522 de
295 2466 421 2531 εκρεηΐιξ
437 2493 552 2532 vestris,
570 2493 724 2525 secundum
744 2502 855 2524 moram
876 2501 962 2534 quam
982 2493 1023 2523 ibi
1044 2491 1162 2523 feceritis
1175 2515 1186 2532 ‚
1216 2493 1299 2523 vobis

239 2532 380 2568 provideri
394 2533 534 2564 faciemus.

277 2568 330 2609 Et,
367 2571 426 2610 uia,
441 2581 494 2609 pro
505 2579 584 2603 certo
599 2571 791 2612 intelligimuS,
815 2568 892 2611 quod
906 2568 1024 2601 dilectus
1037 2568 1119 2601 frater
1133 2568 1228 2600 noster
1241 2567 1298 2599 Ri-

237 2608 336 2638 cardus
387 2619 467 2640 omes
483 2609 640 2641 Cornubiae
658 2612 687 2641 in
709 2610 822 2650 Regem
844 2609 972 2639 Alcman.
992 2608 1125 2647 eligatur,
1150 2618 1217 2639 curn
1240 2617 1299 2647 quo

239 2654 326 2683 partes
342 2647 516 2679 Alemanniae
529 2648 603 2680 adire
617 2649 817 2687 proponimus,
836 2646 906 2677 Deo
918 2647 1018 2683 dante,
1032 2648 1065 2677 &
1078 2646 1186 2678 idcirco
1199 2645 1298 2688 derne-

236 2686 318 2723 gotiis
338 2686 437 2716 nostris
457 2687 584 2718 ordinare
599 2708 609 2724 ‚
633 2698 665 2718 ac
685 2686 846 2724 disponere,
864 2695 912 2724 per
932 2685 1083 2716 consilium
1102 2686 1135 2715 &
1161 2684 1297 2715 auxilium

236 2725 394 2754 amicorum
409 2725 442 2756 δε
457 2725 582 2756 fidelium
597 2730 611 2744 ⁶
628 2724 808 2764 nostrorum,
826 2734 879 2754 nos
892 2724 1042 2761 convenit,
1057 2722 1211 2761 scripsimus
1224 2722 1298 2753 Gas-

235 2763 297 2792 toni
311 2762 346 2792 de
359 2762 455 2795 Bearn.
474 2774 504 2795 ut
516 2764 550 2795 ad
563 2775 615 2795 nos
627 2766 654 2794 in
670 2764 800 2803 Angliam
815 2762 990 2801 personaliter
1001 2761 1130 2797 accedat,
1157 2771 1206 2798 per
1220 2762 1297 2799 cujus

235 2800 387 2832 adventum
402 2804 513 2842 nssotia
527 2802 623 2834 nostra
635 2802 815 2839 Wasconiae,
833 2803 891 2831 tarn
905 2800 994 2838 ipsum
1008 2800 1094 2841 quam
1105 2800 1167 2830 suos
1181 2808 1297 2840 tangen-

237 2841 290 2877 tia,
306 2841 403 2871 melius
415 2841 538 2879 expediri
554 2850 700 2880 poterunt,
721 2849 752 2871 ut
765 2840 910 2878 speramus.

278 2878 324 2908 Ad
341 2879 417 2919 quod
436 2879 528 2910 modis
539 2881 672 2911 omnibus
684 2879 773 2918 ipsum
788 2878 939 2915 inducatis;
956 2877 1006 2915 &,
1023 2876 1056 2907 ad
1072 2876 1224 2915 cautelam,
1243 2887 1296 2908 vo-

239 2915 282 2946 bis
301 2918 436 2948 mittimus
454 2919 552 2949 litteras
566 2918 671 2949 nostras
686 2927 808 2956 patentes
818 2916 853 2946 de
868 2916 1013 2946 condutstu
1027 2918 1060 2947 &
1074 2916 1204 2956 guidagio
1216 2916 1297 2953 ipfius

238 2954 273 2984 δε
292 2954 422 2993 suorum,
438 2966 484 2995 ut,
504 2957 523 2987 si
545 2957 651 2988 easdem
675 2958 774 2987 litteras
798 2957 922 2994 petierit,
940 2955 1006 2992 ipsas
1029 2955 1079 2985 sibi
1100 2954 1201 2985 habere
1214 2954 1297 2985 facia-

235 2993 287 3062 ?53
304 3003 358 3032 ne,
374 3003 422 3031 per
440 2994 584 3026 deiectum
603 3006 715 3034 earum,
733 2995 776 3034 se,
793 2995 871 3034 super
891 2994 1012 3025 adventu
1024 2994 1091 3032 suo,
1110 2992 1199 3025 valeat
1210 3002 1297 3025 excu-

247 3041 300 3061 are.

275 3068 323 3100 De
344 3080 412 3108 pace
433 3081 525 3102 autem
549 3072 685 3113 Regulae,
703 3073 737 3104 &
760 3072 879 3103 aliorum
900 3072 936 3102 de
949 3070 1119 3109 Wasconia,
1136 3072 1184 3111 qui
1198 3080 1249 3102 vos
1263 3071 1297 3102 li-

236 3107 335 3139 benter
349 3113 631 3148 compromitterent,
648 3121 731 3149 prout
744 3112 825 3141 nobis
839 3111 993 3149 scripsistis,
1017 3111 1098 3141 vobis
1111 3109 1297 3149 significamus

235 3147 314 3186 quod
332 3147 403 3178 velle
420 3148 584 3179 deberemus
603 3150 678 3186 Quod
706 3158 757 3187 pax
777 3151 847 3179 inter
858 3150 988 3180 homines
1000 3148 1111 3179 nostros
1125 3148 1208 3187 esset,
1225 3149 1297 3179 dum

236 3194 331 3216 tamen
345 3187 375 3216 in
388 3186 512 3217 nostram
527 3189 560 3218 δε
574 3187 622 3217 filii
635 3186 723 3217 nostri
739 3197 799 3217 non
814 3188 924 3218 cederet
936 3190 965 3218 in
980 3188 1137 3226 dampnum
1151 3209 1162 3225 ,
1187 3188 1297 3225 pericu-

235 3223 312 3263 lum,
337 3225 382 3255 vel
393 3225 662 3270 eirhaeredatioriem3
687 3226 764 3263 super
779 3226 894 3265 quibus,
913 3227 934 3258 si
946 3226 1011 3258 inde
1025 3236 1076 3258 vos
1089 3225 1168 3264 loqui
1184 3227 1298 3257 contin-

252 3271 283 3297 ,αῖ
314 3273 440 3294 caveatis.

236 3271 255 3301 ἓ
276 3285 325 3331 156
339 3301 416 3332 facio
430 3312 523 3334 autern
537 3302 633 3333 Baion.
653 3303 686 3333 &
701 3301 776 3332 Petri
790 3302 825 3332 de
837 3302 940 3342 Rosatg
958 3306 990 3336 &
1004 3304 1039 3334 de
1053 3303 1130 3334 fasto
1145 3301 1298 3341 Gastonis,

240 3346 298 3369 tam
315 3339 350 3370 de
371 3339 426 3371 filia
443 3341 503 3380 sua,
518 3342 551 3373 &
573 3342 610 3372 de
628 3340 730 3371 Castro
748 3341 785 3371 de
807 3340 897 3379 Saltu,
915 3345 1000 3380 quam
1021 3342 1058 3373 de
1068 3342 1141 3379 aliis,
1159 3343 1168 3371 i
1189 3341 1248 3372 sum
1262 3342 1298 3373 &

240 3376 303 3420 suos
318 3380 561 3419 contingentibus,
585 3380 604 3410 si
625 3380 696 3410 forte
716 3380 750 3410 ad
771 3389 823 3409 nos
840 3382 934 3410 venire
956 3381 1092 3419 noluerit,
1114 3380 1148 3411 &
1186 3390 1202 3410 e
1220 3379 1298 3411 fadto

241 3412 405 3453 Majoritatis
425 3420 459 3450 &
481 3418 576 3448 Castii'
595 3417 778 3457 Burdegaliae3
798 3417 833 3447 de
848 3418 925 3448 faeto
946 3418 1066 3459 Regulae
1079 3420 1112 3450 ὃ(
1123 3418 1247 3449 Exulum
1262 3417 1298 3450 de

242 3450 360 3483 Landar.
377 3455 412 3486 de
432 3457 509 3487 facto
530 3456 702 3487 Vicecomit.
721 3456 756 3486 de
779 3455 963 3494 Blankeford3
976 3459 1010 3489 ὃς
1032 3457 1068 3488 de
1089 3457 1147 3487 aliis
1160 3456 1298 3496 articulis,

241 3499 312 3533 quos
326 3493 407 3523 nobis
422 3494 604 3534 significastis,
621 3495 658 3526 de
673 3495 790 3525 consilio
802 3493 834 3524 P.
853 3494 889 3525 de
904 3496 1054 3534 Sabaudia,
1069 3496 1151 3527 vobis
1165 3504 1214 3533 per
1228 3493 1297 3526 Cle-

241 3537 332 3558 ricum
347 3532 486 3573 vestrum,
503 3534 619 3563 latorem
635 3533 828 3571 praesentium,
853 3533 1067 3572 respondemus,
1091 3534 1139 3572 qui
1153 3534 1235 3563 vobis
1252 3543 1298 3564 ea-

242 3565 309 3595 dem
330 3578 392 3597 vrva
411 3580 484 3600 voce
505 3572 610 3609 plenius
629 3571 772 3610 explanare
784 3573 901 3611 poterit²
919 3574 1003 3612 quam
1016 3583 1048 3603 ea
1060 3571 1200 3611 scripturae
1214 3581 1298 3603 com-

243 3604 373 3633 mendare
385 3608 532 3642 possemus,

281 3641 327 3671 Ad
339 3652 401 3679 quae
414 3648 509 3676 onmia
524 3647 672 3684 praedietos
685 3648 814 3678 articulos
827 3650 964 3689 tangentia
973 3672 982 3688 ,
1006 3648 1148 3681 tractanda
1159 3672 1168 3686 ,
1181 3648 1215 3679 &
1232 3658 1298 3686 pro-

242 3679 384 3723 movenda
405 3682 448 3724 ²³5¹.
460 3687 646 3727 commodum
666 3688 699 3717 &
715 3686 856 3717 honorem
870 3687 1018 3726 nostrum,
1033 3688 1067 3718 &
1081 3687 1159 3718 dietii
1172 3685 1219 3718 filii
1232 3696 1299 3716 nos-

240 3718 391 3786 {111212161'0
403 3719 571 3758 diligentiam
585 3726 744 3763 apponatis,
761 3725 839 3763 quod
854 3726 953 3757 exinde
967 3726 1130 3758 mereamini
1147 3734 1298 3756 commen-

261 3766 308 3786 an.

280 3793 318 3837 ΕΡ
329 3792 402 3836 ,(Ιῦίά
422 3794 499 3837 super
519 3799 650 3830 omnibus
671 3801 705 3831 &
718 3800 838 3842 -smguiis
858 3802 976 3832 articulis
987 3801 1128 3840 praedietis
1141 3802 1231 3834 facere
1245 3811 1298 3840 po-

242 3839 360 3874 tuentis,
377 3832 638 3879 110b1³2³ntequam
658 3848 690 3868 ea
711 3840 826 3869 finaliter
839 3840 1054 3878 consummetis,
1071 3839 1201 3871 constare
1215 3840 1298 3872 facia-

244 3878 297 3900 tis;
316 3879 346 3899 ut
360 3870 438 3913 super
453 3870 507 3913 luis
517 3875 647 3903 omnibus
660 3876 765 3912 plenius
777 3877 925 3908 deliberare
939 3878 1082 3916 poffimus.

286 3907 376 3945 Qiod
397 3916 479 3951 etiam
501 3918 529 3951 ιζ]
548 3911 705 3952 trafstatibus
726 3914 822 3944 vestris
840 3916 873 3944 &
886 3916 1137 3953 compositionibus
1152 3915 1297 3955 ineundis,

247 3954 329 3983 prout
349 3947 430 3989 nobis
450 3946 618 3988 significatu,
635 3950 800 3985 potestatem
819 3952 928 3989 semper
946 3955 1072 3984 mutandi
1105 3953 1281 3985 subtrahendi

248 3983 295 4016 vei
308 3982 426 4016 addendi
439 3983 520 4015 nobis
533 3984 699 4018 reservaretis
706 3990 787 4026 ,utile
797 3999 954 4029 reputamus
965 3991 998 4024 δε
1010 3978 1121 4033 guttim
1132 3992 1275 4027 habemns-
1285 3977 1297 3993 ³

85 2734 215 2765 ⁸1.618.

703 85 1512 136 CONVENTIONES,
1565 87 1963 137 LITERAE,

1383 173 1490 204 Debita
1503 184 1573 204 vero
1585 174 1691 214 vestra,
1713 176 1743 205 in
1758 175 1859 213 quibus
1873 175 1956 205 nobis
1970 175 2123 214 tenemini,
2145 174 2232 215 usque
2245 176 2279 207 ad
2293 175 2408 209 Festum
2427 178 2503 210 Ann.
2517 179 2559 213 D.³

1347 214 1481 242 omnium
1495 212 1665 243 Sandiorum
1678 214 1747 251 poni
1762 214 1880 243 fecimus
1893 215 1924 243 in
1937 213 2094 251 respectum
2104 237 2115 252 ,
2141 214 2177 244 de
2191 215 2291 254 quibus
2302 226 2406 254 expen-
2445 226 2532 258 1257.
2554 221 2557 224 '

1349 251 1388 281 sas
1408 250 1524 288 vestm,
1539 250 1692 281 secundum
1714 262 1824 282 moram
1840 261 1926 290 quam
1941 253 1971 282 in
1984 252 2065 282 dietis
2079 252 2201 291 panibus
2212 252 2339 292 fecerits,
2353 265 2407 286 vo-
2421 261 2455 285 H.
2480 267 2506 295 3.

1350 289 1392 318 bis
1411 288 1615 326 recompensari
1635 291 1786 328 faciemus,
1805 290 1907 320 statum
1927 291 1961 321 ὃς
1972 290 2180 329 beneplacitum
2193 290 2318 323 vestrum
2328 292 2407 331 super

1350 327 1402 357 hiis
1415 328 1449 358 &
1461 328 1517 357 aiiis
1529 328 1694 366 quamcitius
1708 329 1831 366 poteritis
1845 325 2010 368 significetis.

1353 404 1363 420 ⁷
1387 402 1477 433 Teste
1493 403 1575 445 Rege
1588 403 1661 448 apud
1674 404 1836 436 Windesor.
1851 404 1968 436 decimo
1979 405 2100 444 septimo
2113 406 2159 438 die
2167 406 2308 446 Januarii,
2339 416 2416 438 anno

1352 441 1564 481 quadragesimo
1577 453 1679 480 primo.

1352 564 1473 596 Littera
1501 563 1630 598 Ricardi
1652 568 1684 597 in
1713 569 1820 613 Regem
1847 570 2054 600 Romanorum
2071 566 2174 609 elem,
2200 565 2237 599 de
2256 569 2334 613 Rege
2355 570 2413 602 Bo-

1550 611 1650 646 hemiae
1664 617 1696 646 in
1714 615 1895 648 EleHionem
1906 615 2000 662 fitam
2016 615 2215 661 conftnti'ente.

1418 697 1558 743 Enerabili
1572 698 1655 742 ⁴Patri
1672 700 1702 730 in
1723 699 1854 738 Christo,
1873 701 1906 732 &
1926 701 2021 743 amico
2031 700 2171 732 carissimo
2185 701 2259 732 fratri
2269 700 2412 741 Johanni,
2428 705 2503 738 Ann,
2518 707 2560 741 1),-

1414 737 1492 781 'Dei
1510 746 1594 776 gratia
1607 761 1617 775 ,
1643 737 1813 783 Messenensi
1833 739 2054 777 Archiepiicopo
2067 764 2077 779 ,
2102 740 2238 771 Ricardus
2252 763 2263 779 ,
2306 739 2409 771 ‘iisdem
2446 754 2529 785 1257,
2565 742 2567 745 '

1352 775 1841 845 {slsimssffiissfflssffffffiss
1855 777 1984 816 fflffl'
2002 779 2108 817 semp&
2123 779 2150 810 Α
2151 779 2262 819 ‘'g‘'ffiss
2267 802 2278 818 ²
2305 779 2407 810 *utem
2428 789 2481 851 2¹2²·
2494 794 2543 821 4¹·

1390 852 1488 884 Sciatis
1508 853 1585 891 quod
1597 853 1664 896 'hoc
1685 852 1730 883 die
1750 853 1863 898 Martis,
1879 854 1942 892 post
1958 855 2122 895 prandium,
2140 858 2301 894 accepimus
2314 866 2413 887 rumo-
2460 845 2466 851 ”
2485 832 2511 861 3⁹

1353 901 1490 960 {ess
1500 891 1636 969 ³3&ss
1648 891 1797 961 13ίέιὲἓῖᾶῖῗέ
1799 894 1977 962 κῗέῃῇξῗὲῑ
1985 894 2033 963 dtis
2040 904 2226 964 ἳιίνὲἔέἓὲ
2229 895 2415 964 ἙωἪ-Ξῗιξ

1353 968 1406 999 suis
1417 969 1589 1007 patentibus,
1801 954 1812 970 ⁹
2028 943 2047 971 q
2352 954 2361 965 Β

1390 1006 1429 1038 Et
1443 1007 1549 1051 ibidem
1559 1031 1568 1046 ,
1586 1016 1621 1037 ex
1636 1015 1712 1051 parte
1726 1007 1788 1046 sua,
1805 1008 2017 1048 publicaverunt
2030 1009 2106 1048 quod
2120 1011 2150 1040 in
2161 1009 2332 1041 eleetionem
2347 1020 2414 1041 nos-

1353 1053 1424 1077 tram
1443 1046 1564 1077 totaliter
1583 1046 1736 1084 consentit,
1755 1047 1804 1084 &,
1823 1057 1892 1077 cum
1914 1048 2072 1078 venerimus
2091 1049 2121 1078 in
2136 1048 2332 1079 Alemanniam
2376 1050 2412 1081 ad

1352 1084 1517 1115 mandatum
1532 1084 1660 1128 nostrum
1672 1085 1766 1129 veniet
1782 1084 1940 1116 fidelitatem
1953 1086 1987 1116 &
2001 1085 2164 1129 homagium
2177 1086 2259 1116 nobis
2274 1071 2413 1124 praesiiru-

1354 1134 1417 1168 ruS,
1434 1133 1503 1155 cum
1526 1123 1664 1155 sexdecim
1683 1123 1805 1156 millibus
1818 1124 1917 1163 scutis,
1932 1124 1966 1155 ad
1978 1124 2122 1155 servitium
2134 1124 2264 1155 nostrum
2277 1134 2414 1165 praepara-

1353 1171 1425 1233 tlS'Et
1448 1201 1506 1233 hoc
1525 1201 1744 1246 communicetis
1761 1210 1830 1245 cum
1848 1201 1930 1231 fratre
1937 1199 2077 1244 'Joha'n'ne
2102 1199 2137 1230 de
2152 1200 2236 1241 Dya,
2251 1210 2283 1232 ut
2301 1202 2340 1232 ibi
2352 1201 2415 1233 uilia

1350 1249 1474 1279 erponat
1493 1251 1553 1281 quo
1573 1240 1616 1285 est
1636 1248 1742 1283 iturus;
1756 1249 1837 1279 quia,
1855 1240 1875 1272 si
1896 1239 1960 1271 talia
1980 1238 2167 1279 scivissemus,
2186 1240 2298 1280 quando
2319 1242 2356 1272 ab
2377 1250 2414 1272 eo

1350 1279 1527 1318 recessimus,
1543 1280 1593 1312 sibi
1606 1277 1831 1320 exposuissemus.

1385 1354 1461 1386 Data
1479 1355 1553 1397 apud
1568 1355 1752 1396 Walingford
1768 1379 1778 1394 ,
1803 1356 1959 1388 undecimo
1981 1355 2048 1388 Kal.
2074 1355 2244 1395 Februarii,
2264 1356 2413 1388 millesimo

1347 1394 1542 1426 ducentefimo
1555 1394 1785 1435 quinquagesimo
1797 1394 1925 1436 septimo.

1587 1521 1707 1553 Litterae
1730 1520 1818 1568 Regis
1836 1521 1934 1554 Scotiae
1949 1517 1986 1551 de
2004 1517 2174 1553 Credentia.

1345 1604 1559 1665 MAgnifico
1576 1604 1704 1646 Principi
1722 1605 1873 1644 Domino,
1890 1614 1923 1636 ac
1942 1603 2018 1634 Patri
2031 1602 2081 1634 suo
2095 1602 2253 1641 kariffimo,
2268 1601 2404 1634 Domino
2429 1605 2505 1636 Ann.
2521 1607 2567 1639 D,

1344 1681 1381 1714 N
1441 1644 1482 1674 Η.
1502 1644 1563 1714 Daci
1574 1646 1674 1714 gfrxatia,
1692 1645 1789 1677 illustri
1801 1643 2020 1714 IggiAngffi,
2045 1641 2183 1711 Doerlno
2196 1641 2304 1710 Ygaern.
2323 1642 2404 1712 lguci
2424 1654 2531 1712 Ai’257.

1382 1692 1511 1713 ormann.
1632 1693 1736 1715 urrann.
1860 1691 1922 1713 rmti
2063 1691 2090 1711 v.
2149 1689 2217 1711 exan
2237 1690 2267 1711 er
2305 1690 2336 1711 ea
2356 1690 2404 1711 em
2470 1705 2477 1712 .
2520 1694 2543 1714 1.

1344 1722 1446 1760 gratia,
1464 1720 1530 1752 Rex
1543 1694 1648 1753 Scotiiae
1661 1686 1793 1761 salutetis,
1809 1722 1844 1754 &
1857 1730 1925 1754 cum
1934 1689 2184 1753 omnierggverentia
2196 1719 2230 1751 &
2240 1703 2350 1751 ho'nore
2355 1729 2405 1761 pa-
2425 1727 2460 1751 Η.
2482 1695 2515 1759 ξ

1345 1768 1433 1790 ratam
1444 1760 1478 1790 ad
1493 1760 1661 1800 beniplacita
1673 1762 1859 1793 voluntatem.

1385 1800 1402 1816 ·
1416 1798 1529 1829 Statum
1544 1799 1673 1830 nostrum
1682 1823 1691 1839 ‚
1706 1801 1740 1832 &
1754 1800 1855 1831 statum
1869 1799 1989 1839 Reginae
2000 1797 2150 1829 kariffimae
2161 1796 2267 1836 sponsae
2281 1797 2407 1836 nostrat,
2418 1799 2437 1818 ff
2452 1799 2476 1828 1.
2489 1800 2560 1834 619e

1345 1845 1395 1876 per
1410 1836 1468 1867 Dei
1479 1838 1611 1877 gratiam,
1635 1838 1799 1879 prosperum
1813 1838 1869 1869 effe
1881 1838 1915 1869 &
1927 1837 2084 1876 jocundum
2098 1836 2288 1867 dominationi
2305 1836 2407 1868 vestrae

1344 1877 1529 1944 affigamus,
1540 1876 1624 1946 §cupid
1635 1877 1673 1946 όίῗ
1682 1877 1770 1947 &usli
1780 1876 1853 1921 statu
1867 1875 1980 1945 vestgp,
1999 1875 2141 1944 'umeastndt
2151 1874 2208 1943 sega
2219 1875 2411 1944 eegtgrcrirsffirro

1837 1929 1841 1933 ⁴
2102 1924 2114 1943 ῐ

1344 1925 1452 1996 nostrii
1458 1925 1517 1992 ,raiz
1532 1926 1664 1996 ‘felicisim
1673 1923 2020 1986 affleroffiffiaevggrocsiitg
2026 1924 2158 1991 ,vintimo’
2169 1951 2262 1984 cordis
2273 1924 2413 1984 desideriis

1344 1989 1412 2021 scire
1427 1992 1461 2022 δε
1475 1991 1568 2022 audire
1582 1993 1736 2032 plurimum
1748 1992 1928 2031 affidantes,

1358 2067 1363 2073 Π
1382 2028 1577 2061 Excellentem
1600 2031 1828 2062 dominationem
1846 2031 1967 2062 vestiam
1980 2039 2129 2071 precamur
2142 2028 2293 2061 affectuose
2306 2053 2316 2069 ‚
2341 2040 2411 2100 ‘bua-

1344 2074 1416 2099 tmus
1428 2069 1496 2099 caris
1509 2069 1543 2100 &
1557 2069 1684 2101 fidelibus
1696 2070 1796 2101 nostris
1808 2092 1819 2109 ,
1846 2069 1990 2109 Magistro
2003 2069 2138 2100 Roberto
2151 2069 2188 2099 de
2202 2068 2330 2099 Stutevill
2376 2079 2409 2100 e-

1344 2116 1407 2138 can.
1427 2107 1618 2152 Dunkeldeni}
1638 2109 1672 2140 &
1687 2107 1744 2139 Ad.
1763 2108 1800 2139 de
1813 2107 1961 2139 Motham.
1979 2107 2110 2152 latoribus
2123 2107 2301 2145 praesentium
2321 2107 2406 2148 (quos

1343 2143 1378 2175 ad
1399 2145 1498 2177 vestrae
1618 2146 1738 2177 ficentiae
1753 2146 1926 2185 praesentiam
1939 2145 2108 2177 destinamus
2119 2145 2198 2186 super
2231 2145 2331 2176 uadam
2345 2146 2406 2176 for-

1342 2192 1407 2223 ma,
1426 2184 1462 2216 de
1483 2195 1537 2223 qua
1606 2186 1688 2232 mites
1705 2185 1741 2216 de
1765 2184 1902 2230 Menech.
1920 2185 1956 2216 de
1975 2183 2184 2252 Buchwanffiie
2198 2155 2288 2228 rellan.
2307 2184 2406 2223 &Jo-

1341 2222 1447 2292 &3113ae
1467 2222 1546 2293 (gi'sm
1566 2234 1691 2306 nukeugi
1701 2223 2007 2307 sitdffnpsst'aziguilsiteagtg
2016 2222 2106 2292 111¹(ngss
2119 2223 2406 2306 inffiitlgi‘bsiispplgaff

1341 2309 1424 2339 runt,
1462 2311 1478 2331 e
1494 2301 1626 2339 querelis,
1643 2311 1710 2344 quas
1722 2309 1821 2332 contra
1833 2301 1906 2338 ipsos
1919 2300 2078 2344 habemus,
2102 2301 2137 2332 &
2152 2308 2238 2330 etiam
2252 2299 2281 2329 su
2302 2309 2332 2330 er
2345 2300 2406 2330 alus

1341 2348 1407 2377 quae
1419 2337 1520 2370 vestrae
1533 2340 1678 2370 Serenitati
1693 2349 1726 2369 ex
1740 2348 1818 2377 parte
1831 2338 1926 2370 nostra
1940 2338 2046 2379 plenius
2058 2337 2237 2374 intimabunt)
2258 2337 2277 2367 fi
2298 2347 2345 2368 em
2381 2338 2403 2369 fi

1361 2377 1431 2408 lacet
1466 2378 1614 2409 adhibeatis
1635 2377 1835 2414 indubitatam,
1851 2377 1955 2408 statum
1974 2376 2118 2415 vestrum,
2140 2378 2195 2407 una
2217 2385 2285 2407 cum
2306 2386 2342 2407 ve
2382 2386 2403 2408 o

1340 2387 1531 2455 Eenepl'acito,
1549 2417 1632 2448 nobis
1651 2417 1748 2454 saepius
1763 2439 1773 2455 ,
1799 2416 1834 2447 ad
1854 2416 1947 2447 cordis
1966 2414 2056 2459 nostri
2078 2415 2212 2457 gaudium
2230 2414 2264 2446 &
2277 2414 2404 2446 solamen

1340 2464 1402 2486 non
1417 2455 1586 2494 modicum,
1603 2455 1623 2486 si
1635 2455 1743 2496 placet,
1759 2453 1910 2495 significare
1924 2463 2034 2486 curem.
2123 2466 2126 2470 ·

1378 2531 1467 2562 Teste
1488 2531 1561 2564 Patr.
1581 2532 1670 2563 Com.
1688 2531 1725 2563 de
1746 2530 1874 2564 Dunbar.
1893 2530 1968 2572 apud
1985 2531 2136 2565 Rokburc.
2153 2541 2176 2571 4
2190 2532 2236 2564 die
2249 2531 2332 2565 Febr.
2350 2540 2402 2563 an-

1338 2579 1379 2602 no
1391 2570 1488 2610 Regni
1505 2571 1595 2603 nostri
1609 2571 1723 2602 ostavo.

1680 2699 1739 2730 Pro
1758 2698 1846 2728 Petro
1863 2694 1900 2729 de
1913 2693 2081 2730 Sabaudia.

1337 2780 1459 2838 REX
1473 2782 1623 2820 omnibus,
1640 2782 1700 2812 &e
1716 2780 1838 2812 salutern.

1430 2820 1528 2851 Sciatis
1547 2820 1624 2860 quod
1643 2820 1790 2859 dedimus,
1806 2821 1839 2850 ὅ(
1863 2817 2053 2850 concessimus
2067 2817 2174 2850 dilecto
2189 2817 2223 2850 δε
2237 2815 2319 2861 fideli·
2332 2826 2398 2848 nos·
2412 2821 2489 2854 Ann,
2504 2822 2546 2855 Ι),

1336 2868 1399 2898 tro,
1418 2857 1505 2889 Petro
1520 2858 1556 2889 de
1568 2858 1719 2896 Sabaudia‚
1738 2866 1860 2898 quatuor
1874 2857 1959 2888 millia
1975 2856 2156 2897 Marcarum,
2174 2866 2239 2897 quae
2250 2856 2333 2887 nobis
2345 2855 2395 2886 de·-
2432 2870 2518 2901 1257,

1336 2899 1438 2929 bentur
1460 2907 1513 2935 pro
1532 2905 1649 2935 mutuo,
1667 2897 1744 2937 quod
1763 2897 1882 2928 fecimus
1900 2896 2077 2936 Reymundo
2114 2896 2259 2936 quondam
2279 2893 2393 2925 Comiti
2413 2904 2465 2929 An.
2481 2910 2530 2938 4¹·

1337 2936 1498 2967 Provinciae
1544 2936 1578 2967 δε
1600 2935 1717 2967 Beatrici
1732 2934 1912 2973 Comitiffae,
1927 2934 2051 2965 consorti
2085 2944 2128 2965 uae
2141 2958 2151 2973 ,
2173 2933 2252 2975 super
2272 2941 2392 2971 quatuor
2407 2943 2443 2968 H.
2461 2949 2486 2977 3·

1336 2974 1434 3006 Castra
1451 2975 1480 3004 in
1493 2957 1650 3018 filomitatu
1672 2974 1852 3018 Provinci3ae‚
1868 2974 1906 3018 ὃς
1916 2973 2070 3017 Fortalitia,
2084 2983 2149 3013 quae
2161 2973 2268 3012 praefati
2282 2969 2393 3002 Comes
2407 2982 2467 3006 Par.
2480 2981 2530 3014 41,-

1337 3015 1371 3046 &
1387 3011 1538 3044 Comitissa
1551 3012 1649 3052 nobis,
1665 3022 1784 3044 nomme
1796 3021 1935 3051 pignoris,
1953 3011 2128 3051 obligarunt:
2409 3026 2446 3046 m.
2464 3025 2473 3043 i
2477 3025 2508 3053 3.

1374 3051 1414 3083 Et
1427 3050 1610 3082 concedimus
1625 3050 1703 3090 quod
1717 3050 1785 3081 nulli
1798 3050 1860 3089 alii,
1885 3051 1973 3090 quam
1985 3050 2065 3083 dicto
2079 3049 2183 3090 Petro,
2199 3052 2349 3092 pecuniam
2361 3049 2396 3082 ii-

1336 3091 1392 3123 lam
1405 3089 1552 3128 dabimus,
1571 3097 1618 3122 aut
1631 3089 1835 3131 assignabimus.

1373 3166 1409 3198 In
1423 3168 1515 3206 cujus,
1534 3165 1596 3196 &c.

1373 3243 1462 3275 Teste
1474 3243 1557 3284 Rege
1571 3243 1644 3284 apud
1658 3242 1783 3274 Westm.
1799 3244 1900 3285 quinto
1914 3242 1960 3274 die
1975 3242 2126 3274 Februarii.

1336 3370 1396 3402 Pro
1423 3369 1556 3401 Nunciis
1580 3367 1726 3401 Lewelini
1752 3365 1938 3402 venientibus
1964 3366 2010 3400 ad
2033 3370 2178 3401 Comitem
2200 3362 2349 3401 Cornubiae
2363 3368 2395 3398 in

1628 3418 1737 3463 Regem
1755 3419 1960 3451 Romanorum
1973 3415 2125 3450 Eleklum.

1339 3501 1420 3557 RE
1430 3499 1460 3532 X
1473 3500 1606 3532 omnibus
1640 3500 1700 3533 &o
1717 3500 1839 3532 salutem.
2404 3494 2482 3526 Ann.
2495 3495 2539 3527 D.

1430 3539 1528 3570 Sciatis
1539 3523 1621 3578 quod
1631 3539 1796 3577 suscepimus
1809 3542 1839 3571 in
1851 3539 1956 3571 salvum
1964 3539 1999 3570 δε
2011 3538 2140 3583 securum
2148 3536 2324 3583 conduetuin
2332 3544 2397 3566 nos-
2428 3541 2512 3572 1257.

1336 3586 1412 3610 trum
1433 3577 1589 3615 solempnes
1607 3576 1758 3616 Nuncios,
1785 3589 1855 3619 quos
1876 3577 2035 3611 Lewelinus
2054 3577 2124 3608 filius
2143 3575 2260 3608 Gnffim
2279 3582 2391 3618 mittere
2404 3576 2517 3608 An.41.

1336 3616 1458 3648 voluerit
1474 3616 1504 3646 in
1524 3615 1670 3654 Angliam,
1688 3616 1722 3646 ad
1740 3617 1876 3648 dilectum
1898 3617 2010 3647 fratrem
2023 3616 2058 3647 &
2070 3614 2181 3646 fidelem
2196 3612 2324 3644 nostrum
2336 3611 2391 3642 Ri-
2403 3615 2439 3639 H·
2458 3620 2484 3648 3.

1336 3654 1454 3686 cardum
1467 3652 1616 3684 Comitem
1629 3653 1800 3694 Cornubiae,
1817 3657 1848 3688 in
1863 3655 1976 3695 Regem
1987 3653 2190 3686 Romanorum
2202 3650 2344 3694 cletitum,
2356 3651 2391 3682 &
2403 3653 2458 3677 ΡΜ·
2474 3656 2522 3684 4³-

1336 3701 1550 3760 omneshquosssc
1559 3692 1646 3760 iidem
1664 3692 1779 3762 Nusncii
1800 3694 1905 3764 stciiffd
1919 3693 2022 3725 ducere
2042 3692 2181 3725 voluerint
2193 3690 2222 3720 in
2234 3688 2393 3729 veniendo,
2405 3698 2432 3716 n·
2454 3687 2495 3716 18-

1343 3739 1586 3800 mssffie‘swbi
1601 3740 1769 3801 affinis}
1777 3733 1855 3814 <3322
1867 3741 1971 3801 asiam
1984 3768 2119 3811 Nunciis,
2128 3790 2141 3807 ‚
2163 3767 2198 3797 ει
2209 3764 2259 3810 hiis
2273 3774 2344 3809 <iios
2354 3764 2395 3797 ses

1341 3817 1411 3839 cum
1430 3806 1539 3849 ducent
1559 3806 1593 3837 ad
1608 3815 1696 3845 partes
1711 3809 1873 3847 praediCtas,
1889 3807 2001 3841 nullum
2011 3807 2133 3840 inferatis
2138 3827 2149 3843 ,
2163 3812 2211 3836 aut
2225 3803 2319 3835 inferri
2331 3814 2395 3846 pet-

1337 3847 1450 3879 mittans
1463 3844 1619 3885 dampnum
1632 3855 1678 3877 aut
1692 3856 1852 3887 gravamen.

1371 3912 1409 3949 In
1421 3916 1517 3957 cuja,
1535 3914 1595 3946 &c-
1614 3914 1778 3949 duraturum
1795 3914 1880 3955 usque
1892 3913 1927 3947 ad
1939 3912 2042 3946 Pascha
2054 3912 2187 3954 proximo
2201 3910 2335 3945 futurum.

2353 4029 2400 4064 130
