<?xml version="1.0" encoding="UTF-8"?>
<!DOCTYPE html PUBLIC "-//W3C//DTD XHTML 1.0 Transitional//EN"
    "http://www.w3.org/TR/xhtml1/DTD/xhtml1-transitional.dtd">
<html xmlns="http://www.w3.org/1999/xhtml" xml:lang="en" lang="en">
 <head>
  <title>
</title>
<meta http-equiv="Content-Type" content="text/html;charset=utf-8" />
  <meta name='ocr-system' content='tesseract 3.04.00' />
  <meta name='ocr-capabilities' content='ocr_page ocr_carea ocr_par ocr_line ocrx_word'/>
</head>
<body>
  <div class='ocr_page' id='page_1' title='image "./fderaconventione01ryme_0530.png"; bbox 0 0 2570 4261; ppageno 0'>
   <div class='ocr_carea' id='block_1_1' title="bbox 192 120 245 148">
    <p class='ocr_par' dir='ltr' id='par_1_1' title="bbox 192 120 245 148">
     <span class='ocr_line' id='line_1_1' title="bbox 192 120 245 148; baseline -0.038 0"><span class='ocrx_word' id='word_1_1' title='bbox 192 120 245 148; x_wconf 91' lang='lat'>20</span> 
     </span>
    </p>
   </div>
   <div class='ocr_carea' id='block_1_2' title="bbox 39 210 1252 252">
    <p class='ocr_par' dir='ltr' id='par_1_2' title="bbox 39 210 1252 252">
     <span class='ocr_line' id='line_1_2' title="bbox 39 210 1252 252; baseline -0.016 -3"><span class='ocrx_word' id='word_1_2' title='bbox 39 218 119 252; x_wconf 80' lang='lat' dir='ltr'>Ann.</span> <span class='ocrx_word' id='word_1_3' title='bbox 132 217 174 249; x_wconf 91' lang='lat' dir='ltr'>D.</span> <span class='ocrx_word' id='word_1_4' title='bbox 191 210 1252 240; x_wconf 55' lang='lat' dir='ltr'><em>W</em></span> 
     </span>
    </p>
   </div>
   <div class='ocr_carea' id='block_1_3' title="bbox 63 260 147 295">
    <p class='ocr_par' dir='ltr' id='par_1_3' title="bbox 63 260 147 295">
     <span class='ocr_line' id='line_1_3' title="bbox 63 260 147 295; baseline -0.012 -7"><span class='ocrx_word' id='word_1_5' title='bbox 63 260 147 295; x_wconf 84' lang='lat'>1287.</span> 
     </span>
    </p>
   </div>
   <div class='ocr_carea' id='block_1_4' title="bbox 41 264 1263 326">
    <p class='ocr_par' dir='ltr' id='par_1_4' title="bbox 41 264 1263 326">
     <span class='ocr_line' id='line_1_4' title="bbox 41 264 1263 326; baseline -0.018 -12"><span class='ocrx_word' id='word_1_6' title='bbox 41 302 109 326; x_wconf 42' lang='lat' dir='ltr'>Hv-</span> <span class='ocrx_word' id='word_1_7' title='bbox 131 307 154 325; x_wconf 41' lang='lat'>,⁸</span> <span class='ocrx_word' id='word_1_8' title='bbox 190 283 240 314; x_wconf 86' lang='lat' dir='ltr'>De</span> <span class='ocrx_word' id='word_1_9' title='bbox 264 280 384 324; x_wconf 57' lang='lat' dir='ltr'>Trengzz</span> <span class='ocrx_word' id='word_1_10' title='bbox 413 273 538 307; x_wconf 69' lang='lat' dir='ltr'>ulterius</span> <span class='ocrx_word' id='word_1_11' title='bbox 564 273 641 303; x_wconf 79' lang='lat' dir='ltr'>inter</span> <span class='ocrx_word' id='word_1_12' title='bbox 665 271 757 314; x_wconf 83' lang='lat' dir='ltr'><em>Reges</em></span> <span class='ocrx_word' id='word_1_13' title='bbox 776 268 910 299; x_wconf 80' lang='lat' dir='ltr'>Franci&#39;ae</span> <span class='ocrx_word' id='word_1_14' title='bbox 925 267 963 303; x_wconf 58' lang='grc' dir='ltr'><strong><em>ὠ</em></strong></span> <span class='ocrx_word' id='word_1_15' title='bbox 982 264 1142 310; x_wconf 80' lang='lat' dir='ltr'>Aragoniae</span> <span class='ocrx_word' id='word_1_16' title='bbox 1154 271 1263 308; x_wconf 85' lang='lat' dir='ltr'>proro-</span> 
     </span>
    </p>
   </div>
   <div class='ocr_carea' id='block_1_5' title="bbox 662 315 781 364">
    <p class='ocr_par' dir='ltr' id='par_1_5' title="bbox 662 315 781 364">
     <span class='ocr_line' id='line_1_5' title="bbox 662 315 781 364; baseline -0.008 -15"><span class='ocrx_word' id='word_1_17' title='bbox 662 315 781 364; x_wconf 81' lang='lat' dir='ltr'>ganda.</span> 
     </span>
    </p>
   </div>
   <div class='ocr_carea' id='block_1_6' title="bbox 42 393 1273 945">
    <p class='ocr_par' dir='ltr' id='par_1_6' title="bbox 42 393 1264 474">
     <span class='ocr_line' id='line_1_6' title="bbox 42 393 1264 474; baseline -0.018 -28"><span class='ocrx_word' id='word_1_18' title='bbox 42 423 94 449; x_wconf 75' lang='lat' dir='ltr'>An.</span> <span class='ocrx_word' id='word_1_19' title='bbox 116 429 160 455; x_wconf 79' lang='lat'>¹5·</span> <span class='ocrx_word' id='word_1_20' title='bbox 192 413 248 474; x_wconf 83' lang='lat' dir='ltr'>E</span> <span class='ocrx_word' id='word_1_21' title='bbox 259 410 368 447; x_wconf 80' lang='lat' dir='ltr'>Gregio</span> <span class='ocrx_word' id='word_1_22' title='bbox 382 405 527 445; x_wconf 83' lang='lat' dir='ltr'>principi,</span> <span class='ocrx_word' id='word_1_23' title='bbox 545 403 683 434; x_wconf 90' lang='lat' dir='ltr'>Domino</span> <span class='ocrx_word' id='word_1_24' title='bbox 697 399 843 432; x_wconf 88' lang='lat' dir='ltr'>Edwardo</span> <span class='ocrx_word' id='word_1_25' title='bbox 879 399 939 430; x_wconf 86' lang='lat' dir='ltr'>Dei</span> <span class='ocrx_word' id='word_1_26' title='bbox 958 396 1062 438; x_wconf 62' lang='lat' dir='ltr'>gratia,</span> <span class='ocrx_word' id='word_1_27' title='bbox 1080 395 1179 427; x_wconf 84' lang='lat' dir='ltr'>illustri</span> <span class='ocrx_word' id='word_1_28' title='bbox 1201 393 1264 425; x_wconf 91' lang='lat' dir='ltr'>Re-</span> 
     </span>
    </p>

    <p class='ocr_par' dir='ltr' id='par_1_7' title="bbox 43 425 1265 489">
     <span class='ocr_line' id='line_1_7' title="bbox 43 425 1265 489; baseline -0.016 -8"><span class='ocrx_word' id='word_1_29' title='bbox 43 464 74 486; x_wconf 61' lang='grc' dir='ltr'>Ε,</span> <span class='ocrx_word' id='word_1_30' title='bbox 99 468 120 486; x_wconf 63' lang='grc' dir='ltr'>ι,</span> <span class='ocrx_word' id='word_1_31' title='bbox 269 451 295 489; x_wconf 72' lang='lat' dir='ltr'>gi</span> <span class='ocrx_word' id='word_1_32' title='bbox 313 446 441 485; x_wconf 75' lang='lat' dir='ltr'>Angliae,</span> <span class='ocrx_word' id='word_1_33' title='bbox 460 444 595 474; x_wconf 91' lang='lat' dir='ltr'>Domino</span> <span class='ocrx_word' id='word_1_34' title='bbox 607 441 774 478; x_wconf 71' lang='lat' dir='ltr'>Hiberniae,</span> <span class='ocrx_word' id='word_1_35' title='bbox 791 449 824 470; x_wconf 88' lang='lat' dir='ltr'>ac</span> <span class='ocrx_word' id='word_1_36' title='bbox 841 425 921 469; x_wconf 82' lang='lat' dir='ltr'>Duci</span> <span class='ocrx_word' id='word_1_37' title='bbox 941 437 1140 475; x_wconf 87' lang='lat' dir='ltr'>Aquitanniae,</span> <span class='ocrx_word' id='word_1_38' title='bbox 1159 432 1265 464; x_wconf 90' lang='lat' dir='ltr'>Alfon-</span> 
     </span>
    </p>

    <p class='ocr_par' dir='ltr' id='par_1_8' title="bbox 43 472 1265 532">
     <span class='ocr_line' id='line_1_8' title="bbox 43 472 1265 532; baseline -0.02 -8"><span class='ocrx_word' id='word_1_39' title='bbox 43 502 74 525; x_wconf 80' lang='lat' dir='ltr'>L.</span> <span class='ocrx_word' id='word_1_40' title='bbox 91 500 120 523; x_wconf 77' lang='grc' dir='ltr'>Β.</span> <span class='ocrx_word' id='word_1_41' title='bbox 131 496 154 532; x_wconf 84' lang='lat' dir='ltr'>f.</span> <span class='ocrx_word' id='word_1_42' title='bbox 191 490 250 527; x_wconf 85' lang='lat' dir='ltr'>sus,</span> <span class='ocrx_word' id='word_1_43' title='bbox 276 496 325 525; x_wconf 77' lang='lat' dir='ltr'>pet·</span> <span class='ocrx_word' id='word_1_44' title='bbox 345 483 467 515; x_wconf 87' lang='lat' dir='ltr'>eandem</span> <span class='ocrx_word' id='word_1_45' title='bbox 490 482 625 520; x_wconf 79' lang='lat' dir='ltr'>gratiam,</span> <span class='ocrx_word' id='word_1_46' title='bbox 651 479 717 511; x_wconf 85' lang='lat' dir='ltr'>Rex</span> <span class='ocrx_word' id='word_1_47' title='bbox 738 478 864 518; x_wconf 86' lang='lat' dir='ltr'>Aragon.</span> <span class='ocrx_word' id='word_1_48' title='bbox 890 476 1025 514; x_wconf 87' lang='lat' dir='ltr'>Majoric.</span> <span class='ocrx_word' id='word_1_49' title='bbox 1044 476 1079 506; x_wconf 89' lang='lat'>&amp;</span> <span class='ocrx_word' id='word_1_50' title='bbox 1100 472 1212 504; x_wconf 88' lang='lat' dir='ltr'>Valent.</span> <span class='ocrx_word' id='word_1_51' title='bbox 1231 481 1265 502; x_wconf 89' lang='lat' dir='ltr'>ac</span> 
     </span>
    </p>

    <p class='ocr_par' dir='ltr' id='par_1_9' title="bbox 49 513 1066 569">
     <span class='ocr_line' id='line_1_9' title="bbox 49 513 1066 569; baseline -0.021 -6"><span class='ocrx_word' id='word_1_52' title='bbox 49 545 109 569; x_wconf 65' lang='lat'>¹34-</span> <span class='ocrx_word' id='word_1_53' title='bbox 127 535 151 561; x_wconf 85' lang='lat' dir='ltr'>b.</span> <span class='ocrx_word' id='word_1_54' title='bbox 194 528 282 558; x_wconf 82' lang='lat' dir='ltr'>Corn.</span> <span class='ocrx_word' id='word_1_55' title='bbox 302 523 403 554; x_wconf 76' lang='lat' dir='ltr'>Barch.</span> <span class='ocrx_word' id='word_1_56' title='bbox 424 522 548 552; x_wconf 84' lang='lat' dir='ltr'>salutem.</span> <span class='ocrx_word' id='word_1_57' title='bbox 567 521 602 552; x_wconf 90' lang='lat'>&amp;</span> <span class='ocrx_word' id='word_1_58' title='bbox 616 519 733 549; x_wconf 83' lang='lat' dir='ltr'>fincerae</span> <span class='ocrx_word' id='word_1_59' title='bbox 744 516 904 547; x_wconf 69' lang='lat' dir='ltr'>dileffionis</span> <span class='ocrx_word' id='word_1_60' title='bbox 918 513 1066 545; x_wconf 67' lang='lat' dir='ltr'>affetstum.</span> 
     </span>
    </p>

    <p class='ocr_par' dir='ltr' id='par_1_10' title="bbox 44 550 1267 601">
     <span class='ocr_line' id='line_1_10' title="bbox 44 550 1267 601; baseline -0.019 -1"><span class='ocrx_word' id='word_1_61' title='bbox 44 568 117 601; x_wconf 55' lang='lat' dir='ltr'>Pham</span> <span class='ocrx_word' id='word_1_62' title='bbox 232 565 312 596; x_wconf 89' lang='lat' dir='ltr'>Cum</span> <span class='ocrx_word' id='word_1_63' title='bbox 327 570 442 599; x_wconf 82' lang='lat' dir='ltr'>treuga,</span> <span class='ocrx_word' id='word_1_64' title='bbox 460 570 511 598; x_wconf 88' lang='lat' dir='ltr'>per</span> <span class='ocrx_word' id='word_1_65' title='bbox 522 568 576 590; x_wconf 89' lang='lat' dir='ltr'>vos</span> <span class='ocrx_word' id='word_1_66' title='bbox 590 557 654 589; x_wconf 87' lang='lat' dir='ltr'>data</span> <span class='ocrx_word' id='word_1_67' title='bbox 666 557 766 588; x_wconf 89' lang='lat' dir='ltr'>inclito</span> <span class='ocrx_word' id='word_1_68' title='bbox 780 555 858 595; x_wconf 88' lang='lat' dir='ltr'>Regi</span> <span class='ocrx_word' id='word_1_69' title='bbox 874 553 1002 584; x_wconf 82' lang='lat' dir='ltr'>Franciae</span> <span class='ocrx_word' id='word_1_70' title='bbox 1016 551 1053 582; x_wconf 90' lang='lat' dir='ltr'>de</span> <span class='ocrx_word' id='word_1_71' title='bbox 1073 550 1173 587; x_wconf 79' lang='lat' dir='ltr'>nobis3</span> <span class='ocrx_word' id='word_1_72' title='bbox 1189 556 1267 579; x_wconf 88' lang='lat' dir='ltr'>treu-</span> 
     </span>
    </p>

    <p class='ocr_par' dir='ltr' id='par_1_11' title="bbox 43 587 1270 715">
     <span class='ocr_line' id='line_1_11' title="bbox 43 587 1268 642; baseline -0.019 -3"><span class='ocrx_word' id='word_1_73' title='bbox 43 615 180 639; x_wconf 54' lang='lat' dir='ltr'>cameras.</span> <span class='ocrx_word' id='word_1_74' title='bbox 195 615 229 642; x_wconf 84' lang='lat' dir='ltr'>ga</span> <span class='ocrx_word' id='word_1_75' title='bbox 243 605 344 639; x_wconf 81' lang='lat' dir='ltr'>etiam,</span> <span class='ocrx_word' id='word_1_76' title='bbox 363 602 400 631; x_wconf 91' lang='lat' dir='ltr'>ab</span> <span class='ocrx_word' id='word_1_77' title='bbox 414 599 520 630; x_wconf 90' lang='lat' dir='ltr'>eodem</span> <span class='ocrx_word' id='word_1_78' title='bbox 533 597 618 638; x_wconf 86' lang='lat' dir='ltr'><strong>Rege</strong></span> <span class='ocrx_word' id='word_1_79' title='bbox 630 596 759 627; x_wconf 82' lang='lat' dir='ltr'>Franciae</span> <span class='ocrx_word' id='word_1_80' title='bbox 771 604 825 632; x_wconf 88' lang='lat' dir='ltr'>pro</span> <span class='ocrx_word' id='word_1_81' title='bbox 840 592 923 623; x_wconf 91' lang='lat' dir='ltr'>nobis</span> <span class='ocrx_word' id='word_1_82' title='bbox 936 598 1069 628; x_wconf 86' lang='lat' dir='ltr'>accepta,</span> <span class='ocrx_word' id='word_1_83' title='bbox 1087 589 1134 619; x_wconf 90' lang='lat' dir='ltr'>seu</span> <span class='ocrx_word' id='word_1_84' title='bbox 1148 587 1184 618; x_wconf 87' lang='lat' dir='ltr'>ad</span> <span class='ocrx_word' id='word_1_85' title='bbox 1196 595 1268 630; x_wconf 79' lang='lat' dir='ltr'>opus</span> 
     </span>
     <span class='ocr_line' id='line_1_12' title="bbox 196 625 1270 700; baseline -0.018 -26"><span class='ocrx_word' id='word_1_86' title='bbox 196 642 344 678; x_wconf 83' lang='lat' dir='ltr'>nostrum,</span> <span class='ocrx_word' id='word_1_87' title='bbox 361 640 518 671; x_wconf 90' lang='lat' dir='ltr'>terminum</span> <span class='ocrx_word' id='word_1_88' title='bbox 531 645 646 666; x_wconf 88' lang='lat' dir='ltr'>certum</span> <span class='ocrx_word' id='word_1_89' title='bbox 659 634 820 671; x_wconf 87' lang='lat' dir='ltr'>contineat,</span> <span class='ocrx_word' id='word_1_90' title='bbox 838 630 918 700; x_wconf 58' lang='lat' dir='ltr'><strong>3u⁰d</strong></span> <span class='ocrx_word' id='word_1_91' title='bbox 932 631 1034 661; x_wconf 89' lang='lat' dir='ltr'>debeat</span> <span class='ocrx_word' id='word_1_92' title='bbox 1054 628 1198 666; x_wconf 84' lang='lat' dir='ltr'>expirare,</span> <span class='ocrx_word' id='word_1_93' title='bbox 1216 625 1270 656; x_wconf 85' lang='lat' dir='ltr'>sci-</span> 
     </span>
     <span class='ocr_line' id='line_1_13' title="bbox 194 673 1031 715; baseline -0.019 -2"><span class='ocrx_word' id='word_1_94' title='bbox 194 684 259 714; x_wconf 89' lang='lat' dir='ltr'>licet</span> <span class='ocrx_word' id='word_1_95' title='bbox 296 679 413 715; x_wconf 83' lang='lat' dir='ltr'>Festum</span> <span class='ocrx_word' id='word_1_96' title='bbox 425 678 501 708; x_wconf 85' lang='lat' dir='ltr'>beati</span> <span class='ocrx_word' id='word_1_97' title='bbox 513 674 664 707; x_wconf 81' lang='lat' dir='ltr'>Michaelis</span> <span class='ocrx_word' id='word_1_98' title='bbox 679 673 811 711; x_wconf 86' lang='lat' dir='ltr'>proximo</span> <span class='ocrx_word' id='word_1_99' title='bbox 823 681 839 700; x_wconf 91' lang='lat' dir='ltr'>a</span> <span class='ocrx_word' id='word_1_100' title='bbox 860 678 1031 706; x_wconf 72' lang='lat' dir='ltr'>venturum,</span> 
     </span>
    </p>

    <p class='ocr_par' dir='ltr' id='par_1_12' title="bbox 195 702 1272 870">
     <span class='ocr_line' id='line_1_14' title="bbox 233 702 1269 751; baseline -0.017 0"><span class='ocrx_word' id='word_1_101' title='bbox 233 704 305 750; x_wconf 85' lang='lat' dir='ltr'>N&#39;os</span> <span class='ocrx_word' id='word_1_102' title='bbox 319 716 503 749; x_wconf 82' lang='lat' dir='ltr'>Excellentiae</span> <span class='ocrx_word' id='word_1_103' title='bbox 518 713 619 745; x_wconf 74' lang='lat' dir='ltr'>vestrae</span> <span class='ocrx_word' id='word_1_104' title='bbox 641 720 770 751; x_wconf 83' lang='lat' dir='ltr'>treugam</span> <span class='ocrx_word' id='word_1_105' title='bbox 789 707 961 746; x_wconf 89' lang='lat' dir='ltr'>renovandi,</span> <span class='ocrx_word' id='word_1_106' title='bbox 976 706 1022 737; x_wconf 90' lang='lat' dir='ltr'>seu</span> <span class='ocrx_word' id='word_1_107' title='bbox 1041 702 1214 744; x_wconf 87' lang='lat' dir='ltr'>prorogandi</span> <span class='ocrx_word' id='word_1_108' title='bbox 1235 712 1269 733; x_wconf 89' lang='lat' dir='ltr'>u-</span> 
     </span>
     <span class='ocr_line' id='line_1_15' title="bbox 195 742 1272 796; baseline -0.018 -6"><span class='ocrx_word' id='word_1_109' title='bbox 195 761 338 796; x_wconf 83' lang='lat' dir='ltr'>trimque,</span> <span class='ocrx_word' id='word_1_110' title='bbox 353 765 412 787; x_wconf 87' lang='lat' dir='ltr'>tarn</span> <span class='ocrx_word' id='word_1_111' title='bbox 426 755 538 790; x_wconf 84' lang='lat' dir='ltr'>datam,</span> <span class='ocrx_word' id='word_1_112' title='bbox 555 751 659 782; x_wconf 88' lang='lat' dir='ltr'>scilicet</span> <span class='ocrx_word' id='word_1_113' title='bbox 675 749 763 788; x_wconf 65' lang='lat' dir='ltr'>qu‘am</span> <span class='ocrx_word' id='word_1_114' title='bbox 777 756 944 786; x_wconf 78' lang='lat' dir='ltr'>acceptam,</span> <span class='ocrx_word' id='word_1_115' title='bbox 962 745 1014 776; x_wconf 89' lang='lat' dir='ltr'>sub</span> <span class='ocrx_word' id='word_1_116' title='bbox 1038 742 1272 781; x_wconf 86' lang='lat' dir='ltr'>conditionibus,</span> 
     </span>
     <span class='ocr_line' id='line_1_16' title="bbox 195 781 1271 836; baseline -0.016 -8"><span class='ocrx_word' id='word_1_117' title='bbox 195 808 264 836; x_wconf 77' lang='lat' dir='ltr'>quas</span> <span class='ocrx_word' id='word_1_118' title='bbox 278 795 410 834; x_wconf 82' lang='lat' dir='ltr'>expedire</span> <span class='ocrx_word' id='word_1_119' title='bbox 422 792 545 825; x_wconf 84' lang='lat' dir='ltr'>videritis</span> <span class='ocrx_word' id='word_1_120' title='bbox 554 814 564 830; x_wconf 88' lang='lat'>‚</span> <span class='ocrx_word' id='word_1_121' title='bbox 581 789 744 830; x_wconf 86' lang='lat' dir='ltr'>generalem</span> <span class='ocrx_word' id='word_1_122' title='bbox 755 789 789 820; x_wconf 92' lang='lat'>&amp;</span> <span class='ocrx_word' id='word_1_123' title='bbox 803 787 940 824; x_wconf 81' lang='lat' dir='ltr'>liberam,</span> <span class='ocrx_word' id='word_1_124' title='bbox 959 792 1060 815; x_wconf 89' lang='lat' dir='ltr'>tenore</span> <span class='ocrx_word' id='word_1_125' title='bbox 1078 781 1271 822; x_wconf 82' lang='lat' dir='ltr'>praesentium,</span> 
     </span>
     <span class='ocr_line' id='line_1_17' title="bbox 195 830 599 870; baseline -0.025 -2"><span class='ocrx_word' id='word_1_126' title='bbox 195 836 406 869; x_wconf 80' lang='lat' dir='ltr'>committimus</span> <span class='ocrx_word' id='word_1_127' title='bbox 422 830 599 870; x_wconf 83' lang='lat' dir='ltr'>potestatem.</span> 
     </span>
    </p>

    <p class='ocr_par' dir='ltr' id='par_1_13' title="bbox 196 858 1273 945">
     <span class='ocr_line' id='line_1_18' title="bbox 233 858 1273 912; baseline -0.016 -7"><span class='ocrx_word' id='word_1_128' title='bbox 233 875 267 906; x_wconf 90' lang='lat' dir='ltr'>In</span> <span class='ocrx_word' id='word_1_129' title='bbox 282 874 361 912; x_wconf 90' lang='lat' dir='ltr'>cujus</span> <span class='ocrx_word' id='word_1_130' title='bbox 375 873 415 902; x_wconf 84' lang='lat' dir='ltr'>rei</span> <span class='ocrx_word' id='word_1_131' title='bbox 427 869 624 901; x_wconf 87' lang='lat' dir='ltr'>testimonium</span> <span class='ocrx_word' id='word_1_132' title='bbox 637 866 807 907; x_wconf 86' lang='lat' dir='ltr'>praesentem</span> <span class='ocrx_word' id='word_1_133' title='bbox 821 864 954 904; x_wconf 81' lang='lat' dir='ltr'>paginam</span> <span class='ocrx_word' id='word_1_134' title='bbox 967 861 1049 901; x_wconf 83' lang='lat' dir='ltr'>sigilli</span> <span class='ocrx_word' id='word_1_135' title='bbox 1069 859 1157 891; x_wconf 90' lang='lat' dir='ltr'>nostri</span> <span class='ocrx_word' id='word_1_136' title='bbox 1176 858 1273 890; x_wconf 90' lang='lat' dir='ltr'>muni-</span> 
     </span>
     <span class='ocr_line' id='line_1_19' title="bbox 196 908 565 945; baseline -0.022 0"><span class='ocrx_word' id='word_1_137' title='bbox 196 916 274 945; x_wconf 77' lang='lat' dir='ltr'>mine</span> <span class='ocrx_word' id='word_1_138' title='bbox 290 913 411 943; x_wconf 86' lang='lat' dir='ltr'>fecimus</span> <span class='ocrx_word' id='word_1_139' title='bbox 429 908 565 940; x_wconf 87' lang='lat' dir='ltr'>roborari.</span> 
     </span>
    </p>
   </div>
   <div class='ocr_carea' id='block_1_7' title="bbox 197 973 1275 1064">
    <p class='ocr_par' dir='ltr' id='par_1_14' title="bbox 197 973 1275 1064">
     <span class='ocr_line' id='line_1_20' title="bbox 235 973 1275 1028; baseline -0.015 -7"><span class='ocrx_word' id='word_1_140' title='bbox 235 990 303 1022; x_wconf 81' lang='lat' dir='ltr'>Dat.</span> <span class='ocrx_word' id='word_1_141' title='bbox 324 988 398 1028; x_wconf 86' lang='lat' dir='ltr'>apud</span> <span class='ocrx_word' id='word_1_142' title='bbox 412 986 534 1018; x_wconf 87' lang='lat' dir='ltr'>Oleron.</span> <span class='ocrx_word' id='word_1_143' title='bbox 551 985 654 1023; x_wconf 88' lang='lat' dir='ltr'>quinto</span> <span class='ocrx_word' id='word_1_144' title='bbox 671 982 738 1014; x_wconf 89' lang='lat' dir='ltr'>Kal.</span> <span class='ocrx_word' id='word_1_145' title='bbox 755 980 894 1022; x_wconf 85' lang='lat' dir='ltr'>Augusti,</span> <span class='ocrx_word' id='word_1_146' title='bbox 912 989 991 1011; x_wconf 89' lang='lat' dir='ltr'>anno</span> <span class='ocrx_word' id='word_1_147' title='bbox 1013 976 1141 1010; x_wconf 88' lang='lat' dir='ltr'>Domini</span> <span class='ocrx_word' id='word_1_148' title='bbox 1160 973 1275 1006; x_wconf 87' lang='lat' dir='ltr'>millesi-</span> 
     </span>
     <span class='ocr_line' id='line_1_21' title="bbox 197 1021 814 1064; baseline -0.018 -2"><span class='ocrx_word' id='word_1_149' title='bbox 197 1041 249 1062; x_wconf 92' lang='lat' dir='ltr'>mo</span> <span class='ocrx_word' id='word_1_150' title='bbox 262 1027 460 1060; x_wconf 85' lang='lat' dir='ltr'>ducentesimo</span> <span class='ocrx_word' id='word_1_151' title='bbox 473 1022 670 1064; x_wconf 60' lang='lat' dir='ltr'>octuagesimo</span> <span class='ocrx_word' id='word_1_152' title='bbox 684 1021 814 1060; x_wconf 88' lang='lat' dir='ltr'>septimo.</span> 
     </span>
    </p>
   </div>
   <div class='ocr_carea' id='block_1_8' title="bbox 196 1099 1242 1120">
    <p class='ocr_par' dir='ltr' id='par_1_15' title="bbox 196 1099 1242 1120">
     <span class='ocr_line' id='line_1_22' title="bbox 196 1099 1242 1120; baseline 0 3141"><span class='ocrx_word' id='word_1_153' title='bbox 196 1099 1242 1120; x_wconf 95' lang='lat' dir='ltr'> </span> 
     </span>
    </p>
   </div>
   <div class='ocr_carea' id='block_1_9' title="bbox 51 1155 1300 2548">
    <p class='ocr_par' dir='ltr' id='par_1_16' title="bbox 51 1155 1274 1264">
     <span class='ocr_line' id='line_1_23' title="bbox 51 1155 1274 1221; baseline -0.016 -14"><span class='ocrx_word' id='word_1_154' title='bbox 51 1185 68 1203; x_wconf 72' lang='grc' dir='ltr'><strong><em>ο</em></strong></span> <span class='ocrx_word' id='word_1_155' title='bbox 79 1186 186 1221; x_wconf 58' lang='lat'>1135„</span> <span class='ocrx_word' id='word_1_156' title='bbox 202 1169 229 1198; x_wconf 46' lang='grc' dir='ltr'>ἓ*</span> <span class='ocrx_word' id='word_1_157' title='bbox 249 1172 357 1204; x_wconf 75' lang='lat' dir='ltr'>Litera</span> <span class='ocrx_word' id='word_1_158' title='bbox 379 1169 468 1215; x_wconf 80' lang='lat' dir='ltr'>Regis</span> <span class='ocrx_word' id='word_1_159' title='bbox 486 1168 628 1212; x_wconf 79' lang='lat' dir='ltr'>Aragon.</span> <span class='ocrx_word' id='word_1_160' title='bbox 648 1163 684 1197; x_wconf 91' lang='lat' dir='ltr'>de</span> <span class='ocrx_word' id='word_1_161' title='bbox 694 1160 836 1210; x_wconf 74' lang='lat' dir='ltr'>potestate</span> <span class='ocrx_word' id='word_1_162' title='bbox 849 1188 858 1203; x_wconf 93' lang='lat'>,</span> <span class='ocrx_word' id='word_1_163' title='bbox 880 1163 955 1208; x_wconf 82' lang='lat' dir='ltr'>Regi</span> <span class='ocrx_word' id='word_1_164' title='bbox 976 1158 1096 1205; x_wconf 78' lang='lat' dir='ltr'>Angliae</span> <span class='ocrx_word' id='word_1_165' title='bbox 1111 1155 1274 1202; x_wconf 76' lang='lat' dir='ltr'>commiffit,</span> 
     </span>
     <span class='ocr_line' id='line_1_24' title="bbox 396 1211 1067 1264; baseline -0.013 -15"><span class='ocrx_word' id='word_1_166' title='bbox 396 1214 580 1264; x_wconf 77' lang='lat' dir='ltr'>prorogandi</span> <span class='ocrx_word' id='word_1_167' title='bbox 603 1224 724 1261; x_wconf 82' lang='lat' dir='ltr'>treugas</span> <span class='ocrx_word' id='word_1_168' title='bbox 745 1223 814 1245; x_wconf 87' lang='lat' dir='ltr'>cum</span> <span class='ocrx_word' id='word_1_169' title='bbox 831 1213 964 1244; x_wconf 75' lang='lat' dir='ltr'>Franciae</span> <span class='ocrx_word' id='word_1_170' title='bbox 981 1211 1067 1255; x_wconf 82' lang='lat' dir='ltr'>Rege.</span> 
     </span>
    </p>

    <p class='ocr_par' dir='ltr' id='par_1_17' title="bbox 51 1289 1280 1458">
     <span class='ocr_line' id='line_1_25' title="bbox 51 1289 1280 1368; baseline -0.018 -27"><span class='ocrx_word' id='word_1_171' title='bbox 51 1310 130 1340; x_wconf 72' lang='lat' dir='ltr'>Anu.</span> <span class='ocrx_word' id='word_1_172' title='bbox 145 1307 185 1339; x_wconf 92' lang='lat' dir='ltr'>D.</span> <span class='ocrx_word' id='word_1_173' title='bbox 204 1305 261 1368; x_wconf 86' lang='lat' dir='ltr'>E</span> <span class='ocrx_word' id='word_1_174' title='bbox 271 1304 382 1344; x_wconf 86' lang='lat' dir='ltr'>Gregio</span> <span class='ocrx_word' id='word_1_175' title='bbox 395 1302 522 1340; x_wconf 86' lang='lat' dir='ltr'>Principi</span> <span class='ocrx_word' id='word_1_176' title='bbox 537 1299 674 1331; x_wconf 90' lang='lat' dir='ltr'>Domino</span> <span class='ocrx_word' id='word_1_177' title='bbox 687 1295 852 1335; x_wconf 83' lang='lat' dir='ltr'>Edwardo‚</span> <span class='ocrx_word' id='word_1_178' title='bbox 869 1292 1045 1338; x_wconf 29' lang='lat' dir='ltr'>Deilgratifi,</span> <span class='ocrx_word' id='word_1_179' title='bbox 1063 1291 1141 1331; x_wconf 88' lang='lat' dir='ltr'>Regi</span> <span class='ocrx_word' id='word_1_180' title='bbox 1156 1289 1280 1334; x_wconf 68' lang='lat' dir='ltr'>Angli-ae,</span> 
     </span>
     <span class='ocr_line' id='line_1_26' title="bbox 73 1328 1279 1385; baseline -0.018 -6"><span class='ocrx_word' id='word_1_181' title='bbox 73 1350 160 1385; x_wconf 83' lang='lat'>1287.</span> <span class='ocrx_word' id='word_1_182' title='bbox 285 1343 418 1374; x_wconf 89' lang='lat' dir='ltr'>Domino</span> <span class='ocrx_word' id='word_1_183' title='bbox 438 1339 590 1371; x_wconf 79' lang='lat' dir='ltr'>Hiberniae</span> <span class='ocrx_word' id='word_1_184' title='bbox 626 1338 659 1369; x_wconf 90' lang='lat'>&amp;</span> <span class='ocrx_word' id='word_1_185' title='bbox 677 1336 762 1367; x_wconf 78' lang='lat' dir='ltr'>Duci</span> <span class='ocrx_word' id='word_1_186' title='bbox 786 1334 811 1365; x_wconf 87' lang='lat' dir='ltr'><strong>A</strong></span> <span class='ocrx_word' id='word_1_187' title='bbox 835 1335 984 1371; x_wconf 77' lang='lat' dir='ltr'>uitanmae,</span> <span class='ocrx_word' id='word_1_188' title='bbox 1002 1330 1150 1369; x_wconf 80' lang='lat' dir='ltr'>Alfonsus,</span> <span class='ocrx_word' id='word_1_189' title='bbox 1176 1328 1279 1359; x_wconf 88' lang='lat' dir='ltr'>eadem</span> 
     </span>
     <span class='ocr_line' id='line_1_27' title="bbox 51 1362 1280 1423; baseline -0.016 -6"><span class='ocrx_word' id='word_1_190' title='bbox 51 1393 108 1417; x_wconf 73' lang='lat' dir='ltr'>An.</span> <span class='ocrx_word' id='word_1_191' title='bbox 128 1398 136 1415; x_wconf 88' lang='lat' dir='ltr'>i</span> <span class='ocrx_word' id='word_1_192' title='bbox 142 1396 169 1423; x_wconf 90' lang='lat'>5.</span> <span class='ocrx_word' id='word_1_193' title='bbox 203 1382 305 1422; x_wconf 69' lang='lat' dir='ltr'>gratia,</span> <span class='ocrx_word' id='word_1_194' title='bbox 325 1381 391 1412; x_wconf 75' lang='lat' dir='ltr'>Rex</span> <span class='ocrx_word' id='word_1_195' title='bbox 405 1378 576 1421; x_wconf 77' lang='lat' dir='ltr'>Aragoniae‚</span> <span class='ocrx_word' id='word_1_196' title='bbox 596 1362 749 1419; x_wconf 73' lang='lat' dir='ltr'>Ma&#39;oricae</span> <span class='ocrx_word' id='word_1_197' title='bbox 762 1375 796 1406; x_wconf 91' lang='lat'>&amp;</span> <span class='ocrx_word' id='word_1_198' title='bbox 808 1373 826 1404; x_wconf 58' lang='lat' dir='ltr'>K</span> <span class='ocrx_word' id='word_1_199' title='bbox 839 1373 964 1410; x_wconf 76' lang='lat' dir='ltr'>alentioe,</span> <span class='ocrx_word' id='word_1_200' title='bbox 981 1380 1015 1402; x_wconf 88' lang='lat' dir='ltr'>ac</span> <span class='ocrx_word' id='word_1_201' title='bbox 1031 1369 1143 1400; x_wconf 86' lang='lat' dir='ltr'>Comes</span> <span class='ocrx_word' id='word_1_202' title='bbox 1165 1367 1280 1399; x_wconf 81' lang='lat' dir='ltr'>Barchi-</span> 
     </span>
     <span class='ocr_line' id='line_1_28' title="bbox 52 1411 972 1458; baseline -0.015 -4"><span class='ocrx_word' id='word_1_203' title='bbox 52 1432 83 1455; x_wconf 69' lang='grc' dir='ltr'>Ε.</span> <span class='ocrx_word' id='word_1_204' title='bbox 107 1436 130 1454; x_wconf 83' lang='grc' dir='ltr'>ι.</span> <span class='ocrx_word' id='word_1_205' title='bbox 203 1422 317 1458; x_wconf 76' lang='lat' dir='ltr'>nonne,</span> <span class='ocrx_word' id='word_1_206' title='bbox 335 1419 453 1450; x_wconf 86' lang='lat' dir='ltr'>salutern</span> <span class='ocrx_word' id='word_1_207' title='bbox 466 1419 629 1449; x_wconf 75' lang='lat' dir='ltr'>&amp;sincerae</span> <span class='ocrx_word' id='word_1_208' title='bbox 663 1414 803 1445; x_wconf 71' lang='lat' dir='ltr'>ileffionis</span> <span class='ocrx_word' id='word_1_209' title='bbox 824 1411 972 1442; x_wconf 72' lang='lat' dir='ltr'>affe-Crum-</span> 
     </span>
    </p>

    <p class='ocr_par' dir='ltr' id='par_1_18' title="bbox 51 1443 1284 1614">
     <span class='ocr_line' id='line_1_29' title="bbox 52 1443 1283 1502; baseline -0.015 -9"><span class='ocrx_word' id='word_1_210' title='bbox 52 1470 83 1494; x_wconf 83' lang='lat' dir='ltr'>L.</span> <span class='ocrx_word' id='word_1_211' title='bbox 98 1469 118 1492; x_wconf 78' lang='grc' dir='ltr'><strong>Β</strong></span> <span class='ocrx_word' id='word_1_212' title='bbox 137 1464 164 1502; x_wconf 84' lang='lat' dir='ltr'>f.</span> <span class='ocrx_word' id='word_1_213' title='bbox 242 1459 322 1490; x_wconf 90' lang='lat' dir='ltr'>Cum</span> <span class='ocrx_word' id='word_1_214' title='bbox 342 1468 396 1489; x_wconf 89' lang='lat' dir='ltr'>nos</span> <span class='ocrx_word' id='word_1_215' title='bbox 438 1466 516 1487; x_wconf 77' lang='lat' dir='ltr'>anno</span> <span class='ocrx_word' id='word_1_216' title='bbox 534 1454 696 1494; x_wconf 81' lang='lat' dir='ltr'>praeterito,</span> <span class='ocrx_word' id='word_1_217' title='bbox 711 1450 815 1483; x_wconf 81' lang='lat' dir='ltr'>vestrae</span> <span class='ocrx_word' id='word_1_218' title='bbox 834 1450 925 1481; x_wconf 89' lang='lat' dir='ltr'>nobili</span> <span class='ocrx_word' id='word_1_219' title='bbox 946 1447 1148 1485; x_wconf 81' lang='lat' dir='ltr'>Excellentiae,</span> <span class='ocrx_word' id='word_1_220' title='bbox 1166 1455 1217 1487; x_wconf 86' lang='lat' dir='ltr'>per</span> <span class='ocrx_word' id='word_1_221' title='bbox 1238 1443 1283 1475; x_wconf 88' lang='lat' dir='ltr'>so-</span> 
     </span>
     <span class='ocr_line' id='line_1_30' title="bbox 58 1482 1283 1540; baseline -0.015 -9"><span class='ocrx_word' id='word_1_222' title='bbox 58 1513 120 1540; x_wconf 85' lang='lat'>¹33·</span> <span class='ocrx_word' id='word_1_223' title='bbox 136 1504 160 1530; x_wconf 87' lang='lat' dir='ltr'>b.</span> <span class='ocrx_word' id='word_1_224' title='bbox 204 1498 332 1536; x_wconf 86' lang='lat' dir='ltr'>lempnes</span> <span class='ocrx_word' id='word_1_225' title='bbox 347 1482 462 1527; x_wconf 54' lang='lat' dir='ltr'>nostros</span> <span class='ocrx_word' id='word_1_226' title='bbox 477 1495 679 1525; x_wconf 85' lang='lat' dir='ltr'>Procuratores</span> <span class='ocrx_word' id='word_1_227' title='bbox 691 1492 725 1523; x_wconf 89' lang='lat'>&amp;</span> <span class='ocrx_word' id='word_1_228' title='bbox 738 1490 893 1528; x_wconf 82' lang='lat' dir='ltr'>Nuncios,</span> <span class='ocrx_word' id='word_1_229' title='bbox 906 1487 1026 1518; x_wconf 87' lang='lat' dir='ltr'>Petrum</span> <span class='ocrx_word' id='word_1_230' title='bbox 1043 1486 1164 1517; x_wconf 85' lang='lat' dir='ltr'>Martini</span> <span class='ocrx_word' id='word_1_231' title='bbox 1178 1485 1214 1515; x_wconf 91' lang='lat' dir='ltr'>de</span> <span class='ocrx_word' id='word_1_232' title='bbox 1228 1483 1283 1514; x_wconf 89' lang='lat' dir='ltr'>Ar-</span> 
     </span>
     <span class='ocr_line' id='line_1_31' title="bbox 51 1525 1284 1580; baseline -0.015 -10"><span class='ocrx_word' id='word_1_233' title='bbox 51 1550 119 1580; x_wconf 71' lang='lat' dir='ltr'>penes</span> <span class='ocrx_word' id='word_1_234' title='bbox 129 1545 182 1569; x_wconf 79' lang='lat' dir='ltr'>Ca·</span> <span class='ocrx_word' id='word_1_235' title='bbox 204 1537 305 1568; x_wconf 86' lang='lat' dir='ltr'>cesona</span> <span class='ocrx_word' id='word_1_236' title='bbox 321 1535 468 1573; x_wconf 82' lang='lat' dir='ltr'>Militem,</span> <span class='ocrx_word' id='word_1_237' title='bbox 487 1532 699 1571; x_wconf 81' lang='lat' dir='ltr'>&amp;johannem</span> <span class='ocrx_word' id='word_1_238' title='bbox 714 1528 839 1568; x_wconf 87' lang='lat' dir='ltr'>Cabata,</span> <span class='ocrx_word' id='word_1_239' title='bbox 856 1528 1007 1558; x_wconf 81' lang='lat' dir='ltr'>fecerimus</span> <span class='ocrx_word' id='word_1_240' title='bbox 1020 1525 1105 1555; x_wconf 86' lang='lat' dir='ltr'>tribui</span> <span class='ocrx_word' id='word_1_241' title='bbox 1120 1525 1153 1556; x_wconf 75' lang='grc' dir='ltr'>δε</span> <span class='ocrx_word' id='word_1_242' title='bbox 1176 1531 1284 1553; x_wconf 88' lang='lat' dir='ltr'>conce-</span> 
     </span>
     <span class='ocr_line' id='line_1_32' title="bbox 53 1562 1283 1614; baseline -0.015 -5"><span class='ocrx_word' id='word_1_243' title='bbox 53 1589 147 1609; x_wconf 76' lang='lat' dir='ltr'>merar.</span> <span class='ocrx_word' id='word_1_244' title='bbox 204 1576 234 1606; x_wconf 92' lang='lat' dir='ltr'>di</span> <span class='ocrx_word' id='word_1_245' title='bbox 256 1575 409 1614; x_wconf 85' lang='lat' dir='ltr'>plenariam</span> <span class='ocrx_word' id='word_1_246' title='bbox 430 1571 619 1611; x_wconf 76' lang='lat' dir='ltr'>potestatem,</span> <span class='ocrx_word' id='word_1_247' title='bbox 646 1579 699 1607; x_wconf 88' lang='lat' dir='ltr'>pro</span> <span class='ocrx_word' id='word_1_248' title='bbox 719 1568 819 1606; x_wconf 82' lang='lat' dir='ltr'>nobis,</span> <span class='ocrx_word' id='word_1_249' title='bbox 840 1567 874 1598; x_wconf 75' lang='grc' dir='ltr'>δε</span> <span class='ocrx_word' id='word_1_250' title='bbox 898 1565 1009 1603; x_wconf 84' lang='lat' dir='ltr'>Regnis</span> <span class='ocrx_word' id='word_1_251' title='bbox 1030 1562 1149 1601; x_wconf 90' lang='lat' dir='ltr'>nostris,</span> <span class='ocrx_word' id='word_1_252' title='bbox 1167 1562 1283 1600; x_wconf 72' lang='lat' dir='ltr'>Terris,</span> 
     </span>
    </p>

    <p class='ocr_par' dir='ltr' id='par_1_19' title="bbox 207 1607 751 1653">
     <span class='ocr_line' id='line_1_33' title="bbox 207 1607 751 1653; baseline -0.015 -8"><span class='ocrx_word' id='word_1_253' title='bbox 207 1614 351 1645; x_wconf 80' lang='lat' dir='ltr'>Gentibus</span> <span class='ocrx_word' id='word_1_254' title='bbox 360 1636 370 1653; x_wconf 81' lang='lat'>,</span> <span class='ocrx_word' id='word_1_255' title='bbox 389 1611 563 1644; x_wconf 88' lang='lat' dir='ltr'>Valitoribus</span> <span class='ocrx_word' id='word_1_256' title='bbox 577 1611 610 1641; x_wconf 89' lang='lat'>&amp;</span> <span class='ocrx_word' id='word_1_257' title='bbox 624 1607 751 1639; x_wconf 81' lang='lat' dir='ltr'>Vassallis</span> 
     </span>
    </p>

    <p class='ocr_par' dir='ltr' id='par_1_20' title="bbox 206 1630 1287 1731">
     <span class='ocr_line' id='line_1_34' title="bbox 245 1630 1287 1694; baseline -0.015 -9"><span class='ocrx_word' id='word_1_258' title='bbox 245 1653 344 1684; x_wconf 90' lang='lat' dir='ltr'>Dandi</span> <span class='ocrx_word' id='word_1_259' title='bbox 358 1653 392 1684; x_wconf 89' lang='lat'>&amp;</span> <span class='ocrx_word' id='word_1_260' title='bbox 408 1649 590 1694; x_wconf 79' lang='lat' dir='ltr'>concedendi</span> <span class='ocrx_word' id='word_1_261' title='bbox 603 1648 668 1680; x_wconf 90' lang='lat' dir='ltr'>Tre</span> <span class='ocrx_word' id='word_1_262' title='bbox 683 1687 688 1691; x_wconf 20' lang='grc' dir='ltr'><strong>θ</strong></span> <span class='ocrx_word' id='word_1_263' title='bbox 707 1655 734 1676; x_wconf 87' lang='lat' dir='ltr'>as</span> <span class='ocrx_word' id='word_1_264' title='bbox 747 1630 851 1689; x_wconf 68' lang='lat' dir='ltr'>l&#39;nclito</span> <span class='ocrx_word' id='word_1_265' title='bbox 864 1642 941 1688; x_wconf 78' lang='lat' dir='ltr'>Regi</span> <span class='ocrx_word' id='word_1_266' title='bbox 954 1642 1151 1684; x_wconf 82' lang='lat' dir='ltr'>Francorum,</span> <span class='ocrx_word' id='word_1_267' title='bbox 1167 1649 1222 1679; x_wconf 86' lang='lat' dir='ltr'>pro</span> <span class='ocrx_word' id='word_1_268' title='bbox 1242 1638 1287 1678; x_wconf 81' lang='lat' dir='ltr'>se,</span> 
     </span>
     <span class='ocr_line' id='line_1_35' title="bbox 206 1678 1164 1731; baseline -0.017 -7"><span class='ocrx_word' id='word_1_269' title='bbox 206 1692 313 1731; x_wconf 84' lang='lat' dir='ltr'>suisque</span> <span class='ocrx_word' id='word_1_270' title='bbox 330 1691 458 1731; x_wconf 84' lang='lat' dir='ltr'>Regnis,</span> <span class='ocrx_word' id='word_1_271' title='bbox 474 1688 584 1727; x_wconf 89' lang='lat' dir='ltr'>suisque</span> <span class='ocrx_word' id='word_1_272' title='bbox 598 1686 690 1718; x_wconf 87' lang='lat' dir='ltr'>Genti</span> <span class='ocrx_word' id='word_1_273' title='bbox 713 1694 761 1723; x_wconf 91' lang='lat' dir='ltr'>us,</span> <span class='ocrx_word' id='word_1_274' title='bbox 779 1682 954 1715; x_wconf 89' lang='lat' dir='ltr'>Valitoribus</span> <span class='ocrx_word' id='word_1_275' title='bbox 967 1682 1001 1712; x_wconf 75' lang='grc' dir='ltr'>ὅτ.</span> <span class='ocrx_word' id='word_1_276' title='bbox 1018 1678 1164 1716; x_wconf 82' lang='lat' dir='ltr'>Vassallis,</span> 
     </span>
    </p>

    <p class='ocr_par' dir='ltr' id='par_1_21' title="bbox 207 1715 1292 1887">
     <span class='ocr_line' id='line_1_36' title="bbox 245 1715 1288 1766; baseline -0.016 -4"><span class='ocrx_word' id='word_1_277' title='bbox 245 1730 285 1762; x_wconf 88' lang='lat' dir='ltr'>Et</span> <span class='ocrx_word' id='word_1_278' title='bbox 305 1730 429 1761; x_wconf 83' lang='lat' dir='ltr'>similiter</span> <span class='ocrx_word' id='word_1_279' title='bbox 447 1726 603 1766; x_wconf 88' lang='lat' dir='ltr'>recipiendi</span> <span class='ocrx_word' id='word_1_280' title='bbox 622 1726 638 1756; x_wconf 74' lang='lat' dir='ltr'>a</span> <span class='ocrx_word' id='word_1_281' title='bbox 659 1724 739 1755; x_wconf 64' lang='lat' dir='ltr'>dieto</span> <span class='ocrx_word' id='word_1_282' title='bbox 762 1722 847 1762; x_wconf 87' lang='lat' dir='ltr'>Rege</span> <span class='ocrx_word' id='word_1_283' title='bbox 869 1721 1046 1752; x_wconf 85' lang='lat' dir='ltr'>Francorum</span> <span class='ocrx_word' id='word_1_284' title='bbox 1062 1742 1072 1757; x_wconf 91' lang='lat'>,</span> <span class='ocrx_word' id='word_1_285' title='bbox 1098 1717 1135 1748; x_wconf 92' lang='lat' dir='ltr'>de</span> <span class='ocrx_word' id='word_1_286' title='bbox 1152 1717 1196 1755; x_wconf 87' lang='lat' dir='ltr'>se,</span> <span class='ocrx_word' id='word_1_287' title='bbox 1222 1715 1288 1747; x_wconf 84' lang='lat' dir='ltr'>suis-</span> 
     </span>
     <span class='ocr_line' id='line_1_37' title="bbox 207 1754 1289 1809; baseline -0.017 -7"><span class='ocrx_word' id='word_1_288' title='bbox 207 1780 266 1809; x_wconf 81' lang='lat' dir='ltr'>que</span> <span class='ocrx_word' id='word_1_289' title='bbox 286 1770 397 1807; x_wconf 87' lang='lat' dir='ltr'>Regnis</span> <span class='ocrx_word' id='word_1_290' title='bbox 409 1793 419 1807; x_wconf 91' lang='lat'>,</span> <span class='ocrx_word' id='word_1_291' title='bbox 443 1768 541 1799; x_wconf 90' lang='lat' dir='ltr'>Terris</span> <span class='ocrx_word' id='word_1_292' title='bbox 563 1767 597 1797; x_wconf 68' lang='grc' dir='ltr'>ὃ(</span> <span class='ocrx_word' id='word_1_293' title='bbox 617 1764 763 1795; x_wconf 81' lang='lat' dir='ltr'>Gentibus</span> <span class='ocrx_word' id='word_1_294' title='bbox 777 1786 787 1801; x_wconf 93' lang='lat'>,</span> <span class='ocrx_word' id='word_1_295' title='bbox 813 1771 867 1799; x_wconf 91' lang='lat' dir='ltr'>pro</span> <span class='ocrx_word' id='word_1_296' title='bbox 890 1760 974 1790; x_wconf 89' lang='lat' dir='ltr'>nobis</span> <span class='ocrx_word' id='word_1_297' title='bbox 990 1781 1000 1797; x_wconf 90' lang='lat'>‚</span> <span class='ocrx_word' id='word_1_298' title='bbox 1013 1756 1186 1802; x_wconf 32' lang='lat' dir='ltr'>&#39;nostrisque</span> <span class='ocrx_word' id='word_1_299' title='bbox 1208 1754 1289 1794; x_wconf 83' lang='lat' dir='ltr'>Reg-</span> 
     </span>
     <span class='ocr_line' id='line_1_38' title="bbox 208 1793 1290 1848; baseline -0.016 -8"><span class='ocrx_word' id='word_1_300' title='bbox 208 1811 269 1848; x_wconf 80' lang='lat' dir='ltr'>nis,</span> <span class='ocrx_word' id='word_1_301' title='bbox 288 1808 431 1839; x_wconf 82' lang='lat' dir='ltr'>Gentibus</span> <span class='ocrx_word' id='word_1_302' title='bbox 449 1815 534 1845; x_wconf 87' lang='lat' dir='ltr'>atque</span> <span class='ocrx_word' id='word_1_303' title='bbox 553 1805 671 1842; x_wconf 85' lang='lat' dir='ltr'>Terris,</span> <span class='ocrx_word' id='word_1_304' title='bbox 697 1803 726 1832; x_wconf 90' lang='lat' dir='ltr'>in</span> <span class='ocrx_word' id='word_1_305' title='bbox 748 1801 842 1832; x_wconf 89' lang='lat' dir='ltr'>forma</span> <span class='ocrx_word' id='word_1_306' title='bbox 864 1808 930 1838; x_wconf 87' lang='lat' dir='ltr'>quae</span> <span class='ocrx_word' id='word_1_307' title='bbox 949 1798 1033 1828; x_wconf 92' lang='lat' dir='ltr'>vobis</span> <span class='ocrx_word' id='word_1_308' title='bbox 1050 1794 1191 1826; x_wconf 87' lang='lat' dir='ltr'>sufficiens</span> <span class='ocrx_word' id='word_1_309' title='bbox 1208 1793 1290 1824; x_wconf 91' lang='lat' dir='ltr'>vide-</span> 
     </span>
     <span class='ocr_line' id='line_1_39' title="bbox 209 1833 1292 1887; baseline -0.013 -8"><span class='ocrx_word' id='word_1_310' title='bbox 209 1857 302 1887; x_wconf 85' lang='lat' dir='ltr'>retur,</span> <span class='ocrx_word' id='word_1_311' title='bbox 319 1857 372 1886; x_wconf 90' lang='lat' dir='ltr'>pro</span> <span class='ocrx_word' id='word_1_312' title='bbox 393 1846 492 1877; x_wconf 84' lang='lat' dir='ltr'>Terris</span> <span class='ocrx_word' id='word_1_313' title='bbox 508 1854 593 1883; x_wconf 87' lang='lat' dir='ltr'>atque</span> <span class='ocrx_word' id='word_1_314' title='bbox 613 1841 762 1879; x_wconf 78' lang='lat' dir='ltr'>Personis,</span> <span class='ocrx_word' id='word_1_315' title='bbox 781 1849 849 1878; x_wconf 84' lang='lat' dir='ltr'>quas</span> <span class='ocrx_word' id='word_1_316' title='bbox 868 1838 1020 1878; x_wconf 85' lang='lat' dir='ltr'>negotium</span> <span class='ocrx_word' id='word_1_317' title='bbox 1044 1834 1157 1867; x_wconf 87' lang='lat' dir='ltr'>videtur</span> <span class='ocrx_word' id='word_1_318' title='bbox 1176 1833 1292 1865; x_wconf 83' lang='lat' dir='ltr'>contin-</span> 
     </span>
    </p>

    <p class='ocr_par' dir='ltr' id='par_1_22' title="bbox 232 1897 287 1917">
     <span class='ocr_line' id='line_1_40' title="bbox 232 1897 287 1917; baseline -0.018 0"><span class='ocrx_word' id='word_1_319' title='bbox 232 1897 287 1917; x_wconf 73' lang='lat' dir='ltr'><strong>ere.</strong></span> 
     </span>
    </p>

    <p class='ocr_par' dir='ltr' id='par_1_23' title="bbox 211 1897 1300 2548">
     <span class='ocr_line' id='line_1_41' title="bbox 211 1897 376 1964; baseline -0.012 -7"><span class='ocrx_word' id='word_1_320' title='bbox 211 1897 231 1928; x_wconf 73' lang='lat' dir='ltr'><strong>g</strong></span> <span class='ocrx_word' id='word_1_321' title='bbox 253 1925 290 1956; x_wconf 92' lang='lat' dir='ltr'>Et</span> <span class='ocrx_word' id='word_1_322' title='bbox 306 1935 376 1964; x_wconf 83' lang='lat' dir='ltr'>vos,</span> 
     </span>
     <span class='ocr_line' id='line_1_42' title="bbox 212 1950 1292 2000; baseline -0.015 -4"><span class='ocrx_word' id='word_1_323' title='bbox 212 1964 364 1996; x_wconf 86' lang='lat' dir='ltr'>Comitatu</span> <span class='ocrx_word' id='word_1_324' title='bbox 383 1963 589 2000; x_wconf 88' lang='lat' dir='ltr'>Barchinonae,</span> <span class='ocrx_word' id='word_1_325' title='bbox 606 1969 640 1990; x_wconf 88' lang='lat' dir='ltr'>ac</span> <span class='ocrx_word' id='word_1_326' title='bbox 663 1957 765 1989; x_wconf 85' lang='lat' dir='ltr'>Terris</span> <span class='ocrx_word' id='word_1_327' title='bbox 787 1955 862 1993; x_wconf 88' lang='lat' dir='ltr'>aliis,</span> <span class='ocrx_word' id='word_1_328' title='bbox 881 1965 949 1994; x_wconf 86' lang='lat' dir='ltr'>quas</span> <span class='ocrx_word' id='word_1_329' title='bbox 967 1962 1100 1991; x_wconf 87' lang='lat' dir='ltr'>tempore</span> <span class='ocrx_word' id='word_1_330' title='bbox 1122 1950 1228 1981; x_wconf 87' lang='lat' dir='ltr'>eodem</span> <span class='ocrx_word' id='word_1_331' title='bbox 1248 1959 1292 1981; x_wconf 45' lang='lat' dir='ltr'>tea</span> 
     </span>
     <span class='ocr_line' id='line_1_43' title="bbox 211 1988 1295 2042; baseline -0.016 -7"><span class='ocrx_word' id='word_1_332' title='bbox 211 2005 344 2042; x_wconf 84' lang='lat' dir='ltr'>nuimus,</span> <span class='ocrx_word' id='word_1_333' title='bbox 361 2002 508 2033; x_wconf 84' lang='lat' dir='ltr'>Gentibus</span> <span class='ocrx_word' id='word_1_334' title='bbox 522 2008 640 2039; x_wconf 87' lang='lat' dir='ltr'>quoque</span> <span class='ocrx_word' id='word_1_335' title='bbox 655 1998 689 2028; x_wconf 87' lang='lat'>&amp;</span> <span class='ocrx_word' id='word_1_336' title='bbox 705 1995 880 2026; x_wconf 86' lang='lat' dir='ltr'>Valitoribus</span> <span class='ocrx_word' id='word_1_337' title='bbox 895 1992 998 2024; x_wconf 83' lang='lat' dir='ltr'>nostris</span> <span class='ocrx_word' id='word_1_338' title='bbox 1024 1989 1192 2022; x_wconf 87' lang='lat' dir='ltr'>eorumdem</span> <span class='ocrx_word' id='word_1_339' title='bbox 1212 1988 1295 2028; x_wconf 87' lang='lat' dir='ltr'>Reg-</span> 
     </span>
     <span class='ocr_line' id='line_1_44' title="bbox 213 2027 1295 2116; baseline -0.014 -4"><span class='ocrx_word' id='word_1_340' title='bbox 213 2027 1295 2116; x_wconf 46' lang='lat' dir='ltr'>‘xi‘ssiffiibffffss‘iiiissiiisu‘ilffissmfflrhtffiespgissssssi‘mffaiTuffirffissf</span> 
     </span>
     <span class='ocr_line' id='line_1_45' title="bbox 236 2118 450 2150; baseline -0.009 0"><span class='ocrx_word' id='word_1_341' title='bbox 236 2130 271 2150; x_wconf 92' lang='lat' dir='ltr'>en</span> <span class='ocrx_word' id='word_1_342' title='bbox 349 2118 450 2149; x_wconf 87' lang='lat' dir='ltr'>Castra</span> 
     </span>
     <span class='ocr_line' id='line_1_46' title="bbox 214 2121 1298 2190; baseline -0.014 0"><span class='ocrx_word' id='word_1_343' title='bbox 214 2130 234 2152; x_wconf 74' lang='lat' dir='ltr'>n</span> <span class='ocrx_word' id='word_1_344' title='bbox 251 2121 334 2190; x_wconf 49' lang='grc' dir='ltr'>Ίξῐὲιζι</span> <span class='ocrx_word' id='word_1_345' title='bbox 355 2168 382 2188; x_wconf 85' lang='lat' dir='ltr'>as</span> <span class='ocrx_word' id='word_1_346' title='bbox 397 2142 527 2187; x_wconf 66' lang='lat' dir='ltr'>dederitis</span> <span class='ocrx_word' id='word_1_347' title='bbox 540 2153 587 2185; x_wconf 90' lang='lat' dir='ltr'>seu</span> <span class='ocrx_word' id='word_1_348' title='bbox 600 2151 725 2184; x_wconf 84' lang='lat' dir='ltr'>concedi</span> <span class='ocrx_word' id='word_1_349' title='bbox 739 2150 862 2181; x_wconf 85' lang='lat' dir='ltr'>feceritis</span> <span class='ocrx_word' id='word_1_350' title='bbox 874 2147 982 2180; x_wconf 89' lang='lat' dir='ltr'>Inclito</span> <span class='ocrx_word' id='word_1_351' title='bbox 997 2146 1075 2187; x_wconf 88' lang='lat' dir='ltr'>Regi</span> <span class='ocrx_word' id='word_1_352' title='bbox 1100 2145 1298 2184; x_wconf 82' lang='lat' dir='ltr'>Francorum,</span> 
     </span>
     <span class='ocr_line' id='line_1_47' title="bbox 215 2184 1297 2236; baseline -0.014 -7"><span class='ocrx_word' id='word_1_353' title='bbox 215 2208 270 2236; x_wconf 88' lang='lat' dir='ltr'>pro</span> <span class='ocrx_word' id='word_1_354' title='bbox 283 2197 327 2236; x_wconf 91' lang='lat' dir='ltr'>se,</span> <span class='ocrx_word' id='word_1_355' title='bbox 353 2196 448 2235; x_wconf 90' lang='lat' dir='ltr'>uisque</span> <span class='ocrx_word' id='word_1_356' title='bbox 461 2194 570 2234; x_wconf 86' lang='lat' dir='ltr'>Regnis</span> <span class='ocrx_word' id='word_1_357' title='bbox 583 2193 617 2224; x_wconf 89' lang='lat'>&amp;</span> <span class='ocrx_word' id='word_1_358' title='bbox 632 2191 749 2229; x_wconf 86' lang='lat' dir='ltr'>Terris,</span> <span class='ocrx_word' id='word_1_359' title='bbox 763 2199 830 2228; x_wconf 90' lang='lat' dir='ltr'>quas</span> <span class='ocrx_word' id='word_1_360' title='bbox 843 2197 912 2219; x_wconf 90' lang='lat' dir='ltr'>tunc</span> <span class='ocrx_word' id='word_1_361' title='bbox 927 2187 1057 2225; x_wconf 83' lang='lat' dir='ltr'>tenebat,</span> <span class='ocrx_word' id='word_1_362' title='bbox 1075 2184 1218 2216; x_wconf 84' lang='lat' dir='ltr'>Gentibus</span> <span class='ocrx_word' id='word_1_363' title='bbox 1233 2184 1297 2223; x_wconf 89' lang='lat' dir='ltr'>suis,</span> 
     </span>
     <span class='ocr_line' id='line_1_48' title="bbox 218 2224 1298 2267; baseline -0.015 1"><span class='ocrx_word' id='word_1_364' title='bbox 218 2236 393 2267; x_wconf 86' lang='lat' dir='ltr'>Valitoribus</span> <span class='ocrx_word' id='word_1_365' title='bbox 415 2234 449 2265; x_wconf 73' lang='grc' dir='ltr'>ὃ(</span> <span class='ocrx_word' id='word_1_366' title='bbox 469 2231 597 2263; x_wconf 83' lang='lat' dir='ltr'>Vaffauis</span> <span class='ocrx_word' id='word_1_367' title='bbox 619 2229 792 2261; x_wconf 89' lang='lat' dir='ltr'>eorumdem</span> <span class='ocrx_word' id='word_1_368' title='bbox 813 2227 988 2259; x_wconf 81' lang='lat' dir='ltr'>Reonorum</span> <span class='ocrx_word' id='word_1_369' title='bbox 1012 2234 1098 2263; x_wconf 88' lang='lat' dir='ltr'>atque</span> <span class='ocrx_word' id='word_1_370' title='bbox 1122 2224 1298 2263; x_wconf 80' lang='lat' dir='ltr'>Terrarum,</span> 
     </span>
     <span class='ocr_line' id='line_1_49' title="bbox 217 2251 1298 2307; baseline -0.015 0"><span class='ocrx_word' id='word_1_371' title='bbox 217 2277 270 2307; x_wconf 88' lang='lat' dir='ltr'>suis</span> <span class='ocrx_word' id='word_1_372' title='bbox 283 2276 367 2306; x_wconf 83' lang='lat' dir='ltr'>etiam</span> <span class='ocrx_word' id='word_1_373' title='bbox 384 2271 558 2303; x_wconf 85' lang='lat' dir='ltr'>Valitoribus</span> <span class='ocrx_word' id='word_1_374' title='bbox 573 2271 608 2301; x_wconf 90' lang='lat'>&amp;</span> <span class='ocrx_word' id='word_1_375' title='bbox 622 2268 750 2300; x_wconf 82' lang='lat' dir='ltr'>Vaffallis</span> <span class='ocrx_word' id='word_1_376' title='bbox 786 2267 814 2298; x_wconf 90' lang='lat' dir='ltr'>ui</span> <span class='ocrx_word' id='word_1_377' title='bbox 828 2251 1052 2302; x_wconf 51' lang='lat' dir='ltr'>in‘Roffilione,</span> <span class='ocrx_word' id='word_1_378' title='bbox 1070 2264 1104 2295; x_wconf 94' lang='lat'>&amp;</span> <span class='ocrx_word' id='word_1_379' title='bbox 1129 2261 1298 2302; x_wconf 68' lang='lat' dir='ltr'>catalonia,</span> 
     </span>
     <span class='ocr_line' id='line_1_50' title="bbox 218 2305 844 2348; baseline -0.016 -3"><span class='ocrx_word' id='word_1_380' title='bbox 218 2316 252 2348; x_wconf 73' lang='grc' dir='ltr'>δι</span> <span class='ocrx_word' id='word_1_381' title='bbox 269 2312 415 2344; x_wconf 67' lang='lat' dir='ltr'>Ceritania</span> <span class='ocrx_word' id='word_1_382' title='bbox 427 2311 533 2342; x_wconf 85' lang='lat' dir='ltr'>Terras</span> <span class='ocrx_word' id='word_1_383' title='bbox 549 2316 648 2340; x_wconf 89' lang='lat' dir='ltr'>tenent</span> <span class='ocrx_word' id='word_1_384' title='bbox 663 2316 710 2338; x_wconf 89' lang='lat' dir='ltr'>aut</span> <span class='ocrx_word' id='word_1_385' title='bbox 727 2305 771 2337; x_wconf 81' lang='lat' dir='ltr'>Ca</span> <span class='ocrx_word' id='word_1_386' title='bbox 801 2315 844 2335; x_wconf 92' lang='lat' dir='ltr'>ra·</span> 
     </span>
     <span class='ocr_line' id='line_1_51' title="bbox 234 2329 1296 2389; baseline -0.013 -6"><span class='ocrx_word' id='word_1_387' title='bbox 234 2366 236 2369; x_wconf 37' lang='lat' dir='ltr'>v</span> <span class='ocrx_word' id='word_1_388' title='bbox 258 2352 364 2383; x_wconf 87' lang='lat' dir='ltr'>Nobili</span> <span class='ocrx_word' id='word_1_389' title='bbox 377 2351 462 2381; x_wconf 89' lang='lat' dir='ltr'>etiam</span> <span class='ocrx_word' id='word_1_390' title='bbox 473 2349 538 2381; x_wconf 88' lang='lat' dir='ltr'>viro</span> <span class='ocrx_word' id='word_1_391' title='bbox 553 2346 691 2378; x_wconf 91' lang='lat' dir='ltr'>Domino</span> <span class='ocrx_word' id='word_1_392' title='bbox 700 2345 816 2389; x_wconf 84' lang='lat' dir='ltr'>Jacobo</span> <span class='ocrx_word' id='word_1_393' title='bbox 831 2329 938 2374; x_wconf 63' lang='lat' dir='ltr'>Ratruo</span> <span class='ocrx_word' id='word_1_394' title='bbox 961 2341 1078 2380; x_wconf 89' lang='lat' dir='ltr'>nostro,</span> <span class='ocrx_word' id='word_1_395' title='bbox 1095 2339 1194 2371; x_wconf 86' lang='lat' dir='ltr'>Terris</span> <span class='ocrx_word' id='word_1_396' title='bbox 1212 2341 1296 2370; x_wconf 89' lang='lat' dir='ltr'>etiam</span> 
     </span>
     <span class='ocr_line' id='line_1_52' title="bbox 219 2378 1298 2428; baseline -0.014 -5"><span class='ocrx_word' id='word_1_397' title='bbox 219 2392 271 2423; x_wconf 84' lang='lat' dir='ltr'>suis</span> <span class='ocrx_word' id='word_1_398' title='bbox 289 2393 323 2423; x_wconf 92' lang='lat'>&amp;</span> <span class='ocrx_word' id='word_1_399' title='bbox 344 2389 468 2428; x_wconf 85' lang='lat' dir='ltr'>Castris,</span> <span class='ocrx_word' id='word_1_400' title='bbox 487 2397 552 2426; x_wconf 79' lang='lat' dir='ltr'>quae</span> <span class='ocrx_word' id='word_1_401' title='bbox 573 2395 643 2417; x_wconf 89' lang='lat' dir='ltr'>tunc</span> <span class='ocrx_word' id='word_1_402' title='bbox 661 2384 802 2424; x_wconf 78' lang='lat' dir='ltr'>possedit,</span> <span class='ocrx_word' id='word_1_403' title='bbox 819 2382 927 2421; x_wconf 88' lang='lat' dir='ltr'>suisque</span> <span class='ocrx_word' id='word_1_404' title='bbox 942 2381 1104 2418; x_wconf 82' lang='lat' dir='ltr'>Gentibus,</span> <span class='ocrx_word' id='word_1_405' title='bbox 1123 2378 1298 2410; x_wconf 85' lang='lat' dir='ltr'>Valitoribus</span> 
     </span>
     <span class='ocr_line' id='line_1_53' title="bbox 218 2417 1298 2466; baseline -0.015 -3"><span class='ocrx_word' id='word_1_406' title='bbox 218 2433 253 2463; x_wconf 88' lang='lat'>&amp;</span> <span class='ocrx_word' id='word_1_407' title='bbox 274 2429 418 2466; x_wconf 80' lang='lat' dir='ltr'>Vassallis,</span> <span class='ocrx_word' id='word_1_408' title='bbox 444 2429 473 2457; x_wconf 93' lang='lat' dir='ltr'>in</span> <span class='ocrx_word' id='word_1_409' title='bbox 496 2425 592 2457; x_wconf 69' lang='lat' dir='ltr'>forma</span> <span class='ocrx_word' id='word_1_410' title='bbox 612 2424 707 2462; x_wconf 70' lang='lat' dir='ltr'>certa,</span> <span class='ocrx_word' id='word_1_411' title='bbox 734 2421 874 2460; x_wconf 87' lang='lat' dir='ltr'>certisque</span> <span class='ocrx_word' id='word_1_412' title='bbox 895 2419 1108 2451; x_wconf 86' lang='lat' dir='ltr'>conditionibus</span> <span class='ocrx_word' id='word_1_413' title='bbox 1122 2441 1132 2457; x_wconf 86' lang='lat'>,</span> <span class='ocrx_word' id='word_1_414' title='bbox 1161 2417 1194 2448; x_wconf 89' lang='lat'>&amp;</span> <span class='ocrx_word' id='word_1_415' title='bbox 1217 2426 1298 2448; x_wconf 88' lang='lat' dir='ltr'>certo</span> 
     </span>
     <span class='ocr_line' id='line_1_54' title="bbox 218 2457 1300 2508; baseline -0.015 -7"><span class='ocrx_word' id='word_1_416' title='bbox 218 2471 360 2508; x_wconf 82' lang='lat' dir='ltr'>termino,</span> <span class='ocrx_word' id='word_1_417' title='bbox 381 2476 446 2506; x_wconf 87' lang='lat' dir='ltr'>quae</span> <span class='ocrx_word' id='word_1_418' title='bbox 460 2467 490 2497; x_wconf 88' lang='lat' dir='ltr'>in</span> <span class='ocrx_word' id='word_1_419' title='bbox 504 2463 638 2504; x_wconf 69' lang='lat' dir='ltr'>scriptura</span> <span class='ocrx_word' id='word_1_420' title='bbox 649 2487 659 2503; x_wconf 91' lang='lat'>,</span> <span class='ocrx_word' id='word_1_421' title='bbox 679 2463 759 2501; x_wconf 87' lang='lat' dir='ltr'>super</span> <span class='ocrx_word' id='word_1_422' title='bbox 772 2461 832 2493; x_wconf 91' lang='lat' dir='ltr'>hoc</span> <span class='ocrx_word' id='word_1_423' title='bbox 847 2459 1001 2498; x_wconf 66' lang='lat' dir='ltr'>confecta,</span> <span class='ocrx_word' id='word_1_424' title='bbox 1020 2457 1131 2498; x_wconf 75' lang='lat' dir='ltr'>plenius</span> <span class='ocrx_word' id='word_1_425' title='bbox 1146 2457 1300 2487; x_wconf 87' lang='lat' dir='ltr'>continen-</span> 
     </span>
     <span class='ocr_line' id='line_1_55' title="bbox 217 2517 281 2548; baseline -0.031 -7"><span class='ocrx_word' id='word_1_426' title='bbox 217 2517 281 2548; x_wconf 64' lang='lat' dir='ltr'>tur,</span> 
     </span>
    </p>
   </div>
   <div class='ocr_carea' id='block_1_10' title="bbox 395 1910 1293 1962">
    <p class='ocr_par' dir='ltr' id='par_1_24' title="bbox 395 1910 1293 1962">
     <span class='ocr_line' id='line_1_56' title="bbox 395 1910 1293 1962; baseline -0.017 -7"><span class='ocrx_word' id='word_1_427' title='bbox 395 1923 459 1955; x_wconf 88' lang='lat' dir='ltr'>freti</span> <span class='ocrx_word' id='word_1_428' title='bbox 473 1918 636 1962; x_wconf 89' lang='lat' dir='ltr'>hujusmodi</span> <span class='ocrx_word' id='word_1_429' title='bbox 647 1917 804 1959; x_wconf 87' lang='lat' dir='ltr'>potestate,</span> <span class='ocrx_word' id='word_1_430' title='bbox 823 1915 860 1947; x_wconf 90' lang='lat' dir='ltr'>de</span> <span class='ocrx_word' id='word_1_431' title='bbox 872 1915 956 1947; x_wconf 90' lang='lat' dir='ltr'>nobis</span> <span class='ocrx_word' id='word_1_432' title='bbox 964 1939 975 1954; x_wconf 87' lang='lat'>,</span> <span class='ocrx_word' id='word_1_433' title='bbox 992 1911 1152 1952; x_wconf 84' lang='lat' dir='ltr'>nostrisque</span> <span class='ocrx_word' id='word_1_434' title='bbox 1163 1910 1275 1951; x_wconf 87' lang='lat' dir='ltr'>Regriis</span> <span class='ocrx_word' id='word_1_435' title='bbox 1283 1936 1293 1950; x_wconf 96' lang='lat'>,</span> 
     </span>
    </p>
   </div>
   <div class='ocr_carea' id='block_1_11' title="bbox 223 2573 1313 3659">
    <p class='ocr_par' dir='ltr' id='par_1_25' title="bbox 223 2573 1303 2814">
     <span class='ocr_line' id='line_1_57' title="bbox 262 2573 1302 2620; baseline -0.013 -3"><span class='ocrx_word' id='word_1_436' title='bbox 262 2584 373 2617; x_wconf 89' lang='lat' dir='ltr'>Eadem</span> <span class='ocrx_word' id='word_1_437' title='bbox 401 2585 487 2615; x_wconf 83' lang='lat' dir='ltr'>etiam</span> <span class='ocrx_word' id='word_1_438' title='bbox 515 2580 656 2620; x_wconf 87' lang='lat' dir='ltr'>potestate</span> <span class='ocrx_word' id='word_1_439' title='bbox 674 2579 782 2611; x_wconf 87' lang='lat' dir='ltr'>suffulti</span> <span class='ocrx_word' id='word_1_440' title='bbox 803 2576 1016 2616; x_wconf 85' lang='lat' dir='ltr'>acceptaveritis</span> <span class='ocrx_word' id='word_1_441' title='bbox 1031 2598 1041 2614; x_wconf 93' lang='lat'>,</span> <span class='ocrx_word' id='word_1_442' title='bbox 1070 2573 1117 2605; x_wconf 71' lang='lat' dir='ltr'>seu</span> <span class='ocrx_word' id='word_1_443' title='bbox 1138 2574 1302 2611; x_wconf 85' lang='lat' dir='ltr'>acceperitis</span> 
     </span>
     <span class='ocr_line' id='line_1_58' title="bbox 224 2613 1300 2664; baseline -0.014 -8"><span class='ocrx_word' id='word_1_444' title='bbox 224 2625 353 2664; x_wconf 85' lang='lat' dir='ltr'>Treugas</span> <span class='ocrx_word' id='word_1_445' title='bbox 368 2624 383 2653; x_wconf 72' lang='lat' dir='ltr'>a</span> <span class='ocrx_word' id='word_1_446' title='bbox 397 2623 478 2654; x_wconf 64' lang='lat' dir='ltr'>dicto</span> <span class='ocrx_word' id='word_1_447' title='bbox 492 2620 576 2660; x_wconf 82' lang='lat' dir='ltr'>Rege</span> <span class='ocrx_word' id='word_1_448' title='bbox 591 2619 737 2657; x_wconf 74' lang='lat' dir='ltr'>Franciae,</span> <span class='ocrx_word' id='word_1_449' title='bbox 755 2617 793 2648; x_wconf 85' lang='lat' dir='ltr'>dc</span> <span class='ocrx_word' id='word_1_450' title='bbox 807 2619 851 2655; x_wconf 90' lang='lat' dir='ltr'>se,</span> <span class='ocrx_word' id='word_1_451' title='bbox 873 2616 980 2654; x_wconf 86' lang='lat' dir='ltr'>suisque</span> <span class='ocrx_word' id='word_1_452' title='bbox 1001 2614 1110 2653; x_wconf 80' lang='lat' dir='ltr'>Regnis</span> <span class='ocrx_word' id='word_1_453' title='bbox 1129 2613 1164 2644; x_wconf 88' lang='lat'>&amp;</span> <span class='ocrx_word' id='word_1_454' title='bbox 1184 2613 1300 2651; x_wconf 88' lang='lat' dir='ltr'>Terris,</span> 
     </span>
     <span class='ocr_line' id='line_1_59' title="bbox 227 2650 1302 2702; baseline -0.014 -8"><span class='ocrx_word' id='word_1_455' title='bbox 227 2674 295 2702; x_wconf 84' lang='lat' dir='ltr'>quas</span> <span class='ocrx_word' id='word_1_456' title='bbox 308 2672 376 2693; x_wconf 91' lang='lat' dir='ltr'>tunc</span> <span class='ocrx_word' id='word_1_457' title='bbox 391 2661 528 2699; x_wconf 85' lang='lat' dir='ltr'>temporis</span> <span class='ocrx_word' id='word_1_458' title='bbox 547 2660 656 2697; x_wconf 81' lang='lat' dir='ltr'>tenuit,</span> <span class='ocrx_word' id='word_1_459' title='bbox 674 2657 782 2695; x_wconf 85' lang='lat' dir='ltr'>suisque</span> <span class='ocrx_word' id='word_1_460' title='bbox 804 2656 967 2693; x_wconf 87' lang='lat' dir='ltr'>Gentibus,</span> <span class='ocrx_word' id='word_1_461' title='bbox 985 2652 1160 2683; x_wconf 88' lang='lat' dir='ltr'>Valitoribus</span> <span class='ocrx_word' id='word_1_462' title='bbox 1175 2650 1210 2681; x_wconf 89' lang='lat'>&amp;</span> <span class='ocrx_word' id='word_1_463' title='bbox 1230 2650 1302 2680; x_wconf 85' lang='lat' dir='ltr'>Vas-</span> 
     </span>
     <span class='ocr_line' id='line_1_60' title="bbox 223 2688 1302 2739; baseline -0.016 -5"><span class='ocrx_word' id='word_1_464' title='bbox 223 2703 293 2734; x_wconf 84' lang='lat' dir='ltr'>sallis</span> <span class='ocrx_word' id='word_1_465' title='bbox 316 2700 485 2732; x_wconf 88' lang='lat' dir='ltr'>eorumdem</span> <span class='ocrx_word' id='word_1_466' title='bbox 505 2698 678 2739; x_wconf 86' lang='lat' dir='ltr'>Regnorum</span> <span class='ocrx_word' id='word_1_467' title='bbox 699 2705 785 2734; x_wconf 87' lang='lat' dir='ltr'>atque</span> <span class='ocrx_word' id='word_1_468' title='bbox 804 2695 979 2730; x_wconf 80' lang='lat' dir='ltr'>Terrarum,</span> <span class='ocrx_word' id='word_1_469' title='bbox 996 2692 1048 2722; x_wconf 87' lang='lat' dir='ltr'>suis</span> <span class='ocrx_word' id='word_1_470' title='bbox 1069 2691 1155 2720; x_wconf 87' lang='lat' dir='ltr'>etiam</span> <span class='ocrx_word' id='word_1_471' title='bbox 1167 2688 1302 2719; x_wconf 90' lang='lat' dir='ltr'>Valitori-</span> 
     </span>
     <span class='ocr_line' id='line_1_61' title="bbox 229 2726 1303 2777; baseline -0.014 -5"><span class='ocrx_word' id='word_1_472' title='bbox 229 2744 281 2773; x_wconf 88' lang='lat' dir='ltr'>bus</span> <span class='ocrx_word' id='word_1_473' title='bbox 295 2741 329 2772; x_wconf 88' lang='lat'>&amp;</span> <span class='ocrx_word' id='word_1_474' title='bbox 345 2739 488 2776; x_wconf 72' lang='lat' dir='ltr'>vassallis,</span> <span class='ocrx_word' id='word_1_475' title='bbox 507 2737 596 2777; x_wconf 88' lang='lat' dir='ltr'>quiin</span> <span class='ocrx_word' id='word_1_476' title='bbox 609 2734 791 2773; x_wconf 80' lang='lat' dir='ltr'>Rossilione,</span> <span class='ocrx_word' id='word_1_477' title='bbox 809 2730 972 2770; x_wconf 64' lang='lat' dir='ltr'>Ceritanffi,</span> <span class='ocrx_word' id='word_1_478' title='bbox 987 2731 1021 2762; x_wconf 89' lang='lat'>&amp;</span> <span class='ocrx_word' id='word_1_479' title='bbox 1035 2726 1181 2760; x_wconf 64' lang='lat' dir='ltr'>Catilonifi</span> <span class='ocrx_word' id='word_1_480' title='bbox 1198 2727 1303 2758; x_wconf 85' lang='lat' dir='ltr'>Terras</span> 
     </span>
     <span class='ocr_line' id='line_1_62' title="bbox 226 2777 500 2814; baseline -0.011 -3"><span class='ocrx_word' id='word_1_481' title='bbox 226 2788 324 2812; x_wconf 90' lang='lat' dir='ltr'>tenent</span> <span class='ocrx_word' id='word_1_482' title='bbox 337 2779 370 2810; x_wconf 90' lang='lat'>&amp;</span> <span class='ocrx_word' id='word_1_483' title='bbox 385 2777 500 2814; x_wconf 83' lang='lat' dir='ltr'>Castra;</span> 
     </span>
    </p>

    <p class='ocr_par' dir='ltr' id='par_1_26' title="bbox 226 2804 1307 2931">
     <span class='ocr_line' id='line_1_63' title="bbox 264 2804 1303 2854; baseline -0.013 -6"><span class='ocrx_word' id='word_1_484' title='bbox 264 2817 302 2850; x_wconf 86' lang='lat' dir='ltr'>Et</span> <span class='ocrx_word' id='word_1_485' title='bbox 316 2819 402 2849; x_wconf 87' lang='lat' dir='ltr'>etiam</span> <span class='ocrx_word' id='word_1_486' title='bbox 415 2818 431 2847; x_wconf 78' lang='lat' dir='ltr'>a</span> <span class='ocrx_word' id='word_1_487' title='bbox 445 2814 534 2847; x_wconf 87' lang='lat' dir='ltr'>nobili</span> <span class='ocrx_word' id='word_1_488' title='bbox 550 2815 614 2845; x_wconf 89' lang='lat' dir='ltr'>viro</span> <span class='ocrx_word' id='word_1_489' title='bbox 623 2836 633 2852; x_wconf 90' lang='lat'>,</span> <span class='ocrx_word' id='word_1_490' title='bbox 651 2811 788 2844; x_wconf 87' lang='lat' dir='ltr'>Domino</span> <span class='ocrx_word' id='word_1_491' title='bbox 797 2809 913 2854; x_wconf 89' lang='lat' dir='ltr'>Jacobo</span> <span class='ocrx_word' id='word_1_492' title='bbox 922 2833 932 2847; x_wconf 89' lang='lat'>,</span> <span class='ocrx_word' id='word_1_493' title='bbox 948 2807 1054 2838; x_wconf 87' lang='lat' dir='ltr'>Patruo</span> <span class='ocrx_word' id='word_1_494' title='bbox 1068 2804 1186 2844; x_wconf 86' lang='lat' dir='ltr'>nostro,</span> <span class='ocrx_word' id='word_1_495' title='bbox 1202 2804 1303 2835; x_wconf 83' lang='lat' dir='ltr'>Terris</span> 
     </span>
     <span class='ocr_line' id='line_1_64' title="bbox 226 2843 1307 2892; baseline -0.014 -4"><span class='ocrx_word' id='word_1_496' title='bbox 226 2858 311 2889; x_wconf 83' lang='lat' dir='ltr'>etiam</span> <span class='ocrx_word' id='word_1_497' title='bbox 323 2857 375 2888; x_wconf 88' lang='lat' dir='ltr'>suis</span> <span class='ocrx_word' id='word_1_498' title='bbox 390 2856 424 2887; x_wconf 90' lang='lat'>&amp;</span> <span class='ocrx_word' id='word_1_499' title='bbox 437 2854 560 2892; x_wconf 83' lang='lat' dir='ltr'>Castris,</span> <span class='ocrx_word' id='word_1_500' title='bbox 578 2861 643 2892; x_wconf 81' lang='lat' dir='ltr'>quae</span> <span class='ocrx_word' id='word_1_501' title='bbox 654 2860 723 2883; x_wconf 88' lang='lat' dir='ltr'>tunc</span> <span class='ocrx_word' id='word_1_502' title='bbox 738 2849 875 2889; x_wconf 79' lang='lat' dir='ltr'>possedit,</span> <span class='ocrx_word' id='word_1_503' title='bbox 892 2847 1000 2886; x_wconf 87' lang='lat' dir='ltr'>suisque</span> <span class='ocrx_word' id='word_1_504' title='bbox 1016 2844 1180 2883; x_wconf 77' lang='lat' dir='ltr'>Gentibus,</span> <span class='ocrx_word' id='word_1_505' title='bbox 1196 2843 1307 2875; x_wconf 89' lang='lat' dir='ltr'>Valito-</span> 
     </span>
     <span class='ocr_line' id='line_1_65' title="bbox 231 2893 509 2931; baseline -0.018 -3"><span class='ocrx_word' id='word_1_506' title='bbox 231 2896 307 2928; x_wconf 76' lang='lat' dir='ltr'>ribus</span> <span class='ocrx_word' id='word_1_507' title='bbox 321 2897 354 2927; x_wconf 70' lang='grc' dir='ltr'>ὃς</span> <span class='ocrx_word' id='word_1_508' title='bbox 366 2893 509 2931; x_wconf 85' lang='lat' dir='ltr'>Vassallis,</span> 
     </span>
    </p>

    <p class='ocr_par' dir='ltr' id='par_1_27' title="bbox 231 2921 1306 3120">
     <span class='ocr_line' id='line_1_66' title="bbox 270 2921 1304 2972; baseline -0.015 -7"><span class='ocrx_word' id='word_1_509' title='bbox 270 2934 329 2965; x_wconf 89' lang='lat' dir='ltr'>Pro</span> <span class='ocrx_word' id='word_1_510' title='bbox 340 2934 438 2972; x_wconf 86' lang='lat' dir='ltr'>nobis,</span> <span class='ocrx_word' id='word_1_511' title='bbox 457 2930 614 2969; x_wconf 80' lang='lat' dir='ltr'>nostrisque</span> <span class='ocrx_word' id='word_1_512' title='bbox 627 2928 754 2969; x_wconf 85' lang='lat' dir='ltr'>Regnis,</span> <span class='ocrx_word' id='word_1_513' title='bbox 773 2926 924 2958; x_wconf 85' lang='lat' dir='ltr'>Comitatu</span> <span class='ocrx_word' id='word_1_514' title='bbox 939 2923 1153 2960; x_wconf 85' lang='lat' dir='ltr'>Barchinoniae‚</span> <span class='ocrx_word' id='word_1_515' title='bbox 1169 2931 1203 2952; x_wconf 89' lang='lat' dir='ltr'>ac</span> <span class='ocrx_word' id='word_1_516' title='bbox 1226 2921 1304 2952; x_wconf 90' lang='lat' dir='ltr'>Ter-</span> 
     </span>
     <span class='ocr_line' id='line_1_67' title="bbox 231 2960 1306 3011; baseline -0.013 -8"><span class='ocrx_word' id='word_1_517' title='bbox 231 2974 269 3004; x_wconf 81' lang='lat' dir='ltr'>ris</span> <span class='ocrx_word' id='word_1_518' title='bbox 279 2973 336 3003; x_wconf 88' lang='lat' dir='ltr'>aliis</span> <span class='ocrx_word' id='word_1_519' title='bbox 349 2982 416 3011; x_wconf 88' lang='lat' dir='ltr'>quas</span> <span class='ocrx_word' id='word_1_520' title='bbox 430 2981 500 3002; x_wconf 90' lang='lat' dir='ltr'>tunc</span> <span class='ocrx_word' id='word_1_521' title='bbox 513 2971 672 3006; x_wconf 82' lang='lat' dir='ltr'>tenuimus,</span> <span class='ocrx_word' id='word_1_522' title='bbox 690 2966 836 2998; x_wconf 89' lang='lat' dir='ltr'>Gentibus</span> <span class='ocrx_word' id='word_1_523' title='bbox 851 2973 967 3004; x_wconf 90' lang='lat' dir='ltr'>quoque</span> <span class='ocrx_word' id='word_1_524' title='bbox 990 2963 1023 2994; x_wconf 93' lang='lat'>&amp;</span> <span class='ocrx_word' id='word_1_525' title='bbox 1043 2960 1216 2992; x_wconf 78' lang='lat' dir='ltr'>Valitoribus</span> <span class='ocrx_word' id='word_1_526' title='bbox 1237 2970 1306 2990; x_wconf 91' lang='lat' dir='ltr'>nos-</span> 
     </span>
     <span class='ocr_line' id='line_1_68' title="bbox 234 2998 1305 3052; baseline -0.013 -10"><span class='ocrx_word' id='word_1_527' title='bbox 234 3013 283 3043; x_wconf 79' lang='lat' dir='ltr'>tris</span> <span class='ocrx_word' id='word_1_528' title='bbox 305 3010 475 3041; x_wconf 90' lang='lat' dir='ltr'>eorumdem</span> <span class='ocrx_word' id='word_1_529' title='bbox 495 3009 687 3052; x_wconf 83' lang='lat' dir='ltr'>Regnorum,</span> <span class='ocrx_word' id='word_1_530' title='bbox 705 3003 872 3036; x_wconf 72' lang='lat' dir='ltr'>Comitatus</span> <span class='ocrx_word' id='word_1_531' title='bbox 891 3012 974 3041; x_wconf 82' lang='lat' dir='ltr'>arque</span> <span class='ocrx_word' id='word_1_532' title='bbox 993 3002 1168 3032; x_wconf 87' lang='lat' dir='ltr'>Terrarum·</span> <span class='ocrx_word' id='word_1_533' title='bbox 1190 2999 1224 3031; x_wconf 90' lang='lat'>&amp;</span> <span class='ocrx_word' id='word_1_534' title='bbox 1242 2998 1305 3037; x_wconf 86' lang='lat' dir='ltr'>spe-</span> 
     </span>
     <span class='ocr_line' id='line_1_69' title="bbox 234 3023 1306 3081; baseline -0.009 -1"><span class='ocrx_word' id='word_1_535' title='bbox 234 3049 340 3081; x_wconf 84' lang='lat' dir='ltr'>cialiter</span> <span class='ocrx_word' id='word_1_536' title='bbox 354 3049 391 3079; x_wconf 91' lang='lat' dir='ltr'>de</span> <span class='ocrx_word' id='word_1_537' title='bbox 407 3049 457 3078; x_wconf 92' lang='lat' dir='ltr'>illis</span> <span class='ocrx_word' id='word_1_538' title='bbox 472 3047 575 3078; x_wconf 87' lang='lat' dir='ltr'>nostris</span> <span class='ocrx_word' id='word_1_539' title='bbox 588 3045 762 3076; x_wconf 86' lang='lat' dir='ltr'>Valitotibus</span> <span class='ocrx_word' id='word_1_540' title='bbox 777 3044 810 3075; x_wconf 88' lang='lat'>&amp;</span> <span class='ocrx_word' id='word_1_541' title='bbox 823 3041 967 3080; x_wconf 82' lang='lat' dir='ltr'>Vaffallis,</span> <span class='ocrx_word' id='word_1_542' title='bbox 983 3041 1032 3080; x_wconf 90' lang='lat' dir='ltr'>qui</span> <span class='ocrx_word' id='word_1_543' title='bbox 1043 3041 1073 3072; x_wconf 84' lang='lat' dir='ltr'>in</span> <span class='ocrx_word' id='word_1_544' title='bbox 1089 3023 1250 3069; x_wconf 67' lang='lat' dir='ltr'>Rossilione</span> <span class='ocrx_word' id='word_1_545' title='bbox 1270 3038 1306 3070; x_wconf 85' lang='lat'>&amp;</span> 
     </span>
     <span class='ocr_line' id='line_1_70' title="bbox 235 3082 799 3120; baseline -0.014 0"><span class='ocrx_word' id='word_1_546' title='bbox 235 3088 381 3120; x_wconf 70' lang='lat' dir='ltr'>Ceritania</span> <span class='ocrx_word' id='word_1_547' title='bbox 393 3087 497 3118; x_wconf 88' lang='lat' dir='ltr'>Terras</span> <span class='ocrx_word' id='word_1_548' title='bbox 509 3093 609 3117; x_wconf 86' lang='lat' dir='ltr'>tenent</span> <span class='ocrx_word' id='word_1_549' title='bbox 623 3093 670 3115; x_wconf 90' lang='lat' dir='ltr'>aut</span> <span class='ocrx_word' id='word_1_550' title='bbox 683 3082 799 3120; x_wconf 79' lang='lat' dir='ltr'>Castra,</span> 
     </span>
    </p>

    <p class='ocr_par' dir='ltr' id='par_1_28' title="bbox 237 3115 1309 3244">
     <span class='ocr_line' id='line_1_71' title="bbox 272 3115 1308 3167; baseline -0.014 -8"><span class='ocrx_word' id='word_1_551' title='bbox 272 3129 351 3167; x_wconf 81' lang='lat' dir='ltr'>Qiae</span> <span class='ocrx_word' id='word_1_552' title='bbox 367 3127 510 3166; x_wconf 70' lang='lat' dir='ltr'>Treugae,</span> <span class='ocrx_word' id='word_1_553' title='bbox 530 3123 616 3162; x_wconf 83' lang='lat' dir='ltr'>usque</span> <span class='ocrx_word' id='word_1_554' title='bbox 635 3123 671 3152; x_wconf 84' lang='lat' dir='ltr'>ad</span> <span class='ocrx_word' id='word_1_555' title='bbox 691 3123 847 3152; x_wconf 89' lang='lat' dir='ltr'>terminum</span> <span class='ocrx_word' id='word_1_556' title='bbox 867 3120 941 3150; x_wconf 89' lang='lat' dir='ltr'>beati</span> <span class='ocrx_word' id='word_1_557' title='bbox 964 3115 1114 3149; x_wconf 86' lang='lat' dir='ltr'>Michaelis</span> <span class='ocrx_word' id='word_1_558' title='bbox 1139 3116 1308 3154; x_wconf 88' lang='lat' dir='ltr'>proximum</span> 
     </span>
     <span class='ocr_line' id='line_1_72' title="bbox 237 3155 1309 3200; baseline -0.013 -2"><span class='ocrx_word' id='word_1_559' title='bbox 237 3176 391 3197; x_wconf 82' lang='lat' dir='ltr'>venturum</span> <span class='ocrx_word' id='word_1_560' title='bbox 405 3165 561 3200; x_wconf 80' lang='lat' dir='ltr'>duraturae,</span> <span class='ocrx_word' id='word_1_561' title='bbox 578 3162 780 3200; x_wconf 87' lang='lat' dir='ltr'>terminentur,</span> <span class='ocrx_word' id='word_1_562' title='bbox 796 3167 881 3198; x_wconf 88' lang='lat' dir='ltr'>prout</span> <span class='ocrx_word' id='word_1_563' title='bbox 896 3160 925 3189; x_wconf 90' lang='lat' dir='ltr'>in</span> <span class='ocrx_word' id='word_1_564' title='bbox 938 3156 1048 3195; x_wconf 78' lang='lat' dir='ltr'>littera,</span> <span class='ocrx_word' id='word_1_565' title='bbox 1065 3156 1146 3197; x_wconf 89' lang='lat' dir='ltr'>super</span> <span class='ocrx_word' id='word_1_566' title='bbox 1161 3155 1220 3185; x_wconf 90' lang='lat' dir='ltr'>hoc</span> <span class='ocrx_word' id='word_1_567' title='bbox 1235 3163 1309 3185; x_wconf 87' lang='lat' dir='ltr'>con-</span> 
     </span>
     <span class='ocr_line' id='line_1_73' title="bbox 237 3202 646 3244; baseline -0.017 -8"><span class='ocrx_word' id='word_1_568' title='bbox 237 3205 313 3237; x_wconf 61' lang='lat' dir='ltr'>fecia</span> <span class='ocrx_word' id='word_1_569' title='bbox 321 3228 331 3244; x_wconf 91' lang='lat'>,</span> <span class='ocrx_word' id='word_1_570' title='bbox 350 3203 457 3243; x_wconf 76' lang='lat' dir='ltr'>plenius</span> <span class='ocrx_word' id='word_1_571' title='bbox 469 3202 646 3234; x_wconf 86' lang='lat' dir='ltr'>continetur:</span> 
     </span>
    </p>

    <p class='ocr_par' dir='ltr' id='par_1_29' title="bbox 240 3231 1309 3352">
     <span class='ocr_line' id='line_1_74' title="bbox 277 3231 1308 3279; baseline -0.013 -5"><span class='ocrx_word' id='word_1_572' title='bbox 277 3244 347 3274; x_wconf 90' lang='lat' dir='ltr'>Nos</span> <span class='ocrx_word' id='word_1_573' title='bbox 361 3242 481 3274; x_wconf 82' lang='lat' dir='ltr'>eandem</span> <span class='ocrx_word' id='word_1_574' title='bbox 493 3241 640 3279; x_wconf 86' lang='lat' dir='ltr'>Treugam</span> <span class='ocrx_word' id='word_1_575' title='bbox 651 3262 660 3276; x_wconf 89' lang='lat'>,</span> <span class='ocrx_word' id='word_1_576' title='bbox 677 3246 735 3269; x_wconf 89' lang='lat' dir='ltr'>tam</span> <span class='ocrx_word' id='word_1_577' title='bbox 749 3247 799 3275; x_wconf 90' lang='lat' dir='ltr'>per</span> <span class='ocrx_word' id='word_1_578' title='bbox 811 3246 863 3267; x_wconf 90' lang='lat' dir='ltr'>nos</span> <span class='ocrx_word' id='word_1_579' title='bbox 877 3234 1043 3267; x_wconf 73' lang='lat' dir='ltr'>concessam</span> <span class='ocrx_word' id='word_1_580' title='bbox 1080 3242 1135 3272; x_wconf 85' lang='lat' dir='ltr'>pro</span> <span class='ocrx_word' id='word_1_581' title='bbox 1148 3232 1232 3262; x_wconf 88' lang='lat' dir='ltr'>nobis</span> <span class='ocrx_word' id='word_1_582' title='bbox 1263 3231 1308 3262; x_wconf 89' lang='lat' dir='ltr'>in-</span> 
     </span>
     <span class='ocr_line' id='line_1_75' title="bbox 240 3255 1309 3352; baseline -0.014 -37"><span class='ocrx_word' id='word_1_583' title='bbox 240 3284 308 3352; x_wconf 46' lang='lat' dir='ltr'>{ino</span> <span class='ocrx_word' id='word_1_584' title='bbox 332 3282 406 3326; x_wconf 80' lang='lat' dir='ltr'>Regi</span> <span class='ocrx_word' id='word_1_585' title='bbox 425 3281 566 3318; x_wconf 79' lang='lat' dir='ltr'>Franciae,</span> <span class='ocrx_word' id='word_1_586' title='bbox 596 3278 683 3316; x_wconf 79' lang='lat' dir='ltr'>quam</span> <span class='ocrx_word' id='word_1_587' title='bbox 700 3285 848 3314; x_wconf 85' lang='lat' dir='ltr'>acceptam</span> <span class='ocrx_word' id='word_1_588' title='bbox 867 3285 918 3314; x_wconf 89' lang='lat' dir='ltr'>per</span> <span class='ocrx_word' id='word_1_589' title='bbox 937 3284 1009 3313; x_wconf 91' lang='lat' dir='ltr'>nos,</span> <span class='ocrx_word' id='word_1_590' title='bbox 1034 3257 1071 3304; x_wconf 72' lang='lat' dir='ltr'>ab</span> <span class='ocrx_word' id='word_1_591' title='bbox 1092 3270 1198 3303; x_wconf 89' lang='lat' dir='ltr'>eodem</span> <span class='ocrx_word' id='word_1_592' title='bbox 1223 3255 1309 3310; x_wconf 73' lang='lat' dir='ltr'>Rege</span> 
     </span>
    </p>

    <p class='ocr_par' dir='ltr' id='par_1_30' title="bbox 256 3332 368 3352">
     <span class='ocr_line' id='line_1_76' title="bbox 256 3332 368 3352; baseline -0.009 0"><span class='ocrx_word' id='word_1_593' title='bbox 256 3332 368 3352; x_wconf 64' lang='lat' dir='ltr'>‘l‘fflCl&#39;lC</span> 
     </span>
    </p>

    <p class='ocr_par' dir='ltr' id='par_1_31' title="bbox 243 3344 1312 3514">
     <span class='ocr_line' id='line_1_77' title="bbox 279 3344 1312 3391; baseline -0.013 0"><span class='ocrx_word' id='word_1_594' title='bbox 279 3344 384 3390; x_wconf 77' lang='lat' dir='ltr'>Nobis’</span> <span class='ocrx_word' id='word_1_595' title='bbox 392 3359 438 3390; x_wconf 87' lang='lat' dir='ltr'>seu</span> <span class='ocrx_word' id='word_1_596' title='bbox 449 3358 483 3389; x_wconf 91' lang='lat' dir='ltr'>ad</span> <span class='ocrx_word' id='word_1_597' title='bbox 499 3368 519 3388; x_wconf 96' lang='lat' dir='ltr'>o</span> <span class='ocrx_word' id='word_1_598' title='bbox 540 3366 570 3387; x_wconf 91' lang='lat' dir='ltr'>us</span> <span class='ocrx_word' id='word_1_599' title='bbox 585 3353 718 3386; x_wconf 90' lang='lat' dir='ltr'>nostrum</span> <span class='ocrx_word' id='word_1_600' title='bbox 732 3352 886 3384; x_wconf 86' lang='lat' dir='ltr'>renovandi</span> <span class='ocrx_word' id='word_1_601' title='bbox 901 3352 947 3383; x_wconf 88' lang='lat' dir='ltr'>seu</span> <span class='ocrx_word' id='word_1_602' title='bbox 969 3348 1160 3391; x_wconf 86' lang='lat' dir='ltr'>prorogandi,</span> <span class='ocrx_word' id='word_1_603' title='bbox 1178 3348 1228 3379; x_wconf 90' lang='lat' dir='ltr'>sub</span> <span class='ocrx_word' id='word_1_604' title='bbox 1250 3347 1312 3379; x_wconf 86' lang='lat' dir='ltr'>for-</span> 
     </span>
     <span class='ocr_line' id='line_1_78' title="bbox 243 3389 1311 3431; baseline -0.012 -1"><span class='ocrx_word' id='word_1_605' title='bbox 243 3399 291 3429; x_wconf 64' lang='lat' dir='ltr'>ma</span> <span class='ocrx_word' id='word_1_606' title='bbox 309 3398 410 3429; x_wconf 68' lang='lat' dir='ltr'>eadem</span> <span class='ocrx_word' id='word_1_607' title='bbox 433 3399 468 3429; x_wconf 86' lang='lat'>&amp;</span> <span class='ocrx_word' id='word_1_608' title='bbox 489 3398 512 3427; x_wconf 79' lang='lat' dir='ltr'>e‘</span> <span class='ocrx_word' id='word_1_609' title='bbox 526 3396 593 3426; x_wconf 89' lang='lat' dir='ltr'>dem</span> <span class='ocrx_word' id='word_1_610' title='bbox 612 3393 840 3431; x_wconf 83' lang='lat' dir='ltr'>conditionibus,</span> <span class='ocrx_word' id='word_1_611' title='bbox 865 3391 914 3422; x_wconf 86' lang='lat' dir='ltr'>sub</span> <span class='ocrx_word' id='word_1_612' title='bbox 937 3391 994 3430; x_wconf 76' lang='lat' dir='ltr'>qua</span> <span class='ocrx_word' id='word_1_613' title='bbox 1010 3413 1020 3430; x_wconf 85' lang='lat'>,</span> <span class='ocrx_word' id='word_1_614' title='bbox 1043 3390 1090 3421; x_wconf 91' lang='lat' dir='ltr'>seu</span> <span class='ocrx_word' id='word_1_615' title='bbox 1114 3389 1215 3427; x_wconf 90' lang='lat' dir='ltr'>quibus</span> <span class='ocrx_word' id='word_1_616' title='bbox 1233 3389 1311 3426; x_wconf 86' lang='lat' dir='ltr'>prior</span> 
     </span>
     <span class='ocr_line' id='line_1_79' title="bbox 244 3427 1312 3477; baseline -0.011 -8"><span class='ocrx_word' id='word_1_617' title='bbox 244 3438 357 3477; x_wconf 64' lang='lat' dir='ltr'>‘treuga</span> <span class='ocrx_word' id='word_1_618' title='bbox 370 3447 419 3475; x_wconf 87' lang='lat' dir='ltr'>per</span> <span class='ocrx_word' id='word_1_619' title='bbox 434 3446 486 3468; x_wconf 92' lang='lat' dir='ltr'>vos</span> <span class='ocrx_word' id='word_1_620' title='bbox 500 3435 563 3465; x_wconf 83' lang='lat' dir='ltr'>data</span> <span class='ocrx_word' id='word_1_621' title='bbox 576 3434 682 3471; x_wconf 76' lang='lat' dir='ltr'>fuerat,</span> <span class='ocrx_word' id='word_1_622' title='bbox 700 3432 745 3462; x_wconf 91' lang='lat' dir='ltr'>vel</span> <span class='ocrx_word' id='word_1_623' title='bbox 760 3439 892 3469; x_wconf 75' lang='lat' dir='ltr'>accepta,</span> <span class='ocrx_word' id='word_1_624' title='bbox 907 3430 953 3461; x_wconf 89' lang='lat' dir='ltr'>seu</span> <span class='ocrx_word' id='word_1_625' title='bbox 968 3430 1054 3460; x_wconf 91' lang='lat' dir='ltr'>etiam</span> <span class='ocrx_word' id='word_1_626' title='bbox 1077 3427 1128 3459; x_wconf 85' lang='lat' dir='ltr'>sub</span> <span class='ocrx_word' id='word_1_627' title='bbox 1149 3427 1206 3457; x_wconf 87' lang='lat' dir='ltr'>aliis</span> <span class='ocrx_word' id='word_1_628' title='bbox 1227 3427 1312 3458; x_wconf 88' lang='lat' dir='ltr'>novis</span> 
     </span>
     <span class='ocr_line' id='line_1_80' title="bbox 244 3470 800 3514; baseline -0.011 -8"><span class='ocrx_word' id='word_1_629' title='bbox 244 3475 452 3506; x_wconf 77' lang='lat' dir='ltr'>conditionibus</span> <span class='ocrx_word' id='word_1_630' title='bbox 461 3499 471 3514; x_wconf 93' lang='lat'>,</span> <span class='ocrx_word' id='word_1_631' title='bbox 487 3474 507 3504; x_wconf 82' lang='lat' dir='ltr'>si</span> <span class='ocrx_word' id='word_1_632' title='bbox 519 3473 641 3505; x_wconf 87' lang='lat' dir='ltr'>videritis</span> <span class='ocrx_word' id='word_1_633' title='bbox 653 3470 783 3508; x_wconf 85' lang='lat' dir='ltr'>expedire</span> <span class='ocrx_word' id='word_1_634' title='bbox 791 3494 800 3507; x_wconf 91' lang='lat'>,</span> 
     </span>
    </p>

    <p class='ocr_par' dir='ltr' id='par_1_32' title="bbox 248 3503 1313 3590">
     <span class='ocr_line' id='line_1_81' title="bbox 284 3503 1313 3553; baseline -0.009 -11"><span class='ocrx_word' id='word_1_635' title='bbox 284 3513 457 3553; x_wconf 65' lang='lat' dir='ltr'>specialem,</span> <span class='ocrx_word' id='word_1_636' title='bbox 474 3513 521 3544; x_wconf 85' lang='lat' dir='ltr'>seu</span> <span class='ocrx_word' id='word_1_637' title='bbox 541 3509 718 3553; x_wconf 84' lang='lat' dir='ltr'>generalem,</span> <span class='ocrx_word' id='word_1_638' title='bbox 736 3510 769 3540; x_wconf 88' lang='lat'>&amp;</span> <span class='ocrx_word' id='word_1_639' title='bbox 792 3508 910 3538; x_wconf 88' lang='lat' dir='ltr'>liberam</span> <span class='ocrx_word' id='word_1_640' title='bbox 929 3505 1113 3538; x_wconf 84' lang='lat' dir='ltr'>Excellentiae</span> <span class='ocrx_word' id='word_1_641' title='bbox 1133 3503 1252 3543; x_wconf 83' lang='lat' dir='ltr'>vestrae,</span> <span class='ocrx_word' id='word_1_642' title='bbox 1270 3510 1313 3534; x_wconf 87' lang='lat' dir='ltr'>te-</span> 
     </span>
     <span class='ocr_line' id='line_1_82' title="bbox 248 3546 946 3590; baseline -0.006 -10"><span class='ocrx_word' id='word_1_643' title='bbox 248 3561 318 3581; x_wconf 85' lang='lat' dir='ltr'>nore</span> <span class='ocrx_word' id='word_1_644' title='bbox 331 3553 508 3589; x_wconf 53' lang='lat' dir='ltr'>presentium</span> <span class='ocrx_word' id='word_1_645' title='bbox 516 3575 526 3590; x_wconf 88' lang='lat'>,</span> <span class='ocrx_word' id='word_1_646' title='bbox 544 3550 754 3581; x_wconf 89' lang='lat' dir='ltr'>committimus</span> <span class='ocrx_word' id='word_1_647' title='bbox 768 3546 946 3586; x_wconf 82' lang='lat' dir='ltr'>potestatem.</span> 
     </span>
    </p>

    <p class='ocr_par' dir='ltr' id='par_1_33' title="bbox 249 3580 1313 3659">
     <span class='ocr_line' id='line_1_83' title="bbox 269 3580 1313 3633; baseline -0.007 -15"><span class='ocrx_word' id='word_1_648' title='bbox 269 3627 275 3633; x_wconf 37' lang='grc'><em>.</em></span> <span class='ocrx_word' id='word_1_649' title='bbox 289 3589 321 3632; x_wconf 81' lang='lat' dir='ltr'>ln</span> <span class='ocrx_word' id='word_1_650' title='bbox 336 3592 410 3633; x_wconf 75' lang='lat' dir='ltr'>cnjus</span> <span class='ocrx_word' id='word_1_651' title='bbox 422 3593 461 3621; x_wconf 86' lang='lat' dir='ltr'>rei</span> <span class='ocrx_word' id='word_1_652' title='bbox 471 3590 670 3621; x_wconf 85' lang='lat' dir='ltr'>testimonium</span> <span class='ocrx_word' id='word_1_653' title='bbox 685 3587 850 3626; x_wconf 83' lang='lat' dir='ltr'>praesentem</span> <span class='ocrx_word' id='word_1_654' title='bbox 864 3586 993 3625; x_wconf 86' lang='lat' dir='ltr'>paginam</span> <span class='ocrx_word' id='word_1_655' title='bbox 1006 3583 1086 3624; x_wconf 87' lang='lat' dir='ltr'>sigilli</span> <span class='ocrx_word' id='word_1_656' title='bbox 1096 3580 1187 3612; x_wconf 91' lang='lat' dir='ltr'>nostri</span> <span class='ocrx_word' id='word_1_657' title='bbox 1209 3580 1313 3612; x_wconf 88' lang='lat' dir='ltr'>Patro-</span> 
     </span>
     <span class='ocr_line' id='line_1_84' title="bbox 249 3627 657 3659; baseline 0 -3"><span class='ocrx_word' id='word_1_658' title='bbox 249 3637 328 3657; x_wconf 81' lang='lat' dir='ltr'>cinit&gt;</span> <span class='ocrx_word' id='word_1_659' title='bbox 342 3633 458 3659; x_wconf 76' lang='lat' dir='ltr'>iCCimus</span> <span class='ocrx_word' id='word_1_660' title='bbox 473 3627 657 3659; x_wconf 81' lang='lat' dir='ltr'>communiri.</span> 
     </span>
    </p>
   </div>
   <div class='ocr_carea' id='block_1_12' title="bbox 251 3695 1314 3782">
    <p class='ocr_par' dir='ltr' id='par_1_34' title="bbox 251 3695 1314 3782">
     <span class='ocr_line' id='line_1_85' title="bbox 289 3695 1314 3747; baseline -0.007 -13"><span class='ocrx_word' id='word_1_661' title='bbox 289 3702 358 3733; x_wconf 79' lang='lat' dir='ltr'>Dat.</span> <span class='ocrx_word' id='word_1_662' title='bbox 373 3705 443 3741; x_wconf 84' lang='lat' dir='ltr'>apud</span> <span class='ocrx_word' id='word_1_663' title='bbox 460 3704 579 3747; x_wconf 70' lang='lat' dir='ltr'>Oleron.</span> <span class='ocrx_word' id='word_1_664' title='bbox 596 3705 699 3743; x_wconf 86' lang='lat' dir='ltr'>quinto</span> <span class='ocrx_word' id='word_1_665' title='bbox 711 3701 830 3733; x_wconf 80' lang='lat' dir='ltr'>Calend.</span> <span class='ocrx_word' id='word_1_666' title='bbox 851 3701 986 3742; x_wconf 84' lang='lat' dir='ltr'>Augusti,</span> <span class='ocrx_word' id='word_1_667' title='bbox 1004 3710 1081 3732; x_wconf 89' lang='lat' dir='ltr'>anno</span> <span class='ocrx_word' id='word_1_668' title='bbox 1095 3697 1219 3730; x_wconf 87' lang='lat' dir='ltr'>Domini</span> <span class='ocrx_word' id='word_1_669' title='bbox 1231 3695 1314 3727; x_wconf 86' lang='lat' dir='ltr'>mile-</span> 
     </span>
     <span class='ocr_line' id='line_1_86' title="bbox 251 3741 874 3782; baseline -0.002 -9"><span class='ocrx_word' id='word_1_670' title='bbox 251 3741 322 3773; x_wconf 90' lang='lat' dir='ltr'>simo</span> <span class='ocrx_word' id='word_1_671' title='bbox 336 3741 527 3775; x_wconf 78' lang='lat' dir='ltr'>ducentesimo</span> <span class='ocrx_word' id='word_1_672' title='bbox 538 3742 735 3782; x_wconf 59' lang='lat' dir='ltr'>octuagesimo</span> <span class='ocrx_word' id='word_1_673' title='bbox 746 3741 874 3782; x_wconf 86' lang='lat' dir='ltr'>septimo.</span> 
     </span>
    </p>
   </div>
   <div class='ocr_carea' id='block_1_13' title="bbox 634 78 1438 136">
    <p class='ocr_par' dir='ltr' id='par_1_35' title="bbox 634 78 1438 136">
     <span class='ocr_line' id='line_1_87' title="bbox 634 78 1438 136; baseline -0.014 0"><span class='ocrx_word' id='word_1_674' title='bbox 634 78 1438 136; x_wconf 80' lang='lat' dir='ltr'>CONVENTIONES‚</span> 
     </span>
    </p>
   </div>
   <div class='ocr_carea' id='block_1_14' title="bbox 1523 77 1925 134">
    <p class='ocr_par' dir='ltr' id='par_1_36' title="bbox 1523 77 1925 134">
     <span class='ocr_line' id='line_1_88' title="bbox 1523 77 1925 134; baseline 0.017 -16"><span class='ocrx_word' id='word_1_675' title='bbox 1523 77 1925 134; x_wconf 83' lang='lat' dir='ltr'>LITERAE,</span> 
     </span>
    </p>
   </div>
   <div class='ocr_carea' id='block_1_15' title="bbox 1306 257 2532 361">
    <p class='ocr_par' dir='ltr' id='par_1_37' title="bbox 1306 257 2532 361">
     <span class='ocr_line' id='line_1_89' title="bbox 1306 257 2532 311; baseline 0.003 -16"><span class='ocrx_word' id='word_1_676' title='bbox 1306 257 1334 285; x_wconf 53' lang='grc' dir='ltr'>*θ</span> <span class='ocrx_word' id='word_1_677' title='bbox 1359 263 1536 307; x_wconf 83' lang='lat' dir='ltr'>Prorogatio</span> <span class='ocrx_word' id='word_1_678' title='bbox 1560 263 1753 311; x_wconf 65' lang='lat' dir='ltr'>Ueugarum</span> <span class='ocrx_word' id='word_1_679' title='bbox 1779 268 1859 298; x_wconf 82' lang='lat' dir='ltr'>inter</span> <span class='ocrx_word' id='word_1_680' title='bbox 1884 266 2017 297; x_wconf 66' lang='lat' dir='ltr'>Francia</span> <span class='ocrx_word' id='word_1_681' title='bbox 2033 265 2071 302; x_wconf 49' lang='grc' dir='ltr'><em>ψ</em></span> <span class='ocrx_word' id='word_1_682' title='bbox 2090 265 2248 310; x_wconf 83' lang='lat' dir='ltr'>Aragoniae</span> <span class='ocrx_word' id='word_1_683' title='bbox 2263 265 2376 309; x_wconf 83' lang='lat' dir='ltr'>Reges,</span> <span class='ocrx_word' id='word_1_684' title='bbox 2396 269 2412 287; x_wconf 79' lang='lat'><em>*</em></span> <span class='ocrx_word' id='word_1_685' title='bbox 2423 270 2479 307; x_wconf 63' lang='lat'>113</span> <span class='ocrx_word' id='word_1_686' title='bbox 2484 277 2532 306; x_wconf 88' lang='lat'>52.</span> 
     </span>
     <span class='ocr_line' id='line_1_90' title="bbox 1677 313 2000 361; baseline 0 -15"><span class='ocrx_word' id='word_1_687' title='bbox 1677 323 1733 359; x_wconf 85' lang='lat' dir='ltr'>per</span> <span class='ocrx_word' id='word_1_688' title='bbox 1749 316 1859 361; x_wconf 87' lang='lat' dir='ltr'>Regem</span> <span class='ocrx_word' id='word_1_689' title='bbox 1875 313 2000 360; x_wconf 81' lang='lat' dir='ltr'>Angliae.</span> 
     </span>
    </p>
   </div>
   <div class='ocr_carea' id='block_1_16' title="bbox 1307 393 2539 1016">
    <p class='ocr_par' dir='ltr' id='par_1_38' title="bbox 1307 393 2522 456">
     <span class='ocr_line' id='line_1_91' title="bbox 1307 393 2522 456; baseline 0.003 -31"><span class='ocrx_word' id='word_1_690' title='bbox 1307 393 1516 456; x_wconf 78' lang='lat' dir='ltr'>UNiversis</span> <span class='ocrx_word' id='word_1_691' title='bbox 1532 395 1640 428; x_wconf 88' lang='lat' dir='ltr'>Christi</span> <span class='ocrx_word' id='word_1_692' title='bbox 1652 397 1797 437; x_wconf 89' lang='lat' dir='ltr'>fidelibus,</span> <span class='ocrx_word' id='word_1_693' title='bbox 1815 398 1850 429; x_wconf 86' lang='lat' dir='ltr'>ad</span> <span class='ocrx_word' id='word_1_694' title='bbox 1865 409 1936 437; x_wconf 89' lang='lat' dir='ltr'>quos</span> <span class='ocrx_word' id='word_1_695' title='bbox 1955 398 2056 429; x_wconf 80' lang='lat' dir='ltr'>litterae</span> <span class='ocrx_word' id='word_1_696' title='bbox 2074 397 2222 437; x_wconf 70' lang='lat' dir='ltr'>praesentes</span> <span class='ocrx_word' id='word_1_697' title='bbox 2242 407 2381 436; x_wconf 85' lang='lat' dir='ltr'>pervene—</span> <span class='ocrx_word' id='word_1_698' title='bbox 2401 401 2477 433; x_wconf 79' lang='lat' dir='ltr'>Ann,</span> <span class='ocrx_word' id='word_1_699' title='bbox 2489 403 2522 435; x_wconf 90' lang='lat' dir='ltr'><strong>D</strong></span> 
     </span>
    </p>

    <p class='ocr_par' dir='ltr' id='par_1_39' title="bbox 1330 423 2532 481">
     <span class='ocr_line' id='line_1_92' title="bbox 1330 423 2532 481; baseline 0.006 -18"><span class='ocrx_word' id='word_1_700' title='bbox 1330 472 1335 477; x_wconf 90' lang='lat'><em>.</em></span> <span class='ocrx_word' id='word_1_701' title='bbox 1399 442 1470 471; x_wconf 86' lang='lat' dir='ltr'>rint,</span> <span class='ocrx_word' id='word_1_702' title='bbox 1489 433 1665 481; x_wconf 57' lang='lat' dir='ltr'>Edwardus2</span> <span class='ocrx_word' id='word_1_703' title='bbox 1680 437 1739 468; x_wconf 90' lang='lat' dir='ltr'>Dei</span> <span class='ocrx_word' id='word_1_704' title='bbox 1752 438 1855 478; x_wconf 70' lang='lat' dir='ltr'>gratia,</span> <span class='ocrx_word' id='word_1_705' title='bbox 1874 438 1940 468; x_wconf 84' lang='lat' dir='ltr'>Rex</span> <span class='ocrx_word' id='word_1_706' title='bbox 1954 437 2083 477; x_wconf 87' lang='lat' dir='ltr'>Angliae,</span> <span class='ocrx_word' id='word_1_707' title='bbox 2100 436 2249 468; x_wconf 88' lang='lat' dir='ltr'>Dominus</span> <span class='ocrx_word' id='word_1_708' title='bbox 2272 437 2381 468; x_wconf 89' lang='lat' dir='ltr'>Hiber-</span> <span class='ocrx_word' id='word_1_709' title='bbox 2427 444 2504 479; x_wconf 90' lang='lat'>1287</span> <span class='ocrx_word' id='word_1_710' title='bbox 2523 423 2532 436; x_wconf 36' lang='grc' dir='ltr'><strong><em>ὁ</em></strong></span> 
     </span>
    </p>

    <p class='ocr_par' dir='ltr' id='par_1_40' title="bbox 1307 467 2514 556">
     <span class='ocr_line' id='line_1_93' title="bbox 1307 467 2513 518; baseline 0.007 -17"><span class='ocrx_word' id='word_1_711' title='bbox 1307 480 1379 509; x_wconf 76' lang='lat' dir='ltr'>niae,</span> <span class='ocrx_word' id='word_1_712' title='bbox 1397 473 1431 503; x_wconf 91' lang='lat'>&amp;</span> <span class='ocrx_word' id='word_1_713' title='bbox 1447 471 1518 503; x_wconf 89' lang='lat' dir='ltr'>Dux</span> <span class='ocrx_word' id='word_1_714' title='bbox 1533 473 1710 515; x_wconf 70' lang='lat' dir='ltr'>Aquitaniae,</span> <span class='ocrx_word' id='word_1_715' title='bbox 1727 476 1843 507; x_wconf 88' lang='lat' dir='ltr'>salutem</span> <span class='ocrx_word' id='word_1_716' title='bbox 1856 478 1885 507; x_wconf 90' lang='lat' dir='ltr'>in</span> <span class='ocrx_word' id='word_1_717' title='bbox 1899 476 2035 507; x_wconf 89' lang='lat' dir='ltr'>Domino</span> <span class='ocrx_word' id='word_1_718' title='bbox 2048 475 2256 513; x_wconf 89' lang='lat' dir='ltr'>sempiternam.</span> <span class='ocrx_word' id='word_1_719' title='bbox 2400 484 2452 510; x_wconf 81' lang='lat' dir='ltr'>An.</span> <span class='ocrx_word' id='word_1_720' title='bbox 2471 467 2513 518; x_wconf 65' lang='lat'>15⁴</span> 
     </span>
     <span class='ocr_line' id='line_1_94' title="bbox 1347 505 2514 556; baseline 0.007 -16"><span class='ocrx_word' id='word_1_721' title='bbox 1347 509 1428 540; x_wconf 90' lang='lat' dir='ltr'>Cum</span> <span class='ocrx_word' id='word_1_722' title='bbox 1448 521 1482 542; x_wconf 86' lang='lat' dir='ltr'>ex</span> <span class='ocrx_word' id='word_1_723' title='bbox 1494 511 1655 556; x_wconf 71' lang='lat' dir='ltr'>potestate,</span> <span class='ocrx_word' id='word_1_724' title='bbox 1673 515 1756 545; x_wconf 89' lang='lat' dir='ltr'>nobis</span> <span class='ocrx_word' id='word_1_725' title='bbox 1773 514 1945 553; x_wconf 88' lang='lat' dir='ltr'>jampridem</span> <span class='ocrx_word' id='word_1_726' title='bbox 1965 514 2064 545; x_wconf 71' lang='lat' dir='ltr'>tradita</span> <span class='ocrx_word' id='word_1_727' title='bbox 2086 524 2135 552; x_wconf 89' lang='lat' dir='ltr'>per</span> <span class='ocrx_word' id='word_1_728' title='bbox 2150 513 2317 546; x_wconf 89' lang='lat' dir='ltr'>Dominum</span> <span class='ocrx_word' id='word_1_729' title='bbox 2331 515 2382 546; x_wconf 88' lang='lat' dir='ltr'>Al·</span> <span class='ocrx_word' id='word_1_730' title='bbox 2402 524 2432 547; x_wconf 80' lang='grc' dir='ltr'>Ε.</span> <span class='ocrx_word' id='word_1_731' title='bbox 2454 529 2478 548; x_wconf 85' lang='lat' dir='ltr'>i.</span> <span class='ocrx_word' id='word_1_732' title='bbox 2509 505 2514 510; x_wconf 45' lang='lat'>¹</span> 
     </span>
    </p>

    <p class='ocr_par' dir='ltr' id='par_1_41' title="bbox 1308 548 2518 598">
     <span class='ocr_line' id='line_1_95' title="bbox 1308 548 2518 598; baseline 0.007 -20"><span class='ocrx_word' id='word_1_733' title='bbox 1308 548 1442 588; x_wconf 76' lang='lat' dir='ltr'>sonsum,</span> <span class='ocrx_word' id='word_1_734' title='bbox 1456 549 1552 594; x_wconf 33' lang='lat' dir='ltr'>*filium</span> <span class='ocrx_word' id='word_1_735' title='bbox 1567 552 1715 598; x_wconf 78' lang='lat' dir='ltr'>quondam</span> <span class='ocrx_word' id='word_1_736' title='bbox 1729 553 1804 584; x_wconf 87' lang='lat' dir='ltr'>Petri</span> <span class='ocrx_word' id='word_1_737' title='bbox 1819 553 1856 584; x_wconf 92' lang='lat' dir='ltr'>de</span> <span class='ocrx_word' id='word_1_738' title='bbox 1868 553 2027 593; x_wconf 67' lang='lat' dir='ltr'>Aragonia,</span> <span class='ocrx_word' id='word_1_739' title='bbox 2045 552 2189 583; x_wconf 75' lang='lat' dir='ltr'>karissimo</span> <span class='ocrx_word' id='word_1_740' title='bbox 2202 553 2337 584; x_wconf 91' lang='lat' dir='ltr'>Domino</span> <span class='ocrx_word' id='word_1_741' title='bbox 2349 555 2382 585; x_wconf 68' lang='grc' dir='ltr'>ὃς</span> <span class='ocrx_word' id='word_1_742' title='bbox 2401 563 2432 586; x_wconf 87' lang='lat' dir='ltr'>L.</span> <span class='ocrx_word' id='word_1_743' title='bbox 2451 562 2480 586; x_wconf 87' lang='lat' dir='ltr'>B.</span> <span class='ocrx_word' id='word_1_744' title='bbox 2490 558 2518 596; x_wconf 84' lang='lat' dir='ltr'>f.</span> 
     </span>
    </p>

    <p class='ocr_par' dir='ltr' id='par_1_42' title="bbox 1310 588 2514 675">
     <span class='ocr_line' id='line_1_96' title="bbox 1310 588 2514 656; baseline 0.007 -39"><span class='ocrx_word' id='word_1_745' title='bbox 1310 588 1643 656; x_wconf 45' lang='lat' dir='ltr'>{insanouineo-nostro</span> <span class='ocrx_word' id='word_1_746' title='bbox 1662 590 1814 636; x_wconf 81' lang='lat' dir='ltr'>Philippo,</span> <span class='ocrx_word' id='word_1_747' title='bbox 1832 591 1892 623; x_wconf 93' lang='lat' dir='ltr'>Dei</span> <span class='ocrx_word' id='word_1_748' title='bbox 1913 592 2018 631; x_wconf 71' lang='lat' dir='ltr'>gratia,</span> <span class='ocrx_word' id='word_1_749' title='bbox 2037 591 2115 631; x_wconf 86' lang='lat' dir='ltr'>Regi</span> <span class='ocrx_word' id='word_1_750' title='bbox 2129 591 2256 621; x_wconf 82' lang='lat' dir='ltr'>Franciae</span> <span class='ocrx_word' id='word_1_751' title='bbox 2269 591 2385 630; x_wconf 87' lang='lat' dir='ltr'>illustri,</span> <span class='ocrx_word' id='word_1_752' title='bbox 2408 606 2470 634; x_wconf 85' lang='lat'>¹34·</span> <span class='ocrx_word' id='word_1_753' title='bbox 2486 608 2514 625; x_wconf 79' lang='lat' dir='ltr'>a.</span> 
     </span>
     <span class='ocr_line' id='line_1_97' title="bbox 1369 627 2476 675; baseline 0.005 -18"><span class='ocrx_word' id='word_1_754' title='bbox 1369 667 1374 672; x_wconf 24' lang='grc' dir='ltr'><em>η</em></span> <span class='ocrx_word' id='word_1_755' title='bbox 1419 637 1476 671; x_wconf 76' lang='lat' dir='ltr'>que</span> <span class='ocrx_word' id='word_1_756' title='bbox 1493 627 1562 672; x_wconf 77' lang='lat' dir='ltr'>suis,</span> <span class='ocrx_word' id='word_1_757' title='bbox 1581 630 1616 661; x_wconf 92' lang='lat'>&amp;</span> <span class='ocrx_word' id='word_1_758' title='bbox 1637 629 1839 675; x_wconf 40' lang='lat' dir='ltr'>Terris,&#39;quas</span> <span class='ocrx_word' id='word_1_759' title='bbox 1860 630 1895 661; x_wconf 89' lang='lat' dir='ltr'>ad</span> <span class='ocrx_word' id='word_1_760' title='bbox 1914 631 2032 669; x_wconf 79' lang='lat' dir='ltr'>praesens</span> <span class='ocrx_word' id='word_1_761' title='bbox 2053 630 2175 661; x_wconf 89' lang='lat' dir='ltr'>detinet:</span> <span class='ocrx_word' id='word_1_762' title='bbox 2202 629 2329 660; x_wconf 83' lang='lat' dir='ltr'>Vaffanis</span> <span class='ocrx_word' id='word_1_763' title='bbox 2351 631 2385 662; x_wconf 87' lang='lat'>&amp;</span> <span class='ocrx_word' id='word_1_764' title='bbox 2404 639 2476 663; x_wconf 80' lang='lat' dir='ltr'>Penes</span> 
     </span>
    </p>

    <p class='ocr_par' dir='ltr' id='par_1_43' title="bbox 1312 664 2531 710">
     <span class='ocr_line' id='line_1_98' title="bbox 1312 664 2531 710; baseline 0.007 -15"><span class='ocrx_word' id='word_1_765' title='bbox 1312 664 1341 696; x_wconf 96' lang='lat' dir='ltr'>V</span> <span class='ocrx_word' id='word_1_766' title='bbox 1377 667 1488 710; x_wconf 77' lang='lat' dir='ltr'>toribus</span> <span class='ocrx_word' id='word_1_767' title='bbox 1507 666 1576 705; x_wconf 92' lang='lat' dir='ltr'>suis,</span> <span class='ocrx_word' id='word_1_768' title='bbox 1595 678 1624 698; x_wconf 90' lang='lat' dir='ltr'>in</span> <span class='ocrx_word' id='word_1_769' title='bbox 1645 668 1833 700; x_wconf 85' lang='lat' dir='ltr'>Ruffellioma</span> <span class='ocrx_word' id='word_1_770' title='bbox 1873 668 2016 700; x_wconf 75' lang='lat' dir='ltr'>Ceritania</span> <span class='ocrx_word' id='word_1_771' title='bbox 2057 671 2091 701; x_wconf 88' lang='lat'>&amp;</span> <span class='ocrx_word' id='word_1_772' title='bbox 2114 668 2265 700; x_wconf 74' lang='lat' dir='ltr'>Catalonia</span> <span class='ocrx_word' id='word_1_773' title='bbox 2283 669 2387 700; x_wconf 87' lang='lat' dir='ltr'>Terras</span> <span class='ocrx_word' id='word_1_774' title='bbox 2406 677 2531 704; x_wconf 77' lang='lat' dir='ltr'>Camerar</span> 
     </span>
    </p>

    <p class='ocr_par' dir='ltr' id='par_1_44' title="bbox 1312 693 2539 749">
     <span class='ocr_line' id='line_1_99' title="bbox 1312 693 2539 749; baseline 0.005 -15"><span class='ocrx_word' id='word_1_775' title='bbox 1312 705 1474 749; x_wconf 83' lang='lat' dir='ltr'>tenentibus</span> <span class='ocrx_word' id='word_1_776' title='bbox 1489 705 1547 736; x_wconf 83' lang='lat' dir='ltr'>sive</span> <span class='ocrx_word' id='word_1_777' title='bbox 1558 706 1675 746; x_wconf 72' lang='lat' dir='ltr'>Castra,</span> <span class='ocrx_word' id='word_1_778' title='bbox 1695 717 1812 739; x_wconf 90' lang='lat' dir='ltr'>necnon</span> <span class='ocrx_word' id='word_1_779' title='bbox 1833 693 1995 747; x_wconf 66' lang='lat' dir='ltr'>Gentibus,</span> <span class='ocrx_word' id='word_1_780' title='bbox 2012 694 2138 740; x_wconf 61' lang='lat' dir='ltr'>&lt;salmis</span> <span class='ocrx_word' id='word_1_781' title='bbox 2157 709 2190 739; x_wconf 74' lang='grc' dir='ltr'>ὅτ.</span> <span class='ocrx_word' id='word_1_782' title='bbox 2212 707 2389 739; x_wconf 86' lang='lat' dir='ltr'>Valitoribus</span> <span class='ocrx_word' id='word_1_783' title='bbox 2533 695 2539 704; x_wconf 59' lang='grc'><strong>”</strong></span> 
     </span>
    </p>

    <p class='ocr_par' dir='ltr' id='par_1_45' title="bbox 1313 742 2391 790">
     <span class='ocr_line' id='line_1_100' title="bbox 1313 742 2391 790; baseline 0.005 -17"><span class='ocrx_word' id='word_1_784' title='bbox 1313 742 1367 773; x_wconf 89' lang='lat' dir='ltr'>suis</span> <span class='ocrx_word' id='word_1_785' title='bbox 1386 743 1558 788; x_wconf 71' lang='lat' dir='ltr'>eorumdem</span> <span class='ocrx_word' id='word_1_786' title='bbox 1580 745 1753 790; x_wconf 80' lang='lat' dir='ltr'>Regnorum</span> <span class='ocrx_word' id='word_1_787' title='bbox 1771 754 1856 785; x_wconf 87' lang='lat' dir='ltr'>atque</span> <span class='ocrx_word' id='word_1_788' title='bbox 1876 747 2053 785; x_wconf 89' lang='lat' dir='ltr'>Terrarum,</span> <span class='ocrx_word' id='word_1_789' title='bbox 2070 746 2107 777; x_wconf 91' lang='lat' dir='ltr'>de</span> <span class='ocrx_word' id='word_1_790' title='bbox 2127 746 2232 777; x_wconf 89' lang='lat' dir='ltr'>eodem</span> <span class='ocrx_word' id='word_1_791' title='bbox 2251 746 2391 786; x_wconf 88' lang='lat' dir='ltr'>Alfonso,</span> 
     </span>
    </p>

    <p class='ocr_par' dir='ltr' id='par_1_46' title="bbox 1314 781 2391 828">
     <span class='ocr_line' id='line_1_101' title="bbox 1314 781 2391 828; baseline 0.004 -16"><span class='ocrx_word' id='word_1_792' title='bbox 1314 781 1469 826; x_wconf 71' lang='lat' dir='ltr'>Aragoniae</span> <span class='ocrx_word' id='word_1_793' title='bbox 1482 782 1680 828; x_wconf 77' lang='lat' dir='ltr'>Valentiaeque</span> <span class='ocrx_word' id='word_1_794' title='bbox 1694 784 1822 824; x_wconf 58' lang='lat' dir='ltr'>Reginis,</span> <span class='ocrx_word' id='word_1_795' title='bbox 1842 783 1993 816; x_wconf 86' lang='lat' dir='ltr'>Comitatu</span> <span class='ocrx_word' id='word_1_796' title='bbox 2006 785 2220 824; x_wconf 68' lang='lat' dir='ltr'>Barch‘montae,</span> <span class='ocrx_word' id='word_1_797' title='bbox 2239 786 2273 818; x_wconf 89' lang='lat'>&amp;</span> <span class='ocrx_word' id='word_1_798' title='bbox 2289 786 2391 817; x_wconf 83' lang='lat' dir='ltr'>Terris</span> 
     </span>
    </p>

    <p class='ocr_par' dir='ltr' id='par_1_47' title="bbox 1313 820 2390 870">
     <span class='ocr_line' id='line_1_102' title="bbox 1313 820 2390 870; baseline 0.005 -20"><span class='ocrx_word' id='word_1_799' title='bbox 1313 820 1390 860; x_wconf 90' lang='lat' dir='ltr'>aliis,</span> <span class='ocrx_word' id='word_1_800' title='bbox 1410 831 1477 860; x_wconf 87' lang='lat' dir='ltr'>quas</span> <span class='ocrx_word' id='word_1_801' title='bbox 1488 821 1596 853; x_wconf 81' lang='lat' dir='ltr'>detinet</span> <span class='ocrx_word' id='word_1_802' title='bbox 1607 833 1637 853; x_wconf 91' lang='lat' dir='ltr'>in</span> <span class='ocrx_word' id='word_1_803' title='bbox 1649 822 1793 870; x_wconf 68' lang='lat' dir='ltr'>praesenti,</span> <span class='ocrx_word' id='word_1_804' title='bbox 1811 823 1955 854; x_wconf 88' lang='lat' dir='ltr'>Gentibus</span> <span class='ocrx_word' id='word_1_805' title='bbox 1970 825 2004 856; x_wconf 76' lang='grc' dir='ltr'>ὃ(</span> <span class='ocrx_word' id='word_1_806' title='bbox 2016 823 2188 855; x_wconf 85' lang='lat' dir='ltr'>Valitoribus</span> <span class='ocrx_word' id='word_1_807' title='bbox 2202 825 2253 855; x_wconf 88' lang='lat' dir='ltr'>suis</span> <span class='ocrx_word' id='word_1_808' title='bbox 2273 834 2390 855; x_wconf 85' lang='lat' dir='ltr'>eorum-</span> 
     </span>
    </p>

    <p class='ocr_par' dir='ltr' id='par_1_48' title="bbox 1315 859 2391 905">
     <span class='ocr_line' id='line_1_103' title="bbox 1315 859 2391 905; baseline 0.004 -15"><span class='ocrx_word' id='word_1_809' title='bbox 1315 859 1384 904; x_wconf 85' lang='lat' dir='ltr'>dem</span> <span class='ocrx_word' id='word_1_810' title='bbox 1399 859 1448 904; x_wconf 82' lang='lat' dir='ltr'>Re</span> <span class='ocrx_word' id='word_1_811' title='bbox 1487 870 1591 905; x_wconf 83' lang='lat' dir='ltr'>orum,</span> <span class='ocrx_word' id='word_1_812' title='bbox 1607 861 1776 892; x_wconf 84' lang='lat' dir='ltr'>Comitatus</span> <span class='ocrx_word' id='word_1_813' title='bbox 1788 870 1873 901; x_wconf 85' lang='lat' dir='ltr'>atque</span> <span class='ocrx_word' id='word_1_814' title='bbox 1885 862 2061 901; x_wconf 77' lang='lat' dir='ltr'>Terrarum3</span> <span class='ocrx_word' id='word_1_815' title='bbox 2080 864 2115 895; x_wconf 76' lang='grc' dir='ltr'>δε</span> <span class='ocrx_word' id='word_1_816' title='bbox 2130 862 2284 901; x_wconf 88' lang='lat' dir='ltr'>specialiter</span> <span class='ocrx_word' id='word_1_817' title='bbox 2298 863 2335 894; x_wconf 91' lang='lat' dir='ltr'>de</span> <span class='ocrx_word' id='word_1_818' title='bbox 2357 863 2391 894; x_wconf 85' lang='lat' dir='ltr'>il-</span> 
     </span>
    </p>

    <p class='ocr_par' dir='ltr' id='par_1_49' title="bbox 1315 898 2391 940">
     <span class='ocr_line' id='line_1_104' title="bbox 1315 898 2391 940; baseline 0.005 -12"><span class='ocrx_word' id='word_1_819' title='bbox 1315 898 1348 928; x_wconf 85' lang='lat' dir='ltr'>hs</span> <span class='ocrx_word' id='word_1_820' title='bbox 1369 898 1422 929; x_wconf 88' lang='lat' dir='ltr'>suis</span> <span class='ocrx_word' id='word_1_821' title='bbox 1473 899 1618 930; x_wconf 88' lang='lat' dir='ltr'>ahtoribus</span> <span class='ocrx_word' id='word_1_822' title='bbox 1639 900 1674 931; x_wconf 92' lang='lat'>&amp;</span> <span class='ocrx_word' id='word_1_823' title='bbox 1695 898 1822 932; x_wconf 81' lang='lat' dir='ltr'>Vaffallis</span> <span class='ocrx_word' id='word_1_824' title='bbox 1836 924 1847 940; x_wconf 89' lang='lat'>‚</span> <span class='ocrx_word' id='word_1_825' title='bbox 1871 902 1920 939; x_wconf 90' lang='lat' dir='ltr'>qui</span> <span class='ocrx_word' id='word_1_826' title='bbox 1938 903 1968 932; x_wconf 89' lang='lat' dir='ltr'>in</span> <span class='ocrx_word' id='word_1_827' title='bbox 1989 901 2169 932; x_wconf 86' lang='lat' dir='ltr'>Ruffellione</span> <span class='ocrx_word' id='word_1_828' title='bbox 2191 901 2226 932; x_wconf 90' lang='lat'>&amp;</span> <span class='ocrx_word' id='word_1_829' title='bbox 2246 901 2391 933; x_wconf 67' lang='lat' dir='ltr'>Ceritania</span> 
     </span>
    </p>

    <p class='ocr_par' dir='ltr' id='par_1_50' title="bbox 1315 936 2394 983">
     <span class='ocr_line' id='line_1_105' title="bbox 1315 936 2394 983; baseline 0.004 -16"><span class='ocrx_word' id='word_1_830' title='bbox 1315 936 1421 968; x_wconf 87' lang='lat' dir='ltr'>Terras</span> <span class='ocrx_word' id='word_1_831' title='bbox 1441 946 1540 983; x_wconf 80' lang='lat' dir='ltr'>tenent</span> <span class='ocrx_word' id='word_1_832' title='bbox 1561 939 1596 982; x_wconf 68' lang='grc' dir='ltr'>βε</span> <span class='ocrx_word' id='word_1_833' title='bbox 1617 937 1734 983; x_wconf 77' lang='lat' dir='ltr'>Castra,</span> <span class='ocrx_word' id='word_1_834' title='bbox 1760 938 1919 970; x_wconf 87' lang='lat' dir='ltr'>dederimus</span> <span class='ocrx_word' id='word_1_835' title='bbox 1939 939 2105 980; x_wconf 88' lang='lat' dir='ltr'>Treugam,</span> <span class='ocrx_word' id='word_1_836' title='bbox 2129 940 2218 978; x_wconf 90' lang='lat' dir='ltr'>usque</span> <span class='ocrx_word' id='word_1_837' title='bbox 2239 939 2274 971; x_wconf 92' lang='lat' dir='ltr'>ad</span> <span class='ocrx_word' id='word_1_838' title='bbox 2294 942 2394 971; x_wconf 90' lang='lat' dir='ltr'>termi-</span> 
     </span>
    </p>

    <p class='ocr_par' dir='ltr' id='par_1_51' title="bbox 1317 976 2396 1016">
     <span class='ocr_line' id='line_1_106' title="bbox 1317 976 2396 1016; baseline 0.005 -10"><span class='ocrx_word' id='word_1_839' title='bbox 1317 985 1403 1007; x_wconf 88' lang='lat' dir='ltr'>mum</span> <span class='ocrx_word' id='word_1_840' title='bbox 1422 976 1498 1008; x_wconf 88' lang='lat' dir='ltr'>beati</span> <span class='ocrx_word' id='word_1_841' title='bbox 1519 976 1670 1008; x_wconf 75' lang='lat' dir='ltr'>Michaelis</span> <span class='ocrx_word' id='word_1_842' title='bbox 1683 979 1850 1016; x_wconf 88' lang='lat' dir='ltr'>proximum</span> <span class='ocrx_word' id='word_1_843' title='bbox 1862 978 2053 1010; x_wconf 89' lang='lat' dir='ltr'>adventurum</span> <span class='ocrx_word' id='word_1_844' title='bbox 2065 978 2268 1010; x_wconf 85' lang='lat' dir='ltr'>tantummodo</span> <span class='ocrx_word' id='word_1_845' title='bbox 2281 978 2396 1011; x_wconf 85' lang='lat' dir='ltr'>duratu-</span> 
     </span>
    </p>
   </div>
   <div class='ocr_carea' id='block_1_17' title="bbox 1317 1024 2398 1163">
    <p class='ocr_par' dir='ltr' id='par_1_52' title="bbox 1317 1024 2398 1163">
     <span class='ocr_line' id='line_1_107' title="bbox 1317 1024 1379 1045; baseline 0 0"><span class='ocrx_word' id='word_1_846' title='bbox 1317 1024 1379 1045; x_wconf 87' lang='lat' dir='ltr'>ram</span> 
     </span>
     <span class='ocr_line' id='line_1_108' title="bbox 1356 1039 2398 1100; baseline 0.002 -16"><span class='ocrx_word' id='word_1_847' title='bbox 1356 1039 1444 1093; x_wconf 82' lang='lat' dir='ltr'>N’os,</span> <span class='ocrx_word' id='word_1_848' title='bbox 1462 1053 1669 1100; x_wconf 75' lang='lat' dir='ltr'>considerantes</span> <span class='ocrx_word' id='word_1_849' title='bbox 1679 1057 1818 1094; x_wconf 88' lang='lat' dir='ltr'>temporis</span> <span class='ocrx_word' id='word_1_850' title='bbox 1830 1056 1998 1087; x_wconf 84' lang='lat' dir='ltr'>brevitatem</span> <span class='ocrx_word' id='word_1_851' title='bbox 2006 1079 2016 1094; x_wconf 93' lang='lat'>,</span> <span class='ocrx_word' id='word_1_852' title='bbox 2035 1054 2114 1094; x_wconf 86' lang='lat' dir='ltr'>quod</span> <span class='ocrx_word' id='word_1_853' title='bbox 2128 1055 2182 1093; x_wconf 91' lang='lat' dir='ltr'>ipsa</span> <span class='ocrx_word' id='word_1_854' title='bbox 2195 1055 2398 1087; x_wconf 82' lang='lat' dir='ltr'>consumman-</span> 
     </span>
     <span class='ocr_line' id='line_1_109' title="bbox 1318 1092 2397 1163; baseline 0.004 -40"><span class='ocrx_word' id='word_1_855' title='bbox 1318 1092 1510 1163; x_wconf 46' lang='lat' dir='ltr'>fignnzgloctfflt,</span> <span class='ocrx_word' id='word_1_856' title='bbox 1525 1103 1606 1133; x_wconf 77' lang='lat' dir='ltr'>cujus</span> <span class='ocrx_word' id='word_1_857' title='bbox 1619 1094 1770 1126; x_wconf 83' lang='lat' dir='ltr'>occasione</span> <span class='ocrx_word' id='word_1_858' title='bbox 1784 1095 1900 1134; x_wconf 86' lang='lat' dir='ltr'>Treuga</span> <span class='ocrx_word' id='word_1_859' title='bbox 1914 1094 1967 1126; x_wconf 85' lang='lat' dir='ltr'>fuit</span> <span class='ocrx_word' id='word_1_860' title='bbox 1982 1095 2050 1125; x_wconf 90' lang='lat' dir='ltr'>inita</span> <span class='ocrx_word' id='word_1_861' title='bbox 2074 1103 2250 1133; x_wconf 80' lang='lat' dir='ltr'>memorata,</span> <span class='ocrx_word' id='word_1_862' title='bbox 2266 1094 2397 1127; x_wconf 84' lang='lat' dir='ltr'>sufficere</span> 
     </span>
    </p>
   </div>
   <div class='ocr_carea' id='block_1_18' title="bbox 1320 1155 2403 1558">
    <p class='ocr_par' dir='ltr' id='par_1_53' title="bbox 1320 1155 2398 1250">
     <span class='ocr_line' id='line_1_110' title="bbox 1358 1155 2398 1215; baseline 0.004 -15"><span class='ocrx_word' id='word_1_863' title='bbox 1358 1155 1564 1215; x_wconf 67' lang='lat' dir='ltr'>Expotest&#39;ate</span> <span class='ocrx_word' id='word_1_864' title='bbox 1584 1171 1680 1211; x_wconf 64' lang='lat' dir='ltr'>novfi,</span> <span class='ocrx_word' id='word_1_865' title='bbox 1703 1172 1787 1203; x_wconf 87' lang='lat' dir='ltr'>nobis</span> <span class='ocrx_word' id='word_1_866' title='bbox 1806 1171 1906 1205; x_wconf 66' lang='lat' dir='ltr'>tradita</span> <span class='ocrx_word' id='word_1_867' title='bbox 1924 1171 1958 1202; x_wconf 89' lang='lat'>&amp;</span> <span class='ocrx_word' id='word_1_868' title='bbox 1980 1170 2120 1203; x_wconf 57' lang='lat' dir='ltr'>concess&amp;</span> <span class='ocrx_word' id='word_1_869' title='bbox 2139 1181 2190 1210; x_wconf 89' lang='lat' dir='ltr'>per</span> <span class='ocrx_word' id='word_1_870' title='bbox 2202 1180 2398 1204; x_wconf 84' lang='lat' dir='ltr'>memoratum</span> 
     </span>
     <span class='ocr_line' id='line_1_111' title="bbox 1320 1208 1684 1250; baseline 0.003 -11"><span class='ocrx_word' id='word_1_871' title='bbox 1320 1208 1489 1240; x_wconf 86' lang='lat' dir='ltr'>Dominum</span> <span class='ocrx_word' id='word_1_872' title='bbox 1510 1210 1684 1250; x_wconf 84' lang='lat' dir='ltr'>Alfonsum,</span> 
     </span>
    </p>

    <p class='ocr_par' dir='ltr' id='par_1_54' title="bbox 1320 1247 2401 1395">
     <span class='ocr_line' id='line_1_112' title="bbox 1343 1247 2398 1294; baseline 0.001 -16"><span class='ocrx_word' id='word_1_873' title='bbox 1343 1248 1510 1292; x_wconf 32' lang='lat' dir='ltr'>&#39;Treugam</span> <span class='ocrx_word' id='word_1_874' title='bbox 1538 1250 1683 1294; x_wconf 78' lang='lat' dir='ltr'>praefatam</span> <span class='ocrx_word' id='word_1_875' title='bbox 1704 1249 1740 1280; x_wconf 89' lang='lat' dir='ltr'>de</span> <span class='ocrx_word' id='word_1_876' title='bbox 1759 1249 1820 1288; x_wconf 91' lang='lat' dir='ltr'>ipso</span> <span class='ocrx_word' id='word_1_877' title='bbox 1841 1247 1986 1287; x_wconf 83' lang='lat' dir='ltr'>Alfonso,</span> <span class='ocrx_word' id='word_1_878' title='bbox 2016 1248 2128 1287; x_wconf 89' lang='lat' dir='ltr'>Regnis</span> <span class='ocrx_word' id='word_1_879' title='bbox 2147 1258 2208 1287; x_wconf 88' lang='lat' dir='ltr'>quo</span> <span class='ocrx_word' id='word_1_880' title='bbox 2229 1257 2266 1280; x_wconf 89' lang='lat' dir='ltr'>ue</span> <span class='ocrx_word' id='word_1_881' title='bbox 2286 1247 2329 1279; x_wconf 90' lang='lat' dir='ltr'>Ar</span> <span class='ocrx_word' id='word_1_882' title='bbox 2363 1258 2398 1279; x_wconf 92' lang='lat' dir='ltr'>o-</span> 
     </span>
     <span class='ocr_line' id='line_1_113' title="bbox 1320 1257 2401 1334; baseline 0.002 -18"><span class='ocrx_word' id='word_1_883' title='bbox 1320 1287 1424 1331; x_wconf 70' lang='lat' dir='ltr'>nice&amp;</span> <span class='ocrx_word' id='word_1_884' title='bbox 1437 1287 1575 1332; x_wconf 66' lang='lat' dir='ltr'>Valentiae</span> <span class='ocrx_word' id='word_1_885' title='bbox 1587 1289 1760 1333; x_wconf 67' lang='lat' dir='ltr'>praetaxatis,</span> <span class='ocrx_word' id='word_1_886' title='bbox 1779 1287 1931 1320; x_wconf 87' lang='lat' dir='ltr'>Comitatu</span> <span class='ocrx_word' id='word_1_887' title='bbox 1945 1287 1979 1318; x_wconf 93' lang='lat'>&amp;</span> <span class='ocrx_word' id='word_1_888' title='bbox 1998 1287 2098 1319; x_wconf 87' lang='lat' dir='ltr'>Terris</span> <span class='ocrx_word' id='word_1_889' title='bbox 2118 1287 2205 1327; x_wconf 86' lang='lat' dir='ltr'>praedi</span> <span class='ocrx_word' id='word_1_890' title='bbox 2239 1288 2245 1294; x_wconf 85' lang='lat'>&#39;</span> <span class='ocrx_word' id='word_1_891' title='bbox 2263 1310 2276 1334; x_wconf 73' lang='lat'><em>2</em></span> <span class='ocrx_word' id='word_1_892' title='bbox 2292 1257 2401 1318; x_wconf 44' lang='lat' dir='ltr'>acafuis</span> 
     </span>
     <span class='ocr_line' id='line_1_114' title="bbox 1322 1324 2401 1395; baseline 0.003 -40"><span class='ocrx_word' id='word_1_893' title='bbox 1322 1325 1497 1395; x_wconf 44' lang='lat' dir='ltr'>r&amp;Illeitoribus</span> <span class='ocrx_word' id='word_1_894' title='bbox 1511 1350 1522 1365; x_wconf 91' lang='lat'>,</span> <span class='ocrx_word' id='word_1_895' title='bbox 1550 1327 1584 1358; x_wconf 89' lang='lat'>&amp;</span> <span class='ocrx_word' id='word_1_896' title='bbox 1604 1326 1730 1358; x_wconf 85' lang='lat' dir='ltr'>Vaffallis</span> <span class='ocrx_word' id='word_1_897' title='bbox 1751 1327 1878 1366; x_wconf 88' lang='lat' dir='ltr'>ipsorum</span> <span class='ocrx_word' id='word_1_898' title='bbox 1898 1324 2073 1366; x_wconf 90' lang='lat' dir='ltr'>Regnorum</span> <span class='ocrx_word' id='word_1_899' title='bbox 2086 1350 2097 1365; x_wconf 88' lang='lat'>,</span> <span class='ocrx_word' id='word_1_900' title='bbox 2127 1325 2294 1358; x_wconf 86' lang='lat' dir='ltr'>Comitatus</span> <span class='ocrx_word' id='word_1_901' title='bbox 2313 1334 2401 1365; x_wconf 85' lang='lat' dir='ltr'>atque</span> 
     </span>
    </p>

    <p class='ocr_par' dir='ltr' id='par_1_55' title="bbox 1373 1375 1505 1404">
     <span class='ocr_line' id='line_1_115' title="bbox 1373 1375 1505 1404; baseline 0.023 -11"><span class='ocrx_word' id='word_1_902' title='bbox 1373 1375 1481 1396; x_wconf 83' lang='lat' dir='ltr'>rrarum</span> <span class='ocrx_word' id='word_1_903' title='bbox 1494 1389 1505 1404; x_wconf 87' lang='lat'>,</span> 
     </span>
    </p>

    <p class='ocr_par' dir='ltr' id='par_1_56' title="bbox 1323 1402 2403 1550">
     <span class='ocr_line' id='line_1_116' title="bbox 1346 1402 2401 1449; baseline 0.001 -16"><span class='ocrx_word' id='word_1_904' title='bbox 1346 1402 1508 1448; x_wconf 34' lang='lat' dir='ltr'>‘Praedidto</span> <span class='ocrx_word' id='word_1_905' title='bbox 1521 1403 1666 1449; x_wconf 35' lang='lat' dir='ltr'>,Domino</span> <span class='ocrx_word' id='word_1_906' title='bbox 1681 1403 1817 1442; x_wconf 86' lang='lat' dir='ltr'>Philippo</span> <span class='ocrx_word' id='word_1_907' title='bbox 1830 1403 1910 1441; x_wconf 87' lang='lat' dir='ltr'>Regi</span> <span class='ocrx_word' id='word_1_908' title='bbox 1923 1403 2050 1434; x_wconf 85' lang='lat' dir='ltr'>Franciae</span> <span class='ocrx_word' id='word_1_909' title='bbox 2062 1402 2178 1443; x_wconf 86' lang='lat' dir='ltr'>illustri,</span> <span class='ocrx_word' id='word_1_910' title='bbox 2195 1403 2304 1442; x_wconf 90' lang='lat' dir='ltr'>suisque</span> <span class='ocrx_word' id='word_1_911' title='bbox 2317 1402 2401 1444; x_wconf 84' lang='lat' dir='ltr'>Reg-</span> 
     </span>
     <span class='ocr_line' id='line_1_117' title="bbox 1323 1441 2403 1487; baseline 0.002 -16"><span class='ocrx_word' id='word_1_912' title='bbox 1323 1451 1366 1486; x_wconf 76' lang='lat' dir='ltr'>nis</span> <span class='ocrx_word' id='word_1_913' title='bbox 1387 1443 1421 1474; x_wconf 88' lang='lat'>&amp;</span> <span class='ocrx_word' id='word_1_914' title='bbox 1441 1443 1559 1487; x_wconf 81' lang='lat' dir='ltr'>Terris,</span> <span class='ocrx_word' id='word_1_915' title='bbox 1582 1453 1650 1486; x_wconf 82' lang='lat' dir='ltr'>quas</span> <span class='ocrx_word' id='word_1_916' title='bbox 1674 1442 1710 1473; x_wconf 88' lang='lat' dir='ltr'>ad</span> <span class='ocrx_word' id='word_1_917' title='bbox 1732 1442 1851 1481; x_wconf 57' lang='lat' dir='ltr'>praesens</span> <span class='ocrx_word' id='word_1_918' title='bbox 1872 1443 1980 1473; x_wconf 87' lang='lat' dir='ltr'>detinet</span> <span class='ocrx_word' id='word_1_919' title='bbox 2024 1441 2151 1473; x_wconf 87' lang='lat' dir='ltr'>Vaflallis</span> <span class='ocrx_word' id='word_1_920' title='bbox 2172 1443 2206 1473; x_wconf 88' lang='lat'>&amp;</span> <span class='ocrx_word' id='word_1_921' title='bbox 2227 1442 2403 1474; x_wconf 82' lang='lat' dir='ltr'>Valitoribus</span> 
     </span>
     <span class='ocr_line' id='line_1_118' title="bbox 1325 1467 2403 1550; baseline 0.001 -38"><span class='ocrx_word' id='word_1_922' title='bbox 1325 1480 1462 1550; x_wconf 47' lang='lat' dir='ltr'>{31⁸1}ssOE</span> <span class='ocrx_word' id='word_1_923' title='bbox 1477 1491 1507 1512; x_wconf 92' lang='lat' dir='ltr'>in</span> <span class='ocrx_word' id='word_1_924' title='bbox 1521 1481 1719 1520; x_wconf 88' lang='lat' dir='ltr'>Russellione,</span> <span class='ocrx_word' id='word_1_925' title='bbox 1736 1480 1898 1520; x_wconf 66' lang='lat' dir='ltr'>Ceritania,</span> <span class='ocrx_word' id='word_1_926' title='bbox 1915 1482 1949 1512; x_wconf 90' lang='lat'>&amp;</span> <span class='ocrx_word' id='word_1_927' title='bbox 1971 1467 2103 1512; x_wconf 73' lang='lat' dir='ltr'>dateion.</span> <span class='ocrx_word' id='word_1_928' title='bbox 2123 1481 2226 1512; x_wconf 83' lang='lat' dir='ltr'>Terras</span> <span class='ocrx_word' id='word_1_929' title='bbox 2247 1491 2347 1513; x_wconf 87' lang='lat' dir='ltr'>tenent</span> <span class='ocrx_word' id='word_1_930' title='bbox 2367 1482 2403 1513; x_wconf 76' lang='grc' dir='ltr'>δε</span> 
     </span>
    </p>

    <p class='ocr_par' dir='ltr' id='par_1_57' title="bbox 1433 1543 1444 1558">
     <span class='ocr_line' id='line_1_119' title="bbox 1433 1543 1444 1558; baseline 0 0"><span class='ocrx_word' id='word_1_931' title='bbox 1433 1543 1444 1558; x_wconf 72' lang='grc'><strong>9</strong></span> 
     </span>
    </p>
   </div>
   <div class='ocr_carea' id='block_1_19' title="bbox 1327 1557 2404 1637">
    <p class='ocr_par' dir='ltr' id='par_1_58' title="bbox 1327 1557 2404 1637">
     <span class='ocr_line' id='line_1_120' title="bbox 1365 1557 2404 1600; baseline 0 -11"><span class='ocrx_word' id='word_1_932' title='bbox 1365 1558 1499 1590; x_wconf 88' lang='lat' dir='ltr'>Necnon</span> <span class='ocrx_word' id='word_1_933' title='bbox 1514 1558 1675 1598; x_wconf 86' lang='lat' dir='ltr'>Gentibus,</span> <span class='ocrx_word' id='word_1_934' title='bbox 1694 1558 1819 1590; x_wconf 86' lang='lat' dir='ltr'>Vassallis</span> <span class='ocrx_word' id='word_1_935' title='bbox 1832 1560 1867 1591; x_wconf 89' lang='lat'>&amp;</span> <span class='ocrx_word' id='word_1_936' title='bbox 1883 1557 2056 1590; x_wconf 81' lang='lat' dir='ltr'>Valitoribus</span> <span class='ocrx_word' id='word_1_937' title='bbox 2071 1557 2123 1589; x_wconf 87' lang='lat' dir='ltr'>suis</span> <span class='ocrx_word' id='word_1_938' title='bbox 2137 1557 2309 1589; x_wconf 89' lang='lat' dir='ltr'>eorumdem</span> <span class='ocrx_word' id='word_1_939' title='bbox 2321 1557 2404 1600; x_wconf 79' lang='lat' dir='ltr'>Reg-</span> 
     </span>
     <span class='ocr_line' id='line_1_121' title="bbox 1327 1598 1719 1637; baseline 0.003 -9"><span class='ocrx_word' id='word_1_940' title='bbox 1327 1607 1434 1629; x_wconf 87' lang='lat' dir='ltr'>norum</span> <span class='ocrx_word' id='word_1_941' title='bbox 1445 1607 1531 1636; x_wconf 84' lang='lat' dir='ltr'>atque</span> <span class='ocrx_word' id='word_1_942' title='bbox 1544 1598 1701 1629; x_wconf 77' lang='lat' dir='ltr'>Terrarum</span> <span class='ocrx_word' id='word_1_943' title='bbox 1709 1622 1719 1637; x_wconf 84' lang='lat'>,</span> 
     </span>
    </p>
   </div>
   <div class='ocr_carea' id='block_1_20' title="bbox 1329 1632 2409 1833">
    <p class='ocr_par' dir='ltr' id='par_1_59' title="bbox 1329 1632 2407 1759">
     <span class='ocr_line' id='line_1_122' title="bbox 1366 1632 2405 1675; baseline -0.001 -7"><span class='ocrx_word' id='word_1_944' title='bbox 1366 1636 1474 1668; x_wconf 84' lang='lat' dir='ltr'>Datam</span> <span class='ocrx_word' id='word_1_945' title='bbox 1488 1646 1538 1675; x_wconf 90' lang='lat' dir='ltr'>per</span> <span class='ocrx_word' id='word_1_946' title='bbox 1552 1646 1606 1667; x_wconf 85' lang='lat' dir='ltr'>nos</span> <span class='ocrx_word' id='word_1_947' title='bbox 1619 1638 1722 1675; x_wconf 86' lang='lat' dir='ltr'>pariter</span> <span class='ocrx_word' id='word_1_948' title='bbox 1735 1637 1770 1670; x_wconf 70' lang='grc' dir='ltr'>ὃς</span> <span class='ocrx_word' id='word_1_949' title='bbox 1785 1635 1949 1668; x_wconf 74' lang='lat' dir='ltr'>concessam</span> <span class='ocrx_word' id='word_1_950' title='bbox 1965 1637 2153 1674; x_wconf 78' lang='lat' dir='ltr'>innovamus,</span> <span class='ocrx_word' id='word_1_951' title='bbox 2168 1632 2218 1667; x_wconf 74' lang='lat' dir='ltr'>=seu</span> <span class='ocrx_word' id='word_1_952' title='bbox 2232 1637 2318 1668; x_wconf 83' lang='lat' dir='ltr'>etiam</span> <span class='ocrx_word' id='word_1_953' title='bbox 2335 1645 2405 1674; x_wconf 88' lang='lat' dir='ltr'>pro-</span> 
     </span>
     <span class='ocr_line' id='line_1_123' title="bbox 1330 1674 2407 1720; baseline 0.001 -14"><span class='ocrx_word' id='word_1_954' title='bbox 1330 1685 1482 1720; x_wconf 81' lang='lat' dir='ltr'>rogamus,</span> <span class='ocrx_word' id='word_1_955' title='bbox 1499 1675 1536 1706; x_wconf 90' lang='lat' dir='ltr'>us</span> <span class='ocrx_word' id='word_1_956' title='bbox 1551 1686 1587 1706; x_wconf 90' lang='lat' dir='ltr'>ue</span> <span class='ocrx_word' id='word_1_957' title='bbox 1608 1676 1642 1707; x_wconf 88' lang='lat' dir='ltr'>ad</span> <span class='ocrx_word' id='word_1_958' title='bbox 1655 1677 1737 1707; x_wconf 90' lang='lat' dir='ltr'>unius</span> <span class='ocrx_word' id='word_1_959' title='bbox 1750 1677 1816 1707; x_wconf 91' lang='lat' dir='ltr'>anni</span> <span class='ocrx_word' id='word_1_960' title='bbox 1830 1676 2004 1714; x_wconf 86' lang='lat' dir='ltr'>terminum,</span> <span class='ocrx_word' id='word_1_961' title='bbox 2023 1675 2039 1704; x_wconf 75' lang='lat' dir='ltr'>a</span> <span class='ocrx_word' id='word_1_962' title='bbox 2054 1674 2140 1706; x_wconf 84' lang='lat' dir='ltr'>Festo</span> <span class='ocrx_word' id='word_1_963' title='bbox 2155 1674 2254 1706; x_wconf 65' lang='lat' dir='ltr'>Sancti</span> <span class='ocrx_word' id='word_1_964' title='bbox 2271 1674 2407 1707; x_wconf 79' lang='lat' dir='ltr'>Michae-</span> 
     </span>
     <span class='ocr_line' id='line_1_124' title="bbox 1329 1713 2091 1759; baseline -0.001 -14"><span class='ocrx_word' id='word_1_965' title='bbox 1329 1715 1362 1745; x_wconf 86' lang='lat' dir='ltr'>lis</span> <span class='ocrx_word' id='word_1_966' title='bbox 1376 1724 1512 1759; x_wconf 81' lang='lat' dir='ltr'>proximo</span> <span class='ocrx_word' id='word_1_967' title='bbox 1525 1725 1539 1744; x_wconf 85' lang='lat' dir='ltr'>a</span> <span class='ocrx_word' id='word_1_968' title='bbox 1560 1723 1700 1754; x_wconf 90' lang='lat' dir='ltr'>venturo,</span> <span class='ocrx_word' id='word_1_969' title='bbox 1716 1715 1856 1748; x_wconf 79' lang='lat' dir='ltr'>continue</span> <span class='ocrx_word' id='word_1_970' title='bbox 1871 1713 2091 1744; x_wconf 86' lang='lat' dir='ltr'>numerandum.</span> 
     </span>
    </p>

    <p class='ocr_par' dir='ltr' id='par_1_60' title="bbox 1333 1751 2409 1833">
     <span class='ocr_line' id='line_1_125' title="bbox 1370 1751 2408 1798; baseline 0 -14"><span class='ocrx_word' id='word_1_971' title='bbox 1370 1753 1405 1784; x_wconf 88' lang='lat' dir='ltr'>ln</span> <span class='ocrx_word' id='word_1_972' title='bbox 1423 1763 1502 1792; x_wconf 80' lang='lat' dir='ltr'>cujus</span> <span class='ocrx_word' id='word_1_973' title='bbox 1514 1755 1563 1798; x_wconf 28' lang='lat' dir='ltr'>’rei</span> <span class='ocrx_word' id='word_1_974' title='bbox 1582 1753 1782 1798; x_wconf 83' lang='lat' dir='ltr'>testimonium</span> <span class='ocrx_word' id='word_1_975' title='bbox 1801 1753 1969 1793; x_wconf 81' lang='lat' dir='ltr'>praesentem</span> <span class='ocrx_word' id='word_1_976' title='bbox 1987 1754 2120 1793; x_wconf 84' lang='lat' dir='ltr'>paginam</span> <span class='ocrx_word' id='word_1_977' title='bbox 2141 1751 2221 1793; x_wconf 84' lang='lat' dir='ltr'>sigilli</span> <span class='ocrx_word' id='word_1_978' title='bbox 2233 1751 2325 1784; x_wconf 87' lang='lat' dir='ltr'>nostri</span> <span class='ocrx_word' id='word_1_979' title='bbox 2336 1751 2408 1784; x_wconf 83' lang='lat' dir='ltr'>feci-</span> 
     </span>
     <span class='ocr_line' id='line_1_126' title="bbox 1333 1788 2409 1833; baseline -0.002 -9"><span class='ocrx_word' id='word_1_980' title='bbox 1333 1802 1398 1824; x_wconf 83' lang='lat' dir='ltr'>mus</span> <span class='ocrx_word' id='word_1_981' title='bbox 1412 1800 1572 1833; x_wconf 86' lang='lat' dir='ltr'>patrocimo</span> <span class='ocrx_word' id='word_1_982' title='bbox 1589 1794 1776 1824; x_wconf 87' lang='lat' dir='ltr'>communiri.</span> <span class='ocrx_word' id='word_1_983' title='bbox 2406 1788 2409 1790; x_wconf 78' lang='grc'><strong>’</strong></span> 
     </span>
    </p>
   </div>
   <div class='ocr_carea' id='block_1_21' title="bbox 1372 1866 2411 1915">
    <p class='ocr_par' dir='ltr' id='par_1_61' title="bbox 1372 1866 2411 1915">
     <span class='ocr_line' id='line_1_127' title="bbox 1372 1866 2411 1915; baseline -0.002 -14"><span class='ocrx_word' id='word_1_984' title='bbox 1372 1869 1484 1902; x_wconf 73' lang='grc' dir='ltr'>Αξὶυῐη</span> <span class='ocrx_word' id='word_1_985' title='bbox 1497 1870 1531 1902; x_wconf 89' lang='lat'>&amp;</span> <span class='ocrx_word' id='word_1_986' title='bbox 1543 1869 1612 1901; x_wconf 85' lang='lat' dir='ltr'>Dat.</span> <span class='ocrx_word' id='word_1_987' title='bbox 1630 1869 1706 1908; x_wconf 81' lang='lat' dir='ltr'>apud</span> <span class='ocrx_word' id='word_1_988' title='bbox 1726 1869 1849 1902; x_wconf 88' lang='lat' dir='ltr'>Oleron.</span> <span class='ocrx_word' id='word_1_989' title='bbox 1867 1871 1899 1902; x_wconf 91' lang='lat' dir='ltr'>in</span> <span class='ocrx_word' id='word_1_990' title='bbox 1919 1870 2011 1902; x_wconf 86' lang='lat' dir='ltr'>Biarn.</span> <span class='ocrx_word' id='word_1_991' title='bbox 2030 1869 2078 1901; x_wconf 90' lang='lat' dir='ltr'>die</span> <span class='ocrx_word' id='word_1_992' title='bbox 2094 1869 2177 1915; x_wconf 81' lang='lat' dir='ltr'>Joyis</span> <span class='ocrx_word' id='word_1_993' title='bbox 2216 1869 2326 1900; x_wconf 84' lang='lat' dir='ltr'>roxima</span> <span class='ocrx_word' id='word_1_994' title='bbox 2343 1866 2411 1907; x_wconf 83' lang='lat' dir='ltr'>post</span> 
     </span>
    </p>
   </div>
   <div class='ocr_carea' id='block_1_22' title="bbox 1334 1907 2413 1988">
    <p class='ocr_par' dir='ltr' id='par_1_62' title="bbox 1334 1907 2413 1988">
     <span class='ocr_line' id='line_1_128' title="bbox 1335 1907 2411 1947; baseline -0.003 -6"><span class='ocrx_word' id='word_1_995' title='bbox 1335 1909 1453 1941; x_wconf 86' lang='lat' dir='ltr'>Festum</span> <span class='ocrx_word' id='word_1_996' title='bbox 1469 1908 1566 1940; x_wconf 72' lang='lat' dir='ltr'>Sancti</span> <span class='ocrx_word' id='word_1_997' title='bbox 1580 1908 1680 1947; x_wconf 88' lang='lat' dir='ltr'>Jacobi</span> <span class='ocrx_word' id='word_1_998' title='bbox 1695 1909 1847 1947; x_wconf 78' lang='lat' dir='ltr'>Apostoli,</span> <span class='ocrx_word' id='word_1_999' title='bbox 1864 1919 1941 1942; x_wconf 85' lang='lat' dir='ltr'>anno</span> <span class='ocrx_word' id='word_1_1000' title='bbox 1954 1909 2081 1942; x_wconf 82' lang='lat' dir='ltr'>Domini</span> <span class='ocrx_word' id='word_1_1001' title='bbox 2102 1908 2163 1940; x_wconf 89' lang='lat' dir='ltr'>mill</span> <span class='ocrx_word' id='word_1_1002' title='bbox 2232 1918 2253 1940; x_wconf 92' lang='grc' dir='ltr'>ο</span> <span class='ocrx_word' id='word_1_1003' title='bbox 2272 1907 2411 1940; x_wconf 56' lang='lat' dir='ltr'>ducenteh</span> 
     </span>
     <span class='ocr_line' id='line_1_129' title="bbox 1334 1940 2413 1988; baseline -0.005 -8"><span class='ocrx_word' id='word_1_1004' title='bbox 1334 1949 1406 1980; x_wconf 91' lang='lat' dir='ltr'>simo</span> <span class='ocrx_word' id='word_1_1005' title='bbox 1420 1948 1615 1988; x_wconf 66' lang='lat' dir='ltr'>octuagesimo</span> <span class='ocrx_word' id='word_1_1006' title='bbox 1629 1947 1760 1987; x_wconf 89' lang='lat' dir='ltr'>septimo.</span> <span class='ocrx_word' id='word_1_1007' title='bbox 2407 1940 2413 1944; x_wconf 76' lang='grc'><em>”</em></span> 
     </span>
    </p>
   </div>
   <div class='ocr_carea' id='block_1_23' title="bbox 2354 2035 2407 2045">
    <p class='ocr_par' dir='ltr' id='par_1_63' title="bbox 2354 2035 2407 2045">
     <span class='ocr_line' id='line_1_130' title="bbox 2354 2035 2407 2045; baseline 0 0"><span class='ocrx_word' id='word_1_1008' title='bbox 2354 2035 2407 2045; x_wconf 68' lang='lat'>--=</span> 
     </span>
    </p>
   </div>
   <div class='ocr_carea' id='block_1_24' title="bbox 1369 2083 2376 2138">
    <p class='ocr_par' dir='ltr' id='par_1_64' title="bbox 1369 2083 2376 2138">
     <span class='ocr_line' id='line_1_131' title="bbox 1369 2083 2376 2138; baseline -0.003 -14"><span class='ocrx_word' id='word_1_1009' title='bbox 1369 2092 1420 2124; x_wconf 91' lang='lat' dir='ltr'>De</span> <span class='ocrx_word' id='word_1_1010' title='bbox 1435 2091 1557 2137; x_wconf 68' lang='lat' dir='ltr'>&#39;Ti‘euga</span> <span class='ocrx_word' id='word_1_1011' title='bbox 1568 2087 1782 2138; x_wconf 68' lang='lat' dir='ltr'>praediHafine</span> <span class='ocrx_word' id='word_1_1012' title='bbox 1795 2091 1962 2136; x_wconf 79' lang='lat' dir='ltr'>exceptione</span> <span class='ocrx_word' id='word_1_1013' title='bbox 1975 2087 2158 2135; x_wconf 63' lang='lat' dir='ltr'>cujusquam</span> <span class='ocrx_word' id='word_1_1014' title='bbox 2178 2083 2376 2121; x_wconf 82' lang='lat' dir='ltr'>concedenda.</span> 
     </span>
    </p>
   </div>
   <div class='ocr_carea' id='block_1_25' title="bbox 1340 2171 2568 2906">
    <p class='ocr_par' dir='ltr' id='par_1_65' title="bbox 1340 2171 2568 2906">
     <span class='ocr_line' id='line_1_132' title="bbox 1340 2171 2559 2238; baseline -0.002 -32"><span class='ocrx_word' id='word_1_1015' title='bbox 1340 2174 1564 2238; x_wconf 75' lang='lat' dir='ltr'>SEreniffirno</span> <span class='ocrx_word' id='word_1_1016' title='bbox 1583 2175 1618 2207; x_wconf 90' lang='lat'>&amp;</span> <span class='ocrx_word' id='word_1_1017' title='bbox 1637 2173 1795 2214; x_wconf 85' lang='lat' dir='ltr'>magnifico</span> <span class='ocrx_word' id='word_1_1018' title='bbox 1814 2174 1941 2213; x_wconf 88' lang='lat' dir='ltr'>Principi</span> <span class='ocrx_word' id='word_1_1019' title='bbox 1956 2198 1966 2212; x_wconf 91' lang='lat'>,</span> <span class='ocrx_word' id='word_1_1020' title='bbox 1991 2172 2128 2204; x_wconf 91' lang='lat' dir='ltr'>Domino</span> <span class='ocrx_word' id='word_1_1021' title='bbox 2150 2171 2294 2205; x_wconf 88' lang='lat' dir='ltr'>Edwardo</span> <span class='ocrx_word' id='word_1_1022' title='bbox 2308 2197 2318 2211; x_wconf 89' lang='lat'>,</span> <span class='ocrx_word' id='word_1_1023' title='bbox 2349 2171 2410 2204; x_wconf 90' lang='lat' dir='ltr'>Dei</span> <span class='ocrx_word' id='word_1_1024' title='bbox 2430 2181 2499 2214; x_wconf 73' lang='lat' dir='ltr'>Am</span> <span class='ocrx_word' id='word_1_1025' title='bbox 2523 2183 2559 2215; x_wconf 83' lang='lat' dir='ltr'>D</span> 
     </span>
     <span class='ocr_line' id='line_1_133' title="bbox 1383 2204 2568 2260; baseline -0.002 -16"><span class='ocrx_word' id='word_1_1026' title='bbox 1383 2214 1501 2260; x_wconf 54' lang='lat' dir='ltr'>granai,</span> <span class='ocrx_word' id='word_1_1027' title='bbox 1518 2213 1616 2245; x_wconf 89' lang='lat' dir='ltr'>illustri</span> <span class='ocrx_word' id='word_1_1028' title='bbox 1630 2213 1708 2254; x_wconf 89' lang='lat' dir='ltr'>Regi</span> <span class='ocrx_word' id='word_1_1029' title='bbox 1723 2214 1854 2254; x_wconf 83' lang='lat' dir='ltr'>Angliae,</span> <span class='ocrx_word' id='word_1_1030' title='bbox 1870 2212 2006 2244; x_wconf 90' lang='lat' dir='ltr'>Domino</span> <span class='ocrx_word' id='word_1_1031' title='bbox 2026 2211 2196 2251; x_wconf 73' lang='lat' dir='ltr'>Hiberniae,</span> <span class='ocrx_word' id='word_1_1032' title='bbox 2213 2212 2248 2243; x_wconf 90' lang='lat'>&amp;</span> <span class='ocrx_word' id='word_1_1033' title='bbox 2268 2210 2350 2243; x_wconf 92' lang='lat' dir='ltr'>Duci</span> <span class='ocrx_word' id='word_1_1034' title='bbox 2371 2211 2414 2243; x_wconf 88' lang='lat' dir='ltr'>A-</span> <span class='ocrx_word' id='word_1_1035' title='bbox 2452 2206 2528 2260; x_wconf 50' lang='lat'>128&#39;7</span> <span class='ocrx_word' id='word_1_1036' title='bbox 2558 2204 2568 2214; x_wconf 80' lang='grc'><em>“</em></span> 
     </span>
     <span class='ocr_line' id='line_1_134' title="bbox 1340 2244 2540 2292; baseline -0.003 -8"><span class='ocrx_word' id='word_1_1037' title='bbox 1340 2263 1474 2292; x_wconf 86' lang='lat' dir='ltr'>quitaniae</span> <span class='ocrx_word' id='word_1_1038' title='bbox 1509 2253 1661 2291; x_wconf 87' lang='lat' dir='ltr'>Alfonsus,</span> <span class='ocrx_word' id='word_1_1039' title='bbox 1679 2263 1730 2291; x_wconf 88' lang='lat' dir='ltr'>per</span> <span class='ocrx_word' id='word_1_1040' title='bbox 1752 2253 1890 2290; x_wconf 87' lang='lat' dir='ltr'>eandem,</span> <span class='ocrx_word' id='word_1_1041' title='bbox 1908 2251 1975 2282; x_wconf 86' lang='lat' dir='ltr'>Rex</span> <span class='ocrx_word' id='word_1_1042' title='bbox 1996 2250 2037 2281; x_wconf 91' lang='lat' dir='ltr'>Ar</span> <span class='ocrx_word' id='word_1_1043' title='bbox 2072 2260 2121 2281; x_wconf 89' lang='lat' dir='ltr'>on.</span> <span class='ocrx_word' id='word_1_1044' title='bbox 2140 2249 2273 2289; x_wconf 86' lang='lat' dir='ltr'>Majoric.</span> <span class='ocrx_word' id='word_1_1045' title='bbox 2294 2251 2329 2282; x_wconf 90' lang='lat'>&amp;</span> <span class='ocrx_word' id='word_1_1046' title='bbox 2354 2250 2413 2282; x_wconf 92' lang='lat' dir='ltr'>Va-</span> <span class='ocrx_word' id='word_1_1047' title='bbox 2430 2265 2457 2289; x_wconf 71' lang='grc' dir='ltr'><em>Α</em></span> <span class='ocrx_word' id='word_1_1048' title='bbox 2529 2244 2540 2252; x_wconf 76' lang='grc'><strong><em>’</em></strong></span> 
     </span>
     <span class='ocr_line' id='line_1_135' title="bbox 1340 2259 2543 2337; baseline -0.001 -14"><span class='ocrx_word' id='word_1_1049' title='bbox 1340 2293 1411 2337; x_wconf 60' lang='lat' dir='ltr'>lent3</span> <span class='ocrx_word' id='word_1_1050' title='bbox 1428 2302 1461 2324; x_wconf 86' lang='lat' dir='ltr'>ac</span> <span class='ocrx_word' id='word_1_1051' title='bbox 1474 2277 1565 2323; x_wconf 83' lang='lat' dir='ltr'>Com.</span> <span class='ocrx_word' id='word_1_1052' title='bbox 1586 2291 1756 2337; x_wconf 77' lang='lat' dir='ltr'>Barchinon.</span> <span class='ocrx_word' id='word_1_1053' title='bbox 1771 2291 1910 2336; x_wconf 40' lang='lat' dir='ltr'>&#39;salu-tem,</span> <span class='ocrx_word' id='word_1_1054' title='bbox 1925 2291 1960 2322; x_wconf 88' lang='lat'>&amp;</span> <span class='ocrx_word' id='word_1_1055' title='bbox 1983 2259 2175 2321; x_wconf 49' lang='lat' dir='ltr'>coniiantiam</span> <span class='ocrx_word' id='word_1_1056' title='bbox 2195 2291 2304 2322; x_wconf 86' lang='lat' dir='ltr'>intimae</span> <span class='ocrx_word' id='word_1_1057' title='bbox 2324 2289 2414 2322; x_wconf 87' lang='lat' dir='ltr'>dilec-</span> <span class='ocrx_word' id='word_1_1058' title='bbox 2431 2270 2543 2328; x_wconf 36' lang='lat' dir='ltr'>lig-¹¹⁸5·</span> 
     </span>
     <span class='ocr_line' id='line_1_136' title="bbox 1340 2329 2545 2377; baseline -0.004 -15"><span class='ocrx_word' id='word_1_1059' title='bbox 1340 2339 1443 2369; x_wconf 81' lang='lat' dir='ltr'>tlonls,</span> <span class='ocrx_word' id='word_1_1060' title='bbox 1461 2341 1530 2362; x_wconf 89' lang='lat' dir='ltr'>cum</span> <span class='ocrx_word' id='word_1_1061' title='bbox 1546 2339 1692 2361; x_wconf 76' lang='lat' dir='ltr'>continuae</span> <span class='ocrx_word' id='word_1_1062' title='bbox 1703 2329 1882 2361; x_wconf 83' lang='lat' dir='ltr'>beatitudinis</span> <span class='ocrx_word' id='word_1_1063' title='bbox 1894 2337 2084 2359; x_wconf 87' lang='lat' dir='ltr'>incremento.</span> <span class='ocrx_word' id='word_1_1064' title='bbox 2432 2343 2452 2367; x_wconf 81' lang='lat' dir='ltr'><em>L</em></span> <span class='ocrx_word' id='word_1_1065' title='bbox 2478 2342 2498 2366; x_wconf 76' lang='grc' dir='ltr'><strong>Β</strong></span> <span class='ocrx_word' id='word_1_1066' title='bbox 2518 2336 2545 2377; x_wconf 77' lang='lat' dir='ltr'><em>f</em></span> 
     </span>
     <span class='ocr_line' id='line_1_137' title="bbox 1378 2359 2548 2415; baseline -0.003 -14"><span class='ocrx_word' id='word_1_1067' title='bbox 1378 2369 1466 2415; x_wconf 34' lang='lat' dir='ltr'>Curn-</span> <span class='ocrx_word' id='word_1_1068' title='bbox 1475 2370 1567 2400; x_wconf 91' lang='lat' dir='ltr'>nobili</span> <span class='ocrx_word' id='word_1_1069' title='bbox 1581 2370 1633 2400; x_wconf 88' lang='lat' dir='ltr'>viri</span> <span class='ocrx_word' id='word_1_1070' title='bbox 1646 2367 1759 2413; x_wconf 65' lang='lat' dir='ltr'>Comes</span> <span class='ocrx_word' id='word_1_1071' title='bbox 1771 2368 1884 2408; x_wconf 90' lang='lat' dir='ltr'>Urgelli</span> <span class='ocrx_word' id='word_1_1072' title='bbox 1898 2369 1932 2399; x_wconf 71' lang='grc' dir='ltr'>ὃ(</span> <span class='ocrx_word' id='word_1_1073' title='bbox 1948 2366 2129 2398; x_wconf 84' lang='lat' dir='ltr'>Raimundus</span> <span class='ocrx_word' id='word_1_1074' title='bbox 2137 2365 2290 2406; x_wconf 88' lang='lat' dir='ltr'>Fulconis,</span> <span class='ocrx_word' id='word_1_1075' title='bbox 2305 2367 2339 2399; x_wconf 63' lang='grc' dir='ltr'>ὃς</span> <span class='ocrx_word' id='word_1_1076' title='bbox 2353 2368 2417 2406; x_wconf 87' lang='lat' dir='ltr'>qui-</span> <span class='ocrx_word' id='word_1_1077' title='bbox 2435 2360 2470 2404; x_wconf 53' lang='lat'>61}</span> <span class='ocrx_word' id='word_1_1078' title='bbox 2494 2376 2521 2404; x_wconf 73' lang='lat' dir='ltr'><em>b</em></span> <span class='ocrx_word' id='word_1_1079' title='bbox 2539 2359 2548 2365; x_wconf 71' lang='grc'><strong>’</strong></span> 
     </span>
     <span class='ocr_line' id='line_1_138' title="bbox 1342 2399 2567 2454; baseline -0.001 -16"><span class='ocrx_word' id='word_1_1080' title='bbox 1342 2408 1408 2439; x_wconf 86' lang='lat' dir='ltr'>darn</span> <span class='ocrx_word' id='word_1_1081' title='bbox 1423 2409 1468 2454; x_wconf 80' lang='lat' dir='ltr'>alii</span> <span class='ocrx_word' id='word_1_1082' title='bbox 1483 2408 1520 2440; x_wconf 89' lang='lat' dir='ltr'>de</span> <span class='ocrx_word' id='word_1_1083' title='bbox 1534 2417 1606 2453; x_wconf 79' lang='lat' dir='ltr'>terra</span> <span class='ocrx_word' id='word_1_1084' title='bbox 1624 2407 1737 2446; x_wconf 76' lang='lat' dir='ltr'>nostra,</span> <span class='ocrx_word' id='word_1_1085' title='bbox 1752 2417 1781 2437; x_wconf 89' lang='lat' dir='ltr'>in</span> <span class='ocrx_word' id='word_1_1086' title='bbox 1793 2407 1939 2446; x_wconf 88' lang='lat' dir='ltr'>praesentia</span> <span class='ocrx_word' id='word_1_1087' title='bbox 1954 2406 2064 2444; x_wconf 87' lang='lat' dir='ltr'>nostra,</span> <span class='ocrx_word' id='word_1_1088' title='bbox 2082 2406 2166 2436; x_wconf 90' lang='lat' dir='ltr'>nobis</span> <span class='ocrx_word' id='word_1_1089' title='bbox 2178 2405 2300 2437; x_wconf 81' lang='lat' dir='ltr'>dixerint</span> <span class='ocrx_word' id='word_1_1090' title='bbox 2318 2405 2417 2445; x_wconf 88' lang='lat' dir='ltr'>quod,</span> <span class='ocrx_word' id='word_1_1091' title='bbox 2452 2399 2567 2444; x_wconf 67' lang='lat' dir='ltr'>eriesca-</span> 
     </span>
     <span class='ocr_line' id='line_1_139' title="bbox 1342 2423 2519 2489; baseline -0.003 -10"><span class='ocrx_word' id='word_1_1092' title='bbox 1342 2448 1363 2479; x_wconf 90' lang='lat' dir='ltr'>si</span> <span class='ocrx_word' id='word_1_1093' title='bbox 1381 2458 1480 2480; x_wconf 90' lang='lat' dir='ltr'>contin</span> <span class='ocrx_word' id='word_1_1094' title='bbox 1501 2456 1560 2478; x_wconf 87' lang='lat' dir='ltr'>eret</span> <span class='ocrx_word' id='word_1_1095' title='bbox 1580 2447 1717 2489; x_wconf 84' lang='lat' dir='ltr'>illustrem</span> <span class='ocrx_word' id='word_1_1096' title='bbox 1735 2446 1850 2486; x_wconf 87' lang='lat' dir='ltr'>Regem</span> <span class='ocrx_word' id='word_1_1097' title='bbox 1872 2445 1999 2476; x_wconf 86' lang='lat' dir='ltr'>Franciae</span> <span class='ocrx_word' id='word_1_1098' title='bbox 2012 2469 2022 2484; x_wconf 90' lang='lat'><strong>‚</strong></span> <span class='ocrx_word' id='word_1_1099' title='bbox 2051 2445 2098 2475; x_wconf 88' lang='lat' dir='ltr'>seu</span> <span class='ocrx_word' id='word_1_1100' title='bbox 2121 2453 2219 2482; x_wconf 88' lang='lat' dir='ltr'>gentes</span> <span class='ocrx_word' id='word_1_1101' title='bbox 2241 2445 2299 2476; x_wconf 88' lang='lat' dir='ltr'>suas</span> <span class='ocrx_word' id='word_1_1102' title='bbox 2319 2446 2418 2477; x_wconf 87' lang='lat' dir='ltr'>venire</span> <span class='ocrx_word' id='word_1_1103' title='bbox 2436 2423 2519 2484; x_wconf 48' lang='lat' dir='ltr'>Emm-</span> 
     </span>
     <span class='ocr_line' id='line_1_140' title="bbox 1344 2475 2529 2532; baseline -0.002 -14"><span class='ocrx_word' id='word_1_1104' title='bbox 1344 2496 1444 2532; x_wconf 80' lang='lat' dir='ltr'>contra</span> <span class='ocrx_word' id='word_1_1105' title='bbox 1489 2497 1549 2518; x_wconf 92' lang='lat' dir='ltr'>om.</span> <span class='ocrx_word' id='word_1_1106' title='bbox 1570 2486 1640 2517; x_wconf 83' lang='lat' dir='ltr'>Fux.</span> <span class='ocrx_word' id='word_1_1107' title='bbox 1659 2487 1709 2524; x_wconf 75' lang='lat' dir='ltr'>ipsi</span> <span class='ocrx_word' id='word_1_1108' title='bbox 1719 2494 1779 2516; x_wconf 91' lang='lat' dir='ltr'>non</span> <span class='ocrx_word' id='word_1_1109' title='bbox 1795 2484 1916 2522; x_wconf 86' lang='lat' dir='ltr'>starent,</span> <span class='ocrx_word' id='word_1_1110' title='bbox 1934 2493 2051 2522; x_wconf 88' lang='lat' dir='ltr'>propter</span> <span class='ocrx_word' id='word_1_1111' title='bbox 2060 2483 2210 2523; x_wconf 82' lang='lat' dir='ltr'>Treugam</span> <span class='ocrx_word' id='word_1_1112' title='bbox 2223 2492 2273 2522; x_wconf 85' lang='lat' dir='ltr'>per</span> <span class='ocrx_word' id='word_1_1113' title='bbox 2297 2493 2351 2516; x_wconf 90' lang='lat' dir='ltr'>vos</span> <span class='ocrx_word' id='word_1_1114' title='bbox 2373 2494 2419 2516; x_wconf 87' lang='lat' dir='ltr'>re-</span> <span class='ocrx_word' id='word_1_1115' title='bbox 2521 2475 2529 2483; x_wconf 58' lang='lat'>⁸</span> 
     </span>
     <span class='ocr_line' id='line_1_141' title="bbox 1343 2522 2420 2571; baseline -0.003 -14"><span class='ocrx_word' id='word_1_1116' title='bbox 1343 2526 1504 2571; x_wconf 74' lang='lat' dir='ltr'>cipiendam</span> <span class='ocrx_word' id='word_1_1117' title='bbox 1525 2526 1560 2557; x_wconf 70' lang='grc' dir='ltr'>ὃς</span> <span class='ocrx_word' id='word_1_1118' title='bbox 1582 2524 1720 2569; x_wconf 84' lang='lat' dir='ltr'>dandam,</span> <span class='ocrx_word' id='word_1_1119' title='bbox 1738 2525 1811 2555; x_wconf 88' lang='lat' dir='ltr'>inter</span> <span class='ocrx_word' id='word_1_1120' title='bbox 1832 2523 2004 2568; x_wconf 62' lang='lat' dir='ltr'>praedidium</span> <span class='ocrx_word' id='word_1_1121' title='bbox 2028 2522 2146 2561; x_wconf 88' lang='lat' dir='ltr'>Regem</span> <span class='ocrx_word' id='word_1_1122' title='bbox 2161 2522 2291 2554; x_wconf 83' lang='lat' dir='ltr'>Franciae</span> <span class='ocrx_word' id='word_1_1123' title='bbox 2302 2523 2336 2554; x_wconf 91' lang='lat'>&amp;</span> <span class='ocrx_word' id='word_1_1124' title='bbox 2349 2533 2420 2562; x_wconf 82' lang='lat' dir='ltr'>nos,</span> 
     </span>
     <span class='ocr_line' id='line_1_142' title="bbox 1344 2562 2420 2648; baseline -0.002 -14"><span class='ocrx_word' id='word_1_1125' title='bbox 1344 2562 2009 2648; x_wconf 39' lang='lat' dir='ltr'>quffigzgarzgzffigfflffsmgueffiffiffigzzgſtrae</span> <span class='ocrx_word' id='word_1_1126' title='bbox 2027 2598 2134 2631; x_wconf 82' lang='lat' dir='ltr'>nostrae</span> <span class='ocrx_word' id='word_1_1127' title='bbox 2151 2598 2208 2631; x_wconf 86' lang='lat' dir='ltr'>esse</span> <span class='ocrx_word' id='word_1_1128' title='bbox 2231 2601 2420 2641; x_wconf 77' lang='lat' dir='ltr'>intentionis,</span> 
     </span>
     <span class='ocr_line' id='line_1_143' title="bbox 1345 2638 2420 2681; baseline -0.003 -8"><span class='ocrx_word' id='word_1_1129' title='bbox 1345 2642 1426 2681; x_wconf 89' lang='lat' dir='ltr'>quod</span> <span class='ocrx_word' id='word_1_1130' title='bbox 1445 2642 1533 2681; x_wconf 88' lang='lat' dir='ltr'>ipsam</span> <span class='ocrx_word' id='word_1_1131' title='bbox 1551 2641 1699 2681; x_wconf 89' lang='lat' dir='ltr'>Treugam</span> <span class='ocrx_word' id='word_1_1132' title='bbox 1718 2640 1785 2671; x_wconf 88' lang='lat' dir='ltr'>dare</span> <span class='ocrx_word' id='word_1_1133' title='bbox 1809 2650 1863 2679; x_wconf 88' lang='lat' dir='ltr'>pro</span> <span class='ocrx_word' id='word_1_1134' title='bbox 1882 2640 1966 2670; x_wconf 91' lang='lat' dir='ltr'>nobis</span> <span class='ocrx_word' id='word_1_1135' title='bbox 1986 2638 2095 2677; x_wconf 86' lang='lat' dir='ltr'>poffitis</span> <span class='ocrx_word' id='word_1_1136' title='bbox 2116 2638 2197 2669; x_wconf 68' lang='lat' dir='ltr'>dicto</span> <span class='ocrx_word' id='word_1_1137' title='bbox 2218 2638 2294 2678; x_wconf 83' lang='lat' dir='ltr'>Regi</span> <span class='ocrx_word' id='word_1_1138' title='bbox 2317 2639 2420 2670; x_wconf 78' lang='lat' dir='ltr'>Franc-</span> 
     </span>
     <span class='ocr_line' id='line_1_144' title="bbox 1344 2677 2401 2720; baseline -0.003 -9"><span class='ocrx_word' id='word_1_1139' title='bbox 1344 2682 1458 2720; x_wconf 87' lang='lat' dir='ltr'>plenam</span> <span class='ocrx_word' id='word_1_1140' title='bbox 1474 2691 1529 2719; x_wconf 90' lang='lat' dir='ltr'>pro</span> <span class='ocrx_word' id='word_1_1141' title='bbox 1538 2682 1621 2712; x_wconf 90' lang='lat' dir='ltr'>nobis</span> <span class='ocrx_word' id='word_1_1142' title='bbox 1635 2682 1669 2713; x_wconf 76' lang='grc' dir='ltr'>δε</span> <span class='ocrx_word' id='word_1_1143' title='bbox 1680 2679 1826 2710; x_wconf 90' lang='lat' dir='ltr'>Gentibus</span> <span class='ocrx_word' id='word_1_1144' title='bbox 1839 2677 1957 2716; x_wconf 88' lang='lat' dir='ltr'>nostris,</span> <span class='ocrx_word' id='word_1_1145' title='bbox 1977 2679 2035 2708; x_wconf 89' lang='lat' dir='ltr'>sine</span> <span class='ocrx_word' id='word_1_1146' title='bbox 2047 2678 2216 2715; x_wconf 90' lang='lat' dir='ltr'>exceptione</span> <span class='ocrx_word' id='word_1_1147' title='bbox 2236 2677 2320 2716; x_wconf 89' lang='lat' dir='ltr'>cujus</span> <span class='ocrx_word' id='word_1_1148' title='bbox 2334 2688 2401 2708; x_wconf 89' lang='lat' dir='ltr'>uam</span> 
     </span>
     <span class='ocr_line' id='line_1_145' title="bbox 1345 2702 2422 2757; baseline -0.005 -6"><span class='ocrx_word' id='word_1_1149' title='bbox 1345 2721 1396 2752; x_wconf 91' lang='lat' dir='ltr'>sub</span> <span class='ocrx_word' id='word_1_1150' title='bbox 1415 2720 1509 2750; x_wconf 88' lang='lat' dir='ltr'>forma</span> <span class='ocrx_word' id='word_1_1151' title='bbox 1531 2729 1615 2757; x_wconf 84' lang='lat' dir='ltr'>quam</span> <span class='ocrx_word' id='word_1_1152' title='bbox 1633 2719 1717 2750; x_wconf 90' lang='lat' dir='ltr'>vobis</span> <span class='ocrx_word' id='word_1_1153' title='bbox 1737 2716 1929 2749; x_wconf 82' lang='lat' dir='ltr'>concessimus</span> <span class='ocrx_word' id='word_1_1154' title='bbox 1953 2716 2034 2754; x_wconf 88' lang='lat' dir='ltr'>super</span> <span class='ocrx_word' id='word_1_1155' title='bbox 2054 2715 2211 2745; x_wconf 86' lang='lat' dir='ltr'>donatione</span> <span class='ocrx_word' id='word_1_1156' title='bbox 2221 2715 2304 2753; x_wconf 89' lang='lat' dir='ltr'>ipsius</span> <span class='ocrx_word' id='word_1_1157' title='bbox 2355 2702 2422 2747; x_wconf 61' lang='lat' dir='ltr'>reu³</span> 
     </span>
     <span class='ocr_line' id='line_1_146' title="bbox 1344 2753 2421 2802; baseline -0.006 -12"><span class='ocrx_word' id='word_1_1158' title='bbox 1344 2768 1404 2799; x_wconf 84' lang='lat' dir='ltr'>gae,</span> <span class='ocrx_word' id='word_1_1159' title='bbox 1423 2768 1493 2802; x_wconf 83' lang='lat' dir='ltr'>curn</span> <span class='ocrx_word' id='word_1_1160' title='bbox 1513 2757 1704 2789; x_wconf 88' lang='lat' dir='ltr'>instrumento</span> <span class='ocrx_word' id='word_1_1161' title='bbox 1725 2755 1842 2793; x_wconf 81' lang='lat' dir='ltr'>nostro,</span> <span class='ocrx_word' id='word_1_1162' title='bbox 1863 2754 1954 2792; x_wconf 88' lang='lat' dir='ltr'>sigillo</span> <span class='ocrx_word' id='word_1_1163' title='bbox 1976 2753 2077 2784; x_wconf 91' lang='lat' dir='ltr'>nostro</span> <span class='ocrx_word' id='word_1_1164' title='bbox 2100 2753 2119 2783; x_wconf 89' lang='lat' dir='ltr'>si</span> <span class='ocrx_word' id='word_1_1165' title='bbox 2141 2754 2146 2759; x_wconf 85' lang='lat'><strong><em>&#39;</em></strong></span> <span class='ocrx_word' id='word_1_1166' title='bbox 2185 2761 2232 2791; x_wconf 72' lang='lat' dir='ltr'>to,</span> <span class='ocrx_word' id='word_1_1167' title='bbox 2251 2763 2338 2791; x_wconf 89' lang='lat' dir='ltr'>quam</span> <span class='ocrx_word' id='word_1_1168' title='bbox 2359 2754 2421 2785; x_wconf 86' lang='lat' dir='ltr'>for-</span> 
     </span>
     <span class='ocr_line' id='line_1_147' title="bbox 1346 2791 2352 2841; baseline -0.006 -13"><span class='ocrx_word' id='word_1_1169' title='bbox 1346 2807 1426 2829; x_wconf 87' lang='lat' dir='ltr'>mam</span> <span class='ocrx_word' id='word_1_1170' title='bbox 1440 2797 1575 2841; x_wconf 78' lang='lat' dir='ltr'>faeiemus</span> <span class='ocrx_word' id='word_1_1171' title='bbox 1586 2806 1635 2835; x_wconf 88' lang='lat' dir='ltr'>per</span> <span class='ocrx_word' id='word_1_1172' title='bbox 1648 2805 1701 2826; x_wconf 91' lang='lat' dir='ltr'>nos</span> <span class='ocrx_word' id='word_1_1173' title='bbox 1714 2795 1748 2827; x_wconf 89' lang='lat'>&amp;</span> <span class='ocrx_word' id='word_1_1174' title='bbox 1762 2794 1869 2825; x_wconf 88' lang='lat' dir='ltr'>nostras</span> <span class='ocrx_word' id='word_1_1175' title='bbox 1881 2800 1978 2833; x_wconf 73' lang='lat' dir='ltr'>gentes</span> <span class='ocrx_word' id='word_1_1176' title='bbox 1990 2791 2124 2823; x_wconf 79' lang='lat' dir='ltr'>inviolab‘</span> <span class='ocrx_word' id='word_1_1177' title='bbox 2139 2793 2188 2822; x_wconf 86' lang='lat' dir='ltr'>&#39;ter</span> <span class='ocrx_word' id='word_1_1178' title='bbox 2201 2791 2352 2823; x_wconf 89' lang='lat' dir='ltr'>observari.</span> 
     </span>
     <span class='ocr_line' id='line_1_148' title="bbox 1386 2829 2420 2906; baseline -0.005 -39"><span class='ocrx_word' id='word_1_1179' title='bbox 1386 2836 1420 2867; x_wconf 93' lang='lat' dir='ltr'>In</span> <span class='ocrx_word' id='word_1_1180' title='bbox 1434 2845 1512 2906; x_wconf 53' lang='lat' dir='ltr'>cgffs</span> <span class='ocrx_word' id='word_1_1181' title='bbox 1525 2837 1565 2881; x_wconf 73' lang='lat' dir='ltr'>rei</span> <span class='ocrx_word' id='word_1_1182' title='bbox 1579 2834 1776 2866; x_wconf 86' lang='lat' dir='ltr'>testimonium</span> <span class='ocrx_word' id='word_1_1183' title='bbox 1789 2833 1911 2865; x_wconf 87' lang='lat' dir='ltr'>fecimus</span> <span class='ocrx_word' id='word_1_1184' title='bbox 1925 2831 2072 2872; x_wconf 78' lang='lat' dir='ltr'>praesentes</span> <span class='ocrx_word' id='word_1_1185' title='bbox 2086 2829 2165 2871; x_wconf 85' lang='lat' dir='ltr'>sigilli</span> <span class='ocrx_word' id='word_1_1186' title='bbox 2178 2829 2269 2862; x_wconf 84' lang='lat' dir='ltr'>nostri</span> <span class='ocrx_word' id='word_1_1187' title='bbox 2277 2831 2420 2863; x_wconf 86' lang='lat' dir='ltr'>munimi-</span> 
     </span>
     <span class='ocr_line' id='line_1_149' title="bbox 1348 2884 1554 2906; baseline -0.005 0"><span class='ocrx_word' id='word_1_1188' title='bbox 1348 2885 1397 2906; x_wconf 86' lang='lat' dir='ltr'>me</span> <span class='ocrx_word' id='word_1_1189' title='bbox 1417 2884 1450 2906; x_wconf 86' lang='lat' dir='ltr'>ro</span> <span class='ocrx_word' id='word_1_1190' title='bbox 1494 2884 1554 2906; x_wconf 91' lang='lat' dir='ltr'>rari.</span> 
     </span>
    </p>
   </div>
   <div class='ocr_carea' id='block_1_26' title="bbox 1347 2947 2420 3032">
    <p class='ocr_par' dir='ltr' id='par_1_66' title="bbox 1347 2947 2420 3032">
     <span class='ocr_line' id='line_1_150' title="bbox 1385 2947 2420 2992; baseline -0.005 -8"><span class='ocrx_word' id='word_1_1191' title='bbox 1385 2952 1454 2984; x_wconf 88' lang='lat' dir='ltr'>Dat.</span> <span class='ocrx_word' id='word_1_1192' title='bbox 1470 2951 1550 2991; x_wconf 88' lang='lat' dir='ltr'>Jacc.</span> <span class='ocrx_word' id='word_1_1193' title='bbox 1571 2959 1673 2992; x_wconf 83' lang='lat' dir='ltr'>quarto</span> <span class='ocrx_word' id='word_1_1194' title='bbox 1685 2949 1787 2982; x_wconf 85' lang='lat' dir='ltr'>mensis</span> <span class='ocrx_word' id='word_1_1195' title='bbox 1803 2948 1941 2990; x_wconf 78' lang='lat' dir='ltr'>Augusti,</span> <span class='ocrx_word' id='word_1_1196' title='bbox 1957 2958 2034 2981; x_wconf 88' lang='lat' dir='ltr'>anno</span> <span class='ocrx_word' id='word_1_1197' title='bbox 2048 2948 2185 2981; x_wconf 90' lang='lat' dir='ltr'>Domino</span> <span class='ocrx_word' id='word_1_1198' title='bbox 2204 2947 2348 2980; x_wconf 85' lang='lat' dir='ltr'>milesimo</span> <span class='ocrx_word' id='word_1_1199' title='bbox 2366 2947 2420 2979; x_wconf 87' lang='lat' dir='ltr'>du-</span> 
     </span>
     <span class='ocr_line' id='line_1_151' title="bbox 1347 2990 1856 3032; baseline -0.008 -8"><span class='ocrx_word' id='word_1_1200' title='bbox 1347 2992 1504 3025; x_wconf 81' lang='lat' dir='ltr'>centesimo</span> <span class='ocrx_word' id='word_1_1201' title='bbox 1517 2991 1714 3032; x_wconf 72' lang='lat' dir='ltr'>ostuagesimo</span> <span class='ocrx_word' id='word_1_1202' title='bbox 1725 2990 1856 3029; x_wconf 88' lang='lat' dir='ltr'>septimo.</span> 
     </span>
    </p>
   </div>
   <div class='ocr_carea' id='block_1_27' title="bbox 1349 3068 2312 3084">
    <p class='ocr_par' dir='ltr' id='par_1_67' title="bbox 1349 3068 2312 3084">
     <span class='ocr_line' id='line_1_152' title="bbox 1349 3068 2312 3084; baseline 0 1177"><span class='ocrx_word' id='word_1_1203' title='bbox 1349 3068 2312 3084; x_wconf 95' lang='lat' dir='ltr'> </span> 
     </span>
    </p>
   </div>
   <div class='ocr_carea' id='block_1_28' title="bbox 2315 3068 2418 3075">
    <p class='ocr_par' dir='ltr' id='par_1_68' title="bbox 2315 3068 2418 3075">
     <span class='ocr_line' id='line_1_153' title="bbox 2315 3068 2418 3075; baseline 0 1186"><span class='ocrx_word' id='word_1_1204' title='bbox 2315 3068 2418 3075; x_wconf 95' lang='lat' dir='ltr'> </span> 
     </span>
    </p>
   </div>
   <div class='ocr_carea' id='block_1_29' title="bbox 1350 3128 2422 3179">
    <p class='ocr_par' dir='ltr' id='par_1_69' title="bbox 1350 3128 2422 3179">
     <span class='ocr_line' id='line_1_154' title="bbox 1350 3128 2422 3179; baseline -0.008 -9"><span class='ocrx_word' id='word_1_1205' title='bbox 1350 3135 1378 3163; x_wconf 51' lang='grc' dir='ltr'>ἵε</span> <span class='ocrx_word' id='word_1_1206' title='bbox 1395 3138 1444 3172; x_wconf 88' lang='lat' dir='ltr'>De</span> <span class='ocrx_word' id='word_1_1207' title='bbox 1462 3132 1561 3169; x_wconf 82' lang='lat' dir='ltr'>turbis</span> <span class='ocrx_word' id='word_1_1208' title='bbox 1577 3137 1655 3168; x_wconf 83' lang='lat' dir='ltr'>inter</span> <span class='ocrx_word' id='word_1_1209' title='bbox 1677 3131 1941 3179; x_wconf 78' lang='lat' dir='ltr'>Archiepiftopum</span> <span class='ocrx_word' id='word_1_1210' title='bbox 1958 3128 2125 3164; x_wconf 68' lang='lat' dir='ltr'>eboracen.</span> <span class='ocrx_word' id='word_1_1211' title='bbox 2150 3131 2188 3168; x_wconf 63' lang='grc' dir='ltr'>ὠ*</span> <span class='ocrx_word' id='word_1_1212' title='bbox 2205 3130 2366 3163; x_wconf 80' lang='lat' dir='ltr'>Decanum</span> <span class='ocrx_word' id='word_1_1213' title='bbox 2383 3139 2422 3162; x_wconf 82' lang='lat' dir='ltr'>ac</span> 
     </span>
    </p>
   </div>
   <div class='ocr_carea' id='block_1_30' title="bbox 1793 3156 2570 3229">
    <p class='ocr_par' dir='ltr' id='par_1_70' title="bbox 1793 3156 2570 3229">
     <span class='ocr_line' id='line_1_155' title="bbox 1793 3156 2570 3229; baseline -0.005 -15"><span class='ocrx_word' id='word_1_1214' title='bbox 1793 3181 1981 3229; x_wconf 79' lang='lat' dir='ltr'>Capitulum.</span> <span class='ocrx_word' id='word_1_1215' title='bbox 2439 3157 2455 3174; x_wconf 43' lang='lat'>⁸*</span> <span class='ocrx_word' id='word_1_1216' title='bbox 2465 3156 2570 3194; x_wconf 81' lang='lat'>11·353·</span> 
     </span>
    </p>
   </div>
   <div class='ocr_carea' id='block_1_31' title="bbox 1351 3263 2570 4041">
    <p class='ocr_par' dir='ltr' id='par_1_71' title="bbox 1351 3263 2570 4041">
     <span class='ocr_line' id='line_1_156' title="bbox 1417 3263 2418 3308; baseline -0.005 -7"><span class='ocrx_word' id='word_1_1217' title='bbox 1417 3270 1575 3308; x_wconf 88' lang='lat' dir='ltr'>Dwardus,</span> <span class='ocrx_word' id='word_1_1218' title='bbox 1599 3268 1658 3300; x_wconf 91' lang='lat' dir='ltr'>Dei</span> <span class='ocrx_word' id='word_1_1219' title='bbox 1679 3268 1784 3307; x_wconf 69' lang='lat' dir='ltr'>gratia,</span> <span class='ocrx_word' id='word_1_1220' title='bbox 1802 3266 1869 3298; x_wconf 89' lang='lat' dir='ltr'>Rex</span> <span class='ocrx_word' id='word_1_1221' title='bbox 1885 3265 2018 3306; x_wconf 76' lang='lat' dir='ltr'>Anghae,</span> <span class='ocrx_word' id='word_1_1222' title='bbox 2035 3263 2184 3296; x_wconf 89' lang='lat' dir='ltr'>Dominus</span> <span class='ocrx_word' id='word_1_1223' title='bbox 2196 3264 2366 3303; x_wconf 85' lang='lat' dir='ltr'>Hiberniae,</span> <span class='ocrx_word' id='word_1_1224' title='bbox 2383 3264 2418 3296; x_wconf 90' lang='lat'>&amp;</span> 
     </span>
     <span class='ocr_line' id='line_1_157' title="bbox 1431 3288 2570 3347; baseline -0.009 -7"><span class='ocrx_word' id='word_1_1225' title='bbox 1431 3309 1502 3341; x_wconf 79' lang='lat' dir='ltr'>Dux</span> <span class='ocrx_word' id='word_1_1226' title='bbox 1516 3309 1677 3347; x_wconf 75' lang='lat' dir='ltr'>Aquitaniae</span> <span class='ocrx_word' id='word_1_1227' title='bbox 1689 3307 1796 3338; x_wconf 60' lang='lat' dir='ltr'>diiecto</span> <span class='ocrx_word' id='word_1_1228' title='bbox 1810 3306 2020 3345; x_wconf 82' lang='lat' dir='ltr'>consanguineo</span> <span class='ocrx_word' id='word_1_1229' title='bbox 2034 3305 2068 3335; x_wconf 88' lang='lat'>&amp;</span> <span class='ocrx_word' id='word_1_1230' title='bbox 2082 3303 2158 3335; x_wconf 79' lang='lat' dir='ltr'>fideii</span> <span class='ocrx_word' id='word_1_1231' title='bbox 2171 3303 2239 3341; x_wconf 81' lang='lat' dir='ltr'>suo,</span> <span class='ocrx_word' id='word_1_1232' title='bbox 2256 3301 2415 3334; x_wconf 77' lang='lat' dir='ltr'>Edmundo</span> <span class='ocrx_word' id='word_1_1233' title='bbox 2437 3289 2514 3321; x_wconf 74' lang='lat' dir='ltr'>Anu·</span> <span class='ocrx_word' id='word_1_1234' title='bbox 2527 3288 2570 3323; x_wconf 90' lang='lat' dir='ltr'>D.</span> 
     </span>
     <span class='ocr_line' id='line_1_158' title="bbox 1351 3329 2553 3421; baseline -0.008 -40"><span class='ocrx_word' id='word_1_1235' title='bbox 1351 3349 1465 3421; x_wconf 38' lang='lat' dir='ltr'>tCetczumiti</span> <span class='ocrx_word' id='word_1_1236' title='bbox 1484 3347 1642 3380; x_wconf 82' lang='lat' dir='ltr'>Cornubiae</span> <span class='ocrx_word' id='word_1_1237' title='bbox 1654 3371 1665 3387; x_wconf 88' lang='lat'>,</span> <span class='ocrx_word' id='word_1_1238' title='bbox 1686 3347 1795 3379; x_wconf 89' lang='lat' dir='ltr'>tenenti</span> <span class='ocrx_word' id='word_1_1239' title='bbox 1814 3345 1916 3377; x_wconf 83' lang='lat' dir='ltr'>locum</span> <span class='ocrx_word' id='word_1_1240' title='bbox 1933 3343 2016 3376; x_wconf 88' lang='lat' dir='ltr'>suum</span> <span class='ocrx_word' id='word_1_1241' title='bbox 2034 3344 2066 3374; x_wconf 86' lang='lat' dir='ltr'>in</span> <span class='ocrx_word' id='word_1_1242' title='bbox 2084 3342 2190 3374; x_wconf 87' lang='lat' dir='ltr'>eodem</span> <span class='ocrx_word' id='word_1_1243' title='bbox 2207 3342 2335 3383; x_wconf 88' lang='lat' dir='ltr'>Regno,</span> <span class='ocrx_word' id='word_1_1244' title='bbox 2350 3340 2420 3373; x_wconf 85' lang='lat' dir='ltr'>salu-</span> <span class='ocrx_word' id='word_1_1245' title='bbox 2435 3329 2553 3404; x_wconf 52' lang='grc' dir='ltr'>Αῑηῑῖξζ,</span> 
     </span>
     <span class='ocr_line' id='line_1_159' title="bbox 1390 3410 2558 3467; baseline -0.01 -9"><span class='ocrx_word' id='word_1_1246' title='bbox 1390 3413 1468 3467; x_wconf 74' lang='lat' dir='ltr'>Qia</span> <span class='ocrx_word' id='word_1_1247' title='bbox 1479 3427 1641 3464; x_wconf 88' lang='lat' dir='ltr'>accepimus</span> <span class='ocrx_word' id='word_1_1248' title='bbox 1654 3424 1736 3464; x_wconf 75' lang='lat' dir='ltr'>quod</span> <span class='ocrx_word' id='word_1_1249' title='bbox 1749 3423 1883 3455; x_wconf 78' lang='lat' dir='ltr'>dissentio</span> <span class='ocrx_word' id='word_1_1250' title='bbox 1897 3421 1939 3454; x_wconf 89' lang='lat' dir='ltr'>est</span> <span class='ocrx_word' id='word_1_1251' title='bbox 1951 3421 2064 3453; x_wconf 86' lang='lat' dir='ltr'>suborta</span> <span class='ocrx_word' id='word_1_1252' title='bbox 2077 3421 2150 3451; x_wconf 87' lang='lat' dir='ltr'>inter</span> <span class='ocrx_word' id='word_1_1253' title='bbox 2164 3417 2417 3452; x_wconf 87' lang='lat' dir='ltr'>venerabilemPa-</span> <span class='ocrx_word' id='word_1_1254' title='bbox 2435 3410 2465 3434; x_wconf 78' lang='lat' dir='ltr'>E.</span> <span class='ocrx_word' id='word_1_1255' title='bbox 2491 3416 2516 3434; x_wconf 91' lang='lat'>¹·</span> <span class='ocrx_word' id='word_1_1256' title='bbox 2555 3447 2558 3450; x_wconf 22' lang='grc' dir='ltr'><strong>Δ</strong></span> 
     </span>
     <span class='ocr_line' id='line_1_160' title="bbox 1352 3449 2556 3537; baseline -0.011 0"><span class='ocrx_word' id='word_1_1257' title='bbox 1352 3463 1910 3537; x_wconf 47' lang='lat' dir='ltr'>estsuffibffissienisssn</span> <span class='ocrx_word' id='word_1_1258' title='bbox 1927 3470 1963 3492; x_wconf 56' lang='lat' dir='ltr'>ex</span> <span class='ocrx_word' id='word_1_1259' title='bbox 1976 3469 2054 3500; x_wconf 55' lang='lat' dir='ltr'>pm</span> <span class='ocrx_word' id='word_1_1260' title='bbox 2068 3459 2148 3498; x_wconf 41' lang='grc' dir='ltr'>πὶ»</span> <span class='ocrx_word' id='word_1_1261' title='bbox 2164 3460 2199 3492; x_wconf 65' lang='lat'>⁶⁶</span> <span class='ocrx_word' id='word_1_1262' title='bbox 2213 3458 2368 3490; x_wconf 53' lang='lat' dir='ltr'>Decem</span> <span class='ocrx_word' id='word_1_1263' title='bbox 2383 3455 2417 3486; x_wconf 72' lang='lat'>⁸⁶</span> <span class='ocrx_word' id='word_1_1264' title='bbox 2434 3449 2556 3512; x_wconf 53' lang='lat' dir='ltr'>{ei-{¹131</span> 
     </span>
     <span class='ocr_line' id='line_1_161' title="bbox 1392 3514 2570 3589; baseline -0.013 -14"><span class='ocrx_word' id='word_1_1265' title='bbox 1392 3515 1430 3575; x_wconf 51' lang='lat' dir='ltr'>gi</span> <span class='ocrx_word' id='word_1_1266' title='bbox 1455 3514 1597 3574; x_wconf 65' lang='lat' dir='ltr'>nolleriius</span> <span class='ocrx_word' id='word_1_1267' title='bbox 1619 3540 1700 3580; x_wconf 90' lang='lat' dir='ltr'>quod</span> <span class='ocrx_word' id='word_1_1268' title='bbox 1719 3550 1769 3579; x_wconf 87' lang='lat' dir='ltr'>per</span> <span class='ocrx_word' id='word_1_1269' title='bbox 1787 3525 1989 3572; x_wconf 77' lang='lat' dir='ltr'>diffent’ionem</span> <span class='ocrx_word' id='word_1_1270' title='bbox 2008 3535 2168 3576; x_wconf 86' lang='lat' dir='ltr'>hujusmodi</span> <span class='ocrx_word' id='word_1_1271' title='bbox 2189 3544 2243 3577; x_wconf 86' lang='lat' dir='ltr'>pax</span> <span class='ocrx_word' id='word_1_1272' title='bbox 2264 3531 2416 3572; x_wconf 85' lang='lat' dir='ltr'>aliqualiter</span> <span class='ocrx_word' id='word_1_1273' title='bbox 2434 3518 2570 3589; x_wconf 42' lang='lat'>3:83⁶?</span> 
     </span>
     <span class='ocr_line' id='line_1_162' title="bbox 1353 3584 2570 3666; baseline -0.011 -15"><span class='ocrx_word' id='word_1_1274' title='bbox 1353 3584 1578 3666; x_wconf 42' lang='lat' dir='ltr'>turffigffiressoes</span> <span class='ocrx_word' id='word_1_1275' title='bbox 1591 3617 1671 3663; x_wconf 85' lang='lat' dir='ltr'>quod</span> <span class='ocrx_word' id='word_1_1276' title='bbox 1684 3617 1812 3663; x_wconf 67' lang='lat' dir='ltr'>praediffl</span> <span class='ocrx_word' id='word_1_1277' title='bbox 1827 3616 1963 3648; x_wconf 88' lang='lat' dir='ltr'>Decanus</span> <span class='ocrx_word' id='word_1_1278' title='bbox 1977 3616 2012 3647; x_wconf 90' lang='lat'>&amp;</span> <span class='ocrx_word' id='word_1_1279' title='bbox 2026 3612 2252 3652; x_wconf 84' lang='lat' dir='ltr'>Capitulum,ex</span> <span class='ocrx_word' id='word_1_1280' title='bbox 2265 3609 2415 3649; x_wconf 62' lang='lat' dir='ltr'>conjectu·</span> <span class='ocrx_word' id='word_1_1281' title='bbox 2436 3591 2552 3643; x_wconf 35' lang='lat' dir='ltr'>rum-in&#39;</span> <span class='ocrx_word' id='word_1_1282' title='bbox 2568 3631 2570 3634; x_wconf 88' lang='lat'><em>.</em></span> 
     </span>
     <span class='ocr_line' id='line_1_163' title="bbox 1354 3641 2523 3702; baseline -0.012 -10"><span class='ocrx_word' id='word_1_1283' title='bbox 1354 3671 1391 3692; x_wconf 88' lang='lat' dir='ltr'>ris</span> <span class='ocrx_word' id='word_1_1284' title='bbox 1404 3661 1438 3690; x_wconf 87' lang='lat' dir='ltr'>ali</span> <span class='ocrx_word' id='word_1_1285' title='bbox 1461 3659 1540 3702; x_wconf 81' lang='lat' dir='ltr'>uibus</span> <span class='ocrx_word' id='word_1_1286' title='bbox 1556 3682 1566 3696; x_wconf 89' lang='lat'>,</span> <span class='ocrx_word' id='word_1_1287' title='bbox 1581 3657 1768 3702; x_wconf 76' lang='lat' dir='ltr'>verisimiliter</span> <span class='ocrx_word' id='word_1_1288' title='bbox 1789 3656 1838 3687; x_wconf 91' lang='lat' dir='ltr'>sibi</span> <span class='ocrx_word' id='word_1_1289' title='bbox 1857 3657 1960 3687; x_wconf 86' lang='lat' dir='ltr'>timent</span> <span class='ocrx_word' id='word_1_1290' title='bbox 1973 3664 2028 3698; x_wconf 83' lang='lat' dir='ltr'>ne,</span> <span class='ocrx_word' id='word_1_1291' title='bbox 2045 3663 2095 3691; x_wconf 85' lang='lat' dir='ltr'>per</span> <span class='ocrx_word' id='word_1_1292' title='bbox 2110 3653 2172 3683; x_wconf 88' lang='lat' dir='ltr'>vim</span> <span class='ocrx_word' id='word_1_1293' title='bbox 2185 3652 2300 3694; x_wconf 76' lang='lat' dir='ltr'>laicam,</span> <span class='ocrx_word' id='word_1_1294' title='bbox 2317 3657 2419 3687; x_wconf 88' lang='lat' dir='ltr'>utpote</span> <span class='ocrx_word' id='word_1_1295' title='bbox 2434 3641 2523 3672; x_wconf 52' lang='lat' dir='ltr'>Tum*</span> 
     </span>
     <span class='ocr_line' id='line_1_164' title="bbox 1355 3690 2419 3773; baseline -0.012 -6"><span class='ocrx_word' id='word_1_1296' title='bbox 1355 3709 1406 3744; x_wconf 59' lang='lat'>‘³⁶‘</span> <span class='ocrx_word' id='word_1_1297' title='bbox 1416 3690 2098 3773; x_wconf 49' lang='grc' dir='ltr'>ἀνὲἐῗὲῗὲῑὲιὲέῗέἕᾞὲὶᾏέἳὲἓῧεὐἓά</span> <span class='ocrx_word' id='word_1_1298' title='bbox 2108 3695 2342 3759; x_wconf 51' lang='grc' dir='ltr'>Ξὲἓξεῖῗῗωπω</span> <span class='ocrx_word' id='word_1_1299' title='bbox 2355 3698 2419 3726; x_wconf 69' lang='lat'>¹³²¹·</span> 
     </span>
     <span class='ocr_line' id='line_1_165' title="bbox 1354 3739 2420 3820; baseline -0.008 -15"><span class='ocrx_word' id='word_1_1300' title='bbox 1354 3747 1487 3820; x_wconf 25' lang='lat' dir='ltr'>nshialobis</span> <span class='ocrx_word' id='word_1_1301' title='bbox 1509 3759 1694 3818; x_wconf 66' lang='lat' dir='ltr'>mandamus,</span> <span class='ocrx_word' id='word_1_1302' title='bbox 1720 3742 1847 3812; x_wconf 63' lang='lat' dir='ltr'>quafflgus</span> <span class='ocrx_word' id='word_1_1303' title='bbox 1871 3770 1994 3810; x_wconf 87' lang='lat' dir='ltr'>Majori,</span> <span class='ocrx_word' id='word_1_1304' title='bbox 2012 3741 2046 3800; x_wconf 66' lang='grc' dir='ltr'>ἓε</span> <span class='ocrx_word' id='word_1_1305' title='bbox 2059 3739 2180 3798; x_wconf 52' lang='lat' dir='ltr'>Civibus</span> <span class='ocrx_word' id='word_1_1306' title='bbox 2195 3750 2356 3802; x_wconf 59' lang='lat' dir='ltr'>supradictis</span> <span class='ocrx_word' id='word_1_1307' title='bbox 2369 3764 2420 3796; x_wconf 85' lang='lat' dir='ltr'>fir-</span> 
     </span>
     <span class='ocr_line' id='line_1_166' title="bbox 1354 3802 2419 3851; baseline -0.009 -6"><span class='ocrx_word' id='word_1_1308' title='bbox 1354 3822 1438 3845; x_wconf 90' lang='lat' dir='ltr'>miter</span> <span class='ocrx_word' id='word_1_1309' title='bbox 1459 3812 1579 3843; x_wconf 88' lang='lat' dir='ltr'>inhiberi</span> <span class='ocrx_word' id='word_1_1310' title='bbox 1597 3812 1717 3851; x_wconf 85' lang='lat' dir='ltr'>faciatis,</span> <span class='ocrx_word' id='word_1_1311' title='bbox 1734 3822 1772 3842; x_wconf 92' lang='lat' dir='ltr'>ne</span> <span class='ocrx_word' id='word_1_1312' title='bbox 1783 3811 1820 3841; x_wconf 90' lang='lat' dir='ltr'>de</span> <span class='ocrx_word' id='word_1_1313' title='bbox 1833 3808 2083 3844; x_wconf 82' lang='lat' dir='ltr'>contentionibus,</span> <span class='ocrx_word' id='word_1_1314' title='bbox 2098 3805 2171 3834; x_wconf 85' lang='lat' dir='ltr'>inter</span> <span class='ocrx_word' id='word_1_1315' title='bbox 2193 3802 2344 3841; x_wconf 68' lang='lat' dir='ltr'>praedi&amp;os</span> <span class='ocrx_word' id='word_1_1316' title='bbox 2359 3804 2419 3835; x_wconf 91' lang='lat' dir='ltr'>Ar-</span> 
     </span>
     <span class='ocr_line' id='line_1_167' title="bbox 1354 3841 2420 3890; baseline -0.011 -7"><span class='ocrx_word' id='word_1_1317' title='bbox 1354 3852 1569 3890; x_wconf 83' lang='lat' dir='ltr'>chiepiscopum</span> <span class='ocrx_word' id='word_1_1318' title='bbox 1583 3852 1616 3882; x_wconf 90' lang='lat'>&amp;</span> <span class='ocrx_word' id='word_1_1319' title='bbox 1625 3851 1781 3881; x_wconf 90' lang='lat' dir='ltr'>Decanum</span> <span class='ocrx_word' id='word_1_1320' title='bbox 1795 3850 1829 3881; x_wconf 92' lang='lat'>&amp;</span> <span class='ocrx_word' id='word_1_1321' title='bbox 1842 3847 2007 3886; x_wconf 88' lang='lat' dir='ltr'>Capitulum</span> <span class='ocrx_word' id='word_1_1322' title='bbox 2020 3843 2164 3886; x_wconf 72' lang='lat' dir='ltr'>suscimtis,</span> <span class='ocrx_word' id='word_1_1323' title='bbox 2182 3841 2212 3871; x_wconf 85' lang='lat' dir='ltr'>in</span> <span class='ocrx_word' id='word_1_1324' title='bbox 2224 3842 2319 3880; x_wconf 85' lang='lat' dir='ltr'>aliquo</span> <span class='ocrx_word' id='word_1_1325' title='bbox 2333 3842 2360 3873; x_wconf 90' lang='lat' dir='ltr'>se</span> <span class='ocrx_word' id='word_1_1326' title='bbox 2375 3844 2420 3873; x_wconf 85' lang='lat' dir='ltr'>in-</span> 
     </span>
     <span class='ocr_line' id='line_1_168' title="bbox 1354 3880 2419 3928; baseline -0.009 -6"><span class='ocrx_word' id='word_1_1327' title='bbox 1354 3893 1532 3928; x_wconf 82' lang='lat' dir='ltr'>tromittant,</span> <span class='ocrx_word' id='word_1_1328' title='bbox 1550 3890 1596 3920; x_wconf 89' lang='lat' dir='ltr'>seu</span> <span class='ocrx_word' id='word_1_1329' title='bbox 1610 3899 1719 3928; x_wconf 85' lang='lat' dir='ltr'>partem</span> <span class='ocrx_word' id='word_1_1330' title='bbox 1732 3889 1891 3920; x_wconf 87' lang='lat' dir='ltr'>alterutram</span> <span class='ocrx_word' id='word_1_1331' title='bbox 1912 3885 1993 3923; x_wconf 89' lang='lat' dir='ltr'>super</span> <span class='ocrx_word' id='word_1_1332' title='bbox 2011 3880 2244 3925; x_wconf 74' lang='lat' dir='ltr'>contentionibus</span> <span class='ocrx_word' id='word_1_1333' title='bbox 2258 3881 2419 3918; x_wconf 79' lang='lat' dir='ltr'>hujufinodi</span> 
     </span>
     <span class='ocr_line' id='line_1_169' title="bbox 1355 3919 2417 3988; baseline -0.01 -27"><span class='ocrx_word' id='word_1_1334' title='bbox 1355 3932 1487 3975; x_wconf 72' lang='lat' dir='ltr'>foveant,</span> <span class='ocrx_word' id='word_1_1335' title='bbox 1507 3938 1555 3966; x_wconf 89' lang='lat' dir='ltr'>per</span> <span class='ocrx_word' id='word_1_1336' title='bbox 1571 3928 1648 3967; x_wconf 88' lang='lat' dir='ltr'>quod</span> <span class='ocrx_word' id='word_1_1337' title='bbox 1664 3937 1716 3972; x_wconf 82' lang='lat' dir='ltr'>pax</span> <span class='ocrx_word' id='word_1_1338' title='bbox 1730 3925 1827 3971; x_wconf 80' lang='lat' dir='ltr'>nostra</span> <span class='ocrx_word' id='word_1_1339' title='bbox 1838 3925 2007 3968; x_wconf 74' lang='lat' dir='ltr'>aliquatenus</span> <span class='ocrx_word' id='word_1_1340' title='bbox 2022 3919 2203 3988; x_wconf 57' lang='lat' dir='ltr'>infrmgiatur,</span> <span class='ocrx_word' id='word_1_1341' title='bbox 2221 3919 2267 3950; x_wconf 89' lang='lat' dir='ltr'>seu</span> <span class='ocrx_word' id='word_1_1342' title='bbox 2281 3919 2417 3958; x_wconf 83' lang='lat' dir='ltr'>tranquil-</span> 
     </span>
     <span class='ocr_line' id='line_1_170' title="bbox 1356 3957 2419 4041; baseline -0.009 -43"><span class='ocrx_word' id='word_1_1343' title='bbox 1356 3970 1415 4041; x_wconf 46' lang='lat' dir='ltr'>ltigsss</span> <span class='ocrx_word' id='word_1_1344' title='bbox 1431 3968 1565 4000; x_wconf 74' lang='lat' dir='ltr'>Ecclesiae</span> <span class='ocrx_word' id='word_1_1345' title='bbox 1579 3967 1742 4006; x_wconf 62' lang='lat' dir='ltr'>supradidtae</span> <span class='ocrx_word' id='word_1_1346' title='bbox 1761 3974 1790 3996; x_wconf 86' lang='lat' dir='ltr'>in</span> <span class='ocrx_word' id='word_1_1347' title='bbox 1804 3962 1927 4003; x_wconf 87' lang='lat' dir='ltr'>personis</span> <span class='ocrx_word' id='word_1_1348' title='bbox 1940 3968 1987 3992; x_wconf 87' lang='lat' dir='ltr'>aut</span> <span class='ocrx_word' id='word_1_1349' title='bbox 1999 3957 2082 3990; x_wconf 87' lang='lat' dir='ltr'>rebus</span> <span class='ocrx_word' id='word_1_1350' title='bbox 2096 3967 2111 3989; x_wconf 83' lang='lat' dir='ltr'>a</span> <span class='ocrx_word' id='word_1_1351' title='bbox 2132 3957 2246 3996; x_wconf 83' lang='lat' dir='ltr'>qualiter</span> <span class='ocrx_word' id='word_1_1352' title='bbox 2261 3959 2419 3991; x_wconf 81' lang='lat' dir='ltr'>conturbe-</span> 
     </span>
    </p>
   </div>
   <div class='ocr_carea' id='block_1_32' title="bbox 2351 4031 2425 4072">
    <p class='ocr_par' dir='ltr' id='par_1_72' title="bbox 2351 4031 2425 4072">
     <span class='ocr_line' id='line_1_171' title="bbox 2351 4031 2425 4072; baseline 0 0"><span class='ocrx_word' id='word_1_1353' title='bbox 2351 4031 2425 4072; x_wconf 68' lang='lat' dir='ltr'>Dat·</span> 
     </span>
    </p>
   </div>
  </div>
 </body>
</html>
