2570 4261
622 153 751 194 ET
865 152 1187 198 ACTA

0 228 66 261 ⁸⁰¹¹·
78 224 119 256 D·
147 239 197 278 fis,
215 240 326 270 ulterius
341 238 505 278 informari,
521 237 556 270 ad
576 248 607 270 ea
618 261 628 277 ,
645 239 774 276 congrua
796 242 951 272 maturitate
971 241 1092 280 servatii,
1109 237 1221 272 salubri-

10 273 93 306 1307·
148 287 189 308 ter
205 278 404 317 procedamus,
422 288 484 316 quae
499 279 528 308 in
539 278 650 308 laudem
665 277 779 316 Dei,&
793 277 932 310 honorem
969 281 1221 311 conservationem-

0 309 58 334 ΕΜ·
76 312 103 330 ²·
152 328 207 356 que
222 317 379 348 Catholicae
395 315 458 346 fidei
476 317 578 354 possint
597 316 630 347 &
647 315 765 347 debeant
782 319 882 349 merito
898 303 1057 349 redundare.

189 392 256 424 Dat.
272 392 346 431 apud
360 391 486 423 Westm.
508 402 554 433 30.
572 393 620 423 die
633 392 786 433 Octobris,
803 393 889 425 Anno
902 394 1003 432 Regni
1019 394 1104 425 nostri
1118 394 1220 433 primo.

343 520 393 552 De
411 523 543 566 exequiis
560 519 709 555 Edwardi
722 523 818 567 primi
839 519 1029 558 celebrandis.

0 605 71 638 Arm.
86 602 127 634 D.
152 603 274 662 REX
292 603 443 636 venerabili
461 605 490 634 in
510 603 626 634 Christo
647 603 719 635 Patri
738 605 791 636 W.
811 605 912 637 eadem
932 606 1021 645 gratia
1035 629 1046 646 ,
1070 606 1221 644 Archiepi-

16 652 102 684 1307.
224 644 312 682 scopo
325 643 468 681 Eborum,
485 643 598 679 Angliae
614 643 746 681 Primati‚
763 643 883 675 salutem.

0 690 83 716 ara-¹.
189 681 284 722 Deus,
303 682 479 719 Redemptor
495 683 625 711 omnium
642 682 676 711 &
693 680 810 712 Creator
826 705 836 720 ,
857 684 904 721 qui
922 683 1073 714 hominem
1090 682 1123 713 ad
1140 692 1221 727 yma—

0 730 62 753 ΕΛ.
154 720 254 756 ginem
274 722 307 753 &
327 719 535 752 similitudinem
553 719 628 750 suam
646 719 714 750 fecit
727 743 737 759 ,
763 720 844 751 clarae
862 722 1009 751 memoriae
1023 742 1034 759 ,
1056 721 1220 751 Dominum

0 760 86 796 Claus-
152 757 324 791 Edwardum
339 782 348 797 ,
373 757 482 802 dudum
500 757 612 795 Regem
633 758 761 798 Angli-ae,
779 757 992 803 Progenitorem
1009 759 1152 803 nostrum,
1172 769 1221 802 pa-

0 804 61 830 ι.Ε.
72 808 98 827 2.
151 800 192 828 cis
208 799 242 829 &
256 797 370 836 justitiae
387 795 526 827 fervidum
541 796 709 835 zelatorum,
727 806 812 835 quem
829 798 892 828 alias
909 797 1016 828 constat
1029 807 1139 835 magnis
1156 795 1221 827 fuis-

0 839 124 876 m.17.d.
149 836 176 867 se
193 837 326 867 virtutum
345 834 469 872 insigniis
486 835 519 865 δε
537 836 701 865 meritorum
719 837 867 873 praeconiis
882 835 1062 874 decoratum,
1080 845 1166 873 nuper
1183 835 1220 865 ab

149 875 204 905 hic
229 873 293 905 luce
305 897 317 913 ,
341 881 422 910 prout
439 873 489 903 fibi
508 873 627 912 placuit,
645 874 799 911 evocavit,
816 874 852 904 de
870 884 927 912 quo
945 874 1037 904 cordis
1058 873 1217 904 amaritudi-

151 923 238 950 nem,
257 911 394 949 augustias
409 912 443 942 &
458 911 566 942 dolores
578 911 754 949 intrinsecus,
773 922 830 942 non
850 913 1016 950 immerito,
1032 911 1203 943 sustinemus.

189 950 269 981 Cum
291 952 382 988 itaque
401 960 471 988 opus
492 950 629 980 Sandtum
643 950 676 980 &
692 950 804 981 Salubre
817 951 889 989 apud
905 949 1066 982 altiffimum
1081 949 1219 981 censeatur

149 1000 205 1028 pro
221 988 359 1019 defunditis
374 1011 384 1028 ,
408 996 439 1018 ut
455 988 471 1018 a
488 987 599 1019 suorum
617 987 694 1018 mole
709 990 909 1026 peccaminum
926 988 1074 1020 liberentur
1087 1011 1098 1027 ,
1114 988 1219 1019 devote

151 1029 186 1060 &
203 1027 361 1065 suppliciter
377 1036 507 1066 exorare,

188 1066 385 1097 Paternitatem
402 1063 526 1096 vestram
543 1062 693 1095 affectuose
718 1066 882 1104 requin'rnus
898 1065 932 1096 δε
948 1074 1083 1103 rogamus
1097 1087 1109 1104 ,
1126 1074 1220 1104 quate-

151 1115 202 1135 nus
221 1104 301 1142 ipsius
326 1103 412 1134 Patris
433 1102 519 1133 nostri
543 1104 669 1141 exequias
685 1102 860 1141 solempniter
880 1103 1047 1135 celebrantes
1060 1126 1071 1142 ,
1097 1105 1220 1134 animam

149 1143 224 1180 e'us,
242 1152 311 1173 cum
331 1140 481 1172 Miffarum
497 1141 703 1179 decantatione,
721 1142 754 1172 &
772 1142 830 1172 aliis
850 1141 1048 1173 Ecclesiasticis
1066 1140 1221 1181 suffi’agiis,

152 1153 221 1212 Deo
234 1181 303 1211 vivo
316 1181 349 1212 δε
363 1190 448 1219 vem,
465 1181 512 1219 qui
525 1179 613 1211 aufert
626 1179 760 1216 Spiritum
776 1179 940 1218 Principum
974 1177 1124 1218 specialiter
1136 1190 1222 1211 com·

152 1219 312 1258 mendetis3
335 1229 370 1250 ac
387 1219 423 1249 ab
439 1219 570 1249 omnibus
588 1217 736 1254 Religiosis
749 1241 758 1256 ,
783 1219 816 1249 &
837 1219 894 1249 aliis
916 1203 1028 1250 subditis
1050 1218 1145 1249 vestris
1162 1242 1172 1257 ,
1190 1220 1221 1248 in

151 1257 275 1288 Diocese
292 1257 400 1295 vestra,
417 1267 465 1294 per
477 1257 620 1287 missarum
637 1255 857 1295 decantationes,
875 1258 908 1288 &
928 1257 979 1288 alia
996 1256 1153 1287 hu‘usmodi
1167 1256 1222 1287 suf-

154 1296 243 1334 fragia
257 1295 365 1327 faciatis
387 1294 508 1325 similiter
528 1294 743 1333 commendari,
760 1302 805 1333 ut,
824 1296 919 1326 vestris
936 1296 970 1326 &
989 1296 1017 1333 ip
1028 1305 1110 1326 orum
1126 1295 1221 1325 Patro-

153 1335 237 1365 ciniis
249 1335 284 1366 δε
301 1334 430 1372 precibus
446 1333 553 1371 adjuta,
571 1331 690 1363 coelestis
708 1332 802 1372 Regni
818 1333 919 1364 solium
937 1333 1064 1372 ingredi,
1083 1334 1116 1364 ὅτ.
1135 1335 1165 1364 in
1182 1344 1222 1364 ae-

152 1373 233 1404 terna
249 1371 418 1403 beatitudine
432 1371 514 1403 citius
528 1371 616 1402 valeat
633 1370 777 1402 collocari.

188 1447 279 1480 Teste
289 1444 382 1487 ¹Rege
398 1447 471 1487 apud
490 1447 617 1479 Westrn.
637 1457 682 1489 30.
700 1447 746 1479 die
764 1447 888 1479 Octobr.
910 1447 996 1479 Anno
1011 1470 1021 1487 ,
1038 1448 1097 1479 &c.
1117 1449 1225 1486 primo.

192 1525 298 1555 Eadem
310 1525 383 1556 modo
389 1525 520 1565 scribitur
535 1524 685 1565 Epifiopis,
702 1523 878 1563 Abbatibus,
895 1522 955 1559 (ἐπ’.

300 1648 360 1683 Ad
376 1652 491 1696 Papam
505 1676 515 1693 ‚
543 1654 693 1697 rogatoria
706 1661 759 1696 pro
775 1647 918 1696 Johrmne
933 1648 969 1681 de
989 1648 1079 1691 Leek,

153 1733 375 1804 SAnCl'iffimo
393 1735 422 1765 in
441 1733 557 1765 Christo
577 1733 668 1772 Patri,
687 1734 820 1765 Domino
840 1734 877 1764 C.
895 1733 1004 1765 Divina
1027 1733 1224 1773 Providentia,

126 1783 133 1791 ·
211 1771 400 1803 Sacmsanetae
418 1772 558 1804 Romanae
575 1783 609 1804 ac
634 1773 804 1805 Universalis
822 1773 955 1804 Ecclefiae
976 1772 1089 1803 summo
1107 1772 1224 1803 Pontifi-

101 1823 108 1830 ·
154 1811 183 1843 ci
197 1833 208 1849 .,
230 1810 383 1843 Edwardus
395 1834 406 1851 ,
432 1810 554 1850 ejusdem
578 1813 664 1851 gratia
676 1835 687 1852 ,
704 1813 766 1844 &c.
782 1811 884 1843 devota
901 1811 1004 1851 pedum
1020 1810 1110 1843 oscula
1128 1812 1226 1842 beato-

100 1858 106 1865 ·
155 1859 230 1880 rum.
314 1864 315 1868 =

196 1886 255 1919 *Si
271 1898 340 1926 quos
360 1889 440 1919 variis
455 1889 592 1920 virtutum
609 1889 732 1927 insigniis
747 1890 878 1921 novimus
894 1888 1057 1927 decoratos,
1082 1896 1229 1927 quantum-

76 1936 80 1943 ·
111 1936 118 1942 ·
157 1937 281 1965 cumque
297 1927 313 1956 τὶ
330 1926 423 1958 nostra
441 1926 624 1958 familiaritate
639 1928 738 1959 fuerint
759 1928 857 1966 alieni,
875 1928 971 1965 gratiae
984 1927 1017 1958 ὃς
1031 1926 1132 1957 favoris
1143 1927 1230 1957 nostri

113 1973 120 1980 ·
156 1966 345 2004 praerogativis
358 1965 524 1997 attollimus:
542 1965 719 1997 familiarium
733 1966 893 1997 nostrorum
903 1989 912 2005 ,
921 1976 990 2004 quos
1005 1965 1163 2004 hujusmodi
1176 1965 1230 1996 suf-

158 2004 247 2041 fragia
263 2005 450 2042 comitantur,
466 2006 504 2034 eo
525 2006 616 2042 magis
638 2004 754 2035 sollicite
770 2015 950 2043 procuramus
964 2004 1085 2034 honores
1099 2005 1132 2035 &
1146 2014 1231 2034 cotn-

80 2051 87 2058 ·
130 2051 135 2056 ·
158 2042 260 2082 moda,
279 2045 339 2081 quo
354 2043 530 2073 laudabiliora
539 2066 549 2082 ,
567 2043 685 2081 praestita
700 2054 749 2082 per
764 2043 876 2074 eosdem
888 2044 969 2073 nobis
982 2042 1113 2081 obsequia
1127 2043 1225 2073 favore

156 2081 260 2119 dignos
275 2082 309 2112 &
325 2081 411 2118 gratia
424 2081 665 2113 recommendant.

195 2120 275 2150 Cum
289 2120 374 2157 igitur
387 2119 504 2151 dilectus
518 2121 552 2151 &
566 2120 706 2151 familiaris
718 2118 844 2151 Clericus
859 2119 953 2150 noster
966 2118 1109 2150 Dominus
1123 2119 1232 2159 Johan-

138 2157 206 2190 “nae
221 2158 258 2188 de
277 2158 354 2188 Leek
369 2181 379 2197 ,
405 2160 447 2188 vir
464 2159 558 2197 utique
577 2158 722 2197 prudentia
738 2158 955 2197 circumspectus
967 2181 976 2195 ,
993 2159 1027 2189 &
1045 2168 1160 2189 morum
1177 2159 1231 2189 ho-

157 2196 261 2228 nestate
275 2196 436 2236 praeclarus,
454 2198 502 2235 qui
519 2199 535 2227 a
549 2197 641 2228 multis
655 2200 730 2228 retro
745 2198 921 2236 temporibus
944 2196 1042 2226 nostris
1063 2197 1167 2235 jugiter
1189 2199 1232 2228 in-

158 2236 250 2274 stetit,
276 2237 309 2267 &
325 2235 419 2266 adhuc
434 2236 521 2266 indies
542 2235 637 2267 infistit
662 2235 818 2274 obsequiis,
835 2235 976 2274 quoddam
991 2236 1138 2272 negotium
1153 2235 1233 2266 suum

161 2275 249 2313 (quod
264 2274 371 2305 (111εὲὶο
385 2275 418 2305 &
433 2273 508 2304 fideli
523 2274 637 2313 nostro,
656 2273 788 2304 Domino
802 2274 954 2305 Amaneno
968 2272 1004 2303 de
1017 2273 1043 2304 le
1059 2272 1168 2313 Bretto,
1185 2285 1234 2314 pa-

156 2314 276 2344 ternitati
299 2312 398 2343 vestrae
410 2335 420 2352 ,
438 2314 572 2350 temporis
585 2314 789 2351 oportunitate,
805 2313 956 2351 specialiter
969 2312 1168 2344 commisimus
1185 2322 1234 2344 eir-

158 2351 325 2390 ponendum
346 2352 380 2382 &
401 2350 583 2381 affedmaliter
596 2351 816 2390 prosequendum
824 2374 834 2390 ‚
852 2361 904 2389 pro
917 2349 1082 2387 reportanda
1094 2349 1173 2389 super
1185 2364 1234 2384 eo-

157 2390 223 2420 dem
257 2390 354 2427 gratiae
376 2389 475 2419 vestrae
501 2389 703 2427 munificentia)
731 2391 761 2420 in
786 2389 965 2420 sacrosancta
992 2388 1124 2419 Romana
1149 2391 1235 2424 Curia

157 2428 358 2497 ffiosequaitfuref,
377 2427 470 2465 Ipsum
488 2429 634 2465 negotium
648 2428 804 2459 Patemitati
819 2427 917 2459 vestrae
931 2427 1040 2465 speciali
1055 2438 1236 2461 recommen-

196 2477 257 2497 mus
270 2477 285 2496 a
309 2477 324 2496 e
357 2476 389 2496 u:

195 2505 347 2536 Humiliter
365 2504 563 2542 supplicantes,
589 2505 713 2542 quatinus
733 2504 768 2535 ad
785 2504 990 2536 exauditionem
1012 2505 1151 2543 petitionis
1164 2506 1235 2547 suae,

161 2544 339 2582 praesentibus
353 2542 521 2581 interclusae,
539 2553 614 2574 aures
626 2543 793 2574 Clementiae
808 2543 906 2573 vestrae
920 2542 1080 2580 dignemini
1097 2545 1237 2583 gratiosius

160 2582 294 2613 inclinare
311 2581 400 2612 nostri
420 2583 522 2612 amoris
540 2582 660 2613 intuitu:
680 2582 879 2620 compatientes
896 2582 1006 2619 eidem,
1024 2592 1060 2612 ne
1076 2581 1122 2621 spe
1137 2583 1184 2614 sua
1202 2585 1236 2616 &

162 2620 305 2651 beneficiis
318 2620 370 2651 suis
382 2619 580 2650 Ecclesiasticis
595 2621 637 2659 (ut
651 2622 681 2651 in
693 2620 792 2651 eadem
811 2621 944 2659 petitione
956 2620 1002 2651 suti
1016 2621 1120 2658 plenius
1134 2622 1174 2652 est
1189 2633 1237 2654 ex-

161 2659 300 2699 pressum)
320 2667 461 2690 remaneat
472 2658 633 2698 destitutus,
650 2660 717 2698 quin
729 2660 819 2697 potius
833 2669 882 2696 per
896 2658 994 2690 vestrae
1009 2659 1166 2691 Sanffitatis
1172 2670 1235 2700 gra-

165 2700 252 2736 tiam,
269 2707 354 2736 quam
367 2697 475 2735 semper
490 2699 648 2728 invenimus
662 2699 742 2728 nobis
760 2699 928 2736 propitiam,
942 2700 1018 2736 juxta
1037 2698 1131 2729 cordis
1148 2699 1234 2730 nostri

166 2736 352 2774 desiderium,
368 2737 401 2767 ὃς
416 2736 471 2767 suae
485 2736 626 2773 probitatis
642 2738 755 2774 merita,
775 2736 806 2766 sit
819 2745 969 2774 promotus.

205 2775 251 2805 Ad
271 2776 398 2812 regimen
416 2774 547 2805 Ecclesiae
566 2775 621 2805 suae
633 2775 744 2805 Sanctae
758 2773 942 2806 satientatem
957 2775 1078 2807 vestram
1093 2776 1237 2808 conservet

166 2812 322 2844 Altissimus
338 2823 386 2851 per
398 2821 524 2851 tempora
539 2813 666 2852 prospera
681 2814 714 2845 δε
727 2813 867 2852 longaeva.

207 2889 279 2921 Dat.
297 2889 432 2920 London.
451 2889 552 2921 ultimo
570 2889 616 2920 die
633 2889 781 2921 octobris.

269 3017 329 3048 Pro
346 3014 475 3049 Ricardo
494 3014 531 3049 de
547 3015 677 3063 Roclzefle
703 3015 824 3061 Custode
842 3020 965 3050 Pontivi
979 3016 1141 3061 constituto.

19 3116 98 3149 Ann-
110 3115 151 3146 Β.
225 3098 352 3137 Dward,
372 3109 420 3138 par
433 3099 459 3131 la
474 3099 702 3145 gracedeDieu,
720 3103 779 3133 Roi
794 3101 1000 3141 d'Engleterre‚
1018 3103 1154 3140 Seigneur
1170 3104 1241 3135 d'Ir-

76 3165 97 3184 Ο
119 3179 126 3185 ⁸
172 3107 218 3169 E
236 3139 317 3177 land,
333 3139 367 3169 &
383 3138 465 3169 Ducs
482 3139 599 3177 d'Aquit
643 3151 694 3180 ne,
714 3141 729 3172 a
745 3150 812 3173 touz
827 3151 913 3179 ceux,
931 3152 986 3180 que
1002 3142 1089 3173 cestes
1106 3142 1242 3180 presentes

19 3165 74 3222 A?
92 3164 118 3221 ,ἶ
173 3177 278 3209 Lettres
291 3185 420 3215 verront,
439 3187 477 3208 ou
489 3186 602 3221 orront,
629 3178 700 3210 aluz.

19 3237 53 3261 Ε·
72 3242 98 3259 2·
209 3215 294 3284 ἔξω
306 3226 378 3284 ἔὲὲξ
391 3215 960 3288 ἔσέἒῑίἶΉίἳῆἓὲἓῗέἓῖἓιῗὲἷέὗὲαᾞῆἒ
976 3229 1111 3287 32νοωᾶ
1127 3218 1241 3288 ests²b¹iz

21 3276 139 3338 2³²2}
171 3264 432 3323 flcolalogccGardein
445 3292 482 3323 de
494 3276 589 3323 nostre
601 3302 670 3324 terre
682 3293 718 3324 dc
732 3278 834 3326 Pontis
844 3268 876 3326 ἓξ
890 3268 1102 3326 (ὶεοῦῇοῗιῖὶῑῑέἷΠ
1110 3268 1241 3335 ,reovgnlgs

27 3357 93 3376 Νη.
105 3349 150 3377 ¹6·
173 3339 387 3369 aportenances,

210 3368 246 3399 Et
260 3369 298 3400 lui
310 3369 432 3399 donoms
446 3368 521 3406 plein
533 3379 601 3407 poet·
617 3370 650 3401 &
663 3370 778 3408 especial
792 3372 990 3403 maundement
1004 3373 1039 3404 de
1057 3384 1187 3412 requere,
1203 3375 1239 3405 de

172 3406 341 3446 demandet,
359 3407 395 3438 de
409 3406 540 3438 defendre
553 3408 590 3439 les
604 3408 715 3447 causes,
733 3409 770 3439 les
783 3409 891 3449 resons,
909 3412 942 3442 &
958 3411 981 3441 la
993 3412 1113 3442 droiture
1135 3422 1240 3450 aperte-

171 3454 257 3477 nantz
276 3446 290 3476 a
315 3445 409 3476 nostre
427 3445 523 3476 Conte
541 3447 576 3477 de
596 3446 696 3477 Pontif
706 3470 716 3486 ,
739 3457 795 3478 ove
812 3448 848 3478 les
865 3458 1076 3489 aportenances,
1095 3451 1243 3488 perdevant

173 3493 235 3555 {effus
252 3484 335 3524 Juges
347 3507 357 3523 ,
382 3484 416 3515 &
433 3493 530 3515 contre
548 3492 619 3515 tores
636 3485 761 3524 persones
776 3509 786 3525 ,
806 3487 822 3516 ‘a
838 3495 908 3518 tores
922 3488 1032 3526 jornees
1049 3488 1183 3527 affignees
1207 3491 1241 3522 &

216 3533 312 3562 igner3

213 3560 261 3592 De
276 3569 371 3592 ventes
381 3562 494 3592 omoier
507 3561 541 3592 &
555 3560 677 3592 affirmet
693 3570 777 3602 quant
790 3563 901 3594 mestier
915 3564 995 3596 serra:

206 3600 255 3631 De
270 3600 389 3638 prendre
403 3600 503 3631 feautes
512 3610 547 3630 en
561 3600 616 3631 lieu
632 3601 649 3631 ὲ
662 3611 697 3632 en
710 3612 790 3632 noun
803 3601 840 3633 de
854 3613 937 3633 nous:

211 3639 261 3670 De
273 3638 361 3669 reliefs
373 3640 513 3677 receivre,
529 3638 565 3668 de
574 3640 648 3678 juret
662 3650 696 3670 en
711 3640 793 3671 lalme
806 3641 843 3671 de
856 3651 945 3681 nouS,
962 3642 982 3672 fi
1001 3642 1123 3673 mestiers
1136 3642 1192 3673 est:

171 3716 190 3747 s
217 3677 266 3747 Ιέζε
273 3686 518 3746 ἔοσέῗτοηὲεῑῑῐε,
536 3677 573 3707 de
586 3676 714 3717 pacificr,
730 3678 881 3718 d'assentir,
897 3679 933 3710 de
951 3681 1082 3719 repliker,
1101 3681 1136 3711 de
1151 3692 1245 3721 oppo-

183 3726 211 3747 er
293 3727 308 3746 e
323 3727 335 3745 r
402 3726 419 3745 n
441 3726 483 3745 re:

211 3754 259 3785 De
273 3725 419 3786 Bafflifgo&
441 3754 477 3785 de
497 3753 641 3792 Serjauntz
654 3763 753 3786 mettre
765 3765 801 3785 en
813 3754 908 3786 nostre
921 3763 991 3788 terre
1004 3757 1155 3796 desusdite3
1173 3758 1190 3789 ὲ
1207 3757 1244 3790 de

174 3802 228 3823 eux
241 3793 314 3824 oster
331 3802 413 3831 quant
429 3792 448 3822 il
463 3803 539 3823 verra
553 3803 606 3830 que
620 3793 730 3824 mestier
744 3793 828 3824 serra:

214 3830 263 3861 De
278 3841 376 3862 mettre
391 3831 526 3861 Visconte
543 3832 557 3861 a
580 3832 766 3862 Monrstroill:

214 3867 264 3898 De
277 3879 335 3900 noz
349 3869 562 3910 Viscontes,·&
578 3880 636 3900 noz
656 3878 742 3901 autres
763 3879 859 3909 terres,
885 3870 919 3902 &
936 3879 1025 3903 rentes
1041 3871 1154 3912 bailler,
1178 3872 1247 3905 live·

177 3916 223 3937 rer
239 3907 255 3935 Ξι
268 3906 373 3947 ferme,
393 3909 408 3939 ‘a
423 3910 518 3939 nostre
531 3908 625 3946 profit:
1190 3932 1193 3934 -

213 3944 261 3974 De
273 3945 380 3977 establit
395 3948 555 3978 Lieutenant
567 3957 601 3976 en
614 3946 662 3977 son
679 3947 750 3986 lieu3
769 3949 816 3985 qui
832 3947 982 3979 semblable
997 3950 1014 3980 ὲ
1030 3949 1110 3981 autiel
1124 3959 1192 3988 poet
1208 3951 1246 3981 eit

177 3993 233 4022 que
248 3983 273 4013 le
286 3983 326 4015 dit
341 3985 465 4016 Monfire
481 3985 603 4015 Ricliard
619 3996 646 4016 es
659 3986 752 4016 choses
765 3986 922 4017 desusdites:

217 4020 254 4051 Et
267 4020 303 4051 de
319 4021 384 4053 faire
398 4023 565 4055 Procureurs
581 4035 616 4055 en
632 4024 824 4064 Parlememz,
842 4035 878 4056 en
891 4024 1006 4067 Affises,
1023 4036 1061 4058 en
1082 4025 1247 4066 Provostes,

177 4058 213 4091 δι’.
226 4070 262 4090 en
277 4068 347 4092 totes
361 4070 448 4093 autres
460 4061 578 4094 Courtz.

1293 151 1869 203 PUBLICA.
2273 175 2330 215 95

1298 237 1335 269 Et
1352 239 1526 286 quelconque
1541 243 1624 274 chose
1641 244 1666 274 le
1682 244 1723 275 dit
1741 244 1912 285 Seneschall,
1928 256 1965 278 ou
1979 247 1999 278 li
2012 248 2126 280 establiz
2140 259 2176 280 eri
2190 248 2240 281 son
2250 249 2324 288 lieu,
2346 246 2420 276 A¹ffi
2436 245 2478 277 D-

1260 286 1340 308 avera
1353 279 1407 322 dit,
1425 279 1489 317 fait,
1506 292 1544 312 ou
1560 293 1675 319 procure
1688 293 1735 321 per
1747 294 1834 323 nous,
1851 285 1885 316 &
1896 295 1931 315 cu
1942 286 2035 317 nostre
2047 298 2140 327 noun,
2157 299 2192 318 en
2209 288 2323 326 gardant
2367 294 2452 324 1307.

1260 315 1352 346 nostre
1366 316 1424 347 dite
1438 327 1508 349 terre
1520 319 1557 350 de
1572 319 1671 350 Pontis
1680 322 1712 352 δε
1726 322 1762 352 de
1778 323 1963 363 Montstroill,
1980 335 2037 356 ove
2050 326 2087 356 les
2104 335 2321 365 aportenances,
2345 326 2413 356 Edv,
2431 333 2459 355 2·

1259 354 1292 383 &
1307 364 1343 384 en
1358 354 1542 396 demandant,
1559 367 1595 388 en
1606 368 1765 398 requerant,
1782 361 1814 391 δε
1830 372 1864 392 en
1878 362 2026 393 defendant
2039 363 2077 394 les
2088 364 2220 395 droitures
2238 365 2323 396 d'ice-

1261 391 1303 429 le,
1320 392 1426 423 sicome
1444 395 1519 426 desus
1530 395 1570 426 est
1585 396 1644 435 dit,
1660 407 1729 428 nous
1744 409 1842 429 avoms
1855 401 1872 430 ὲ
1887 411 2014 431 aveioms
2028 401 2101 432 ferm
2115 403 2148 433 &
2161 403 2271 435 estable.

1297 429 1322 459 E
1339 431 1487 463 mandoms
1501 456 1511 472 ,
1538 436 1555 464 e
1573 436 1788 466 commandoms
1806 437 1821 466 a
1836 446 1903 469 touz
1920 449 1976 470 noz
1993 440 2122 472 Souzmis
2137 464 2147 480 ‚
2172 441 2207 472 de
2223 443 2249 474 la
2265 443 2322 474 dite

1260 475 1330 511 terre
1341 469 1375 499 &
1387 468 1514 513 Contee,
1532 482 1585 510 que
1601 484 1634 504 au
1651 473 1691 504 dit
1710 473 1836 505 Monsire
1853 475 1998 516 Richard,
2015 488 2051 508 en
2065 478 2103 510 les
2123 479 2220 511 choses
2235 480 2324 512 desus-

1259 506 1346 545 dites,
1364 506 1449 538 soient
1461 509 1614 541 obeiffantz
1626 511 1658 542 &
1673 513 1848 543 entendantz.

1262 543 1563 613 Lelg'jtrriegesmoignance
1579 549 1616 580 de
1634 551 1717 588 quien
1734 551 1816 582 chose
1831 562 1900 582 nous
1916 563 2014 585 avoms
2030 554 2070 586 fet
2087 555 2153 587 faire
2167 556 2253 588 cestes
2266 567 2324 590 noz

1378 594 1495 616 OVCX‘ICS·

1298 657 1413 690 Donees
1431 659 1446 690 ὲ
1465 660 1663 698 Berkhamsted
1675 687 1686 702 ,
1710 664 1736 695 le

1524 702 1528 706 .
1753 666 1856 703 primer
1870 667 1934 704 jour
1954 666 1989 697 de
2011 669 2198 711 Novembre,
2215 671 2270 704 l’an
2287 673 2323 705 de

1261 696 1353 727 nostre
1367 697 1471 736 Regne
1487 710 1600 738 primer.

1329 822 1380 853 De
1404 820 1566 855 Concordia
1594 828 1671 857 inter
1695 828 1886 859 Mercatores
1912 828 2005 875 Angl.
2030 833 2067 867 ὅ]
2091 832 2257 866 Hollandiae

1684 874 1887 917 reformanda.

1260 950 1378 1008 REX
1396 956 1527 986 omnibus
1544 954 1654 987 Ballivis
1671 956 1705 987 &
1723 956 1846 989 fidelibus
1865 959 1931 998 suis,
1949 961 2008 992 &c.
2025 962 2148 994 salutem.
2343 969 2408 1000 Anri
2434 969 2474 1000 D.

1282 1028 1287 1033 ⁷
1351 990 1428 1022 Cum
1446 993 1560 1037 Nobilis
1576 994 1628 1024 Vir
1642 1018 1652 1033 ,
1678 994 1823 1039 Dominus
1841 997 2010 1030 &Villielmus
2028 1000 2168 1033 Hanoniae
2191 1026 2200 1042 ,
2217 1001 2325 1036 Holan-
2365 995 2449 1049 ¹357·

1259 1025 1315 1057 diae
1332 1029 1365 1060 &
1379 1029 1524 1062 Zelandiae
1547 1030 1654 1076 Comes
1669 1055 1679 1071 ,
1705 1042 1794 1064 mittat
1809 1035 1943 1073 quosdam
1959 1038 2086 1069 homines
2102 1041 2134 1071 &
2153 1041 2326 1075 Mercatores
2349 1053 2389 1074 An
2412 1056 2438 1074 ι.

1259 1064 1320 1096 suos
1333 1067 1366 1098 ad
1383 1068 1464 1108 Nos,
1481 1070 1515 1100 ad
1528 1070 1604 1114 diem
1614 1071 1632 1090 ²*
1644 1070 1834 1103 Dominicam
1849 1076 2006 1111 proximam
2020 1086 2082 1108 ante
2098 1078 2306 1117 Carniprivium
2344 1090 2374 1113 Ε.
2394 1094 2419 1112 2.

1260 1104 1294 1134 ad
1312 1106 1488 1138 tractandum
1508 1109 1654 1152 nobiscum
1671 1109 1748 1150 super
1767 1110 1935 1143 Concordia
1948 1135 1958 1152 ,
1983 1115 2053 1144 inter
2074 1116 2178 1148 nostros
2195 1106 2325 1151 homines
2344 1128 2403 1152 ΡΜ.
2425 1131 2450 1151 r.

1260 1143 1295 1187 ὃς
1313 1144 1484 1189 Mercatores
1508 1146 1619 1193 Anghae
1644 1157 1679 1177 ex
1698 1156 1773 1186 parte
1792 1150 1847 1180 una
1861 1173 1871 1189 ,
1897 1152 1931 1182 &
1955 1151 2082 1183 homines
2098 1155 2131 1185 ὃς
2152 1156 2326 1190 Mercatore-s
2347 1167 2372 1191 Ε.
2392 1171 2416 1190 2.
2430 1167 2456 1198 p·

1262 1181 1471 1228 dieti-Comitis
1485 1193 1519 1214 ex
1533 1185 1615 1230 altera
1630 1186 1825 1230 reformandi,
1842 1188 1878 1219 de
1891 1189 2004 1221 diversis
2018 1195 2244 1226 contentionibus
2253 1197 2322 1235 ,dis-
2348 1210 2370 1227 i.
2382 1210 2419 1227 m.
2432 1209 2474 1234 14,

1263 1220 1364 1251 cordus
1377 1222 1410 1253 δε
1424 1221 1628 1266 Controversiis
1648 1233 1718 1255 inter
1740 1226 1851 1257 eosdem
1871 1227 2000 1260 homines
2018 1229 2129 1261 dudum
2153 1235 2264 1264 exortis:
2285 1235 2321 1266 Et
2343 1239 2473 1266 *illam

1262 1258 1340 1304 super
1354 1260 1479 1304 emendis
1494 1260 1530 1292 de
1553 1261 1665 1306 diversis
1680 1263 1811 1302 dampnis
1827 1266 1859 1296 ὃς
1876 1265 2001 1306 Injuriis,
2018 1268 2086 1298 hinc
2100 1270 2134 1300 &
2148 1271 2212 1301 inde
2228 1272 2321 1312 illatis,

1266 1297 1417 1338 faciendis,
1434 1300 1467 1330 &
1482 1299 1516 1329 ad
1533 1299 1695 1332 faciendum
1709 1301 1837 1342 ulterius,
1854 1304 1887 1335 &
1900 1306 2095 1343 recipiendum
2111 1318 2172 1346 quae
2188 1318 2254 1341 tunc
2268 1311 2323 1345 ibi-

1262 1336 1347 1375 dem,
1365 1336 1402 1381 de
1414 1340 1567 1368 communi
1575 1337 1700 1370 Consilio
1714 1341 1747 1370 &
1760 1340 1894 1379 Affensu,
1913 1345 2065 1382 contigerit
2079 1347 2217 1377 ordinari:

1299 1374 1389 1405 Vobis
1404 1376 1567 1420 mandamus
1577 1378 1658 1421 quod
1673 1378 1833 1410 hominibus
1846 1381 1917 1411 dieti
1933 1381 2074 1422 Comitis,
2092 1386 2121 1414 in
2138 1386 2279 1416 veniendo
2291 1387 2326 1418 ad

1263 1423 1329 1451 nos,
1347 1413 1381 1444 ad
1394 1413 1482 1445 Diem
1494 1416 1850 1458 praed16tum,‘morando,
1867 1420 1900 1450 &
1925 1419 2086 1461 redeundo,
2105 1432 2165 1453 non
2185 1424 2307 1456 inferatis
2313 1448 2325 1464 ,

1261 1452 1324 1496 seu,
1341 1461 1474 1491 quantum
1491 1454 1608 1484 mvobis
1622 1454 1679 1494 est,
1696 1455 1793 1486 inferri
1808 1458 1844 1488 ab
1859 1458 1916 1488 aliis
1931 1461 2093 1496 permittatis
2105 1462 2327 1502 injuriam,mo-

1263 1489 1393 1535 lestiam,
1409 1491 1582 1531 dampnum,
1599 1494 1835 1532 impedimentum
1850 1495 1981 1536 aliquod,
1998 1498 2042 1529 seu
2059 1509 2222 1536 gravamen.

1299 1528 1333 1559 In
1347 1539 1440 1568 quuS,
1457 1531 1518 1561 &c.
1535 1531 1618 1569 usque
1632 1532 1667 1563 ad
1681 1532 1759 1563 diem
1778 1532 1971 1566 Dominicam
1991 1537 2210 1576 quadragesima:
2232 1540 2326 1578 proxi-

1265 1569 1317 1598 mo
1333 1566 1453 1598 futuram
1467 1568 1592 1601 duratur'.

1304 1643 1391 1675 Teste
1407 1644 1490 1684 Rege
1503 1647 1577 1685 apud
1594 1646 1825 1688 Berkhamstede‚
1846 1659 1859 1689 3
1875 1650 1922 1681 die
1935 1650 2122 1684 Novembris.

1268 1773 1378 1804 Comiti
1400 1772 1573 1811 Ηιιιίιιιιιίἰε,1
1612 1774 1693 1821 quod
1716 1778 1824 1808 Dotem
1838 1802 1847 1819 ‚
1880 1775 1994 1809 diutius
2017 1776 2167 1813 detentam
2180 1806 2190 1823 ,
2215 1781 2329 1814 Eliza-

1514 1820 1602 1855 betha
1614 1824 1711 1868 sbrori
1733 1828 1820 1872 Regis
1842 1824 1927 1858 reddi
1938 1826 2052 1870 faciat.

1267 1902 1379 1973 REd>i<
1391 1905 1501 1951 Nobili
1509 1908 1588 1952 viro,
1606 1907 1742 1953 Domino
1757 1909 1985 1956 W2Hanoni2e,
2004 1911 2204 1958 Holandiaefssf
2225 1915 2331 1947 Zelan-
2352 1915 2427 1947 Ann.
2440 1914 2482 1946 D.

1369 1954 1393 1974 τε
1414 1943 1544 1985 Comiti,
1563 1947 1596 1977 &
1624 1946 1758 1978 Domino
1778 1948 1886 1987 Priliae,
1912 1960 2008 1980 amico
2032 1949 2080 1981 suo
2104 1953 2247 1984 karisiimo
2264 1954 2331 1986 salu·
2350 1963 2457 2022 A1n3017.

1305 2018 1344 2064 Ea
1352 2043 1362 2059 ,
1382 2031 1444 2059 quae
1457 2023 1540 2053 nobis
1555 2023 1697 2061 proposuit
1709 2033 1742 2055 ex
1757 2032 1834 2062 parte
1847 2025 1938 2056 vestra
1951 2025 2114 2059 Cristantius
2121 2028 2157 2059 de
2166 2028 2332 2070 Raephorst,
2355 2038 2380 2059 Ε.
2403 2042 2431 2059 2.

1270 2057 1358 2103 Miles
1382 2061 1415 2090 ὃ(
1427 2059 1567 2104 ,Νυηςίυε
1588 2061 1693 2101 vester,
1711 2062 1789 2101 super
1805 2063 2006 2095 reformatione
2026 2067 2136 2097 unionis
2158 2069 2191 2098 &
2211 2079 2333 2100 concor·
2353 2075 2423 2099 Rom.
2441 2078 2451 2096 Ι
2462 2089 2468 2098 ·

1269 2096 1323 2128 diae
1347 2097 1384 2128 de
1405 2097 1549 2130 discordiis
1584 2102 1826 2140 contentionibus,
1843 2103 1877 2133 &
1892 2104 2102 2143 controversiiS,
2118 2106 2189 2136 inter
2202 2107 2334 2139 homines
2354 2113 2384 2136 Ε.
2406 2118 2431 2135 2.
2449 2117 2487 2137 m,

1271 2136 1305 2166 &
1320 2134 1497 2167 Mercatores
1511 2148 1548 2168 no
1574 2149 1617 2168 ros
1631 2139 1762 2178 Angliae,
1779 2150 1813 2170 ac
1833 2140 1964 2172 homines
1985 2143 2018 2172 &
2042 2142 2215 2175 Mercatores
2231 2146 2334 2177 vestros
2361 2156 2403 2175 ιο.

1271 2174 1381 2204 dudum
1403 2177 1518 2219 exortis,
1537 2187 1649 2207 necnon
1670 2177 1748 2216 super
1775 2179 1971 2209 emendatione
1998 2181 2176 2220 injuriarum,
2193 2183 2335 2222 dampno-

1272 2222 1391 2251 rumque
1413 2213 1603 2254 restitutione,
1627 2216 1694 2246 hinc
1718 2216 1785 2247 inde
1802 2216 1951 2256 faciendis,
1970 2218 2091 2258 benigne
2112 2221 2285 2261 audivimuS,
2302 2224 2335 2254 &

1272 2252 1357 2290 pleno
1370 2254 1555 2292 concepimus
1569 2253 1720 2285 intellectu.

1308 2290 1362 2328 Et,
1382 2291 1446 2328 quia
1459 2301 1510 2322 nos
1523 2302 1651 2322 amorem
1667 2293 1701 2324 δε
1714 2293 1900 2325 concordiam
1916 2296 1989 2326 inter
2011 2295 2104 2326 diebos
2117 2297 2224 2328 nostros
2238 2299 2270 2330 δε
2286 2309 2336 2330 ve-

1274 2328 1342 2359 stros
1353 2328 1478 2374 subditos
1492 2331 1557 2360 iniri
1581 2331 1729 2370 cupimus,
1753 2332 1901 2370 futurisqtie
1923 2335 2098 2371 temporibus
2117 2336 2284 2374 confoveri,
2302 2345 2332 2368 ut

1272 2367 1392 2398 securius
1412 2378 1539 2398 invicem
1558 2371 1712 2400 convenire
1733 2371 1857 2410 valeant,
1874 2371 1988 2410 suosque
2011 2373 2171 2404 contradens
2195 2376 2229 2406 &
2255 2374 2340 2406 Mer-

1274 2405 1417 2436 chandisas
1432 2406 1524 2436 utilius
1538 2416 1684 2444 exercere,

1312 2444 1358 2475 Ad
1375 2445 1550 2475 tractandum
1571 2445 1651 2483 super
1673 2446 1831 2483 hujusmodi
1853 2447 2011 2487 discordiis,
2038 2452 2283 2491 contentionibus,
2303 2453 2338 2484 ὅτ.

1274 2484 1487 2521 controversiis,
1505 2494 1538 2514 ac
1552 2486 1775 2522 competentibus
1791 2487 1916 2516 emendis
1930 2486 2006 2524 super
2019 2487 2148 2526 dampnis
2168 2491 2201 2521 δε
2215 2492 2336 2530 iniuriis,

1276 2521 1291 2550 ὲ
1306 2520 1390 2551 dietis
1403 2522 1568 2553 hominibus
1588 2526 1690 2554 mutuo
1709 2522 1804 2562 illatis,
1822 2532 1852 2554 ut
1870 2525 1975 2555 dicitur
1988 2549 1999 2563 ,
2013 2526 2081 2557 hinc
2100 2530 2132 2558 ὅς
2150 2529 2231 2567 nde)
2242 2526 2339 2561 'motio

1276 2559 1372 2590 debito
1386 2560 1536 2600 faciendis,
1553 2560 1690 2600 plenaque
1703 2562 1860 2593 concordia
1873 2562 2022 2594 formanda
2037 2565 2146 2597 favente
2156 2568 2291 2598 Domino
2305 2569 2341 2598 &

1276 2597 1430 2637 firmanda,
1446 2599 1523 2629 diem
1538 2599 1655 2637 praefato
1668 2599 1790 2630 Nuncio
1810 2600 1922 2640 vestro,
1941 2603 2089 2642 videlicet,
2108 2606 2184 2635 diem
2202 2606 2341 2637 Domini-

1277 2646 1359 2676 cam,
1380 2639 1539 2674 proximam
1570 2646 1634 2668 ante
1659 2637 1890 2679 Carniprivium,
1909 2650 2006 2671 coram
2029 2643 2127 2682 nobis,
2153 2644 2186 2675 &
2215 2644 2342 2676 Comilio

1277 2675 1375 2705 nostro
1386 2676 1515 2706 duximus
1530 2676 1743 2716 affignandam,

1316 2714 1363 2744 Ad
1378 2724 1464 2752 quem
1479 2714 1557 2746 diem
1573 2714 1676 2746 vestros
1691 2715 1825 2746 Nuncios
1838 2716 1870 2747 δε
1888 2716 2102 2759 Procuratores,
2119 2730 2187 2752 cum
2209 2721 2291 2760 plena
2307 2722 2341 2753 δε

1277 2752 1425 2783 sufficienti
1439 2753 1571 2791 potestate
1585 2754 1620 2784 ad
1633 2754 1808 2785 metandum
1825 2756 1857 2785 ὃ(
1875 2755 2109 2788 consentiendum
2126 2759 2203 2797 super
2218 2760 2343 2798 praemis-

1278 2792 1311 2822 sis
1344 2792 1377 2822 &
1396 2792 1429 2822 ad
1445 2792 1607 2823 faciendum
1623 2793 1656 2823 &
1671 2793 1863 2831 recipiendum
1890 2805 1952 2832 quae
1973 2803 2039 2826 tunc
2055 2797 2164 2828 ibidem
2187 2799 2342 2836 contigerit

1278 2814 1416 2869 ordinari,
1433 2831 1467 2861 ad
1480 2831 1602 2862 nostram
1618 2831 1777 2869 presenti-im
1793 2833 1918 2870 poteritis
1931 2833 2074 2865 destinare.

1317 2868 1444 2908 Verum,
1461 2871 1525 2908 quia
1545 2870 1579 2900 ad
1595 2869 1752 2907 hujusmodi
1768 2871 1907 2901 unionem
1926 2872 1960 2903 &
1976 2873 2180 2912 concordiam,
2198 2875 2268 2905 inter
2289 2885 2343 2906 no-

1279 2907 1346 2938 stros
1360 2909 1393 2940 &
1408 2907 1515 2938 vostros
1529 2907 1650 2938 subditos
1661 2908 1831 2947 ineundam,
1848 2908 2008 2948 firmiusque
2029 2912 2198 2951 tenendam,
2219 2913 2342 2945 multum

1278 2946 1475 2985 alliceretnos,
1493 2945 1790 2985 &nostros3nostrum
1797 2949 1882 2978 etiam
1890 2949 2017 2980 animum
2033 2950 2068 2981 ad
2084 2951 2264 2982 annuendum
2277 2952 2347 2990 hiis,

1280 2995 1342 3023 quae
1359 2995 1441 3023 penes
1453 2995 1502 3015 nos
1517 2984 1638 3022 velletis,
1655 2985 1808 3023 plurimum
1824 2986 1983 3026 inclinaret,
2001 2988 2021 3018 si
2036 2999 2087 3020 vos
2102 2989 2252 3020 kariffimae
2267 2989 2343 3021 soro-

1279 3025 1303 3054 ri
1313 3025 1414 3054 nostrae
1426 3023 1576 3054 Elizabetae
1611 3024 1753 3061 quondam
1767 3024 1914 3062 Consorti,
1932 3026 2016 3058 bonae
2030 3029 2194 3067 memoriae,
2211 3028 2346 3068 johannis

1280 3073 1368 3101 nuper
1384 3061 1508 3092 Comitis
1521 3061 1553 3092 ὅ(
1570 3045 1690 3091 Domini
1704 3062 1858 3093 Terrarum
1872 3064 2067 3101 praedietarum
2076 3089 2086 3105 ,
2104 3067 2294 3098 Antecessoris
2312 3068 2346 3098 ὃ(

1281 3100 1492 3139 Consanguinei
1507 3099 1606 3136 vestri,
1624 3099 1721 3131 dotem
1735 3101 1828 3139 suam,
1846 3103 1949 3141 ipsam,
1966 3104 1996 3134 in
2020 3104 2071 3135 illis
2095 3106 2215 3143 partibus
2234 3107 2347 3137 contin-

1282 3149 1418 3179 gentem,
1435 3141 1461 3170 ei
1477 3138 1568 3170 adhuc
1584 3138 1743 3178 detentam,
1762 3140 1840 3170 reddi
1855 3140 1976 3178 plenarie
1988 3143 2129 3183 faceretis,

1320 3178 1487 3209 Amicitiam
1501 3177 1619 3208 vestram
1633 3179 1735 3207 attente
1754 3179 1917 3216 requirimus
1938 3180 1971 3210 &
1987 3191 2137 3222 rogamus,
2157 3184 2282 3221 quatinus
2300 3180 2344 3212 su-

1281 3227 1330 3255 per
1345 3217 1428 3256 plena
1441 3215 1596 3247 redditione
1609 3214 1682 3245 dotis
1694 3215 1764 3246 illius
1778 3217 1881 3256 taliter,
1899 3218 1918 3248 si
1930 3218 2036 3258 placet,
2055 3220 2141 3251 nostri
2157 3222 2255 3251 intuitu
2266 3220 2343 3250 ordi-

1281 3266 1347 3286 nare
1364 3255 1470 3294 velitis,
1489 3263 1518 3284 ut
1533 3253 1632 3284 eadem
1647 3252 1723 3284 soror
1744 3255 1854 3294 nostra,
1872 3256 1972 3294 absque
1991 3258 2124 3289 ulterioris
2142 3259 2279 3289 dilationis
2301 3259 2345 3288 in-

1281 3294 1457 3332 commodo,
1472 3292 1569 3322 dotem
1580 3291 1655 3322 suam
1665 3292 1830 3329 praedietam
1847 3296 1957 3331 integre
1969 3296 2084 3336 habeat,
2105 3298 2172 3327 sicut
2187 3297 2278 3326 debet.

1320 3333 1444 3364 Scientes
1458 3340 1508 3370 pro
1520 3339 1599 3360 certo
1612 3330 1687 3368 quod
1700 3331 1800 3362 nostris
1814 3331 1960 3364 affeeribus
1973 3346 2033 3365 non
2046 3337 2168 3373 poteritis
2180 3335 2239 3371 plus
2251 3334 2344 3371 place-

1283 3380 1314 3402 re
1340 3372 1423 3410 quam
1440 3371 1458 3400 si
1474 3371 1549 3399 hunc
1558 3368 1683 3412 nostrum
1698 3379 1830 3408 rogatum
1839 3371 1992 3410 adimplere
2005 3375 2163 3404 curaveritis
2177 3376 2208 3404 in
2227 3373 2342 3403 effectu.

1352 3421 1368 3441 e
1387 3420 1423 3440 eo
1440 3416 1549 3445 autem,
1566 3407 1732 3451 quodynde
1751 3409 1879 3441 duxeritis
1905 3411 2083 3450 faciendum,
2102 3413 2197 3449 nobis,
2214 3411 2249 3441 ad
2265 3411 2344 3442 diem

1303 3448 1449 3494 randi-<stum
1462 3468 1473 3485 ,
1497 3455 1544 3484 per
1571 3445 1721 3483 praedietos
1737 3448 1844 3480 vestros
1862 3448 2012 3488 Nunciov,
2029 3450 2174 3488 constare,
2200 3449 2220 3480 si
2239 3449 2347 3488 placet,

1294 3496 1405 3526 aciatis,

1267 1988 1335 2012 tem.

1319 3562 1386 3594 Dat.
1397 3560 1468 3601 apud
1483 3560 1609 3591 Westm.
1624 3571 1645 3600 4
1661 3561 1707 3592 die
1720 3560 1904 3594 Novembris.

1284 3700 1493 3734 Procuratoria
1509 3696 1601 3742 fitper
1624 3699 1827 3729 Matrimonia
1855 3700 1932 3730 inter
1954 3700 2062 3745 Regem
2093 3701 2129 3736 ὠ*
2154 3697 2316 3744 lslzbellam
2333 3725 2344 3741 ‚

1462 3748 1645 3779 Francorum
1668 3748 1756 3792 Regis
1779 3748 1925 3788 Natam,
1950 3745 2156 3779 contrahendo.
2361 3757 2436 3787 Αῃῃ,
2453 3757 2495 3789 D=

1349 3832 1468 3863 Overint
1481 3828 1616 3874 Universi
1633 3830 1708 3874 quod
1725 3839 1793 3869 nos,
1813 3829 1980 3868 Edwardus,
1999 3830 2057 3874 Dei
2074 3831 2179 3870 gratini,
2197 3831 2262 3863 Rex
2284 3833 2345 3864 An-
2357 3806 2464 3863 Alsos..

1367 3871 1449 3909 gliae,
1467 3868 1610 3899 Dominus
1625 3868 1785 3906 Hiberniae,
1802 3870 1835 3899 &
1852 3868 1919 3899 Dux
1934 3870 2090 3907 Aquitaniae
2101 3895 2110 3908 ,
2361 3878 2389 3901 E.
2416 3883 2441 3902 2,

1323 3910 1371 3941 De
1386 3906 1589 3945 circumspeeta
1602 3906 1735 3938 industria
1749 3908 1781 3938 &
1797 3907 1925 3938 fidelitate
1936 3907 2053 3947 probati
2075 3907 2276 3940 venerabilium
2296 3908 2349 3940 Pa·
2360 3916 2427 3937 [ψη.
2448 3913 2474 3935 i:

1283 3958 1477 4016 mssnjqntonii
1492 3984 1665 4014 patriarcha
1678 3983 1910 4023 Jerosblimitani,
1927 3982 1965 4019 ᾤ’
1980 3984 2180 4027 Βιιηεῖφηενβς,
2197 3987 2231 4019 &
2361 3954 2390 4013 ¹13¹.
2410 3958 2433 3975 Ζ.
2450 3956 2489 3973 Μ’

1321 4025 1464 4067 Jahannis
1479 4023 1682 4067 Norwycenfis,
1700 4023 1919 4061 Episcoporum:
1947 4023 1994 4056 Ac
2015 4023 2170 4056 Nobilium
2191 4026 2344 4061 Virorum,
2356 4027 2372 4042 ³¹⁵
2387 4024 2430 4053 111
2436 4029 2489 4053 ,zu

1391 4062 1559 4095 dileetorum
1574 4061 1607 4093 &
1622 4061 1745 4093 fidelium
1758 4062 1933 4100 nostrorum,
2282 4100 2315 4129 H

2313 4109 2365 4128 en‘
