2560 4261
206 194 259 234 26
632 180 1435 232 CONVENTIONES,
1519 177 1921 232 LITERAE,

55 275 133 307 Anti.
146 273 186 305 D.
204 277 289 307 etiam
309 274 414 306 Christi
434 272 611 306 crucifixores
630 273 752 303 venerati
771 273 852 311 sunt,
875 272 945 302 dum
968 272 998 303 in
1016 281 1116 312 agrum
1130 270 1207 309 siguli
1226 269 1268 299 ob
1303 267 1472 311 smatione,
1490 265 1525 296 &
1546 265 1638 306 scripti
1656 265 1821 297 testimonio
1839 266 1876 296 ab
1894 263 2012 305 ipsarum
2032 261 2220 308 Ecclesiarum
2240 258 2362 294 Praelatis
2383 258 2460 294 Ann.
2474 259 2519 296 D:

77 321 161 352 1193.
204 315 417 356 peregrinorum
431 313 597 352 sepulturam
612 311 723 342 Christi
735 312 843 343 venditi
854 311 977 352 pretium
990 310 1196 341 transtulerunt.
1300 314 1442 346 accipiatis
1456 313 1462 333 z
1481 303 1581 343 Eisque
1594 314 1643 344 per
1654 305 1870 335 Sacramentum
1885 303 2066 340 vestrum,&
2081 302 2200 333 aliorum
2217 301 2361 333 Baronurn
2403 311 2487 341 1193.

1301 343 1465 374 nostrorum
1480 352 1551 380 quos
1564 343 1707 374 volueritis
1725 343 1882 380 affirmetis,
1903 342 1981 382 quod
1993 342 2031 371 eis
2042 341 2163 381 plenarie
2177 340 2362 371 restituentur.

242 352 332 383 Porro
347 363 415 383 curn
430 351 571 382 Abraham
585 352 801 391 peregrinaretur
815 352 844 381 in
857 359 927 381 terra
941 348 1076 380 Chanaan
1085 371 1094 386 ,
1117 348 1182 378 Rex
1196 346 1269 376 Abi·
1344 385 1360 400 ᾖ
1438 383 1442 387 ⁴
1504 382 1509 384 q
1638 384 1642 387 ι
2096 381 2105 385 ,
2217 380 2221 384 ⁵
2245 380 2249 384 ,
2283 379 2287 383 ,
2558 378 2560 389 ¹

709 390 714 395 ·
1378 382 1588 412 Univerlorum
1609 391 1691 412 etiarn
1712 381 1856 412 Baronum
1873 382 2035 412 nostrorum
2047 380 2154 411 oblides
2167 387 2317 423 recipiatis,
2332 388 2365 410 ut
2386 379 2402 396 ⁴*
2420 380 2444 406 Ι.
2458 378 2506 418 81,
2558 395 2560 411 l

205 392 317 422 melech
332 393 357 422 ei
370 392 484 431 gratiam
495 390 584 430 plenae
602 389 777 420 humanitatis
791 389 935 425 exhibuit,
952 387 1046 426 Jacob
1063 385 1136 427 apud
1152 384 1269 423 Laban,

59 1830 76 1846 ‘⁴
91 1827 168 1857 L80.

60 3138 137 3168 Ann.
152 3135 192 3167 D.

83 3184 164 3214 1193.

60 3219 194 3250 A.4.l(.1.

207 429 324 467 Moyses
343 429 415 469 apud
434 428 551 467 jethro,
571 427 667 459 David
682 428 755 469 apud
769 428 881 467 Regem
894 426 1001 463 Aeliis,
1020 427 1053 457 &
1066 425 1162 455 caeteri
1176 422 1270 467 Patr&

204 470 327 508 antiqui,
344 467 474 497 nondum
488 467 610 506 acceptis
622 478 651 498 re
672 465 898 504 romissionibus,
925 464 970 495 sed
981 464 1066 508 longe
1079 472 1121 493 eas
1135 461 1271 501 aspicien-

207 515 249 537 tes
263 508 303 546 ’ὃς
326 505 508 545 confitentes,
525 507 590 546 quia
610 477 698 537 essgnt
740 516 768 536 er
805 506 858 535 rini
873 506 907 536 &
918 503 1038 540 hospites
1054 502 1135 546 ‚super
1150 509 1271 545 terrani,

207 544 280 585 apud
295 544 449 576 barbariem
463 544 605 576 Gentium
619 545 720 586 multip
730 554 763 575 ex
769 515 831 575 Ἐκ
846 542 1073 582 peregrinationis
1085 540 1213 570 solatium
1227 548 1273 568 iri-

211 592 355 614 venerunt.

245 620 283 651 Et
306 623 354 662 qui
375 632 441 652 eum
463 622 609 660 vendidit,
624 623 658 653 δε
698 623 727 652 ui
747 622 833 658 emit,
852 620 883 650 in
902 617 1004 649 sortem
1024 616 1106 660 Judae
1121 615 1273 660 Iscariotis,

206 660 243 691 &
261 662 291 691 in
316 661 515 692 maledictione
528 661 630 691 fraudis
638 632 765 699 Judaicae
780 665 958 697 reputentur,
977 664 1009 686 ut
1022 659 1055 686 lit
1067 665 1135 686 cum
1148 665 1187 685 eis
1201 654 1274 698 ipso-

208 709 273 729 rum
288 702 406 738 pecunia
420 701 448 730 in
462 700 663 739 perditionem:
683 697 763 727 Cum
778 696 892 727 Dathan
903 696 937 726 &
952 694 1063 724 Abiron
1078 702 1148 724 terra
1166 703 1215 723 eos
1230 703 1274 723 Vi-

209 747 308 768 ventes
328 739 470 769 absorbeat
505 736 672 768 successores
691 735 792 774 Judae,
810 734 881 765 filios
895 733 1048 771 Avaritiae,
1066 732 1159 763 servos
1173 730 1274 776 Mam-

209 786 325 815 monae,
343 778 435 807 semen
457 761 610 814 dhanaan,
645 775 768 805 enimina
788 774 971 814 Viperarum,
988 772 1117 816 membra
1137 770 1274 807 Diaboli,

210 814 352 846 ministros
373 816 497 852 Satanae,
520 823 625 853 praeam
649 814 707 844 ulos
728 812 909 843 Antichristi:
941 810 1081 842 Saeviente
1102 820 1132 840 in
1153 809 1273 850 populos

210 852 328 883 istorum
351 853 496 895 tyrannide
516 852 627 893 publica
650 851 798 882 mortalitas
810 850 952 881 invalescit
965 873 974 888 ,
992 848 1091 879 Urbes
1104 856 1274 892 evacuantur

210 891 368 923 Pestilentia
392 893 426 923 &
451 891 538 922 Fame
558 900 624 931 quae
635 890 831 928 superveniunt
841 888 970 920 universo
980 888 1061 925 orbi,
1077 897 1131 918 nec
1146 886 1275 917 dissimu-

210 930 265 960 lare
277 929 438 970 possumus,
455 939 503 961 aut
518 938 609 960 tacere
622 929 718 970 quod,
736 929 809 966 juxta
825 928 946 959 verbum
963 925 1114 964 Apostoli,
1142 927 1198 964 jam
1213 934 1274 964 my-

210 967 326 998 sterium
347 970 495 1008 iniquitatis
514 967 706 999 Antichristus
724 975 870 1036 oiperatur,
888 974 920 997 ut
939 965 1074 996 reveletur
1094 966 1123 996 in
1143 973 1202 996 tem
1223 973 1273 1009 ore

210 1006 272 1037 suo:
292 1008 412 1038 abundat
426 1008 505 1037 enim
517 1007 646 1046 iniquitas
658 1007 691 1037 ὃς
705 1016 734 1036 re
759 1005 854 1046 igescit
875 1005 970 1036 caritas
985 1004 1149 1035 multorum.
1206 1042 1211 1047 ⁸
1240 1011 1275 1033 ti-

210 1055 274 1076 mus
287 1044 344 1083 est,
371 1047 420 1083 qui
435 1056 496 1076 non
511 1045 552 1076 est
567 1046 651 1076 nimis
663 1045 758 1075 malus.
795 1044 831 1074 In
845 1052 1045 1083 argumentum
1057 1042 1191 1073 adventus
1204 1042 1221 1071 il
1233 1043 1274 1072 ius

210 1084 260 1115 filii
284 1085 445 1120 perditionis
461 1084 624 1124 generaliter
641 1083 762 1114 mundus
782 1083 812 1113 in
825 1084 949 1151 maligno
966 1082 1069 1120 positus
1081 1080 1140 1119 est,
1159 1079 1273 1111 defaevit

210 1123 328 1152 morbus
357 1123 494 1161 iestilens,
512 1123 545 1154 ὃς
567 1122 680 1153 edulitas
702 1120 853 1152 invalescit.
921 1121 1007 1160 egitur
1023 1118 1101 1158 quod
1114 1129 1191 1149 mors
1203 1128 1272 1149 cum

209 1171 247 1191 eo
267 1160 324 1199 est,
353 1163 443 1192 aciem
464 1163 520 1199 ejus
540 1161 674 1201 praecedit
693 1159 810 1200 egestas:
832 1160 931 1190 Nobis
945 1162 975 1190 in
989 1158 1135 1189 Germana
1149 1157 1272 1201 Germa-

208 1200 255 1229 nia
277 1199 340 1230 haec
359 1200 432 1231 mala
453 1201 610 1240 germinant
622 1200 763 1230 universis.
801 1197 884 1229 Heu!
902 1197 970 1229 heu!
992 1197 1135 1235 Principes
1150 1195 1271 1236 Aquilo-

209 1237 265 1268 nis!
286 1247 352 1268 vere
361 1240 397 1269 ab
411 1239 551 1278 Aquilone
564 1239 693 1278 panditur
705 1247 794 1268 omne
807 1237 922 1268 malum.

246 1275 302 1307 Sed
318 1276 374 1307 hoc
391 1277 497 1308 malum
511 1277 587 1316 Regi
601 1277 700 1308 nostro
714 1277 787 1307 bene
801 1277 890 1307 utenti
903 1283 1086 1306 convertetur
1098 1276 1128 1305 in
1139 1275 1270 1305 bonurn:

208 1312 292 1345 Nam
312 1315 393 1351 iudex
415 1317 589 1347 innocentiae
611 1315 690 1346 Deus
702 1315 785 1346 faciet
801 1316 830 1345 in
864 1315 975 1345 roximo
989 1314 1126 1352 judicium
1140 1314 1272 1356 in'uriatn

205 1354 338 1392 patienti,
356 1354 438 1385 saciet
450 1354 670 1385 misericordiam
684 1353 830 1384 Dominus
874 1352 964 1383 hristo
976 1353 1037 1383 suo.
1060 1352 1148 1383 Zelus
1194 1361 1270 1381 omi-

207 1392 237 1421 ni
256 1394 431 1423 exercituum
452 1393 534 1424 faciet
552 1393 626 1431 hoc,
644 1393 678 1424 &
692 1393 780 1423 scient
794 1401 911 1430 omneS,
926 1392 990 1432 quia
1003 1390 1065 1422 sunt
1079 1391 1203 1429 reliquiae
1216 1390 1272 1420 ho-

206 1431 277 1461 mini
293 1432 421 1468 pacifico.
460 1431 590 1462 Domine
605 1433 633 1462 in
649 1433 752 1462 virtute
764 1439 810 1462 tua
822 1431 960 1461 laetabitur
973 1430 1038 1461 Rex
1050 1429 1153 1468 justus,
1171 1428 1207 1459 de
1219 1439 1268 1459 an·

204 1468 295 1508 gustia
316 1469 359 1500 sua
381 1471 551 1501 liberabitur:
572 1471 652 1501 cadet
664 1479 758 1501 autem
771 1470 873 1510 impius
886 1470 917 1499 in
930 1469 1060 1508 laqueum
1076 1478 1164 1510 quem
1178 1475 1270 1499 teten-

205 1508 248 1539 dit
258 1531 266 1545 ,
287 1508 320 1538 &
334 1509 362 1538 in
377 1511 513 1539 verticem
529 1509 608 1549 ipsius
627 1509 754 1549 iniquitas
769 1509 824 1546 ejus
837 1507 993 1538 descendet.

245 1546 276 1576 O
290 1546 390 1587 rubigo
402 1548 557 1578 animarum
571 1547 694 1578 avaritia!
713 1547 744 1577 O
758 1548 832 1577 tinea
845 1546 977 1578 cordium
990 1544 1138 1587 cupiditas!
1151 1554 1216 1585 quae
1231 1543 1269 1576 fic

205 1584 336 1614 homines
354 1585 500 1617 excaecasti
515 1609 526 1624 ,
558 1596 650 1625 neque
672 1585 727 1617 suae
747 1594 892 1624 parcerent
911 1585 1015 1616 animae
1029 1608 1039 1624 ,
1063 1594 1154 1624 neque
1173 1583 1268 1614 famae.

206 1622 399 1655 Consumetur
416 1624 532 1665 quidem
552 1625 687 1663 pecunia,
704 1623 749 1655 sed
769 1633 836 1655 nota
854 1624 1020 1663 proditionis
1042 1633 1102 1654 non
1122 1622 1268 1653 delebitur.

207 1661 295 1692 Tanti
315 1663 420 1693 sceleris
439 1664 596 1694 immanitas
614 1663 782 1694 derivabitur
796 1662 830 1692 ad
844 1661 988 1703 posteros,
1007 1662 1041 1693 &
1057 1663 1086 1692 in
1101 1671 1194 1702 ungue
1206 1661 1269 1692 ada-

206 1703 335 1731 mantino
354 1702 417 1733 haec
437 1702 563 1742 iniquitas
584 1701 725 1732 scribetur.
763 1701 826 1731 Filii
848 1700 1011 1741 plorationis
1031 1709 1145 1731 aetemae
1159 1710 1219 1730 non
1233 1699 1268 1730 de

207 1738 289 1769 fiscali
309 1742 423 1779 aerario,
439 1751 499 1771 nori
517 1740 553 1771 de
575 1740 702 1771 thesauris
714 1740 850 1779 regalibus
864 1739 927 1770 haec
938 1739 1096 1779 accipiunt,
1112 1738 1158 1769 sed
1170 1739 1206 1769 de
1219 1748 1267 1776 pa-

206 1779 344 1809 trimonio
363 1779 507 1815 crucifixi,
525 1779 561 1810 de
576 1778 772 1810 sustentatione
785 1787 939 1818 pauperum
948 1801 958 1816 ,
970 1778 1006 1808 de
1020 1776 1169 1808 viduarum
1181 1777 1270 1817 lacry-

209 1818 277 1855 miS,
296 1817 330 1848 de
345 1819 359 1834 '¹‘
374 1817 524 1849 substantia
537 1817 583 1848 reli
605 1817 742 1855 iosorum,
766 1816 802 1847 de
815 1817 986 1856 pupillorum
999 1816 1152 1854 alimentis,
1166 1815 1202 1847 de
1215 1816 1269 1847 do-

205 1855 278 1886 tibus
293 1857 451 1896 virginum,
468 1856 504 1887 de
518 1855 579 1887 Ecc
590 1857 705 1886 esiarum
720 1855 896 1894 utensilibus,
915 1855 951 1886 de
964 1855 1112 1893 crucibus,
1126 1854 1162 1885 de
1174 1855 1269 1886 calici-

206 1895 258 1924 bus
274 1896 449 1925 consecratis.
479 1895 565 1934 Qiot
577 1895 678 1925 solidos
692 1895 743 1925 fibi
757 1902 947 1934 congregant,
966 1901 1010 1924 tot
1023 1893 1202 1925 accumulant
1217 1894 1269 1924 fibi

206 1932 435 1973 maledictiones,
453 1941 497 1964 tot
517 1933 732 1964 interminabiles
753 1934 892 1964 cruciatus
909 1931 958 1963 fibi
978 1933 1008 1962 iri
1022 1932 1068 1963 die
1082 1934 1132 1962 irae
1144 1933 1271 1963 terribilis

205 1971 397 2002 thesaurizant.
436 1972 583 2011 Quicquid
602 1971 637 2002 ad
653 1972 788 2003 decorem
807 1970 910 2001 domus
929 1970 989 2001 Dei
1012 1969 1179 2002 venerandae
1199 1972 1270 2002 anti-

227 2011 315 2041 uitatis
333 2009 527 2041 munificentia
546 2011 687 2050 erogavit,
707 2020 784 2042 nunc
804 2010 975 2049 inexplebilis
986 2010 1107 2040 avaritiae
1121 2010 1209 2040 hiatus
1221 2011 1273 2040 ab-

205 2021 314 2086 sorbet,
333 2058 363 2080 ut
378 2049 537 2080 haereditate
549 2049 703 2091 poffideant
715 2049 898 2080 sanctuarium
915 2047 996 2086 Dei,
1021 2049 1055 2079 &
1070 2056 1113 2079 tot
1127 2047 1271 2088 sacrilegiis

203 2089 370 2119 execrabiles
383 2087 448 2120 fiant
455 2112 466 2128 ,
483 2098 553 2128 quot
566 2090 595 2119 in
609 2089 732 2127 partibus
745 2086 937 2119 Occidentalis
947 2085 1082 2118 Ecclesiae
1093 2086 1272 2126 prophanan-

208 2135 261 2158 tur.

240 2165 352 2206 Exurge
367 2167 448 2206 igitur
460 2167 552 2197 homo
566 2166 642 2205 Dei,
667 2174 800 2206 exurgant
813 2166 846 2197 ὃς
860 2165 903 2196 alii
917 2163 1012 2195 Patres
1025 2163 1193 2209 conscripti,
1211 2165 1273 2204 qui-

206 2205 260 2235 bus
278 2204 334 2235 dati
357 2205 418 2236 sunt
436 2206 519 2245 gladii
540 2207 672 2246 ancipites
694 2206 723 2235 in
748 2205 876 2236 manibus
888 2213 1007 2242 eorum,
1024 2203 1174 2234 succurrite
1184 2203 1212 2244 pl
1247 2213 1273 2234 ae

206 2242 358 2281 Ecclesiae‚
375 2245 481 2285 arripiat
492 2244 626 2283 judicium
638 2253 736 2274 manus
755 2243 864 2282 vestra,
889 2244 923 2274 ὃ(
936 2243 1084 2282 evaginato
1098 2242 1201 2288 linguae
1213 2213 1273 2282 agga-

205 2280 257 2311 dio
277 2282 389 2320 zelum,
407 2292 494 2322 quem
514 2282 611 2313 Petrus
632 2283 662 2313 in
677 2282 818 2313 Ananiam
831 2283 866 2313 &
883 2281 1049 2321 Sapphiram
1064 2283 1160 2311 cenius
1171 2281 1275 2312 Eccle-

205 2319 304 2351 siastici
323 2321 490 2352 fraudatores
509 2322 646 2359 exercuit,
670 2321 699 2351 in
720 2321 847 2359 publicos
865 2319 1051 2352 Ecclesiarum
1075 2319 1222 2359 praedones
1240 2320 1274 2351 ὅ(

204 2359 342 2390 invasores
352 2359 495 2403 sacrilQOS
505 2368 640 2391 exercete.

244 2397 311 2428 Rex
332 2398 530 2429 Illustrissimus
545 2400 648 2430 catenis
661 2398 859 2436 carceralibus,
878 2397 912 2429 &
923 2397 998 2428 farne
1013 2404 1168 2436 torquetur.
1206 2396 1273 2427 Fer-

213 2445 277 2466 rum
297 2438 447 2478 pertransiit
468 2439 593 2468 animam
615 2438 688 2475 ejus3
703 2437 776 2468 sedet
796 2438 875 2467 enim
894 2438 925 2466 in
939 2435 1119 2466 mendicitate
1134 2436 1168 2466 &
1183 2435 1275 2474 ferro,

210 2475 245 2506 ὃ(
260 2486 320 2505 non
335 2476 377 2507 est
390 2477 437 2516 qui
450 2486 598 2507 moveatur
617 2476 694 2516 super
706 2476 886 2507 contritione.
920 2474 1027 2515 Joseph
1038 2474 1159 2512 pallescit
1168 2475 1277 2513 jejunio

206 2513 325 2553 speciosa
343 2515 428 2546 facies
449 2516 614 2546 viil-ualibus
633 2514 784 2545 interdictis
797 2538 807 2552 ,
831 2514 972 2554 virtusque
991 2514 1118 2553 corporis
1136 2514 1167 2543 in
1187 2514 1275 2544 robur

207 2554 319 2622 animtes
330 2554 492 2597 migratura,
510 2555 544 2586 &
568 2563 686 2585 vernans
703 2554 733 2584 in
745 2554 816 2586 facie
826 2553 932 2590 decor,
948 2559 1044 2583 natura
1055 2551 1276 2592 succumbente,

208 2601 302 2622 marce
313 2601 359 2623 cit.

247 2629 330 2668 Siqua
352 2641 367 2661 e
400 2641 420 2661 o
441 2632 470 2661 in
488 2631 570 2661 vobis
592 2630 761 2670 benignitas,
779 2630 799 2662 si
815 2629 893 2669 quod
905 2629 1034 2660 solatium
1048 2629 1180 2667 caritatis,
1197 2629 1276 2669 siquis

208 2667 256 2698 res
269 2671 346 2698 ectus
364 2680 379 2699 a
419 2669 587 2706 Christum,
606 2669 679 2713 siqua
698 2669 801 2700 viscera
823 2669 1022 2706 miserationis,
1042 2667 1117 2704 siqua
1139 2669 1276 2699 memoria

206 2708 234 2744 ju
257 2708 378 2737 iciorum
390 2708 468 2745 Dei,
486 2708 622 2738 excitetur
635 2718 663 2737 in
675 2708 758 2738 vobis
772 2708 827 2747 pice
842 2705 1042 2746 compassionis
1055 2705 1182 2736 affestus.
1222 2706 1276 2736 As-

206 2745 320 2775 cendite
341 2755 375 2775 ex
395 2746 525 2784 adverso,
544 2745 712 2783 cursumque
734 2755 793 2776 tam
816 2744 982 2776 detestabilis
996 2744 1129 2782 sacrilegii
1145 2744 1277 2776 cohibeat

207 2782 380 2814 Pontificalis
398 2785 561 2822 aud‘roritaS,
580 2785 616 2814 ne
638 2784 722 2815 vestri
744 2784 887 2825 Principes
908 2783 1094 2822 malignentur
1117 2782 1146 2811 in
1159 2782 1277 2822 ὃαηέὶα,

206 2833 243 2852 ne
256 2822 358 2852 diutius
370 2822 568 2853 Occidentales
584 2823 681 2862 populi
695 2823 841 2853 doloribus
856 2821 1025 2853 intabescant
1039 2821 1073 2852 &
1088 2818 1172 2859 fletu,
1191 2831 1227 2851 ne
1241 2822 1276 2853 de

209 2870 294 2891 manu
307 2860 398 2892 vestra
411 2861 517 2902 sanguis
531 2862 668 2892 innocens
681 2863 840 2902 requiratur.
878 2861 956 2892 Vale.

210 2989 341 3037 Epistola
368 2991 515 3025 Richardi
542 2996 630 3039 Regis
648 2994 766 3040 Angliae
784 2994 828 3027 ad
846 2994 1026 3027 Alienoram
1047 2995 1193 3038 Reginam
1208 3001 1278 3023 ma-

366 3050 443 3073 trem
450 3041 563 3085 fitam,
588 3045 624 3079 ὠ*
650 3041 694 3075 ad
710 3041 907 3088 Justiciarios
915 3042 986 3087 sitos
1002 3041 1130 3087 Angliae.

276 3123 424 3168 Ichardus,
442 3124 501 3154 Dei
523 3125 623 3156 Gratia
642 3126 707 3156 Rex
726 3127 854 3167 Angliae,
880 3127 952 3159 Dux
971 3126 1164 3158 Normanniae
1184 3125 1218 3156 &
1236 3124 1279 3155 A-

315 3172 439 3201 uitaiiiae,
455 3164 488 3193 ὃ(
504 3163 614 3194 Comes
628 3164 816 3204 Andegaviae,
832 3166 975 3197 Alienorae
988 3166 1088 3197 eadem
1102 3163 1202 3194 Gratia
1217 3163 1278 3194 Re-

213 3204 288 3242 ginte
294 3173 413 3241 tkngliae
426 3201 592 3233 cliariffimae
607 3204 687 3232 matri
701 3205 756 3232 lua:
765 3226 774 3241 ,
790 3205 823 3234 &
836 3205 997 3242 Justiciariis
1007 3204 1074 3242 suis,
1097 3203 1131 3233 &
1145 3203 1279 3233 omnibus

216 3241 341 3271 fidelibus
361 3242 410 3271 luis
430 3250 480 3280 per
501 3241 632 3280 Angliam
652 3240 828 3279 constitutis,
846 3243 978 3274 Salutem.
1016 3243 1137 3273 Notum
1152 3241 1185 3272 sit
1200 3241 1279 3271 Uni-

215 3280 334 3309 versitati
354 3278 456 3310 vestrae
469 3301 479 3317 ,
503 3279 583 3318 qubd
606 3278 757 3318 postquam
772 3280 939 3311 recesserunt
954 3283 970 3311 a
984 3283 1066 3312 nobis
1079 3279 1176 3311 dilecti
1190 3279 1280 3310 nostri

214 3315 362 3348 Hubertus
390 3318 552 3348 venerabilis
579 3316 604 3347 E
626 3317 732 3357 iscopus
753 3317 945 3349 Sarisbiriensis
959 3342 969 3357 ,
1004 3321 1037 3350 ὃς
1056 3318 1226 3349 Willielmus
1244 3318 1280 3348 de

215 3355 326 3385 Sandiae
335 3355 436 3386 Mariae
450 3355 584 3387 Ecclesiae
620 3358 807 3386 rotonotarius
819 3356 931 3394 noster,
955 3359 1032 3388 venit
1046 3358 1080 3387 ad
1095 3366 1147 3387 nos
1160 3356 1281 3387 charisii-

215 3403 278 3423 mus
299 3393 488 3424 Cancellarius
505 3393 601 3425 noster
612 3395 783 3425 willielmus
796 3394 908 3426 Elierisis
922 3395 1090 3436 Episcopus:
1110 3395 1148 3425 Et
1159 3404 1195 3424 eo
1209 3396 1281 3425 inter

216 3431 383 3462 Dominum
403 3432 605 3470 Imperatorem
643 3433 677 3464 δε
692 3443 744 3463 nos
765 3433 878 3463 fideliter
900 3434 1123 3472 interloquente,
1144 3442 1181 3463 eo
1198 3433 1282 3473 usque

217 3479 261 3499 res
282 3471 423 3512 pervenit,
443 3471 520 3509 quod
539 3472 574 3502 de
594 3455 721 3502 (fastello
738 3471 774 3502 de
793 3472 936 3510 Trivellis,
952 3473 981 3500 in
999 3482 1057 3509 quo
1070 3472 1283 3510 detinebamur,

217 3508 334 3537 obviam
355 3511 483 3540 venimus
497 3509 540 3539 Itn
561 3511 660 3541 eratori
674 3510 747 3549 apud
761 3509 920 3550 Hagenou,
939 3510 988 3540 ubi
1001 3510 1159 3540 honorifice
1171 3511 1207 3540 ab
1221 3510 1282 3549 ipso

219 3544 391 3584 Imperatore
405 3548 438 3577 &
452 3556 510 3578 tota
553 3550 610 3578 uria
623 3549 727 3588 recepti
743 3548 854 3579 suimus.
890 3548 990 3587 Ibique
1001 3547 1147 3578 Dominus
1160 3547 1284 3585 Impera-

219 3592 266 3614 tor
281 3583 313 3613 &
327 3583 454 3616 Domina
466 3585 628 3625 imperatrix
641 3597 694 3617 nos
708 3588 831 3628 magnis,
845 3587 879 3619 &
892 3588 972 3618 variis
987 3587 1149 3616 muneribus
1160 3586 1285 3616 honora-

219 3629 339 3665 verunt,
362 3624 395 3652 ὃ(
404 3647 414 3660 ,
428 3624 504 3663 quod
517 3626 691 3664 praecipuum
703 3624 744 3655 est
758 3649 768 3664 ,
790 3634 923 3656 mutuum
937 3624 1029 3655 foedus
1039 3626 1142 3655 amoris
1154 3625 1187 3654 δε
1200 3625 1285 3655 indis-

219 3658 338 3690 solubile
359 3668 429 3689 mter
451 3662 615 3694 Dominum
636 3662 839 3702 Imperatorem
851 3664 1032 3696 contrachim
1045 3663 1103 3702 est,
1118 3663 1152 3693 &
1163 3672 1232 3701 nos,
1247 3664 1285 3694 ita

223 3697 302 3741 und
323 3705 437 3736 uterque
459 3700 606 3738 nostrum,
620 3702 737 3732 alterum
758 3712 857 3734 contra
870 3713 970 3734 omnes
986 3703 1112 3733 viventes
1124 3703 1153 3731 in
1167 3701 1223 3738 jure
1236 3701 1285 3731 suo

224 3735 399 3772 obtinendO,
418 3736 451 3766 &
472 3739 636 3778 retinendo,
653 3741 746 3777 juvare
763 3740 856 3772 debet.
892 3739 1026 3771 Honeste
1047 3748 1141 3770 autem
1153 3740 1227 3769 circa
1243 3740 1286 3780 ip-

223 3773 285 3804 sum
305 3772 506 3817 Imperatorem
526 3786 635 3807 moram
654 3778 789 3816 facimus,
811 3779 904 3810 donec
927 3780 1008 3817 ipsius
1021 3779 1055 3810 &
1068 3778 1163 3809 nostra
1174 3779 1287 3817 negotia

224 3811 402 3881 perficiantur
416 3834 426 3850 ,
456 3812 489 3842 &
510 3813 603 3845 donec
621 3817 647 3845 ei
669 3816 848 3856 Septuaginta
868 3818 961 3849 Millia
983 3816 1148 3848 Marcarum
1168 3815 1287 3855 Argenti

236 3850 397 3893 olyerimuS.
435 3850 531 3890 Qare
551 3863 602 3883 vos
620 3863 765 3894 rogamus,
783 3855 817 3885 &
836 3856 865 3884 in
888 3856 957 3894 fide,
993 3867 1027 3887 ua
1039 3856 1120 3886 nobis
1133 3856 1286 3893 tenemini,

226 3888 401 3932 adjuramus,
417 3898 552 3933 quatenus
572 3892 602 3920 in
620 3892 672 3922 hae
693 3894 810 3933 pecunia
829 3895 975 3933 perquiren
1024 3894 1134 3925 solliciti
1148 3894 1201 3924 sitis
1216 3916 1225 3931 ,
1251 3893 1285 3924 ὃ(

227 3935 280 3970 vos
291 3925 440 3971 justiciarii
453 3927 541 3970 nostri
549 3950 558 3965 ,
573 3930 620 3967 qui
634 3931 691 3960 aliis
702 3933 732 3961 in
744 3931 850 3970 Regno
863 3931 962 3962 nostro
974 3932 1111 3972 praeestis,
1124 3932 1287 3972 exemplum

227 3964 440 4009 aliispraebeatis
451 3975 456 3994 2
466 3965 513 3996 Ut
525 3974 562 3995 ita
575 3966 731 3999 honorifice
745 3970 779 4000 &
793 3969 941 4009 magnifice
953 3970 989 4001 de
1003 3972 1117 4011 proprio
1130 3971 1211 4001 nobis
1222 3969 1288 4000 sub-

227 4011 359 4047 veniatis,
371 4004 410 4046 .&
421 4005 505 4034 etiam
519 4004 554 4033 de
568 4004 626 4042 his,
665 4016 708 4036 uae
721 4007 757 4037 de
768 4008 825 4038 aliis
837 4010 940 4038 mutuo
956 4011 1015 4038 acci
1036 4020 1082 4040 ere
1093 4009 1236 4048 poteritis,
1253 4009 1288 4039 &

225 4040 287 4072 aliis
304 4040 430 4071 fidelibus
442 4041 544 4071 nostris
557 4052 658 4083 exemp
669 4054 719 4074 um
731 4045 798 4076 detis
814 4046 909 4076 similia
923 4045 1013 4076 facien
1035 4048 1050 4076 i.

266 4078 440 4112 Universum
451 4089 546 4112 autem
558 4081 670 4114 Aurum
682 4083 716 4115 &
728 4083 887 4124 Argentum
898 4083 1088 4117 Ecclesiamm
1098 4085 1222 4127 diligenti
1232 4086 1288 4117 ob-

1305 431 1374 452 cum
1393 420 1563 451 fidelissimus
1588 419 1775 451 Cancellaiius
1796 420 1908 458 noster,
1923 429 2009 458 quam
2028 420 2089 449 cito
2110 418 2226 459 pesaffis
2246 428 2275 448 in
2290 417 2365 449 Alle-

1303 461 1415 490 mannia
1436 459 1554 498 negotiis
1571 459 1670 489 nostris
1685 484 1695 498 ,
1723 460 1752 489 in
1768 459 1868 498 Anglia
1885 459 1991 489 venerit
2005 480 2014 495 ,
2026 457 2140 488 eosdem
2159 458 2267 488 obfides
2282 466 2367 495 penes

1306 497 1505 529 Chariffimam
1518 505 1639 528 matrem
1650 498 1775 529 nostram
1788 497 1930 537 Reginam
1944 497 2059 536 reperiat
2068 519 2078 535 ,
2093 504 2124 526 ut
2136 505 2200 534 eos,
2217 497 2253 527 de
2287 497 2368 526 uibus

1306 537 1378 567 inter
1397 546 1467 574 nos,
1483 536 1516 567 δε
1535 535 1698 567 Dominum
1711 536 1914 576 imperatorem
1926 536 2079 573 convenit,
2096 535 2223 574 expedite
2236 540 2284 574 pol
2310 533 2367 565 tad

1307 585 1359 605 nos
1372 575 1554 605 transmittere
1562 585 1567 604 :
1584 574 1638 605 Ne
1650 575 1776 606 liberatio
1790 575 1882 605 nostra
1890 584 1939 616 pei·
1945 574 2094 604 absentiam
2102 574 2233 605 obsidum
2240 575 2273 605 &
2279 574 2368 613 negli-

1307 615 1432 653 gentiam
1446 613 1567 644 vestram
1583 624 1695 645 moram
1711 615 1835 652 patiatur.

1346 651 1470 682 Pecunia
1482 660 1576 682 autem
1587 653 1706 683 collech
1721 653 1844 683 similiter
1858 653 1940 683 matri
1955 661 2045 689 meae,
2067 651 2101 682 &
2118 650 2190 688 aliis,
2214 650 2314 691 quibus
2325 652 2370 689 ip-

1307 689 1333 720 sa
1353 690 1491 728 voluerit,
1507 690 1641 721 tradatur:
1660 691 1758 729 Qiem
1780 699 1873 721 autem
1887 693 1916 721 'in
1927 690 2085 722 necessitate
2097 688 2192 719 nostra
2203 697 2370 728 prompuim

1308 729 1500 765 inveniemus,
1515 730 1545 758 in
1559 728 1610 759 suis
1622 730 1825 760 neceilitatibus
1836 730 1960 760 amicum
1974 739 2026 760 nos
2039 729 2173 766 reperiet,
2191 728 2225 758 δε
2240 736 2372 759 remune-

1309 776 1447 805 ratorem,
1465 766 1618 807 gratiusque
1636 769 1718 798 nobis
1738 769 1807 807 erit,
1825 769 1845 798 si
1865 769 1927 807 quis
1945 769 1975 798 in
1995 767 2115 798 absentia
2127 766 2222 797 nostra
2235 767 2266 796 in
2277 766 2371 807 aliquo

1308 808 1392 876 pppis
1409 806 1566 850 subveniat,
1583 806 1668 845 qu‘am
1688 807 1708 837 si
1728 808 1758 836 in
1777 806 1918 847 praesentia
1936 805 2031 837 nostra
2050 807 2080 836 in
2100 804 2189 846 duplo
2207 805 2268 845 quis
2289 806 2373 837 nobis

1320 856 1336 876 u
1360 853 1474 876 veniret.

1344 884 1485 915 Volumus
1500 891 1593 913 autern
1606 890 1636 912 ut
1650 882 1823 923 singulorum
1835 892 1997 924 magnatum
2009 885 2143 922 nomina,
2161 883 2195 914 &
2207 882 2370 913 subventio-

1308 933 1357 953 nes
1370 946 1380 961 ,
1401 933 1465 962 quae
1483 921 1686 962 praesentialiter
1706 921 1773 952 fient
1787 945 1796 960 ,
1830 932 1880 961 per
1903 923 2031 962 Sigillum
2050 924 2143 953 matris
2163 922 2267 952 nostrae
2285 922 2370 952 nobis

1308 961 1495 1001 lignificeritur
1505 985 1514 999 ,
1532 969 1564 990 ut
1577 960 1711 998 sciamus,
1729 970 1865 1000 quantum
1878 962 2029 1001 unicuique
2041 961 2072 991 in
2087 962 2237 1001 gratiarum
2249 960 2369 991 aetioni-

1310 1001 1362 1031 bus
1374 1009 1528 1031 teneamur.

1347 1039 1445 1070 Sciatis
1466 1049 1519 1080 pro
1538 1046 1619 1069 certo
1632 1060 1642 1076 ,
1666 1037 1743 1078 quod
1765 1037 1786 1068 si
1805 1038 1835 1068 in
1849 1037 1950 1078 Anglia
1969 1039 1998 1069 in
2019 1038 2104 1069 libera
2119 1037 2255 1077 potestate
2276 1036 2370 1068 nostra

1309 1077 1429 1109 essemus
1450 1077 1614 1115 constituti,
1632 1086 1736 1107 tantam
1756 1076 1802 1106 vel
1817 1078 1955 1115 majorem
1966 1078 2117 1117 pecuniam
2129 1077 2264 1108 Domino
2275 1075 2320 1106 Im
2341 1087 2371 1107 e-

1307 1118 1390 1148 ratori
1412 1117 1555 1154 daremus,
1570 1124 1654 1156 quam
1681 1115 1772 1146 modo
1784 1115 1881 1145 damus
1894 1125 1946 1155 pro
1994 1116 2135 1146 {tionibus
2149 1115 2311 1153 consequen
2334 1117 2370 1154 ἐ,

1306 1165 1373 1194 quas
1394 1166 1443 1194 per
1466 1155 1523 1186 Dei
1564 1155 1661 1184 ratiam
1683 1153 1826 1184 consecuti
1838 1153 1944 1184 sumus:
1959 1126 2000 1185 {at
2013 1155 2033 1185 si
2045 1155 2129 1184 etiam
2142 1156 2292 1193 pecuniam
2307 1164 2369 1185 non

1306 1203 1366 1233 prae
1393 1194 1521 1224 manibus
1544 1164 1714 1224 ῗιεὼεῑεπιυε
1728 1216 1738 1232 ,
1763 1193 1910 1232 proprium
1931 1202 2035 1233 corpus
2053 1192 2181 1222 nostrum
2203 1192 2369 1231 Imperatori

1306 1233 1490 1271 traderemus,
1510 1232 1603 1263 donec
1720 1232 1725 1237 ’

1306 1272 1503 1312 relinqueretur
1519 1273 1595 1312 impe
2331 1307 2338 1312 -

1343 1310 1377 1341 In
1398 1311 1471 1341 bulla
1483 1319 1578 1341 autem
1600 1308 1723 1339 Domini
1739 1309 1915 1347 Imperatoris
1926 1318 2006 1339 aurea
2021 1308 2075 1339 fert
2087 1308 2170 1338 vobis
2182 1306 2370 1338 Cancellarius

1307 1349 1401 1379 noster
1413 1349 1578 1418 prag-{liftffii
1593 1347 1826 1391 testificationem.
1854 1347 1986 1378 Testibus
2001 1348 2084 1377 nobis
2096 1347 2156 1386 ipsis
2168 1345 2242 1385 apud
2253 1344 2372 1386 Hagen-

1305 1398 1381 1427 nou,
1403 1397 1435 1427 13
1510 1410 1516 1417 .
1580 1396 1623 1416 aii.

1638 1241 1742 1300 celeuma
1762 1231 1929 1270 lolveretur;
1948 1240 2099 1270 antequam
2116 1229 2193 1269 quod
2205 1231 2315 1261 factum
2326 1231 2369 1261 est

1669 1281 1728 1301 um.

1454 1530 1567 1561 Forma
1586 1531 1673 1562 Pacis
1688 1532 1765 1562 inter
1788 1531 1879 1576 Reges
1898 1530 2016 1578 Angliae
2031 1532 2068 1568 eje·
2086 1531 2229 1562 Franciae.

1309 1625 1334 1646 ι,
1355 1612 1555 1676 NOverint
1575 1613 1695 1646 universi
1709 1637 1719 1653 ,
1748 1613 1782 1644 ad
1803 1624 1875 1655 quos
1893 1614 1983 1646 literae
2006 1613 2151 1652 praesentes
2171 1614 2349 1656 pervenerint
2361 1635 2372 1651 ,
2389 1616 2466 1649 Ann.
2483 1619 2523 1651 D.

2391 1666 2528 1736 5¹33...

1449 1651 1526 1692 quod

1341 1729 1504 1771 Wllielmits
1525 1732 1603 1767 Regis
1623 1728 1738 1767 Angliae
1758 1729 1891 1761 Richardi
1908 1729 2109 1769 Cancellarius,
2127 1729 2243 1772 Elienfis
2266 1727 2372 1769 Episto-

1371 1778 1423 1809 pus
1432 1793 1441 1808 ,
1451 1768 1526 1808 sedis
1533 1767 1692 1808 qustolicae
1705 1771 1827 1807 Legatus
1835 1791 1846 1807 ‚

1306 1846 1343 1878 Et
1358 1854 1428 1878 curn
1443 1855 1481 1876 eo

1345 1921 1507 1953 Wllielmus
1521 1922 1553 1952 de
1567 1922 1702 1962 Rupibus,
1722 1921 1761 1958 ἀι

1342 1961 1483 1999 Johannes
1499 1962 1531 1990 de
1544 1960 1693 2001 Pratelh‘s,
1711 1961 1751 1998 &0

1344 1999 1507 2030 Wllielmus
1521 2001 1646 2030 Briwere
1654 2022 1665 2038 ,

1307 2077 1354 2108 Ex
1373 2085 1449 2117 parte
1471 2075 1559 2117 Regis
1580 2075 1709 2115 Angliae,
1728 2084 1797 2106 cum
1820 2074 1919 2106 Literis
1931 2074 2053 2114 ejusdem
2067 2073 2156 2113 Regis
2168 2074 2324 2115 patentibus
2336 2073 2374 2106 ad

1310 2117 1425 2156 Regem
1448 2115 1575 2159 Franciae
1594 2113 1782 2146 accesserunt:
1803 2115 1837 2145 In
1857 2115 1956 2158 quibus
1978 2114 2174 2158 continebatur
2189 2137 2199 2153 ,
2221 2114 2302 2159 qu’od
2320 2124 2373 2152 ea,

1309 2165 1374 2195 quae
1395 2155 1444 2195 ipsi
1464 2164 1533 2185 cum
1557 2153 1616 2194 ipso
1637 2162 1749 2193 agerent
1784 2154 1818 2184 &
1841 2153 2020 2191 ordinarent,
2034 2152 2090 2191 ipse
2109 2152 2174 2183 Rex
2195 2153 2376 2196 Angliae'rata

1309 2194 1416 2232 prorsus
1436 2194 1470 2225 &
1489 2192 1569 2223 firma
1588 2193 1710 2223 haberet.
1748 2176 1801 2233 spsi
1822 2200 1917 2236 autem
1936 2192 1994 2222 hoc
2010 2190 2100 2221 modo
2111 2200 2248 2236 egerunt,
2264 2192 2298 2223 &
2313 2191 2376 2222 istas

1307 2240 1515 2301 cpnvefntiones
1535 2240 1605 2262 curn
1627 2231 1709 2270 Rege
1731 2230 1858 2262 Franciae
1879 2240 1913 2262 ex
1932 2239 2010 2272 parte
2024 2229 2148 2260 Domini
2161 2235 2201 2261 lui
2215 2230 2303 2270 Regis
2313 2231 2376 2261 An·-

1339 2281 1375 2301 iae
1405 2280 1527 2301 ecerun.

1309 2281 1328 2311 g
1347 2310 1412 2340 Rex
1434 2280 1545 2349 Angliae
1564 2308 1725 2341 Richardus
1745 2309 1832 2340 mittit
1852 2306 1879 2337 se
1891 2306 1970 2348 super
1983 2306 2148 2351 Dominum
2160 2305 2275 2346 Regem
2289 2305 2377 2350 Fran-

1310 2348 1364 2379 ciae
1384 2348 1420 2379 de
1445 2357 1505 2379 tota
1519 2357 1607 2388 terra,
1628 2358 1713 2387 quarn
1729 2347 1792 2378 Rex
1807 2347 1934 2377 Franciae
1949 2345 2094 2385 acquisiVit
2107 2345 2186 2385 super
2198 2346 2224 2375 se
2236 2346 2268 2376 &
2281 2345 2377 2376 horni-

1310 2397 1360 2417 nes
1380 2387 1458 2426 suos,
1475 2387 1511 2417 de
1534 2397 1588 2426 qua
1609 2388 1664 2427 ipse
1678 2388 1710 2419 &
1724 2387 1854 2416 homines
1865 2385 1902 2416 sui
1917 2384 1977 2429 sunt
1992 2392 2134 2428 tenentes,
2152 2384 2233 2424 quod
2247 2383 2304 2425 ipse
2316 2392 2378 2415 tan-

1311 2434 1375 2457 tum
1390 2425 1456 2457 inde
1467 2426 1613 2465 retinebit,
1627 2434 1763 2466 quantum
1778 2425 1833 2465 ipse
1847 2424 1967 2456 voluerit
1982 2423 2032 2454 sibi
2045 2423 2079 2453 ὅ(
2093 2423 2152 2453 suis.
2217 2460 2223 2466 ,

1347 2474 1374 2494 2.
1392 2464 1441 2494 De
1461 2464 1581 2495 Comite
1600 2475 1694 2495 autern
1710 2464 1842 2502 Johanne
1861 2463 1898 2493 fic
1913 2463 1981 2501 erit,
1998 2461 2093 2502 quod,
2112 2462 2132 2492 fi
2144 2461 2274 2504 homines
2288 2459 2378 2501 Regis

1311 2502 1423 2543 Anglice
1451 2512 1585 2543 poterunt
1608 2503 1778 2534 sufficienter
1803 2501 1958 2532 monstrare
1984 2503 2012 2532 in
2033 2499 2122 2531 Curia
2143 2500 2267 2530 Domini
2288 2499 2378 2543 Regis

1312 2542 1455 2579 Franciae,
1471 2542 1550 2581 quod
1563 2542 1639 2573 idern
1651 2542 1795 2581 Johannes
1804 2541 1934 2580 juraverit
1947 2539 1982 2570 ad
2033 2538 2213 2577 rquirendum
2226 2547 2377 2582 pecuniam

1311 2580 1346 2611 ad
1360 2581 1554 2612 liberationem
1567 2581 1655 2621 Regis
1672 2581 1801 2621 Angliae,
1826 2580 1860 2611 &
1873 2579 1909 2610 de
1923 2578 1982 2608 hoc
2014 2578 2101 2609 ederit
2114 2577 2219 2608 Literas
2231 2580 2312 2621 luas,
2321 2577 2378 2617 ipse

1308 2619 1451 2658 Johannes
1472 2619 1612 2660 tenebitur
1630 2619 1664 2650 ad
1679 2619 1861 2662 solvendum,
1878 2619 1916 2662 ὃς
1925 2626 2020 2661 totam
2031 2625 2150 2660 terram,
2167 2624 2253 2654 quam
2265 2618 2321 2654 iple
2335 2625 2377 2646 te-

1312 2659 1396 2688 nebat
1408 2657 1522 2698 quando
1538 2657 1604 2689 Rex
1620 2659 1732 2697 Angliae
1744 2658 1827 2688 frater
1838 2666 1893 2694 eius
1908 2665 1960 2686 iter
1969 2664 2081 2701 arripuit
2097 2655 2168 2685 ultra
2179 2663 2271 2690 mare,
2296 2662 2377 2684 tene-

1312 2697 1354 2726 bit
1376 2698 1444 2726 citra
1462 2706 1554 2735 mare,
1573 2698 1607 2727 &
1629 2697 1717 2734 ultra,
1733 2697 1771 2726 ita
1792 2696 1878 2725 libere
1892 2695 1962 2725 sicut
1973 2694 2048 2733 prius
2062 2693 2190 2736 tenebat,
2205 2700 2324 2731 excepto
2338 2703 2374 2723 eo

1313 2734 1392 2773 quod
1411 2735 1482 2764 liber
1503 2735 1556 2765 erit
1578 2735 1594 2764 a
1607 2734 1804 2772 Sacramento,
1842 2732 1899 2763 uod
1914 2733 2017 2762 fecerat
2032 2730 2068 2761 de
2082 2741 2143 2761 non
2156 2730 2280 2760 intranda
2301 2740 2375 2762 terra

1313 2773 1442 2813 Angliae,
1461 2774 1495 2804 &
1518 2773 1554 2803 de
1568 2773 1625 2804 hoc
1641 2773 1731 2804 dic‘tus
1744 2772 1809 2802 Rex
1822 2743 1939 2810 {ngfiae
1954 2770 2038 2801 faciet
2048 2769 2200 2814 dominum
2211 2768 2377 2814 Johannem

1313 2813 1443 2842 securum
1462 2822 1510 2850 per
1529 2811 1573 2850 se,
1591 2813 1625 2843 &
1646 2822 1696 2853 per
1710 2811 1830 2842 Barones
1864 2811 1898 2842 &
1914 2818 1962 2850 per
1977 2807 2228 2853 Arcliiepiscopos,
2246 2807 2280 2839 ὃς
2297 2808 2377 2850 Epis-

1313 2860 1403 2891 copos
1416 2859 1497 2882 terra:
1510 2850 1582 2888 suae,
1601 2852 1636 2882 δε
1649 2851 1708 2881 insu
1730 2861 1758 2881 er
1770 2860 1819 2890 per
1831 2835 1944 2888 Regem
1959 2847 1983 2878 F
1984 2857 2094 2877 ranciae.
2161 2887 2166 2892 .
2248 2887 2253 2892 ι

1374 2914 1380 2919 .
1399 2889 1430 2920 Si
1444 2898 1538 2920 autem
1551 2889 1660 2920 Comes
1668 2889 1708 2929 J0
1728 2899 1812 2920 annes
1823 2888 1906 2918 vellet
1919 2885 2118 2927 negare,quod
2131 2885 2235 2917 Literae
2246 2884 2301 2916 illae
2316 2895 2378 2917 non

1313 2938 1329 2958 e
1353 2936 1403 2971 ent
1423 2927 1501 2972 suae,
1515 2936 1562 2958 aut
1581 2929 1660 2967 quod
1680 2928 1749 2959 illud
1770 2937 1840 2971 non.
1853 2924 1975 2965 jurasset,
2000 2924 2131 2955 homines
2150 2924 2239 2969 Regis
2263 2923 2310 2954 An
2331 2925 2376 2955 liae

1314 2966 1482 2998 sufficienter
1494 2977 1524 2996 in
1539 2966 1627 2998 Curia
1641 2967 1728 3007 Regis
1741 2966 1867 2998 Franc1ae
1880 2964 2075 3007 monstrabunt
2090 2973 2139 3003 per
2153 2964 2271 2994 idoneos
2277 2966 2317 3008 tel
2332 2973 2377 3002 es,

1313 3005 1393 3044 quod
1413 3005 1543 3044 juraverit
1555 3005 1591 3036 ad
1605 3006 1787 3045 quaerendam
1800 3004 1947 3043 pecuniam
1960 3002 1994 3033 ad
2008 3002 2203 3033 hberationem
2216 3003 2302 3041 Regis
2314 3001 2378 3032 An-

1313 3045 1395 3084 inae,
1414 3045 1445 3075 Si
1460 3052 1557 3075 autem
1571 3044 1758 3076 monstratum
1771 3043 1872 3080 fuerit,
1888 3042 1958 3072 sicut
1972 3041 2083 3072 dietum
2099 3041 2158 3080 est,
2175 3040 2256 3080 quod
2269 3039 2380 3071 Comes

1312 3084 1441 3122 juraverit
1453 3083 1488 3114 ad
1503 3085 1683 3122 quaerendam
1696 3083 1846 3122 pecuniam
1857 3080 1892 3112 ad
1904 3080 2098 3125 liberationem
2112 3080 2216 3124 Regis,
2239 3078 2284 3122 vel
2297 3079 2317 3109 fi
2328 3079 2380 3109 de-

1313 3122 1410 3152 fecerit
1421 3121 1456 3152 de
1470 3125 1527 3153 reci
1548 3122 1628 3154 ienda
1640 3121 1841 3152 monstratione
1876 3119 1941 3150 Rex
1955 3118 1979 3149 F
1980 3128 2082 3150 ranciae
2095 3128 2156 3149 non
2170 3125 2338 3148 intromittet
2351 3117 2378 3149 se

1315 3161 1351 3230 :lile
1364 3159 1482 3204 Comite
1498 3132 1652 3201 *folianne
1660 3183 1671 3200 ,
1683 3160 1703 3191 fi
1720 3169 1820 3199 pacem
1835 3143 1871 3190 de
1885 3157 1957 3189 terr&⁴
1972 3157 2035 3188 mei
2047 3157 2181 3195 praedieia
2192 3158 2315 3196 recipere
2325 3166 2378 3189 vo-

1327 3208 1406 3230 uerit.

1351 3247 1380 3276 4.
1400 3237 1449 3267 De
1470 3235 1590 3267 Comite
1610 3235 1774 3268 Lodowico
1792 3236 1829 3267 fic
1849 3235 1915 3273 erit,
1932 3233 1999 3265 Rex
2019 3232 2130 3272 Angliae
2148 3231 2293 3273 assignabit
2310 3234 2335 3265 ei
2350 3235 2379 3265 in

1316 3275 1387 3317 terra
1398 3275 1443 3306 sua
1453 3276 1488 3306 ad
1498 3275 1626 3313 laudem,
1641 3276 1675 3306 ὅ(
1689 3275 1850 3305 Consilium
1862 3274 1949 3313 Regis
1964 3273 1988 3303 F
1989 3272 2106 3309 ranciae,
2124 3271 2158 3303 &
2168 3272 2379 3317 Archiepiscopi

1317 3314 1464 3345 Remensis
1484 3314 1648 3352 quingentas
1669 3313 1793 3344 Libratas
1806 3311 2051 3355 Andegavensiutn
2064 3310 2099 3340 de
2114 3309 2262 3355 redditibus
2275 3321 2379 3355 annua-

1317 3352 1511 3423 ‘3³31erssss
1513 3362 1540 3389 ³³
1559 3353 1653 3421 {³015}OE
1666 3347 2382 3426 {5132sssfoefssffigoffigffigo‘ffi'gf‘ggssgfgffgg

1319 3429 1432 3469 Angliae
1452 3400 1610 3460 CoriiiglL
1650 3402 1862 3460 owircomieddat
1881 3436 1991 3458 tanturn
2004 3427 2150 3468 pecuniae,
2182 3410 2305 3471 'uantum
2318 3414 2382 3458 reti-

1321 3469 1384 3538 ἓυίῑ
1397 3466 1462 3508 post
1475 3475 1599 3499 mortem
1614 3467 1738 3499 Comitis
1750 3467 1910 3498 Theobaldi
1925 3490 1935 3505 ,
1958 3466 1994 3497 de
2008 3475 2044 3496 eo
2057 3464 2134 3505 quod
2145 3462 2181 3493 de
2202 3463 2265 3495 ebat
2281 3474 2307 3496 ei
2320 3466 2382 3497 red-

1343 3516 1396 3537 ere.

1321 3541 2384 3623 21121ib³1³5en²g¹iss¹a²iffnffess³eiiffii¹g‘iilegsffii‘riffcssss'gssiffffimJssffliiggffl

1321 3632 1357 3652 na
1372 3622 1534 3665 voluntate,
1551 3621 1654 3665 absque
1669 3622 1818 3652 coactione
1831 3621 1937 3664 aliqua,
1955 3619 1988 3651 &
2003 3617 2057 3647 fine
2069 3587 2181 3647 defckgtu
2195 3617 2282 3662 Regis
2297 3617 2321 3647 F
2321 3627 2383 3647 ran-

1323 3662 1393 3698 ciae,
1412 3660 1532 3690 voluerit
1553 3660 1642 3690 redire
1660 3660 1694 3690 ad
1716 3659 1747 3690 R
1783 3671 1831 3691 em
1851 3659 1981 3699 Anghae3
1999 3655 2032 3686 ὅ(
2054 3654 2119 3684 Rex
2135 3655 2159 3685 F
2160 3665 2263 3699 tanciae
2276 3655 2381 3700 Hugo-

1322 3708 1391 3728 nem
1406 3698 1484 3735 super
1499 3698 1556 3729 hoc
1568 3699 1686 3729 libenter
1700 3709 1732 3729 ro
1752 3711 1766 3730 a
1789 3700 1809 3730 it
1821 3698 1920 3737 absque
1931 3696 1992 3738 vim
2004 3692 2135 3737 faciendo
2185 3694 2219 3724 &
2231 3693 2265 3723 ali
2285 3694 2332 3724 uid
2346 3695 2383 3738 de

1323 3736 1372 3767 suo
1393 3736 1540 3767 mittendo.
1579 3736 1609 3767 Si
1629 3745 1722 3768 autem
1733 3708 1837 3778 gHugo
1858 3734 1979 3766 noluerit
1992 3730 2082 3775 redire
2095 3731 2129 3761 ad
2143 3717 2256 3770 Regem
2317 3732 2382 3772 gliae

1528 3784 1591 3805 uam
1605 3775 1641 3806 de
1655 3775 1738 3816 Rege
1753 3775 1879 3807 Franciae
1890 3779 1983 3810 tenet,
1998 3771 2032 3802 &
2047 3770 2129 3801 aliam
2141 3777 2242 3799 terram
2255 3770 2331 3801 suarn
2345 3771 2382 3802 de

1455 3853 1460 3857 .
1533 3823 1549 3844 e
1568 3813 1751 3845 Normannia
1769 3814 1851 3846 vellet
1868 3819 1963 3842 tenere
1981 3809 2018 3853 de
2038 3809 2119 3848 Rege
2140 3807 2267 3854 Angliae,
2291 3819 2382 3849 neque

1324 3851 1514 3882 Excambium
1528 3861 1580 3889 pro
1592 3861 1664 3883 terra
1676 3854 1721 3884 illa
1733 3855 1861 3891 accipere
1873 3873 1883 3888 ,
1906 3858 1960 3892 nec
1973 3848 2093 3891 aliquam
2108 3854 2208 3885 pacem
2222 3846 2321 3891 exinde
2333 3857 2382 3887 per

1325 3890 1440 3929 Regem
1456 3889 1581 3921 Franciae
1596 3892 1630 3923 &
1643 3901 1691 3931 per
1706 3892 1819 3932 Regem
1834 3887 2095 3932 Angliaerecipere‚
2112 3884 2255 3924 oportebit
2269 3885 2383 3927 Regem

1325 3929 1437 3967 Angliae
1448 3928 1539 3960 facere
1551 3938 1681 3969 giantum
1695 3929 1813 3970 Hugoni
1823 3925 2027 3957 rationabiliter.
2255 3963 2260 3968 .
2356 3962 2363 3969 ·

1363 3968 1390 3997 6.
1406 3967 1515 3997 Comes
1531 3968 1708 4007 Engolisrnus
1726 3969 1760 4000 &
1780 3967 1819 3997 sui
1840 3964 2046 4000 liberabuntur,
2064 3963 2097 3994 &
2117 3961 2192 3992 salvo
2204 3961 2333 3992 redibunt
2354 3972 2385 3992 in

1324 4014 1428 4037 terram
1441 4005 1534 4045 suam,
1550 4007 1652 4045 &ipse
1666 4008 1701 4039 &
1713 4007 1752 4037 sui
1765 4013 1845 4038 erunt
1856 4005 1884 4033 in
1899 4011 1934 4031 eo
1947 4001 2017 4031 statu
2030 4010 2089 4040 quo
2102 4002 2215 4045 suerunt
2228 4010 2291 4031 ante
2305 4009 2386 4045 guer-

1325 4054 1385 4075 ram
1385 4068 1403 4116 s,
1417 4054 1510 4116 negiue
1530 4054 1644 4089 propter
1662 4044 1782 4087 aliquid,
1799 4041 1877 4084 quod
1895 4039 1931 4072 de
1949 4039 2060 4072 Guerra
2080 4039 2195 4080 fecerit,
2219 4040 2326 4071 malurn
2345 4048 2386 4076 ei,

1324 4092 1372 4116 aut
1396 4094 1436 4115 uis
1468 4092 1504 4115 et.
2279 4122 2307 4153 7¹
2325 4112 2388 4145 Co·

1324 3785 1393 3805 cum
1406 3784 1491 3812 terra,

1323 3813 1427 3852 Anglia
1432 3836 1442 3851 ‚
1459 3813 1494 3844 &

2399 3186 2516 3215 *1.82.
