2570 4261
282 162 359 216 138

118 239 196 274 Rim-
209 239 254 273 D·
270 243 501 277 consuetudinem
514 238 636 281 partium
649 238 755 269 illarum
770 239 805 269 &
818 238 942 269 formam
955 236 1100 275 praedistae
1113 236 1188 277 pacis
1200 235 1282 267 fuerit
1296 234 1338 265 fa-

143 290 226 320 1274.
271 284 416 317 ciendum:

119 323 188 349 Edv.
212 329 221 347 1
229 342 235 349 .

310 323 348 352 Et
364 322 428 351 ideo
447 319 531 349 vobis
546 316 713 348 mandamus
736 315 814 354 quod
830 315 883 346 sitis
899 314 932 345 ad
947 314 1053 345 vadum
1074 313 1188 358 Montis
1208 313 1342 353 Comery

273 363 319 393 die
342 359 499 390 Dominica
515 357 645 394 proxima
661 354 726 394 post
748 354 865 384 Festum
881 353 1091 392 Apostolorum
1113 352 1236 392 Phihppi
1250 353 1283 382 &
1295 352 1344 390 Ja-

273 400 358 435 cobi,
379 397 514 437 proximo
529 395 672 432 futurum,
691 394 725 424 ad
741 393 882 431 praemiffa
895 393 1021 424 facienda
1035 394 1064 422 in
1078 392 1171 422 forma
1184 391 1330 435 praedista.⁴

313 436 516 467 Mandavimus
534 434 619 464 etiam
635 433 753 472 praefato
768 432 918 463 Lewelino
938 431 1016 471 quod
1036 439 1104 461 tunc
1124 430 1298 472 personaliter
1313 432 1345 458 iit

273 475 397 513 ibidem,
416 472 460 504 vel
476 473 582 512 aliquos
602 471 638 502 de
651 472 703 502 suis
718 472 828 510 mittat,
847 472 894 510 qui
911 470 1041 508 plenam,
1058 479 1112 509 pro
1127 477 1203 508 parte
1218 472 1276 506 lua,
1296 468 1346 497 ha-

274 515 338 544 beat
358 512 528 553 potestatem
546 510 677 541 audiendi
697 511 731 541 &
751 509 919 541 terminandi
940 508 1086 548 praedkstas
1107 506 1346 545 transgressiones,

271 553 349 590 juxta
362 553 484 581 formam
499 550 572 588 pacis
590 550 736 587 praedi&ae
751 550 784 580 δε
796 548 872 588 quod
885 547 992 586 dejure
1007 547 1088 576 fuerit
1104 545 1279 590 faciendum..

314 590 517 620 Mandavimus
540 590 624 618 etiam
644 588 870 619 Vicecomitibus
889 586 989 616 nostris
1010 585 1211 615 Comitatuum
1226 584 1348 626 Wigor-

273 630 347 667 niae,
366 627 565 666 Herefordiae,
583 626 721 664 Salopiae,
734 626 910 664 Staffordiae,
927 623 1180 666 &Gioucestriae,
1193 621 1270 667 quod
1286 631 1348 652 uni-

273 668 365 698 versos
381 669 414 699 ὃς
429 666 551 703 singulos
563 665 599 696 de
614 666 736 705 partibus
745 664 904 701 Marchiae,
923 664 971 701 qui
983 663 1018 693 de
1029 661 1284 706 traiiigressionibus
1301 661 1346 691 seu

273 707 378 742 iniuriis
389 706 525 746 aliquibus
537 704 679 734 voluerint
694 705 847 743 conqueri,
865 703 962 733 venire
982 701 1083 732 faciant
1102 710 1200 730 coram
1216 700 1298 743 vobis
1313 699 1347 729 ad

274 745 408 783 justitiam
425 747 453 775 in
471 742 615 782 praemissis
629 741 786 772 faciendam
801 743 834 773 ὃς
856 740 1044 781 recipiendam
1061 763 1071 779 ,
1094 748 1177 780 prout
1191 738 1227 769 de
1240 748 1298 777 Jure
1313 738 1347 769 &

269 786 349 853 juiita
361 784 502 852 formai}c
500 783 574 821 pacis
590 780 735 822 praediuae
749 779 834 812 fuerit
849 779 1022 811 faciendum.

323 833 341 853 n
356 832 450 861 cuius,
503 831 529 852 c.

312 900 380 931 Dat⁴
395 910 444 938 per
459 908 594 937 manum,
611 898 672 929 &c.
685 896 758 936 apud
773 896 899 927 Westm.
919 904 965 934 14.
980 894 1025 925 die
1040 893 1149 932 Aprilis.

271 1027 321 1059 De
334 1025 488 1071 Processit,
514 1035 618 1056 coram
637 1025 714 1069 Rege
733 1020 891 1054 Eduardo
909 1025 940 1053 in
965 1024 1059 1054 Curia
1071 1020 1131 1065 fita
1151 1022 1348 1052 Lemovicen-

307 1078 344 1119 fi’
364 1101 374 1116 ‚
407 1078 485 1106 inter
512 1072 714 1117 Seneftallum
745 1071 893 1116 Gas‘bonizc
922 1073 958 1108 (ῤ’
987 1067 1142 1112 Θαβοηεηι
1165 1067 1201 1101 de
1226 1070 1345 1112 Bearn,

318 1122 477 1168 Francifio
495 1120 633 1164 Accnrsii
652 1123 688 1157 0²·
709 1119 779 1151 aliis
792 1117 991 1166 praesentibus.

117 1229 186 1260 Am
212 1227 244 1259 D
277 1208 351 1271 IN
370 1209 490 1239 nomine
503 1206 628 1238 Domini
641 1205 746 1236 Amen.
777 1203 872 1236 Pateat
883 1203 1082 1248 omnibus-per
1095 1203 1152 1234 hoc
1168 1202 1284 1241 praesens
1297 1212 1349 1242 pu-

139 1276 224 1307 1274.

116 1312 170 1336 An.
187 1318 213 1335 2.

117 1351 149 1374 Ε.
170 1356 192 1373 ι.

116 1389 148 1412 L.
164 1389 193 1412 B.
203 1383 229 1421 f.

119 1432 184 1458 224.
198 1424 222 1452 b.

117 1465 252 1489 PencsC.1-

116 1509 210 1528 Μεναν-

320 1248 428 1279 blicum
450 1245 691 1282 Instrumentum,
709 1244 787 1283 quod
802 1266 810 1281 ,
835 1253 912 1273 anno
934 1241 1059 1273 Domini
1082 1251 1166 1280 1274.
1189 1242 1349 1273 indictione

276 1286 394 1318 secunda
410 1309 420 1325 ,
445 1295 573 1323 tempore
593 1283 719 1314 Domini
741 1281 874 1321 Gregorii
896 1281 982 1320 Papae
1006 1291 1050 1312 10.
1073 1281 1174 1311 Mense
1197 1280 1288 1319 Maii,
1303 1282 1349 1312 die

277 1326 411 1363 Veneris,
430 1326 457 1354 in
475 1323 639 1354 Crastinum
656 1321 831 1351 Ascensionis
845 1320 988 1358 Domini,
1007 1328 1227 1358 comparuerunt
1248 1330 1347 1351 coram

278 1364 413 1396 Domino
426 1362 586 1398 Edwardo,
604 1360 662 1391 Dei
677 1360 780 1399 gratia,
799 1358 980 1390 illustrissimo
996 1359 1076 1398 Rege
1092 1358 1220 1397 Angli-ee,
1238 1358 1348 1389 Domi-

276 1414 315 1434 no
331 1402 479 1432 Hiberniae
494 1411 527 1431 ac
547 1400 634 1430 Duce
653 1398 812 1438 Aquitaniae
825 1421 834 1437 ,
859 1399 893 1429 &
911 1397 998 1428 Curia
1018 1398 1051 1428 δε
1066 1396 1196 1428 Consilio
1208 1397 1258 1428 suo
1273 1408 1287 1428 a
1309 1399 1347 1429 ud

277 1442 464 1472 Lemovicen.
479 1440 586 1470 Fratres
600 1437 761 1468 Germanus
776 1436 934 1466 Cardianus
947 1437 979 1467 &
995 1436 1137 1476 Philippus
1153 1436 1268 1466 Ordinis
1308 1448 1348 1468 ta-

274 1489 349 1511 trum
367 1479 519 1509 Minorum
534 1477 653 1507 Oleron.
669 1477 702 1507 &
717 1475 913 1515 praesentibus,
932 1475 1078 1512 adhibitis,
1097 1476 1197 1514 rogatis
1209 1476 1243 1506 &
1259 1486 1348 1507 voca—

272 1521 306 1550 tis
323 1518 469 1549 Relioiosis
486 1517 549 1548 viri<
565 1516 660 1547 Sanc‘ti
677 1514 812 1551 Martini,
832 1514 927 1544 Saneti
942 1513 1092 1554 Augustini
1107 1514 1294 1545 Lemovicen.
1311 1516 1346 1546 &

272 1559 308 1589 de
321 1544 515 1596 Belici'pertica
532 1555 707 1591 Abbatibiis,
724 1554 757 1584 &
772 1554 895 1591 pluribus
908 1553 981 1590 aliis,
1001 1552 1053 1592 ipsa
1066 1553 1111 1583 die
1126 1552 1243 1583 Veneris
1255 1554 1346 1585 dietus

270 1597 416 1628 Dominus
430 1595 495 1625 Rex
506 1595 539 1626 ὅ(
556 1593 624 1624 Dux
636 1593 750 1632 publice
766 1593 818 1631 legi
832 1591 899 1622 fecit
913 1592 1053 1630 quandam
1075 1591 1216 1622 Cedulam
1231 1602 1346 1631 proces-

269 1635 314 1667 ssis
334 1635 506 1677 praehabiti,
533 1634 566 1663 ὃς
591 1631 721 1671 quasdam
742 1631 841 1661 litteras
858 1630 981 1661 Domini
1002 1629 1138 1660 Gastonis
1158 1630 1345 1663 Vicecomitis

268 1675 355 1706 Bearn
365 1699 374 1715 ,
393 1674 426 1705 ὃ(
441 1675 498 1712 ejus
509 1672 596 1712 sigillo
610 1672 762 1711 singnatas,
780 1678 904 1710 patentes
920 1670 948 1699 iii
963 1669 1040 1700 hunc
1055 1669 1185 1700 modum.

308 1752 398 1782 Anno
421 1749 544 1782 Domini
570 1758 654 1787 1274.
677 1747 722 1777 die
742 1746 879 1777 Mercurii
904 1754 967 1776 ante
991 1744 1192 1775 Ascensionem
1220 1744 1343 1778 Domini

119 1804 180 1832 ³⁸1¹.
190 1804 234 1832 26,
271 1799 490 1829 comparuerunt
506 1799 602 1820 coram
619 1787 754 1818 Domino
775 1785 933 1823 Edwardo,
953 1783 1135 1815 illustriffimo
1150 1784 1168 1803 ⁴*
1185 1782 1267 1823 Rege
1283 1786 1344 1816 An-

272 1830 353 1869 glire,
374 1830 508 1860 Domino
521 1827 671 1858 Hiberniae
687 1828 720 1856 ὅ(
738 1825 824 1855 Duce
840 1824 1021 1862 Aquitanniae
1035 1846 1045 1861 ,
1072 1823 1105 1853 &
1120 1821 1207 1852 Curia
1225 1826 1259 1855 &
1272 1834 1344 1855 con-

272 1870 331 1899 silio
347 1869 396 1900 suo
409 1868 482 1907 apud
506 1867 656 1898 Lemovic.
674 1865 780 1895 Fratres
800 1863 962 1894 Germanus
982 1861 1140 1892 Cardianus
1152 1884 1162 1899 ,
1187 1861 1220 1891 ὅ(
1238 1863 1344 1902 Philip-

293 1919 322 1938 us
337 1907 452 1938 Ordinis
466 1907 593 1936 Fratrum
611 1905 763 1935 Minorum
780 1902 914 1932 Oleronis
928 1926 937 1940 ,
963 1902 1011 1939 qui
1028 1910 1060 1930 ex
1079 1907 1155 1939 paite
1172 1900 1206 1931 &
1228 1904 1345 1933 nomine

308 1947 387 1976 obilis
404 1946 463 1976 Viri
478 1944 613 1976 Gastonb·
630 1942 818 1972 Vicecomitis
839 1941 920 1971 Biei'n
934 1939 1100 1971 mandatum
1115 1939 1148 1970 ὅ(
1164 1938 1253 1972 literas
1264 1942 1344 1979 ipfius

269 1994 394 2026 patentes
408 1985 594 2016 exhibuerunt
609 1984 637 2012 in
652 1982 728 2012 hunc
744 1980 874 2010 nzodum.

310 2061 458 2093 Univerfis
493 2061 640 2102 praesentes
654 2059 742 2090 literas
758 2056 938 2096 inspecturis,
957 2053 1050 2086 Gasto
1065 2055 1237 2086 Vicecomes
1251 2055 1342 2087 Biern.

272 2099 420 2131 Dominus
434 2100 453 2130 I&
471 2101 545 2131 ontis
557 2099 659 2130 Catani
674 2099 707 2129 &
722 2095 815 2128 Castri
830 2095 939 2126 Veteris
952 2093 1066 2124 salutem
1080 2095 1109 2124 in
1124 2094 1270 2125 Domino.

310 2139 460 2170 Noveritis
472 2137 549 2179 quod
563 2148 614 2168 nos
628 2137 747 2168 facimus
758 2158 768 2174 ,
792 2134 990 2166 constituimus
1002 2133 1035 2164 δε
1057 2133 1220 2163 ordinamus
1234 2133 1345 2165 Procu-

274 2186 377 2208 ratores
393 2178 502 2208 nostros
513 2178 547 2208 &
555 2176 701 2212 Nuntios,
717 2173 874 2213 Religiosos
888 2173 964 2202 viros
977 2170 1072 2202 fratres
1080 2171 1259 2203 Germanum
1267 2172 1344 2203 Gar-

271 2216 390 2247 dianurn
401 2217 435 2247 ὃς
449 2215 614 2253 Philippum
629 2214 746 2244 Ordinis
761 2212 877 2242 fratrum
893 2210 1046 2241 Minorum
1065 2209 1196 2240 Oleronis
1210 2234 1219 2250 ,
1245 2221 1344 2242 coram

274 2255 372 2286 illustri
388 2254 523 2285 Domino
538 2253 636 2284 nostro
650 2252 733 2291 Rege
747 2250 875 2290 Angliae,
892 2258 939 2280 aut
953 2248 1109 2280 Senescallo
1127 2249 1176 2279 suo
1194 2250 1223 2279 in
1237 2249 1345 2281 Vasco-

274 2294 338 2331 nia,
353 2294 387 2324 ad
402 2291 619 2334 proponendum
632 2292 665 2322 ὃς
680 2289 891 2328 significandum
905 2289 943 2318 eis
962 2288 1007 2318 vel
1019 2298 1120 2318 eorum
1133 2288 1208 2318 alteri
1243 2287 1345 2327 damp-

275 2343 312 2363 na
326 2334 359 2364 &
371 2333 531 2371 gravamina
542 2341 607 2369 quae
618 2353 628 2368 ,
654 2329 716 2367 post
731 2328 924 2359 defensionem
945 2326 1070 2370 Domini
1090 2326 1179 2366 Regis
1199 2311 1344 2367 Franciae,

276 2381 326 2409 per
341 2381 407 2408 eos,
423 2371 456 2401 ὃ(
470 2370 533 2400 loca
546 2379 645 2400 eorum
658 2376 801 2406 tenentes,
820 2367 902 2397 nobis
915 2365 948 2396 ὅ(
964 2365 1064 2396 nostris
1077 2364 1219 2408 Gentibus
1232 2365 1293 2396 sunt
1309 2367 1344 2396 il-

272 2410 340 2446 lata,
358 2410 391 2441 &
404 2409 437 2439 ad
453 2409 606 2447 petendum
628 2407 661 2438 &
681 2405 874 2446 recipiendum
891 2403 1041 2434 emendam
1059 2404 1095 2434 ab
1109 2405 1158 2434 eiis
1176 2404 1222 2434 vel
1241 2414 1343 2435 eorum

269 2449 376 2487 altero,
398 2449 431 2479 ὃς
446 2448 672 2488 responsionem,
692 2455 776 2484 quam
790 2445 870 2484 super
884 2444 936 2474 hiis
947 2443 1076 2474 duxerint
1089 2442 1254 2473 faciendam.

309 2487 341 2518 In
354 2490 432 2527 cujus
446 2488 486 2517 rei
504 2485 700 2517 testimonium
721 2483 841 2524 sigillum
863 2482 995 2513 nostrum
1014 2482 1144 2512 duximus
1163 2481 1344 2522 praesentibus

268 2536 304 2566 ap
345 2526 478 2557 nendum.
836 2560 851 2566 ..
938 2561 943 2566 .

340 2574 374 2595 at.
390 2564 462 2602 apud
478 2563 639 2593 Oleronem
653 2563 699 2592 die
714 2560 857 2605 Mercurii
865 2558 995 2599 proximi
1007 2559 1071 2600 post
1083 2558 1200 2590 Festum
1215 2559 1342 2598 Aposto-

268 2604 364 2636 lorum
376 2603 498 2644 Philippi
514 2601 662 2640 &jacobi
674 2610 749 2630 anno
765 2599 890 2630 Domini
908 2607 992 2638 ¹274·

311 2680 426 2720 Qiibus
439 2679 532 2710 litteris
547 2678 654 2709 ibidem
667 2676 809 2716 perlectis,
826 2675 973 2714 supradiffl
989 2675 1048 2705 duo
1064 2675 1187 2713 Fratres,
1204 2675 1324 2706 nomine

271 2720 306 2752 &
319 2723 398 2758 vice,
416 2718 449 2750 8(
463 2719 500 2749 de
514 2718 647 2748 mandato
663 2739 672 2755 ,
698 2717 767 2746 sicut
779 2716 910 2746 dicebant
927 2737 937 2753 ,
959 2713 1030 2744 dieti
1051 2713 1202 2757 Gastoni3‚
1220 2715 1254 2745 &
1268 2699 1342 2744 miti}

270 2759 308 2789 ab
322 2769 375 2797 eo,
390 2759 460 2788 inter
475 2765 576 2787 caetera
610 2756 812 2794 proposuerunt
827 2753 904 2792 quod
919 2776 941 2796 ³.
952 2752 1108 2782 secundum
1123 2752 1235 2783 dietum
1255 2753 1289 2783 &
1303 2763 1344 2783 as—

271 2797 422 2828 sertionem
436 2795 506 2826 dieti
521 2779 657 2825 Gasionis
673 2797 771 2832 (quam
790 2794 819 2822 in
859 2800 914 2822 arte
934 2791 1150 2833 ipsi-credebant
1164 2801 1260 2821 veram
1275 2792 1342 2829 esse)

273 2835 425 2866 Castellani
438 2834 471 2866 &
485 2833 595 2864 Gentes
611 2832 680 2862 dieti
701 2832 826 2862 Domini
878 2831 944 2873 egis
956 2830 1065 2867 injurias
1085 2830 1119 2860 &
1133 2831 1293 2873 gravamina
1310 2840 1344 2861 ac

274 2876 440 2905 novationes
453 2873 578 2903 fecerant
592 2871 685 2901 eidem
701 2869 840 2907 Gastoni,
855 2869 946 2900 Genti
961 2870 994 2899 &c
1007 2876 1087 2898 terrae
1103 2869 1201 2907 ipsius,
1220 2868 1284 2906 post
1299 2870 1344 2899 in-

274 2914 445 2943 hibitionem
459 2912 562 2942 saetam
575 2920 609 2941 ex
624 2918 700 2950 parte
713 2909 837 2940 Domini
851 2908 940 2947 Regis
959 2907 1085 2938 Franciae
1099 2916 1260 2938 memorato
1277 2907 1345 2938 Do-

277 2953 359 2981 mino
374 2951 450 2990 Regi
472 2950 601 2989 Angliae,
618 2950 726 2979 ratione
744 2948 934 2986 appellationis
949 2969 959 2985 ,
982 2956 1069 2986 quam
1086 2945 1178 2976 dietus
1197 2945 1290 2977 Gasto
1308 2947 1345 2977 ab

276 2991 284 3019 i
308 2989 337 3019 so
352 2988 454 3027 Duce,
473 2988 555 3028 Rege
567 2987 679 3027 Angliae
692 3010 701 3026 ,
727 2989 771 3018 vel
790 2986 947 3017 Senescallo
961 2985 1011 3016 suo
1023 2984 1174 3016 Vasconiae
1185 2984 1219 3016 ad
1233 2985 1344 3016 dietum

273 3000 440 3059 Dominum
453 3026 565 3066 Regem
579 3027 603 3057 F
604 3028 706 3057 tanciae
720 3026 839 3063 fecerat,
855 3033 887 3055 ut
899 3024 1020 3055 dicebat.

312 3065 404 3096 Unde
418 3065 641 3105 supplicaverunt
657 3066 690 3096 ὃς
709 3064 843 3095 instanter
859 3064 998 3102 petierunt
1011 3087 1022 3103 ,
1046 3064 1165 3094 nomine
1178 3072 1237 3101 quo
1249 3063 1346 3102 supra,

272 3105 352 3144 quod
366 3104 442 3134 idem
455 3104 600 3134 Dominus
612 3103 696 3141 Rex,
714 3105 746 3135 δε
764 3103 834 3134 Dux
849 3102 982 3144 praedit‘ta
1002 3111 1120 3141 novata,
1135 3103 1296 3142 gravamina
1310 3102 1345 3134 &

274 3144 386 3182 injurias
400 3142 502 3173 faceret
516 3143 670 3172 secundum
680 3142 814 3179 justitiam
826 3141 983 3173 emendari:

312 3182 359 3212 Ad
372 3182 435 3212 haec
449 3189 620 3211 memoratus
637 3180 782 3210 Dominus
797 3180 862 3211 Rex
883 3181 916 3211 ὃς
940 3179 1010 3210 Dux
1024 3178 1187 3217 Aquitaniae
1203 3179 1346 3218 respondit

275 3220 372 3260 quod,
390 3219 453 3258 post
465 3219 664 3250 inhibitionem
680 3219 860 3258 praedictam,
879 3220 928 3249 sibi
941 3219 1045 3249 fastam
1057 3228 1091 3248 ex
1108 3228 1184 3257 parte
1197 3219 1266 3249 dieti
1279 3218 1346 3249 Do-

275 3261 347 3290 mini
362 3258 450 3298 Regis
461 3258 605 3296 Franciae,
620 3258 697 3288 idem
715 3257 860 3289 Dominus
874 3258 941 3288 Rex
954 3257 1069 3297 Angli-ae
1088 3258 1121 3289 δε
1138 3257 1209 3288 Dux
1224 3257 1345 3295 Aquita-

275 3299 331 3328 nia:
345 3308 437 3338 praece
459 3306 514 3327 erat
534 3296 690 3327 Senescallo
712 3296 761 3326 suo
776 3296 925 3327 Vaseoniae
940 3320 949 3335 ,
975 3295 1138 3327 Castellanis
1160 3297 1193 3327 &
1214 3295 1346 3326 ministris

274 3337 342 3375 suis,
363 3337 396 3367 δε
411 3347 426 3367 e
447 3337 484 3366 ici
500 3336 601 3367 fecerat
614 3335 742 3374 publice,
760 3335 875 3366 firmiter
890 3336 924 3366 ἃ
938 3337 1038 3365 acriter
1052 3345 1089 3365 ne
1109 3335 1205 3372 aliquis
1222 3335 1344 3365 subditus

275 3376 353 3412 suus,
373 3374 511 3406 Officialis
524 3398 534 3413 ‚
560 3374 606 3405 vel
620 3373 752 3404 Minister
776 3383 876 3404 contra
896 3374 1067 3414 praedidhrm
1088 3373 1250 3405 Gastonem
1264 3397 1274 3412 ,
1298 3374 1345 3405 vel

276 3413 354 3450 suos,
392 3413 512 3444 endente
525 3413 603 3444 dieta
617 3413 800 3453 appellatione
814 3436 824 3451 ,
851 3414 883 3444 δε
899 3413 1015 3444 durante
1029 3413 1163 3452 praedic‘ta
1175 3413 1346 3443 inhibitione

277 3453 363 3494 praedi
394 3453 464 3483 iRe
485 3453 506 3483 is
522 3453 665 3489 Franci-ae,
682 3460 878 3488 attemptarent
898 3452 988 3482 facere
1007 3451 1187 3490 injuriosum,
1205 3452 1239 3483 ὅ(
1253 3452 1274 3481 sl
1285 3451 1346 3482 for-

278 3494 343 3519 iitan
355 3499 454 3521 contra
476 3501 543 3521 uum
559 3490 686 3520 edietum
696 3513 705 3528 ,
723 3490 840 3520 suumve
853 3500 1028 3529 praeceptum
1044 3514 1054 3529 ,
1076 3491 1110 3521 &
1123 3499 1222 3521 contra
1237 3490 1344 3521 ditstam

279 3528 476 3560 inhibitionem
490 3530 561 3560 dieti
577 3529 702 3559 Domini
718 3529 804 3568 Regis
819 3529 945 3559 Franci-,e
958 3529 1060 3567 aliquid
1075 3530 1212 3560 invenerit
1225 3538 1346 3568 attemp-

280 3572 386 3605 tatum,
405 3568 472 3598 sicut
486 3570 584 3598 acriter
616 3576 781 3606 raeceperat,
799 3569 835 3598 ita
850 3569 947 3598 acriter
960 3568 993 3598 &
1006 3568 1095 3598 acrius
1110 3568 1236 3607 puniret:

320 3604 389 3642 Set,
413 3609 477 3645 quia
495 3608 581 3647 praedi
645 3607 744 3644 petitio
763 3615 821 3636 erat
841 3607 936 3636 minus
973 3607 1086 3637 enetalis
1099 3630 1108 3645 ,
1133 3606 1202 3637 dixit
1216 3606 1346 3636 fratribus

280 3641 378 3684 quod,
396 3643 415 3672 si
430 3645 546 3681 placeret
567 3647 604 3676 eis
651 3646 839 3684 exprimerent
856 3645 939 3675 distin
958 3650 987 3675 te
1000 3646 1034 3676 &
1054 3645 1220 3676 articulatim
1240 3654 1272 3674 ea
1285 3666 1296 3682 ,
1309 3643 1346 3686 *in

303 3680 382 3722 uibus
397 3680 594 3725 dictus-Casto
605 3669 717 3714 dicebat
732 3683 758 3713 se
772 3707 781 3722 ,
805 3684 851 3714 vel
864 3684 924 3714 suos
938 3694 987 3722 per
1000 3693 1117 3723 gentem
1136 3683 1205 3713 dieti
1222 3682 1346 3713 Domini

312 3718 414 3784 pgibse&
424 3719 513 3750 Ducis
525 3731 649 3760 gravatos
662 3722 759 3761 fuiffe,
777 3722 810 3754 ὃς
824 3723 879 3761 ipse
893 3731 999 3761 paratus
1010 3731 1069 3754 erat
1080 3722 1201 3754 celetem
1211 3721 1346 3760 justitiam

277 3764 339 3788 exii
379 3765 415 3784 re.

322 3793 434 3836 Quibus
449 3799 575 3827 contenti
590 3799 718 3838 praediffi
734 3800 839 3829 Fratres
850 3822 859 3837 ,
877 3799 910 3830 &
931 3800 1108 3839 regratiantes
1120 3797 1256 3828 Domino
1271 3795 1347 3835 Regi

281 3830 316 3862 &
332 3831 424 3867 Dum,
442 3835 571 3878 ¹quaedam
591 3837 666 3867 illico
687 3837 913 3876 specificaverunt
924 3839 1015 3869 verbo
1030 3860 1041 3876 ‚
1067 3838 1238 3875 requirentes
1250 3836 1348 3865 termi-

281 3879 352 3899 num
365 3869 398 3899 &
421 3869 496 3913 diem
517 3883 545 3902 in
561 3873 722 3906 Crastinum
736 3899 745 3914 ,
769 3885 799 3906 ut
820 3883 889 3906 tunc
910 3886 980 3907 cum
999 3876 1200 3906 deliberatione
1216 3873 1344 3904 Fratrum

282 3907 346 3939 haec
361 3908 395 3938 &
408 3908 458 3952 alia
473 3919 674 3952 proponerent,
691 3914 724 3943 ὃ(
739 3916 768 3944 in
780 3914 884 3951 scriptis
900 3915 1047 3945 traderent.

322 3946 400 3982 Quae
412 3946 486 3983 dies,
504 3956 574 3981 iuxta
588 3951 794 3986 requifitionem
813 3954 822 3982 i
844 3951 938 3982 sorum
953 3975 963 3992 ,
987 3954 1002 3984 a
1020 3953 1100 3983 dieto
1113 3951 1248 3987 Domino
1263 3949 1346 3988 Rege

285 3983 323 4027 ὃς
334 3983 438 4028 Duce,
454 3984 556 4028 eisdem
568 3985 705 4028 Fratribus
717 3990 769 4020 fuit
783 4001 799 4020 a
822 3999 913 4029 ignata
925 4014 935 4029 ,
962 3991 996 4022 &
1018 3991 1093 4022 dista
1111 3990 1169 4021 dies
1183 3989 1347 4019 conn'nuata

284 4022 354 4058 fuit,
372 4023 405 4052 ad
418 4022 575 4066 instantiam
590 4024 711 4068 ipsorum
722 4026 865 4065 Fratrum,
884 4030 914 4058 in
926 4028 1090 4059 Crastinum
1102 4028 1178 4067 apud
1191 4027 1345 4063 Lemovic,

320 4058 360 4092 Et
374 4062 590 4101 comparentibus
608 4062 689 4093 dietis
703 4063 748 4094 die
766 4067 928 4097 continuata
943 4067 978 4098 δε
990 4066 1059 4098 ioco
1078 4076 1177 4099 coram
1190 4065 1271 4097 dieto
1284 4063 1347 4096 Re.

718 143 1519 194 CONVENTIONES,
1574 144 1977 201 LITERAE,

1380 242 1416 273 ge
1429 233 1462 264 δε
1478 231 1565 263 Duce
1580 232 1682 265 eisdem
1696 234 1853 273 Fratribus,
1870 235 2051 275 perlectisque
2063 234 2198 266 omnibus
2218 234 2395 277 supradietis,
2413 237 2446 269 ὃς
2466 209 2570 259 Aust-*1

1380 271 1507 309 exposm‘s
1516 271 1650 303 Romana
1660 273 1770 314 lingua,
1788 274 1858 305 dieti
1872 275 1980 305 Fratres
1992 282 2219 314 recognoverunt
2231 275 2371 343 praemiis-a
2384 286 2449 306 om·
2464 273 2570 332 3¹27ss

2487 318 2494 331 ι
2526 325 2532 331 ε
2565 324 2570 338 Ι

1381 311 1428 340 nia
1441 310 1502 340 aeta
1516 310 1570 340 effi:
1583 312 1617 341 &
1629 322 1714 350 vera,
1728 314 1762 344 &
1775 313 1873 344 iterato
1884 313 2123 353 supplicaverunt,
2138 322 2230 352 propo
2241 322 2341 344 uerunt
2354 314 2387 345 &
2402 325 2450 355 pe-

1382 350 1502 386 tierunt,
1521 348 1555 379 &
1572 349 1651 389 supra
1663 350 1860 390 postulationi,
1879 362 1908 382 re
1930 352 2050 382 uisitioni
2065 353 2099 384 &
2118 353 2247 390 petitioni
2263 352 2318 382 suae
2331 352 2452 384 adicien-

1384 396 1425 418 tes
1437 396 1472 416 ex
1486 387 1606 426 scriptO,
1623 399 1674 428 per
1685 400 1733 420 eos
1747 390 1853 420 ibidem
1869 363 1969 421 tradito
1983 391 2013 420 in
2026 391 2104 421 hunc
2117 390 2252 428 modurn,

1422 424 1492 469 Nos
1507 426 1617 463 fratres,
1636 427 1810 466 Germanus,
1828 429 1862 459 &
1878 428 2040 470 Philippus,
2059 430 2128 460 sicut
2143 429 2255 460 Nuncii
2272 427 2344 459 missi
2360 430 2374 460 a
2390 428 2454 460 Do—

1387 473 1470 494 mino
1485 463 1617 494 Gastone
1629 465 1662 496 ad
1677 466 1813 497 illustrem
1828 467 1993 498 Dominum
2007 467 2135 498 nostruin
2143 467 2257 508 Regem
2266 468 2395 508 Angliae,
2413 478 2455 498 re-

1385 510 1529 541 portamus
1545 503 1578 533 &
1594 504 1735 535 referimus
1747 507 1908 545 gravamina
1920 508 1953 537 &
1973 506 2076 537 damna
2091 529 2101 545 ,
2124 516 2188 545 quae
2202 530 2212 545 ,
2256 507 2301 537 ost
2316 507 2455 538 defensio-

1385 550 1455 609 pem
1468 539 1592 571 Domini
1605 542 1692 583 Regis
1706 543 1882 575 Francorum
1896 568 1906 584 ,
1931 544 2067 576 Domino
2085 544 2209 576 Gastoni·
2274 546 2325 577 suis
2343 545 2405 577 sunt
2420 545 2454 576 fl-

1396 587 1450 609 ata:

1423 616 1538 662 Primo,
1557 617 1704 662 Dominus
1717 620 1784 651 Rex
1794 621 1904 661 Angliae
1918 621 1985 653 fecit
1997 622 2173 663 praeconifiiri
2187 632 2235 663 per
2247 630 2349 654 terram
2362 622 2456 662 suam,

1387 665 1484 724 nequis
1497 656 1534 702 de
1547 665 1617 688 terra
1631 660 1674 688 {ua
1691 659 1812 699 aliquem
1827 661 1863 690 de
1881 669 1951 692 terra
1971 661 2042 692 dieti
2064 661 2189 692 Domini
2207 661 2342 693 Gastonis
2359 661 2457 692 audeat

1386 694 1425 725 ho
1437 703 1515 735 pitari
1529 718 1538 733 ,
1567 706 1620 727 nec
1635 697 1736 736 aliquid
1751 699 1886 737 vendere,
1902 709 1956 730 nec
1970 700 2061 730 debita
2074 700 2196 738 solvere,
2215 710 2270 731 nec
2288 699 2403 739 aliquis,
2419 699 2457 730 de

1386 742 1461 802 ter&
1471 734 1541 778 disti
1559 733 1682 804 Dgrgini
1695 736 1846 777 Gastonis,
1861 739 1981 778 aliquam
1999 749 2060 769 rem
2074 738 2196 770 extrahat
2209 739 2245 770 de
2261 748 2332 770 terra
2346 738 2456 769 Domi-

1386 783 1416 803 ni
1463 781 1517 812 egis
1530 783 1587 810 prae
1609 784 1634 804 ie
1649 785 1666 804 i.

1424 812 1442 830 ²*
1461 811 1544 842 Item.
1572 811 1708 844 Prohibet
1722 824 1758 844 ne
1772 814 1881 844 Gentes
1893 814 1963 846 dieti
1978 814 2099 846 Domini
2109 815 2245 847 Gastonis
2257 824 2369 848 utantur
2377 815 2455 847 Her-
2469 819 2536 850 ³³11.
2546 830 2570 858 22

1386 849 1472 894 bagiis
1487 852 1520 882 &
1536 850 1646 895 Pascuis
1660 853 1810 891 consuetis,
1833 854 1867 884 &
1881 853 2032 892 specialiter
2045 856 2075 886 in
2097 855 2165 886 loco
2179 856 2227 893 qui
2247 855 2350 887 dicitur
2365 856 2456 895 Gert,

1387 889 1421 919 &
1435 899 1464 933 in
1477 897 1642 934 tenementis
1658 889 1822 922 Castrorum
1838 916 1848 931 ,
1872 893 2002 924 videlicet
2019 918 2028 931 ,
2054 893 2162 933 Saltsis,
2179 893 2272 924 Castri
2293 894 2382 933 novi,
2400 895 2457 925 Bo-

1387 936 1449 957 nuti
1459 927 1629 972 ,'L·obierii,
1645 927 1844 973 ‘Rupis-Fortis
1856 931 1886 960 in
1893 931 2072 972 Tempsam,
2092 934 2121 963 in
2134 933 2234 973 quibus
2246 933 2376 964 homines
2387 933 2457 964 dieti

1388 964 1519 1012 Domini·
1529 966 1663 997 Gastonis
1673 972 1714 1012 uli
1733 971 1794 999 lunt
1808 968 1918 1000 Pascuis
1934 971 1967 1001 &
1989 970 2138 1011 Herbagiis
2156 971 2273 1011 pacifice
2286 980 2365 1003 tanto
2383 981 2458 1004 tem-

1386 1014 1475 1044 pore,
1494 1005 1655 1050 citra-quod
1670 1016 1700 1036 in
1719 1009 1894 1038 contrarium
1912 1010 2052 1040 memoria
2067 1020 2128 1041 non
2147 1009 2239 1041 existit
2257 1011 2291 1042 &
2305 1011 2458 1051 specialiter

1388 1043 1433 1074 As
1446 1045 1550 1075 erenses
1563 1055 1591 1074 in
1607 1045 1674 1075 loco
1687 1045 1723 1076 de
1738 1046 1813 1077 Gert
1825 1056 1970 1086 tamquam
1983 1047 2044 1077 suis.

1442 1091 1510 1114 tem.
1548 1082 1667 1114 Bailivus
1680 1084 1717 1115 de
1732 1085 1818 1116 Soula
1832 1085 1964 1123 prohibet
1977 1085 2142 1116 hominibus
2155 1086 2226 1118 dieti
2242 1086 2366 1119 Domini
2385 1088 2459 1120 Gas-

1387 1122 1461 1152 tonis
1476 1122 1573 1160 pascua
1586 1123 1619 1153 ὃς
1634 1122 1722 1163 usagia
1735 1124 1876 1155 consueta.
2191 1134 2195 1139 ·

1424 1160 1508 1192 Item.
1547 1160 1667 1192 Bailivus
1680 1164 1757 1201 cepit
1776 1163 1885 1202 aliquos
1905 1162 2036 1193 homines
2054 1163 2089 1194 δε
2109 1163 2237 1195 animalia
2251 1164 2322 1195 dieti
2333 1164 2460 1197 Domini

1388 1198 1541 1239 Gastonis,
1559 1200 1593 1230 &
1606 1200 1721 1232 detinet.

1424 1237 1506 1269 Item.
1545 1238 1665 1270 Bailivus
1679 1239 1754 1270 idem
1771 1241 1840 1278 petit
1853 1240 1888 1270 ab
1910 1240 2076 1271 hominibus
2090 1240 2162 1271 dieti
2185 1239 2309 1271 Domini
2325 1241 2462 1274 Gastonis

1388 1278 1502 1317 census,
1520 1287 1590 1316 quos
1602 1278 1708 1310 solvere
1719 1289 1780 1309 non
1794 1288 1932 1310 tenentur.

1424 1315 1508 1346 Item.
1548 1316 1669 1348 Bailivus
1685 1318 1720 1348 de
1735 1317 1872 1348 Lobierio
1887 1319 1920 1349 ὃς
1934 1317 1970 1348 de
1978 1317 2065 1356 Rupe
2078 1317 2155 1348 Forti
2168 1317 2199 1348 in
2209 1317 2396 1358 Tempsano,
2414 1330 2463 1350 ce-

1387 1354 1428 1394 pit
1441 1355 1547 1394 aliquos
1559 1355 1689 1387 homines
1705 1356 1829 1387 Domini
1844 1356 1996 1394 Gastonis‚
2013 1357 2047 1388 &
2060 1365 2158 1396 captos
2170 1355 2293 1397 detinet,
2311 1358 2346 1388 &
2360 1359 2462 1390 multas

1386 1403 1487 1424 vaccas
1503 1404 1536 1425 ce
1558 1395 1593 1432 it,
1613 1404 1680 1433 quas
1692 1394 1761 1425 fecit
1774 1395 1875 1425 redimi
1887 1396 1924 1426 ab
1935 1394 2046 1426 eisdem.

1426 1431 1511 1477 Item.
1538 1403 1626 1463 1idern
1642 1433 1761 1464 Bailivus
1781 1434 1817 1464 de
1837 1433 1975 1464 Lobierio
1997 1444 2057 1465 non
2078 1434 2218 1473 permittit
2243 1434 2373 1466 homines
2392 1435 2463 1467 dieti

1388 1469 1512 1502 Domini
1526 1471 1662 1502 Gastonis
1675 1472 1710 1502 &
1724 1472 1839 1503 suorum
1851 1482 1926 1502 arare
1937 1473 1970 1503 &
1984 1473 2115 1503 excolere
2127 1481 2209 1503 terras
2220 1473 2285 1504 suas.

1424 1508 1507 1540 Item.
1547 1510 1628 1541 Idem
1644 1509 1763 1541 Bailivus
1775 1510 1813 1540 de
1828 1510 1966 1541 Lobierio
1987 1521 2048 1541 non
2103 1512 2203 1542 rmittit
2223 1512 2355 1543 homines
2368 1511 2462 1544 Castri

1385 1548 1421 1578 de
1437 1548 1550 1587 Vineis,
1589 1548 1646 1579 uod
1662 1548 1703 1579 est
1718 1549 1753 1580 de
1766 1548 1852 1580 feudo
1866 1548 1991 1580 Domini
2002 1549 2033 1580 G
2077 1550 2139 1579 onis
2154 1572 2164 1587 ,
2185 1550 2302 1581 residere
2313 1552 2344 1581 in
2358 1553 2461 1583 eodem

1387 1587 1509 1657 Castrbtg,
1528 1590 1561 1620 ὃς
1586 1588 1647 1618 ocis
1666 1587 1719 1619 suis
1732 1611 1742 1626 ,
1765 1588 1800 1619 ὃς
1815 1589 1922 1626 recepit
1941 1588 1977 1619 ab
1993 1588 2031 1619 eis
2045 1597 2095 1629 per
2111 1588 2276 1620 violentiam
2290 1591 2461 1630 quatuorde-

1384 1636 1444 1657 cim
1500 1637 1554 1658 ves.

1420 1664 1504 1696 Item.
1544 1665 1682 1703 Inquietat
1696 1665 1826 1696 homines
1835 1664 1903 1696 dieti
1917 1664 2043 1695 Domini
2058 1664 2194 1696 Gastonis
2206 1665 2242 1698 &
2259 1665 2375 1698 suorum
2389 1690 2400 1706 ,
2424 1669 2460 1700 &

1383 1705 1477 1736 turbat
1493 1706 1521 1735 in
1534 1705 1641 1742 juribus
1663 1704 1716 1735 suis
1735 1705 1768 1736 &
1788 1704 1884 1744 usagiis
1905 1703 2069 1743 consuetis,
2093 1704 2128 1735 &
2147 1712 2206 1734 tam
2225 1703 2305 1735 idem
2322 1705 2461 1745 Bailivus,

1404 1753 1470 1773 uam
1485 1743 1547 1782 alii,
1565 1743 1652 1773 multa
1665 1743 1787 1783 dampna
1803 1744 1837 1774 &
1852 1744 2013 1782 gravamina
2027 1743 2061 1774 &
2081 1743 2189 1780 injurias
2201 1741 2326 1774 inferunt
2345 1744 2376 1775 in
2389 1754 2461 1776 terra

1383 1752 1453 1812 dieti
1468 1781 1762 1850 DominiffGastonis3
1779 1783 1816 1813 ita
1829 1781 1924 1820 quod,
1940 1789 2079 1820 quantum
2092 1781 2133 1812 est
2147 1782 2178 1812 in
2190 1782 2247 1822 eis,
2264 1781 2365 1822 partim
2379 1783 2461 1815 vide-

1385 1829 1430 1851 tur
1483 1831 1540 1851 erra
1553 1831 1587 1851 ce
1611 1830 1664 1851 are.

1421 1830 1520 1898 (ἕξετε
1533 1859 1680 1890 Dominus
1696 1857 1789 1890 Gasto
1800 1858 1952 1898 humilius,
1967 1868 2028 1898 quo
2040 1858 2152 1899 potest,
2169 1856 2304 1898 supplicat
2318 1858 2458 1892 Domino

1384 1897 1434 1928 suo
1450 1898 1549 1929 illustri
1564 1898 1639 1938 Regi
1652 1897 1784 1938 Angliae,
1798 1905 1830 1928 ut
1843 1899 1880 1929 ita
1892 1898 1929 1929 de
1944 1898 2029 1938 plano
2039 1897 2142 1941 absque
2153 1896 2276 1934 judiciali
2287 1896 2404 1938 strepitu
2417 1911 2462 1931 re-

1385 1946 1471 1967 vocet
1504 1937 1537 1968 ὅς
1552 1936 1633 1967 faciat
1652 1937 1794 1975 revocari,
1811 1936 1944 1968 emendet
1959 1960 1969 1975 ,
1995 1937 2029 1968 &
2049 1936 2133 1966 faeiat
2151 1935 2309 1974 emendari,
2327 1938 2362 1969 &
2379 1937 2459 1975 justi-

1385 1976 1453 2006 tiam
1488 1977 1543 2015 eri,
1558 1976 1592 2007 ὃ(
1608 1976 1755 2013 prohibeat
1763 1975 1884 2006 Baillivis
1897 1976 1948 2007 suis
1964 1984 1995 2006 ut
2008 1974 2140 2006 desistant
2152 1975 2166 2004 a
2180 1975 2279 2005 talibus
2291 1975 2460 2016 inferendis;

1383 2014 1462 2044 dolet
1476 2016 1553 2046 enim
1567 2015 1658 2045 dietus
1671 2014 1819 2046 Dominus
1834 2013 1928 2045 Gasto
1943 2036 1953 2052 ,
1975 2015 2009 2045 &
2025 2014 2121 2045 dolere
2136 2012 2240 2052 debet,
2259 2023 2313 2044 nec
2329 2015 2460 2048 immeri-

1383 2061 1434 2092 to,
1451 2053 1488 2084 de
1501 2053 1637 2085 discordia
1651 2063 1716 2093 quae
1730 2052 1772 2083 est
1785 2061 1846 2084 orta
1859 2054 1932 2084 inter
1944 2053 2034 2091 ipsos;
2051 2053 2085 2085 ὃ(
2101 2052 2204 2091 nollet,
2222 2053 2242 2083 fi
2263 2051 2372 2092 poffet,
2391 2064 2459 2085 mo-

1384 2091 1424 2122 do
1438 2092 1533 2131 aliquo
1545 2102 1657 2123 exnunc
1673 2102 1779 2122 novam
1793 2092 1914 2130 aliquam
1931 2093 2044 2122 exoriri.

1422 2130 1506 2162 Item.
1542 2131 1619 2162 Non
1633 2131 1728 2161 credat
1746 2129 1894 2161 Dominus
1914 2130 1980 2161 Rex
2026 2128 2104 2168 quod
2120 2128 2230 2160 Gentes
2247 2127 2316 2160 dieti
2331 2129 2458 2162 Domini

1384 2168 1522 2200 Gastonis
1534 2171 1564 2200 in
1578 2178 1680 2200 terram
1693 2168 1818 2199 Domini
1832 2168 1921 2199 nostri
1934 2153 2045 2199 illustris
2063 2168 2166 2208 Regis,
2181 2166 2246 2206 post
2261 2168 2457 2201 defensionem

1383 2208 1584 2248 praehabitam,
1602 2209 1734 2239 insultum
1755 2208 1890 2246 fecerint,
1909 2208 1955 2238 vel
1971 2207 2094 2245 dampna
2107 2207 2199 2245 aliqua
2212 2207 2375 2247 intulerint,
2390 2209 2457 2241 licet

1382 2246 1483 2286 aliqui,
1498 2257 1582 2286 prout
1595 2247 1714 2285 dicitur,
1733 2246 1826 2277 eidem
1847 2245 1983 2277 Domino
1998 2245 2074 2285 Regi
2094 2246 2271 2277 contrarium
2285 2246 2459 2287 affeverent;

1385 2295 1438 2315 nos
1450 2287 1529 2316 enim
1546 2310 1556 2325 ,
1581 2285 1651 2317 dicti
1667 2286 1774 2316 Fratres
1786 2308 1796 2324 ,
1820 2284 1869 2315 ista
1892 2286 1976 2316 vobis
1993 2285 2138 2315 retulimus
2150 2307 2159 2322 ,
2183 2284 2235 2322 δε,
2251 2287 2373 2317 nomine
2386 2287 2458 2319 dieti

1383 2323 1534 2364 Gastonis,
1552 2326 1690 2365 petimus,
1701 2332 1789 2393 ἒέουῑ
1804 2323 1859 2362 ipse
1874 2324 1956 2354 refert
1970 2324 2005 2355 &
2019 2323 2110 2354 asserit
2125 2322 2181 2354 effe
2195 2332 2268 2353 vera.

1420 2363 1535 2402 Quibus
1551 2364 1688 2401 petitione
1756 2361 1957 2402 supplicatione
1972 2385 1982 2401 ,
2006 2362 2040 2392 &
2061 2371 2126 2402 quae
2145 2361 2253 2392 Fratres
2271 2362 2321 2401 ipfi
2335 2365 2456 2395 nomine

1381 2400 1451 2432 dieti
1466 2402 1602 2432 Gastonis
1616 2411 1777 2442 proponere
1790 2401 1956 2440 volucrunt,
1969 2400 2068 2430 auditis
2079 2401 2113 2431 &
2128 2399 2293 2438 intelled'tis3
2309 2411 2378 2432 cum
2387 2402 2411 2432 F
2412 2414 2456 2434 ra-

1382 2447 1436 2470 tres
1448 2441 1497 2480 ipsi
1512 2441 1600 2471 nichil
1614 2441 1731 2480 amplius
1746 2440 1826 2477 super
1840 2439 1892 2469 hiis
1907 2439 1934 2469 se
1948 2438 2022 2470 velle
2057 2448 2197 2479 roponere
2215 2439 2335 2480 requisiti
2348 2440 2456 2473 asseve-

1381 2487 1473 2510 rarent
1487 2502 1497 2518 ,
1521 2479 1703 2511 Memoratus
1722 2477 1869 2508 Dominus
1887 2477 1952 2509 Rex
1973 2478 2008 2509 &
2028 2449 2100 2508 Dux
2113 2501 2123 2516 ,
2147 2477 2302 2508 deliberato
2323 2480 2458 2520 consilio,

1381 2526 1431 2558 per
1442 2519 1579 2556 judicium
1593 2518 1674 2550 suum
1685 2520 1718 2551 ὃ(
1728 2516 1825 2548 Curiae
1838 2517 1892 2548 suae
1901 2540 1910 2555 ,
1928 2516 2073 2556 decrevit,
2090 2516 2124 2547 &
2137 2515 2318 2547 decernendo
2330 2518 2361 2547 in
2372 2517 2460 2558 scrip-

1381 2557 1415 2586 tis
1428 2559 1638 2601 pronuntiavit,
1653 2558 1687 2589 &
1702 2557 1837 2599 praecepit
1851 2555 1928 2596 quod
1937 2580 1947 2594 ,
1959 2555 2038 2593 super
2053 2555 2194 2595 praedffifis
2206 2554 2248 2599 ,ὃς
2267 2555 2379 2595 singulis
2393 2559 2459 2589 am·-

1380 2595 1468 2634 culis,
1486 2596 1532 2627 seu
1554 2597 1583 2627 in
1603 2596 1792 2634 postulatione
1806 2595 1840 2626 &
1861 2595 1998 2633 petitione
2016 2595 2158 2626 contentis
2170 2617 2181 2633 ,
2200 2593 2310 2633 justum
2323 2595 2399 2635 fibi,
2423 2597 2459 2628 &

1380 2634 1500 2665 consilio
1515 2635 1564 2666 suo
1576 2636 1667 2667 visum
1683 2635 1724 2665 est
1733 2634 1763 2664 in
1777 2634 1855 2664 bunc
1869 2632 2007 2672 modum,

1419 2672 1577 2713 Videlicet,
1595 2674 1672 2714 quod
1689 2673 1867 2704 Mercatores
1885 2671 1985 2702 Terrae
1999 2671 2069 2702 dieti
2089 2670 2228 2703 Gastonis
2245 2673 2404 2712 peregrini,
2421 2674 2457 2706 δε

1382 2709 1492 2742 Gentes
1503 2722 1605 2742 omnes
1619 2713 1725 2750 poffint
1738 2711 1778 2740 ire
1790 2711 1887 2741 secure
1898 2711 1932 2741 &
1947 2709 2052 2748 redire,
2070 2711 2175 2740 morari
2189 2710 2224 2741 &
2236 2712 2390 2750 negotiari,
2405 2721 2456 2752 per

1380 2757 1482 2780 terram
1495 2751 1528 2781 &
1543 2752 1573 2781 in
1587 2759 1689 2781 terram
1703 2749 1785 2790 ipsius
1806 2747 1932 2778 Domini
1948 2748 2038 2786 Regis
2058 2748 2091 2778 &
2111 2747 2206 2778 Ducis
2217 2770 2227 2786 ,
2249 2748 2306 2778 sine
2323 2751 2405 2780 armis
2421 2751 2457 2781 δε

1382 2787 1483 2827 absque
1495 2788 1601 2819 offensa
1614 2789 1648 2819 &
1662 2788 1778 2824 iniuria,
1796 2787 1830 2817 ὅ(
1864 2786 1922 2816 uod
1943 2786 2037 2816 debita
2070 2786 2216 2816 contracta
2229 2785 2295 2822 post
2309 2787 2456 2819 inhibitio-

1381 2837 1449 2857 nem
1461 2826 1580 2864 saepefati
1598 2826 1724 2858 Domini
1740 2825 1830 2865 Regis
1866 2825 1989 2864 ranciae,
2006 2808 2155 2855 reddantur
2166 2847 2177 2863 ,
2203 2824 2237 2856 &
2250 2824 2343 2856 modo
2357 2825 2456 2858 debito

1380 2865 1521 2897 splvantur
1533 2865 1645 2896 eisdem.

1419 2904 1509 2944 Super
1521 2903 1645 2935 secundo
1658 2903 1738 2941 iane,
1753 2903 1837 2933 tertio
1849 2925 1859 2941 ,
1883 2902 1917 2933 ὃς
1931 2911 2031 2943 quarto
2044 2901 2167 2933 articulis
2180 2924 2190 2940 ,
2215 2901 2250 2932 &
2269 2904 2412 2934 contentis
2426 2905 2456 2935 in

1382 2943 1434 2974 illis
1448 2943 1495 2979 (de
1509 2945 1624 2974 veritate
1638 2952 1761 2981 quorum
1782 2951 1842 2971 non
1856 2940 1967 2972 constat
1976 2941 2052 2981 Regi
2066 2942 2100 2972 &
2114 2939 2194 2971 Duci
2209 2940 2360 2980 praedieto)
2376 2951 2458 2972 man-

1384 2982 1464 3013 datur
1473 2982 1628 3013 Senescallo
1637 2981 1697 3012 Vas
1692 2981 1784 3011 coniae
1797 2980 1874 3019 quod
1883 3003 1893 3018 ,
1900 2982 2006 3011 vocatis
2015 2979 2151 3012 vocandis
2157 3002 2167 3018 ,
2174 2979 2208 3010 δε
2222 2979 2331 3011 servatis
2346 2980 2457 3012 honore

1380 3021 1415 3053 &
1426 3020 1597 3051 inhibitione
1610 3020 1678 3051 dieti
1687 3019 1811 3050 Domini
1819 3019 1904 3058 Regis
1912 3018 2097 3058 Franciae,&
2109 3019 2194 3049 etiam
2206 3019 2265 3056 jure
2279 3019 2360 3058 ipsius
2368 3019 2458 3059 Regis

1384 3060 1431 3091 An
1453 3059 1496 3090 liae
1512 3060 1545 3090 &
1562 3059 1670 3098 Ducis,
1686 3059 1830 3089 vei-itatem
1843 3057 1980 3096 addiscat,
1999 3058 2032 3089 &
2047 3058 2172 3088 celerem
2181 3056 2323 3095 Justitiam
2338 3057 2431 3089 faciat.

1445 3106 1474 3128 et
1487 3097 1566 3138 super
1583 3100 1684 3137 quinto
1700 3096 1819 3128 articulo
1833 3097 1866 3127 &
1885 3097 2024 3137 septimo,
2050 3097 2084 3128 &
2102 3096 2268 3127 hominibus
2281 3096 2316 3126 δε
2329 3097 2460 3128 animali-

1381 3139 1434 3169 bus
1446 3139 1534 3177 captis
1550 3160 1560 3176 ,
1585 3137 1735 3169 mandatur
1751 3135 1844 3165 eidem
1865 3135 2024 3166 Senescallo
2043 3135 2121 3175 quod
2135 3157 2144 3174 ,
2169 3133 2343 3178 fihomines
2363 3135 2401 3165 illi
2421 3136 2457 3167 &

1381 3177 1511 3208 animalia
1527 3176 1588 3206 sunt
1603 3178 1633 3207 in
1647 3176 1711 3207 casu
1728 3174 1927 3211 recredentiae,
1946 3174 2145 3206 recredantur:
2174 3171 2204 3203 Si
2223 3183 2252 3202 in
2272 3173 2335 3204 casu
2355 3173 2458 3205 libera-

1382 3216 1483 3255 tionis,
1501 3215 1653 3246 liberentur
1666 3226 1676 3252 ;
1691 3214 1731 3244 fin
1747 3221 1842 3243 autem
1877 3213 2014 3252 justitiam
2028 3214 2112 3243 faciat
2130 3210 2298 3242 Senescallus
2310 3234 2320 3250 ‚
2344 3213 2455 3244 servatis

1381 3263 1477 3286 tamen
1489 3253 1600 3283 honore
1612 3255 1646 3285 &
1661 3252 1829 3282 inhibitione
1842 3235 1911 3282 dicti
1928 3251 2054 3283 Domini
2073 3251 2162 3294 Regis
2183 3249 2313 3294 Franciae
2328 3274 2337 3289 ,
2364 3251 2454 3282 taliter

1380 3293 1458 3333 quod
1471 3292 1537 3323 Rex
1551 3291 1608 3330 ipse
1624 3291 1735 3331 Anglice
1748 3291 1780 3322 &
1796 3290 1865 3321 Dux
1880 3301 1942 3321 non
1962 3291 2048 3330 poffit
2067 3297 2172 3321 merito
2191 3288 2343 3330 inculpari,
2361 3289 2399 3321 set
2408 3291 2454 3330 jus

1379 3332 1494 3364 illaesum
1510 3339 1658 3361 remaneat.

1417 3370 1467 3401 De
1481 3370 1559 3400 terris
1572 3369 1681 3407 iusuper
1695 3369 1729 3400 ὅ(
1746 3368 1857 3407 usagiis,
1873 3368 2015 3400 contentis
2028 3368 2056 3397 in
2072 3366 2149 3397 sexto
2168 3366 2202 3397 &
2216 3365 2338 3404 septimo
2350 3365 2453 3397 articu-

1380 3409 1431 3448 lis,
1448 3408 1573 3439 decrevit
1588 3409 1621 3439 &
1641 3408 1781 3438 ordinavit
1795 3408 1872 3438 idem
1893 3408 1959 3438 Rex
1975 3408 2008 3438 &
2028 3406 2099 3436 Dux
2118 3404 2197 3446 quod
2216 3405 2247 3434 in
2267 3406 2345 3435 terris
2358 3427 2368 3443 ,
2391 3414 2453 3435 non

1381 3448 1508 3488 ocupatis
1522 3445 1649 3484 positisve
1664 3447 1691 3476 in
1707 3457 1794 3477 manu
1811 3447 1892 3484 ipsius
1905 3445 1993 3486 Regis
2005 3455 2038 3476 ac
2047 3444 2156 3481 Ducis,
2172 3450 2238 3474 ante
2250 3443 2451 3473 inhibitionem

1381 3486 1547 3528 praedic‘tam
1560 3484 1630 3515 dieti
1645 3484 1769 3514 Domini
1780 3484 1868 3525 Regis
1883 3484 1908 3515 F
1909 3486 2013 3515 ranciae
2026 3507 2036 3522 ,
2057 3483 2200 3524 permittat
2213 3480 2381 3525 Senescallus
2398 3480 2452 3525 ho-

1382 3526 1471 3556 mines
1484 3523 1553 3555 dieti
1568 3523 1705 3554 Gastonis
1721 3524 1798 3554 terris
1810 3525 1862 3554 suis
1874 3524 1930 3563 uti,
1952 3525 1982 3553 in
1995 3522 2053 3553 aliis
2072 3531 2142 3552 vero
2154 3543 2164 3559 ,
2186 3530 2252 3558 quae
2270 3528 2334 3550 ante
2348 3518 2452 3549 inhibi-

1381 3566 1492 3596 tionem
1511 3570 1590 3592 erant
1604 3571 1735 3601 ocupatae
1750 3572 1800 3600 per
1822 3563 1911 3601 ipsum
1925 3584 1935 3600 ,
1959 3559 2046 3592 nichil
2063 3560 2098 3590 ad
2121 3559 2240 3603 praesens
2260 3565 2396 3602 novetur,
2414 3558 2452 3589 set

1381 3604 1430 3634 fiat
1437 3604 1498 3642 jus,
1513 3601 1653 3631 reservatis
1665 3603 1694 3631 in
1710 3609 1831 3640 utroque
1843 3601 1907 3632 casu
1918 3602 1981 3639 jure
1996 3599 2078 3641 ipsius
2085 3598 2132 3629 Re
2147 3608 2173 3641 'is
2185 3596 2332 3632 &Ducis,
2350 3595 2384 3626 &
2398 3595 2452 3626 ho-

1381 3651 1467 3679 nore,
1482 3641 1516 3671 &
1532 3639 1692 3670 inhibitone
1706 3639 1830 3670 Domini
1843 3640 1930 3679 Regis
1944 3639 2089 3676 Franciae,
2107 3645 2119 3667 t
2135 3645 2197 3680 ⁸ite'r
2216 3632 2372 3677 quod'Rex
2388 3634 2451 3665 An-
2473 3661 2479 3668 .

1382 3680 1447 3719 gliae
1461 3678 1597 3718 inculpari
1611 3688 1671 3708 non
1686 3678 1784 3717 poffit,
1803 3679 1842 3710 set
1857 3678 1983 3710 edietum
1995 3677 2075 3708 suum
2085 3676 2170 3707 faciat
2181 3683 2211 3704 in
2223 3671 2356 3703 ommbuss
2370 3672 2451 3714 super

1382 3718 1461 3749 faCto
1474 3717 1629 3755 hujusmodi
1644 3718 1793 3748 observari.

1382 3795 1473 3833 presse
1497 3794 1667 3831 upplicantes
1683 3796 1716 3826 &
1731 3794 1867 3826 instanter
1885 3802 2027 3833 petenteS,
2043 3790 2139 3861 guod,
2156 3789 2192 3819 de
2205 3787 2365 3830 sUPKadifflS
2378 3799 2452 3834 Ρῒὲξ-

1383 3833 1464 3863 dieto
1482 3832 1640 3863 Senescallo
1661 3833 1828 3865 mandandis
1841 3856 1851 3872 ‚
1875 3833 1911 3863 ad
1933 3833 2024 3871 ipsum
2063 3826 2229 3870 enescallum
2249 3825 2337 3857 littera
2358 3827 2452 3873 Regia

1384 3873 1558 3909 mitteretur,
1577 3872 1609 3902 ὃς
1625 3872 1767 3903 Fratribus
1785 3872 1938 3903 traderetur
1951 3870 2054 3901 eisdem
2068 3890 2079 3907 ‚
2098 3864 2177 3907 quod
2195 3863 2286 3895 dietus
2304 3864 2452 3897 Dominus

1384 3909 1452 3940 Rex
1466 3909 1603 3941 concessit
1615 3911 1641 3943 se
1651 3911 1791 3942 faetumm
1805 3910 1923 3941 ibidem.

1420 3947 1454 3979 In
1470 3958 1592 3986 quorum
1606 3951 1740 3980 omnium
1753 3948 1948 3980 testimonium
1961 3947 1994 3977 &
2006 3943 2154 3976 munimen
2168 3941 2252 3982 Nos,
2265 3941 2364 3974 Sanffl
2372 3942 2454 3975 Mai·-

1383 3987 1450 4026 tini,
1466 3987 1500 4018 &
1517 3987 1612 4019 saneti
1628 3987 1778 4028 Augustini
1793 3987 1945 4017 Lemovic.
1962 3981 2124 4028 &1deBella
2138 3982 2244 4019 pertica
2259 3981 2399 4026 Abbates,
2416 3981 2452 4013 ad

1382 4026 1445 4056 haec
1461 4026 1567 4064 agenda
1581 4027 1697 4058 adhibiti
1731 4026 1844 4064 vocati,
1862 4025 1896 4056 &
1911 4029 2001 4061 rogati
2013 4044 2025 4061 ‚
2050 4021 2084 4052 δε
2098 4021 2259 4062 praesentes,
2276 4020 2371 4062 sigilla
2386 4030 2452 4051 nos-

1380 4073 1420 4096 tra
1430 4065 1558 4105 praesenti
1573 4067 1684 4106 paginae
1696 4050 1829 4097 <luximus
1841 4059 2016 4102 apponenda
2339 4095 2368 4128 Α

1421 3757 1438 3773 ⁵*
1454 3755 1554 3824 Quam
1569 3757 1832 3793 pronunciationem
1846 3756 1918 3787 dieti
1925 3755 2033 3786 Fratres
2044 3753 2136 3785 verbo
2150 3755 2385 3788 acceptaverunt,
2404 3759 2453 3781 ex·
2462 3761 2570 3793 *1148
