2570 4261
727 164 843 206 ‘ET
926 165 1191 208 ACTA

10 250 88 282 A'nn.
96 247 139 279 D.
192 248 239 280 Ac
256 259 312 288 ,pro
334 248 543 288 Syndicatibus,
564 248 702 288 homagiis
724 251 758 281 ὅτ.
776 251 951 281 sacramentis
964 252 1062 291 nobis,
1080 252 1127 284 vel
1141 261 1210 290 pro-

33 288 114 325 1289.
157 288 331 318 curatoribus
347 287 447 317 nostris
460 286 634 325 praestandis,

10 329 76 355 Edv.
98 335 122 353 r.
156 363 175 394 d
194 325 232 394 Edt
253 337 306 364 pro
325 326 462 364 sexaginta
480 325 623 356 obsidibus
644 324 680 355 de
701 325 854 357 Provincia
868 327 898 356 in
910 328 990 364 posse
1003 328 1134 359 nostrum
1155 335 1210 357 tra-

177 374 212 395 en
232 375 269 394 is¹
302 384 310 390 -

194 388 321 433 Neciion
343 402 376 432 ὃς
397 410 451 441 pro
473 401 579 438 septem
599 401 720 431 millibus
743 401 906 433 Marcarum
926 414 955 433 ar
975 405 1048 441 enti,
1066 403 1137 433 infra
1150 413 1212 433 cer-

97 446 108 453 *
157 449 220 472 tum
233 441 405 477 terminufn‘,
424 439 439 468 a
453 438 498 468 die
512 439 681 470 liberationis
694 439 762 470 dicti
774 440 926 479 Principis,
955 443 1067 472 imiliter
1081 443 1110 471 in
1132 439 1212 479 posse

156 478 286 510 nostrum
300 476 454 514 ponendis,

194 516 251 546 Pro
265 524 388 553 quorum
402 515 535 546 omnium
552 514 695 546 securitate
716 516 862 553 praedicitis
884 518 950 548 Rex
971 518 1083 555 Angli-ae
1103 517 1212 548 obsides

157 554 219 585 suos
233 553 383 591 praedidws
396 553 558 590 tradiderat,
576 562 606 584 ut
622 554 662 583 est
676 555 802 593 dictum,
821 557 855 586 &
868 556 901 586 ad
916 556 1017 586 Sandia
1039 556 1096 586 Dei
1117 556 1213 586 Evan—

7 593 146 633 3³11.416.
158 592 228 631 gelia
242 593 272 621 in
286 592 407 622 animam
420 592 514 628 suam,
534 591 553 610 ²*
569 591 619 621 sub
632 601 707 622 certa
721 593 901 632 conditione,
916 595 1000 632 jurari
1014 594 1132 632 fecerat,
1151 604 1211 623 non

158 629 291 660 recedere
310 630 347 660 de
366 631 448 660 certis
465 627 515 659 suis
536 630 658 666 partibus
678 630 856 670 Cismarinis,
873 632 966 663 donec
980 633 1068 663 essent
1081 631 1213 669 praediEta

158 669 257 699 omnia
277 667 439 706 adimpleta,
465 668 535 698 sicut
554 667 591 698 de
611 668 751 706 praedietis
772 671 903 700 omnibus
925 672 953 700 in
976 670 1111 708 Capitulis
1131 669 1214 699 Con-

156 709 342 745 ventionum,
357 706 496 737 factarum
515 705 594 743 super
614 707 776 738 liberatione
796 708 903 746 praefati
926 709 1082 747 Principis,
1109 708 1215 746 plenius

157 747 355 782 continentur,

196 783 375 821 Adimpletos
387 782 444 812 effe
458 783 487 812 in
500 783 582 812 omni
596 783 639 813 sua
653 792 729 821 parte
742 783 858 815 fideliter
873 786 906 816 &
921 784 1084 824 conpletos,

194 821 236 852 Et
249 821 330 860 quod
343 820 420 850 idem
436 821 501 851 Rex
515 821 639 860 Angliae,
657 831 718 852 non
731 822 861 853 obstante
871 824 1040 861 juramento
1063 821 1215 860 praeditsto,

155 859 191 889 ad
204 868 293 897 partes
307 858 497 898 quascumque
510 859 536 889 se
553 861 694 890 transferre
704 860 787 897 possit
810 862 842 891 <Sc
861 862 964 892 valeat:
983 872 1033 898 ac,
1050 861 1151 898 absque
1170 870 1216 890 ca-

157 897 266 966 }iainlililiia
287 897 389 936 nostri,
407 897 555 929 recedendi
577 899 610 929 &
632 899 733 937 eundi,
752 910 811 937 quo
831 900 966 938 voluerit,
983 900 1100 930 liberam
1116 899 1216 929 habeat

186 946 203 967 c
233 945 335 967 tatem·
432 948 436 951 ·
584 964 588 969 .

199 960 384 1005 Absolveiites
394 974 522 1005 nobilem
536 971 696 1005 Gastonem
711 974 922 1006 Vicecomitem
938 976 1025 1007 Bearn
1042 975 1102 1013 (qui
1126 982 1215 1017 totam

159 1021 262 1044 terram
276 1013 369 1051 suam,
388 1014 474 1051 quam
488 1013 570 1043 habet
583 1014 612 1043 in
626 1013 806 1051 Cathalonia)
824 1023 941 1052 excepto
964 1014 1053 1044 castro
1074 1022 1161 1044 veteri
1181 1012 1217 1042 de

159 1050 294 1089 Rosanis,
314 1061 383 1082 cum
401 1051 452 1081 suis
475 1052 599 1082 terminis
621 1053 655 1083 ὃς
674 1053 856 1092 pertinentiis)
878 1063 929 1091 pro
946 1052 1086 1092 positione
1100 1051 1218 1091 praedic-

162 1097 259 1120 torum
276 1091 382 1128 septem
402 1089 522 1120 millium
543 1089 709 1121 Marcarum
724 1092 805 1121 nobis
822 1090 1003 1130 obligaverat)
1019 1091 1053 1119 ab
1067 1090 1218 1129 obligatio-

158 1138 196 1159 ne
210 1128 384 1167 hujusmodi3
403 1129 436 1158 &
450 1128 539 1166 ipsum
553 1128 723 1159 declaramus
737 1130 816 1166 super
830 1130 888 1160 hoc
903 1130 1010 1166 penitus
1024 1128 1191 1158 absolutum.

203 1166 451 1206 Recognoscentes
466 1191 475 1204 ,
500 1176 533 1196 ac
558 1168 642 1197 etiam
666 1167 826 1204 profitentes
853 1168 1037 1206 obligationes
1055 1168 1089 1197 &
1107 1165 1215 1195 Instru-

157 1213 253 1235 menta
268 1230 278 1244 ,
301 1205 381 1243 super
407 1205 550 1242 praemissis
575 1205 707 1234 confecta
722 1230 732 1243 ,
757 1215 891 1243 quatenus
909 1205 942 1235 ad
958 1204 1051 1234 dicitos
1070 1204 1215 1234 Articulos

158 1245 291 1282 attinent,
310 1244 409 1274 nullius
428 1243 483 1273 effe
501 1243 641 1273 firmitatisv
652 1243 688 1273 de
706 1252 828 1281 caetero,
847 1244 885 1274 set
904 1244 1024 1273 omnino
1044 1243 1148 1273 viribus
1165 1251 1215 1272 va-

159 1290 248 1313 cuata.

200 1320 231 1350 ln
248 1331 370 1359 quorum
382 1320 515 1351 omnium
527 1318 721 1349 testimonium
737 1319 854 1358 sigillum
875 1319 1006 1349 nostrum
1026 1319 1130 1357 apponi
1149 1318 1218 1348 feci-

161 1366 224 1390 mus
237 1359 303 1390 huic
315 1360 425 1397 scripto.

197 1434 307 1465 Datum
321 1435 393 1473 apud
408 1434 520 1465 Petram
543 1433 685 1471 Nigram,
702 1443 783 1464 nono
804 1431 849 1462 die
868 1430 983 1472 Martii,
1001 1443 1076 1463 anno
1096 1432 1219 1462 Domini

159 1473 326 1512 millesimo,
344 1472 556 1511 ducentesimo,
572 1472 765 1512 octogesimo,
782 1471 896 1501 octavo.

161 1596 210 1628 De
229 1591 417 1641 Obligatione
435 1592 568 1637 Gastonis
589 1593 626 1626 de
647 1596 744 1627 Bearn
758 1620 767 1635 ‚
792 1595 828 1631 «ᾗ
855 1592 1080 1638 Confirmatione
1102 1603 1157 1638 per
1173 1591 1217 1636 fi-

205 1642 280 1675 liam
290 1642 400 1687 fitam,
418 1644 509 1688 stiper
525 1641 695 1676 liberatione
713 1642 815 1674 Caroli
835 1645 980 1688 Principis
1007 1641 1191 1675 Salernitani
1204 1664 1215 1682 ,

203 1693 319 1723 omnino
335 1695 485 1724 vacuatis.

245 1775 368 1808 Overint
381 1776 517 1808 Univerfi
532 1775 610 1815 quod
625 1787 693 1808 cum
707 1776 824 1807 Nobilis
842 1776 911 1814 Vir,
929 1775 1022 1806 Gasto
1044 1774 1216 1819 Vicecomes

255 1813 341 1845 Bearn
377 1816 458 1846 nobis
474 1815 635 1854 Alphonso,
654 1815 713 1845 Dei
726 1815 829 1853 gratia,
848 1815 923 1854 Regi
936 1815 1102 1854 Aragoniae,
1119 1814 1216 1852 Majo-

159 1854 280 1884 ric'arum
294 1855 328 1885 ὃς
341 1839 478 1884 Valentia:
486 1877 496 1892 ,
508 1864 541 1884 ac
556 1853 669 1885 Comiti
684 1853 878 1884 Barchinoniae
887 1877 895 1892 ‚
907 1862 999 1897 totam
1013 1862 1115 1896 terram
1129 1852 1215 1890 suam,

159 1902 245 1929 quam
259 1892 343 1923 habet
357 1893 386 1922 in
402 1892 572 1923 Cathalonia
587 1893 718 1931 (excepto
732 1892 836 1922 Castro
851 1900 940 1922 veteri
954 1891 990 1921 de
1010 1891 1127 1921 Rosams
1146 1900 1216 1921 cum

157 1930 208 1960 suis
222 1931 346 1961 terminis
360 1932 394 1962 ὅ(
408 1930 590 1969 pertinentiis)
604 1941 657 1969 pro
673 1931 812 1968 pofitione
823 1931 926 1969 septem
941 1929 1060 1960 millium
1082 1929 1216 1959 Marcha-

158 1979 222 2000 rum
243 1970 363 2007 argenti,
383 1979 446 2008 quae
466 1969 550 1999 nobis
570 1970 642 2000 infra
661 1978 771 2000 certum
795 1970 949 2000 terminum
971 1967 1112 1998 solvendae
1132 1967 1216 1997 resta-

156 2007 238 2045 bant,
257 2007 419 2047 obligasset,
439 2007 509 2038 sicut
528 2010 556 2038 in
577 2008 693 2038 tradtatu'
716 2007 957 2038 Conventionum
979 2006 1116 2036 fadi-arum
1136 2006 1216 2044 super

156 2046 319 2077 liberatione
342 2046 457 2086 Egregii
475 2047 527 2077 viri
547 2045 671 2088 Domini
694 2046 795 2076 Karoli
809 2046 945 2083 Principis
961 2044 1140 2083 Salernitani,
1157 2045 1216 2083 ple-

158 2085 221 2115 nius
234 2086 411 2123 continetur,

198 2123 244 2153 Ac
264 2122 382 2154 Nobilis
400 2122 500 2153 mulier
520 2123 700 2160 Guillielma,
719 2122 772 2153 filia
791 2122 872 2161 ipsius
891 2121 1045 2159 Gastonis,
1069 2120 1217 2160 obligatio-

159 2171 226 2191 nem
238 2161 356 2191 eandem
372 2172 420 2198 per
433 2161 489 2191 suas
504 2161 608 2192 Literas
627 2160 834 2199 confirmasset,

197 2199 321 2237 Nosque
331 2200 406 2230 dieta
419 2199 525 2236 septem
540 2200 624 2230 millia
639 2200 820 2237 Marcarum,
839 2210 891 2236 pro
905 2198 1004 2237 quibus
1019 2197 1110 2228 dietus
1125 2197 1218 2228 Gasto

158 2245 261 2268 terram
275 2240 351 2269 suain
365 2237 544 2276 praediiiam,
563 2248 594 2269 ut
607 2239 718 2269 dictum
733 2237 790 2276 est,
805 2239 991 2278 obligaverat,
1009 2237 1039 2267 in
1052 2236 1101 2267 suo
1120 2238 1218 2267 termi-

157 2287 198 2307 no
209 2278 414 2314 receperimus,
434 2277 467 2307 &
480 2277 586 2316 integre
599 2277 786 2307 habuerimus.

195 2315 328 2345 Eundem
356 2314 517 2345 Gastonem
544 2316 579 2345 ab
608 2315 780 2355 obligatione
799 2313 956 2352 hujusmodi
977 2313 1146 2357 absolvimus
1166 2324 1216 2354 per

156 2354 320 2393 praesenres3
340 2353 445 2383 Literas
459 2354 637 2392 obligationis
656 2353 817 2392 praedfflae,
835 2354 867 2383 &
889 2351 1109 2396 confirmationis
1131 2352 1217 2383 dietae

157 2392 223 2422 filiae
235 2392 304 2430 suae,
325 2390 404 2429 super
416 2391 476 2421 hoc
491 2392 658 2431 subsecutae,
676 2391 843 2422 declarantes
854 2391 887 2421 δε
902 2389 1101 2421 denunciantes
1120 2393 1217 2421 omni-

157 2440 198 2461 no
210 2439 344 2462 vacuatas.

156 2506 175 2537 s
196 2472 230 2498 In
252 2469 330 2507 cujus
353 2468 392 2498 rei
411 2467 608 2498 testimonium
623 2468 738 2508 sigillum
751 2466 883 2498 nostrum
897 2467 1001 2505 apponi
1015 2466 1134 2497 fecimus
1148 2466 1215 2499 huic

167 2516 270 2545 cripto.

13 1790 89 1822 Ann.
100 1790 146 1821 D.

33 1831 119 1867 1289.

9 1872 63 1896 An.
86 1878 129 1904 17·

14 1943 108 1982 L.B.f

13 1991 76 2010 100.
99 1992 125 2010 a.

5 2027 77 2057 penes
88 2025 140 2049 Ca—

12 2068 108 2087 merar.

196 2582 306 2614 Datum
326 2583 399 2624 apud
420 2584 535 2614 Petram
556 2584 684 2621 Nigram
703 2592 784 2614 nono
803 2583 848 2614 die
870 2583 985 2622 Martii,
1003 2592 1077 2613 anno
1093 2582 1216 2614 Domini

159 2621 307 2652 millesimo
321 2622 516 2654 ducentesimo
530 2622 710 2660 oetogelimo
722 2623 837 2653 octavo.

157 2748 207 2783 De
219 2746 356 2794 potcstaitr⁹
365 2775 375 2791 ‚
400 2760 420 2780 a
442 2751 517 2795 Rege
538 2751 701 2795 Norwegiae
716 2748 837 2794 conceffiz
850 2774 859 2789 ‚
877 2746 1030 2780 traffandi
1038 2748 1130 2794 fhper
1146 2754 1216 2795 qui-

202 2795 330 2841 busdam
364 2800 485 2844 negotiis
517 2799 738 2844 Margaretam
770 2799 918 2844 Reginam
941 2799 1041 2830 Scotiae
1066 2803 1215 2845 tangenti-

202 2843 266 2878 bus.

11 2952 89 2983 Ann.
99 2951 141 2981 D.

32 2992 118 3028 1289.

10 3033 63 3057 An.
84 3039 125 3065 ¹7·

9 3073 41 3096 Ε.
64 3077 87 3095 1.

9 3111 42 3135 1..
58 3104 125 3143 B.f.

13 3153 77 3178 149.

9 3190 78 3219 penes
92 3185 143 3209 Ca-

11 3230 104 3248 merar.

158 2929 213 2991 E
223 2929 453 2961 Xcellentisfimo
467 2932 501 2962 &
516 2930 674 2971 Magnifico
688 2931 814 2970 Principi
823 2954 832 2970 ,
851 2931 928 2962 affini
942 2933 975 2964 &
987 2933 1082 2963 amico
1096 2933 1145 2964 suo
1166 2933 1214 2963 ka-

234 2968 357 3006 riffimo,
374 2968 507 2999 Domino
519 2969 680 3009 Edwardo,
698 2970 757 3001 Dei
782 2970 884 3009 uratia,
902 2971 980 3008 Regi
1001 2970 1128 3010 Anghae,
1148 2971 1213 3001 Do-

156 3007 238 3036 mino
252 3006 400 3036 Hiberniae
416 3007 450 3037 &
464 3007 542 3037 Duci
556 3007 750 3046 Aquitanniie,
768 2994 882 3047 ffricus,
901 3009 1002 3040 eadem
1023 3009 1128 3049 gratia,
1147 3009 1212 3040 Rex

155 3044 326 3082 Norwagiae
347 3044 478 3083 salutem,
495 3046 528 3075 &
542 3045 654 3076 sincerae
666 3047 822 3079 dileffionis
837 3047 1041 3086 constantiam,
1060 3058 1129 3079 curn
1144 3048 1212 3079 Ho-

157 3084 234 3113 noris
248 3084 282 3114 &
297 3080 409 3113 Gloriae
421 3092 470 3121 per
491 3084 559 3113 etnis
573 3085 760 3117 incrementis.

193 3121 323 3152 Noverit
335 3120 427 3151 vestra
480 3121 573 3160 ajestas
585 3122 674 3162 Regia
688 3124 764 3161 quod
778 3135 830 3155 nos
844 3124 963 3156 dilettos
976 3135 1009 3155 ac
1031 3123 1125 3155 fideles
1145 3134 1212 3155 nos-

154 3169 230 3199 trOS,
243 3160 400 3190 Tirricium
415 3159 451 3190 de
464 3159 582 3198 Campis
597 3161 673 3191 Ludi
685 3161 825 3193 Batonem
834 3186 844 3201 ,
859 3163 974 3194 Petrum
989 3163 1106 3199 Alaothi
1118 3174 1212 3201 quon-

155 3198 222 3228 ‘dam
243 3196 340 3238 Regni
360 3195 468 3229 Sueciae
488 3197 713 3239 Cancellarium,
730 3201 940 3233 Thorwaldum
960 3202 996 3232 de
1013 3196 1158 3239 Slierland,
1177 3202 1211 3232 ὃ(

157 3236 355 3267 Guthorinum
378 3236 414 3267 de
432 3236 535 3275 Osseya
549 3261 559 3274 ,
591 3237 696 3268 Milites
710 3261 720 3276 ,
752 3239 851 3270 latores
872 3241 1048 3278 praesentium
1070 3241 1188 3270 facimus
1201 3265 1211 3278 ,

156 3274 355 3305 constituimus
374 3276 407 3306 &
429 3275 591 3305 ordinamus
608 3275 721 3306 nostros
742 3287 823 3309 veros
844 3280 876 3310 ὃς
891 3279 1029 3319 legitimos
1044 3278 1213 3310 Procurato-

160 3323 204 3344 res
237 3314 270 3344 ὃς
283 3312 419 3343 Nuncios
430 3314 572 3351 speciales:

215 3350 246 3381 .d
266 3351 443 3382 tractandum
462 3353 496 3383 ὃς
517 3351 724 3382 conferendum
743 3362 810 3384 cum
831 3355 983 3386 Serenitate
1003 3355 1095 3386 vestra
1133 3355 1212 3393 super

157 3389 323 3428 quibusdam
344 3391 477 3429 negotiis,
502 3400 554 3420 nos
576 3391 609 3421 &
628 3389 714 3420 filiam
731 3392 857 3423 nostram
877 3393 1046 3424 karissimam
1107 3403 1213 3433 argare-

157 3438 232 3467 tam,
251 3427 496 3468 Consanguineam
510 3428 648 3467 vestram,
666 3428 828 3460 Dominam
842 3442 874 3462 ac
889 3432 1031 3471 Reginam
1043 3432 1164 3470 Scotiae,
1179 3440 1211 3463 ac

156 3467 246 3506 ipsum
259 3466 396 3506 Regnum
409 3466 489 3496 suum
505 3466 609 3496 Scotiae
620 3467 808 3506 tangentibus:

194 3506 213 3526 ³*
234 3505 342 3536 Dantes
353 3506 387 3536 &
400 3505 589 3535 concedentes
600 3504 702 3535 eisdem
713 3505 838 3536 Nunciis
852 3507 886 3537 ὃς
898 3507 1130 3539 Procuratoribus
1143 3519 1210 3539 nos-

160 3545 209 3577 tris
255 3544 453 3574 authoritatem
470 3543 620 3580 plenariam
637 3544 670 3574 &
687 3544 849 3575 mandatum
867 3545 982 3584 speciale
999 3547 1033 3578 ad
1051 3547 1213 3578 stabilienda

157 3569 292 3623 praedidia
303 3583 432 3622 negotia,
451 3582 485 3613 &
497 3581 531 3611 ad
544 3583 642 3611 ornnia
655 3582 705 3611 alia
726 3582 868 3620 Facienda,
885 3584 942 3615 fine
962 3586 1062 3624 quibus
1081 3586 1213 3623 praediCta

157 3622 272 3661 negotia
292 3620 422 3658 expedire
439 3630 499 3650 non
521 3619 643 3657 possint3
658 3627 743 3657 prout
760 3622 860 3659 nobis,
878 3623 912 3654 ὃς
933 3623 996 3654 filiae
1009 3624 1114 3654 nostrae
1133 3624 1213 3663 supra

159 3660 245 3691 dictae
259 3659 356 3689 melius
368 3658 469 3689 cedere
482 3659 604 3689 viderint
619 3657 651 3687 ad
664 3659 854 3689 commodum
867 3661 898 3690 δε
913 3662 1064 3692 honorem.

195 3694 238 3729 Ita
255 3706 349 3728 tamen
375 3696 452 3735 quod
469 3719 478 3735 ‚
496 3697 516 3726 fi
539 3706 639 3738 omnes
659 3696 710 3725 hiis
731 3697 907 3734 expediendis
928 3701 1057 3731 interesse
1077 3703 1215 3739 nequive-

160 3745 234 3804 ἓξὲξ,
252 3745 306 3767 tres
321 3736 367 3768 vel
382 3736 441 3766 duo
454 3744 489 3765 ex
502 3736 564 3772 ipsis
575 3734 774 3765 nichilominus
787 3737 820 3774 in*
831 3738 948 3775 negotiis
960 3739 1114 3777 procedant
1124 3740 1217 3778 supra-

222 3785 256 3805 13.

200 3799 308 3843 Rasum
327 3813 446 3843 habituri
464 3812 498 3843 ὃς
519 3820 628 3851 gratum
640 3834 649 3849 ,
682 3811 817 3849 quicquid
839 3822 889 3850 per
907 3813 999 3845 dictos
1021 3816 1158 3847 Nuncios
1181 3819 1215 3849 &

163 3849 361 3882 Procuratores
373 3850 504 3888 nostros,
521 3851 566 3881 seu
579 3849 703 3887 ipsorum
716 3859 768 3879 tres
782 3849 828 3880 vel
847 3850 935 3892 duos,
952 3851 1060 3884 faotum
1081 3856 1164 3886 fuerit
1182 3857 1216 3887 &

163 3887 324 3919 ordinatum
335 3891 364 3919 in
378 3888 524 3928 praemiffis
533 3912 543 3926 ,
556 3889 602 3918 seu
616 3888 742 3925 quolibet
754 3889 970 3925 praemistorum.

203 3925 237 3956 In
252 3928 328 3964 cujus
342 3929 381 3958 rei
393 3927 588 3958 testimonium
603 3926 720 3964 praesens
732 3928 958 3963 procuratorium
970 3928 1048 3968 figilli
1058 3931 1148 3963 nostri
1169 3942 1218 3972 ap-

164 3964 297 4003 pensione
310 3964 439 3997 duximus
452 3965 654 3996 roborandum.

15 3520 145 3555 'II-4¹7·

163 4038 278 4109 &131an
285 4038 358 4080 apud
376 4040 531 4074 Civitatem
549 4040 679 4082 Burgens.
703 4040 769 4073 Kal.
798 4040 902 4082 Aprilis
920 4051 995 4074 anno
1012 4043 1109 4085 Regni
1128 4041 1218 4078 nostri

1271 165 1735 218 PUBLICA.
2250 185 2306 234 43²

2320 295 2396 326 Ann.
2410 296 2453 327 D.

1246 336 1337 368 Bulla
1351 338 1431 382 quod
1441 340 1619 386 Alienigenae
1636 346 1668 374 in
1687 347 1782 390 Regno
1803 350 1902 379 Scotiae
1921 348 2108 393 diffamantur
2123 350 2168 383 ad
2190 353 2298 400 Digni-
2322 335 2426 402 3322851'

1509 397 1603 421 tatem
1618 394 1654 428 ὠ
1671 394 1813 439 Regimen
1823 396 1877 440 siti
1893 396 2029 432 Ordinis.
2382 396 2388 401 ⁹
2424 395 2432 402 ”

1249 466 1461 527 Nlcholaus
1476 463 1647 513 Episcopus,
1664 475 1755 507 servus
1768 477 1913 510 servorum
1929 481 2003 520 Dei,
2023 472 2170 523 universis,
2185 471 2304 523 praesen-
2321 488 2373 512 An.
2393 495 2434 521 ¹7·

1342 515 1382 537 tes
1395 507 1498 552 litteras⁴
1509 510 1684 557 inspecturis,
1705 524 1754 558 per
1774 515 1911 556 Regnum
1925 519 2030 551 Scotiae
2041 521 2200 553 constitutis
2233 523 2302 553 salu·
2322 527 2351 550 Ε·
2377 533 2399 550 ¹·

1250 552 1309 574 tem
1322 545 1355 575 &
1368 544 1564 583 Apostohcam
1577 550 1814 583 benedustronem.
2206 547 2215 562 ’
2324 566 2363 588 Ex
2378 565 2435 587 Aa·

1273 582 1333 626 'Ad
1347 584 1514 630 audientiam
1529 587 1670 628 nostram,
1689 600 1746 619 non
1769 591 1826 621 fine
1844 594 1944 623 mentis
1964 598 2186 636 perturbatione,
2205 609 2305 636 perve-
2323 607 2386 635 tog?-

1251 629 1309 664 nit,
1328 621 1407 659 quod
1421 632 1448 666 iii
1462 623 1567 663 Regno
1583 626 1687 657 Scotiae
1703 629 1762 665 (ubi
1778 630 1833 659 effe
1846 631 1986 663 credimus
2007 636 2133 673 regularis
2155 637 2305 669 observan-

1250 667 1296 688 tiae
1317 660 1499 703 profeslores,
1518 673 1550 693 ac
1574 664 1741 695 Christianae
1762 666 1826 698 fidei
1847 669 1993 708 Zelatores)
2011 674 2139 710 quaedam
2156 675 2306 706 consuetu-

1250 696 1307 734 do,
1326 707 1418 728 immo
1431 701 1589 768 corruiptela
1609 704 1703 740 potius
1721 703 1896 745 detestanda,
1914 709 2048 748 inolevit,
2067 713 2140 751 talis,
2157 713 2305 751 videlicet,

1252 735 1401 779 quod'non
1414 740 1462 767 nisi
1474 748 1502 782 in
1525 749 1602 778 igena
1615 740 1682 771 dieti
1696 741 1791 781 Regni
1806 745 1835 774 in
1849 745 1942 784 aliquo
1958 747 2092 779 locorum
2112 750 2304 789 religiosorum

1252 773 1378 817 praediCti
1390 773 1484 814 Regni
1497 778 1658 822 admittatur
1669 779 1702 809 ad
1715 782 1917 817 professionem
1931 785 1965 815 &
1984 786 2113 817 habiturn
2132 789 2300 827 regularem:

1253 821 1307 840 nec
1328 813 1471 850 quisquam
1490 816 1657 859 alienigena,
1675 828 1801 858 receptus
1813 822 1841 850 in
1856 820 1973 861 ordine,
1989 825 2123 856 hadienus
2136 827 2207 856 infra
2221 827 2305 866 illud,

1255 859 1516 895 quantumcumque
1530 854 1646 893 dignus,
1664 855 1698 885 ad
1710 856 1871 895 dignitatem
1885 860 1924 891 sui
1937 861 2057 901 ordinis,
2077 864 2122 895 vel
2137 867 2244 903 proprii
2263 865 2307 895 10-

1252 896 1279 917 ci
1294 897 1420 926 regimen
1433 890 1590 922 assumatur.

1290 925 1394 969 Sicque
1415 926 1446 957 fit
1468 930 1561 972 quod,
1587 940 1712 968 pretextu
1733 934 1855 971 ejusdem
1873 937 2098 978 consuetudinis,
2123 951 2183 972 non
2204 941 2307 979 absque

1252 973 1407 1011 animarum
1420 967 1545 1010 periculo
1558 969 1736 1001 &locorum
1757 973 1879 1011 ipsorum
1897 978 2022 1007 maximo
2044 977 2233 1018 detrimento,
2251 980 2308 1010 fre-

1251 1011 1376 1047 quenter.
1391 1003 1497 1048 indigni
1516 1007 1700 1047 praeferuntur
1718 1009 1753 1039 ad
1774 1011 1934 1050 hujusmodi
1956 1014 2099 1053 dignitates
2115 1019 2148 1048 ὃς
2164 1019 2310 1057 regimen,

1252 1041 1286 1070 &
1300 1040 1377 1085 digni
1390 1041 1513 1072 indebite
1527 1044 1745 1082 postponuntur.

1291 1078 1369 1117 Qua
1380 1082 1451 1110 vero
1466 1083 1538 1117 apud
1553 1082 1652 1113 Deum
1666 1094 1726 1114 non
1741 1085 1782 1115 est
1801 1088 1929 1124 acceptio
1950 1090 2146 1131 personarum,
2166 1104 2218 1124 nos
2253 1105 2308 1125 <vo-

1253 1116 1355 1155 lentes,
1380 1126 1515 1162 quantum
1537 1130 1603 1150 cum
1626 1121 1695 1152 Deo
1716 1123 1876 1162 possumus,
1901 1125 1981 1162 super
1999 1128 2057 1158 hoc
2078 1119 2245 1170 providere’,
2269 1134 2308 1162 ne

1251 1154 1288 1184 de
1306 1165 1412 1198 caetero
1426 1181 1436 1194 ,
1465 1157 1623 1202 hu'usmodi
1646 1161 1849 1192 consuetudinis
1873 1163 1984 1201 (utpote
2000 1167 2055 1204 juri
2079 1171 2226 1199 contrariae
2239 1194 2248 1207 ,
2273 1171 2307 1201 δε

1253 1192 1335 1236 Deo,
1354 1196 1423 1225 sicut
1437 1205 1485 1225 cre
1505 1206 1594 1235 lmus,
1612 1208 1672 1228 non
1688 1201 1823 1237 acceptae)
1838 1208 1991 1240 praetextu,
2011 1204 2178 1236 sufficientes
2192 1209 2224 1237 &
2237 1207 2309 1246 ydo-

1252 1241 1313 1275 nei,
1323 1232 1531 1277 ‘undecumque
1544 1236 1682 1278 originem
1698 1239 1844 1277 traxerint,
1862 1239 1898 1269 ab
1909 1240 2071 1280 ordinibus,
2089 1243 2190 1274 officiis
2204 1246 2237 1276 &
2250 1245 2311 1285 dig-

1253 1271 1397 1308 nitatibus,
1416 1282 1446 1301 in
1466 1272 1603 1309 praedrdio
1626 1274 1731 1313 Regno
1751 1276 1875 1315 Scotiae,
1893 1278 2093 1315 prohibeantur
2111 1282 2220 1313 admitti
2241 1284 2272 1320 (fi
2283 1294 2312 1313 a-

1252 1307 1310 1376 ἓζιά
1325 1310 1496 1340 canonicum
1509 1321 1570 1342 non
1584 1312 1708 1351 obsistat)
1726 1322 1824 1345 tenore
1837 1315 2015 1353 praesentium
2028 1318 2181 1351 districtius
2203 1321 2313 1352 inhibe-

1286 1357 1324 1377 us.

1292 1385 1375 1416 Nulli
1389 1396 1459 1424 ergo
1467 1411 1476 1425 ,
1494 1387 1553 1419 &c.

1291 1461 1359 1507 Dat.
1382 1461 1490 1509 Rpmae
1508 1463 1581 1508 apud
1602 1464 1734 1496 Sanetam
1753 1461 1878 1500 Mariam
1900 1470 2045 1510 Majorem
2060 1497 2070 1511 ,
2095 1472 2160 1504 Kal.
2185 1474 2312 1514 Aprilis,

1254 1500 1439 1532 Pontificatus
1454 1501 1543 1533 nostri
1556 1512 1631 1534 anno
1643 1504 1775 1536 secundo.

1621 1580 1676 1610 Sub
1683 1580 1843 1622 fllissbricis
1849 1584 1929 1624 flavi
1942 1585 2067 1627 rubeique
2079 1587 2178 1620 coloris.

1424 1705 1474 1736 De
1492 1706 1604 1738 Annua
1626 1707 1720 1741 Feoa'o
1734 1718 1789 1754 pro
1810 1711 1923 1743 comite
1940 1713 2134 1749 Armaniaci.

1253 1785 1313 1847 O
1324 1785 1444 1817 Mnibus
1455 1812 1464 1826 ,
1488 1788 1522 1819 ad
1542 1801 1614 1828 quos
1627 1793 1773 1830 praesentes
1791 1794 1893 1825 litterae
1907 1799 2106 1837 pervenerint,
2128 1799 2281 1832 Bernardus
2298 1826 2308 1841 ,
2333 1802 2458 1834 Ann.D.

1335 1824 1444 1870 Comes
1460 1826 1578 1858 Arman.
1596 1831 1630 1861 &
1643 1831 1764 1862 Fezenc.
1781 1832 1898 1864 salutem
1912 1835 1942 1864 in
1954 1834 2089 1867 Domino
2102 1837 2308 1876 sempiternam.
2354 1842 2439 1880 1289.

1288 1862 1438 1908 Noveritis
1454 1866 1550 1911 quod,
1566 1878 1635 1898 curn
1647 1869 1831 1901 serenissimus
1843 1872 1978 1910 Princeps
1991 1875 2026 1905 δε
2040 1874 2188 1907 Dominus
2203 1879 2307 1918 noster,
2330 1885 2382 1908 An.
2402 1891 2443 1916 17.

1252 1900 1317 1931 Rex
1331 1902 1441 1946 Angliae
1454 1904 1579 1944 illustris,
1597 1906 1634 1937 de
1646 1907 1691 1938 sua
1707 1909 1900 1941 munificentia
1913 1911 2034 1950 liberali,
2047 1915 2307 1948 concefferitnobis
2330 1923 2360 1947 Ε.
2387 1929 2411 1946 1.

1251 1948 1368 1970 centum
1388 1941 1469 1972 libras
1492 1942 1694 1988 Morlanorum
1718 1950 1860 1979 annuatim
1874 1973 1884 1986 ,
1910 1959 1995 1987 quarn
2008 1951 2057 1982 diu
2072 1953 2239 1994 vixerimus,
2258 1966 2308 1994 per
2329 1955 2428 1994 L.13.f.

1250 1987 1348 2021 manus
1371 1979 1579 2012 Constabularii
1602 1983 1690 2027 *Burd
1711 1987 1758 2023 qui
1778 1997 1830 2024 pro
1853 1995 1982 2026 tempore
1994 1989 2095 2030 fuerit,
2114 1991 2230 2024 infesto
2243 2003 2310 2024 om->
2333 1995 2396 2023 281-
2419 1994 2444 2022 b·

1251 2025 1330 2047 nium
1346 2016 1520 2063 Sanetorurn
1534 2023 1745 2058 percipiendum
1754 2048 1763 2062 ‚
2329 2039 2396 2070 penes
2410 2037 2462 2061 Ca—

1288 2055 1357 2085 Nos
1377 2057 1563 2088 concedimus
1582 2060 1675 2104 eidem
1696 2062 1775 2100 quod
1795 2063 1815 2093 sl
1833 2063 1927 2102 forte,
1952 2066 2030 2104 quod
2051 2068 2137 2106 absit,
2156 2071 2307 2110 contigerit
2332 2081 2425 2099 merar-

1251 2093 1331 2131 quod
1344 2104 1395 2138 nos
1408 2105 1469 2125 non
1484 2096 1602 2127 essemus
1616 2109 1645 2128 m
1656 2100 1737 2139 ipsius
1750 2100 1881 2133 fidelitate
1895 2103 1929 2134 &
1944 2103 2094 2144 homagio,
2115 2107 2184 2137 sicut
2198 2108 2309 2148 sumus,

1250 2140 1354 2163 extunc
1368 2133 1444 2163 1dem
1460 2134 1526 2164 Rex
1539 2135 1573 2165 ad
1587 2136 1757 2169 solutionem
1773 2139 1913 2171 dfficarum
1934 2151 2052 2173 centum
2074 2144 2207 2176 librarum
2223 2146 2311 2178 Mor-

1251 2170 1382 2201 lanorum
1395 2173 1519 2202 anuatim
1533 2175 1653 2205 minime
1667 2184 1800 2208 teneatur.

1251 2208 1398 2287 figffattailisoc
1412 2211 1546 2242 omnibus
1559 2212 1744 2250 significamus
1758 2225 1808 2256 per
1821 2217 1968 2254 praesentes
1981 2218 2088 2258 literas,
2107 2220 2194 2259 sigillo
2207 2223 2308 2255 nostro

1287 2323 1357 2356 Dat.
1376 2325 1524 2361 Condom.
1546 2336 1563 2365 7
1586 2319 1633 2359 die
1652 2330 1753 2361 menfis
1773 2330 1876 2370 Aprilis
1890 2355 1899 2370 ,
1918 2331 2007 2364 Anno
2021 2333 2145 2366 Domini
2158 2336 2308 2370 millesimo

1249 2362 1443 2395 ducentesimo
1458 2366 1637 2405 octogesimo
1651 2378 1741 2399 nono.

1250 2490 1277 2517 δὲ
1304 2495 1352 2526 De
1372 2495 1536 2538 Provistone
1553 2497 1662 2543 Papali
1679 2508 1782 2531 contra
1799 2497 1976 2543 Johannem
2004 2499 2041 2534 de
2058 2500 2193 2537 Cadmo
2210 2506 2307 2539 Cleri·
2328 2509 2348 2529 ³*
2358 2511 2464 2547 113418.

1686 2558 1755 2579 cum
1772 2549 1869 2593 Regis.
2313 2549 2315 2553 ¹

1250 2626 1463 2688 NIcholaus
1477 2629 1744 2669 Episcopus,servus
1757 2632 1904 2664 servorum
1919 2634 2156 2674 Dei,Cariss1mo
2171 2639 2200 2669 in
2208 2638 2308 2671 Chris·
2329 2642 2404 2673 Amr.
2420 2643 2467 2674 D.·

1344 2668 1469 2712 ¹to‘Filio
1579 2670 1657 2708 Regi
1675 2670 1788 2710 Angliae
1809 2671 1904 2703 illustri
1926 2673 2040 2705 salutern
2059 2676 2094 2707 &
2108 2677 2307 2715 Apostolicam
2350 2682 2434 2720 1289.

1248 2705 1488 2737 benediffihonem.
2329 2724 2381 2748 An.
2402 2730 2445 2756 ¹7-

1286 2742 1422 2788 Exposuit
1439 2747 1522 2776 nobis
1542 2745 1661 2777 dile6ms
1683 2747 1765 2778 Filius
1788 2747 1938 2787 BerarduS,
1956 2749 2155 2785 Thesaurarius
2169 2753 2304 2786 Ecclesiae
2328 2763 2357 2787 E.
2381 2769 2405 2785 ι.

1248 2781 1439 2821 Turonensis,
1457 2783 1621 2816 Canonicus
1636 2785 1820 2817 Eboracensis
1834 2787 1969 2819 Ecclesiae
1983 2812 1993 2827 ,
2012 2789 2178 2829 Capellanus
2193 2793 2306 2833 noster,
2329 2801 2369 2825 Ex
2384 2800 2443 2824 Au-

1249 2819 1346 2859 quod,
1363 2821 1451 2852 felicis
1466 2823 1685 2862 recordationis,
1705 2824 1846 2856 Martinus
1865 2825 1939 2864 Papa
1960 2837 2072 2865 quartus
2087 2854 2097 2868 ,
2118 2831 2305 2868 praedeceffor
2326 2843 2393 2872 togr.

1248 2859 1361 2903 noster,
1379 2861 1526 2892 intendens
1546 2872 1614 2892 eum
1629 2885 1638 2901 ,
1664 2870 1732 2894 tunc
1753 2862 1947 2895 Camerarium
1960 2867 2058 2906 suum,
2075 2870 2252 2908 prerogativa
2265 2871 2306 2902 fa-

1248 2908 1325 2928 voris
1345 2899 1378 2929 δε
1389 2901 1492 2966 (gratiae.
1513 2900 1643 2938 prosequi
1661 2901 1783 2939 specialis
1798 2926 1808 2940 ,
1833 2903 1883 2932 fibi
1899 2903 2110 2936 Canonicatum
2123 2907 2156 2938 ὃ(
2171 2908 2307 2940 Praeben-

1247 2936 1313 2966 dam
1333 2936 1395 2974 ejus
1408 2947 1455 2967 em
1477 2937 1660 2969 Eboracensis
1681 2939 1816 2970 Ecclefiae
1829 2965 1839 2979 ,
1862 2950 1931 2973 tunc
1958 2953 2087 2975 vacantes
2106 2955 2156 2982 per
2178 2949 2305 2978 mortem

1249 2974 1396 3018 quondam
1411 2973 1548 3006 Bonifacii
1560 2976 1595 3006 de
1608 2977 1777 3017 Coconato,
1795 2979 1903 3010 dudum
1916 2981 1998 3017 ipsius
2011 2981 2148 3014 Ecclesiae
2160 2983 2304 3017 Canonici

1251 3015 1312 3050 (qul
1326 3012 1454 3044 debitum
1469 3023 1574 3049 naturae
1588 3016 1754 3053 persolverat
1768 3018 1797 3046 in
1810 3019 1931 3055 partibus
1947 3019 2140 3059 Lornbardiae)
2164 3033 2232 3054 cum
2246 3024 2305 3062 ple-

1249 3051 1375 3081 nitudine
1385 3053 1451 3090 juris
1466 3051 1625 3092 Canonici,
1644 3064 1676 3084 ac
1689 3055 1823 3086 omnibus
1836 3056 1942 3094 juribus
1956 3059 1990 3089 ὃς
2005 3060 2178 3098 pertinentiis
2200 3061 2251 3092 suis
2265 3063 2307 3093 A-

1248 3089 1389 3127 postolica
1410 3090 1459 3120 sibi
1477 3091 1644 3122 auctoritate
1661 3093 1799 3132 contulit,
1817 3095 1851 3125 &
1869 3095 1993 3132 providit
2011 3097 2048 3128 de
2064 3098 2131 3137 illis,
2156 3099 2302 3139 ipsumque

1249 3128 1454 3165 praesentialiter
1470 3128 1613 3160 investivit
1624 3140 1673 3167 per
1686 3131 1765 3161 suurn
1780 3133 1895 3163 anulum
1908 3133 1944 3165 de
1958 3135 2071 3170 eisdem.
2104 3168 2106 3171 ,

1285 3166 1451 3198 Decernens
1473 3176 1575 3198 extunc
1597 3169 1706 3199 irritum
1728 3171 1761 3201 ὃς
1782 3171 1863 3201 inane
1877 3196 1886 3209 ,
1905 3172 1924 3202 si
1940 3173 2016 3203 secus
2030 3174 2066 3205 de
2080 3175 2257 3207 Canonicatu
2272 3179 2307 3209 &

1248 3205 1402 3248 praebenda
1423 3205 1560 3244 praedictis
1575 3230 1585 3243 ,
1610 3216 1709 3238 contra
1723 3207 1881 3246 hujusmodi
1895 3211 2093 3251 collationem,
2116 3216 2307 3251 provisionem

1249 3244 1283 3273 ὃς
1304 3243 1495 3274 investituram
1517 3243 1591 3288 suaS,
1610 3244 1774 3283 Apostolica
1794 3247 1840 3278 seu
1860 3248 2029 3288 quacunque
2050 3251 2101 3282 alia
2115 3253 2306 3293 auetoritate,

1249 3290 1453 3320 quemcunque
1466 3291 1640 3320 contmgeret
1654 3287 1819 3325 attemptari.

1286 3319 1385 3351 Voluit
1407 3331 1521 3358 quoque
1541 3320 1633 3351 dictus
1655 3323 1843 3360 praedeceffor
1858 3326 1979 3356 eundem
1994 3325 2192 3366 Canonicum,
2209 3332 2305 3360 omni-

1248 3358 1299 3387 bus
1302 3382 1315 3400 3
1335 3358 1505 3397 quacunque
1519 3358 1683 3391 auetoritare
1696 3364 1815 3399 receptis
1830 3381 1839 3400 ,
1864 3366 1898 3395 ὅτ
1912 3365 2077 3402 recipiendis
2092 3367 2120 3395 in
2135 3366 2233 3396 eadem
2248 3367 2308 3399 Ec-

1247 3396 1345 3440 clesia,
1363 3399 1392 3427 in
1406 3397 1607 3440 praedictorum
1622 3398 1814 3431 Canonicatus
1828 3402 1861 3432 &
1875 3402 2039 3432 Praebendae
2052 3403 2224 3444 assecutione
2231 3416 2304 3443 prae-

1249 3434 1313 3464 ferri
1327 3435 1363 3465 de
1379 3437 1463 3475 gratia
1475 3435 1597 3474 speciali3
1617 3436 1663 3468 sed
1679 3437 1773 3476 quoad
1785 3439 1987 3471 assecutionem
2011 3441 2129 3471 aliorum
2144 3442 2306 3475 Canonica-

1248 3481 1330 3517 tuum
1360 3475 1394 3504 &
1423 3472 1644 3504 Praebendarum
1663 3476 1773 3513 nullum
1796 3488 1845 3514 per
1865 3479 1922 3509 hoc
1939 3479 2133 3519 prae'udicium
2152 3485 2302 3522 generari,¹

1248 3520 1331 3556 certis
1350 3512 1401 3543 sibi
1421 3513 1457 3542 ab
1475 3511 1578 3542 eodem
1598 3514 1802 3551 praedecessore
1819 3515 1899 3554 super
1918 3517 1976 3548 hoc
1994 3489 2200 3550 lixecutoribus
2214 3520 2304 3559 depu-

1247 3559 1317 3581 tatis.
1624 3582 1626 3585 .

1285 3587 1395 3619 Verum
1424 3585 1725 3632 Magister-johannes
1745 3590 1781 3621 de
1800 3591 1936 3623 Cadomo
1949 3617 1959 3631 ,
1983 3592 2147 3634 Canonictis
2168 3594 2304 3630 Ecclesiae

1248 3627 1333 3657 saneti
1348 3627 1465 3657 Martim
1481 3636 1525 3656 rna
1547 3637 1575 3656 m
1590 3628 1773 3659 Londonien.
1792 3630 1843 3660 suis
1857 3630 1957 3661 finibus
1972 3641 2031 3661 non
2046 3641 2210 3674 contentus,
2251 3647 2303 3667 rae-

1249 3673 1326 3696 textu
1340 3664 1512 3703 quarundam
1537 3666 1697 3705 itterarum,
1716 3669 1770 3705 piae
1784 3670 1949 3706 memoriae,
1963 3669 2101 3707 Johannis
2114 3670 2216 3713 Papae,
2252 3685 2303 3705 rae-

1249 3703 1399 3734 decessoris
1420 3703 1532 3741 nostri,
1557 3714 1607 3741 per
1629 3715 1694 3743 quas
1716 3707 1798 3736 certis
1819 3706 2025 3737 Executoribus
2047 3706 2251 3750 mandabatur,
2270 3722 2301 3745 ut

1249 3742 1361 3772 duobus
1381 3741 1499 3772 Clericis
1516 3741 1633 3779 ydoneis
1647 3766 1657 3781 ,
1683 3743 1861 3775 familiaribus
1880 3744 2037 3776 Carissimae
2052 3748 2080 3777 iii
2094 3746 2211 3781 Christo
2223 3751 2302 3782 Filiae

1250 3779 1355 3811 nostrae
1460 3779 1580 3818 Reginae
1590 3780 1750 3821 Anglorum
1765 3782 1889 3820 illustris,
1909 3782 2055 3815 Consortis
2069 3793 2142 3826 tuae,
2161 3789 2210 3819 uni
2245 3791 2302 3820 viz.

1252 3820 1280 3849 in
1300 3816 1433 3856 praediffi
1454 3816 1627 3848 Eboracenfi
1641 3843 1651 3857 ,
1668 3821 1708 3850 .&
1728 3820 1804 3850 alteri
1825 3822 1855 3850 in
1870 3817 2051 3853 Sarisbirienfi
2066 3814 2303 3866 Ecclefiis‚'quos

1252 3857 1364 3893 Regina
1378 3855 1433 3894 ipsa
1446 3855 1561 3886 duceret
1573 3858 1778 3896 nominandos,
1798 3858 1834 3889 de
1848 3859 2019 3898 praebendis,
2038 3861 2058 3891 fi
2072 3873 2203 3895 vacarent
2217 3867 2301 3904 inibi,

1251 3895 1297 3926 vel
1313 3904 1398 3933 quam
1413 3894 1471 3924 cito
1486 3904 1584 3924 vacare
1597 3897 1789 3936 contingeret,
1807 3897 1989 3935 providerent
2002 3899 2029 3930 se
2063 3911 2092 3931 er
2105 3903 2218 3933 eosdem
2239 3912 2302 3933 exe-

1252 3942 1363 3964 cutores
1372 3956 1381 3970 ,
1399 3934 1428 3962 in
1442 3931 1642 3975 praedidiorum
1655 3934 1848 3965 Canonicatsis
1861 3937 1895 3967 &
1909 3935 2029 3968 Praeben
2049 3949 2075 3969 ae
2084 3940 2304 3980 posseffionem,

1253 3973 1319 4003 licet
1332 3971 1381 4002 sibi
1395 3971 1504 4000 nullum
1515 3980 1559 4008 Jus
1573 3981 1764 4011 competeret,
1782 3975 1812 4003 in
1824 3974 1926 4005 eisdem
1951 3976 2102 4008 ‘rocuravit
2112 3979 2215 4008 induci.
2307 3977 2309 3979 ’

1289 4010 1392 4048 Sicque
1413 4007 1619 4040 Canonicatum
1640 4012 1673 4042 &
1694 4010 1882 4044 Praebendam
1901 3986 2016 4045 eofilem
2029 4016 2134 4047 detinet
2148 4016 2237 4047 taliter
2251 4027 2306 4047 ο<;-’ἱ

1254 4056 1388 4087 cupatos,
1406 4048 1434 4077 in
1449 4046 1504 4079 suae
1515 4046 1604 4080 salutis
1617 4048 1809 4118 dispendium}²
1828 4050 1951 4091 ejusdem
1963 4052 2104 4085 Canonici
2117 4055 2220 4093 grande
2234 4065 2306 4098 prte-

1817 4097 1831 4127 3
2265 4102 2310 4130 Ν-
