2570 4261
94 174 172 206 Ann.
187 174 227 205 D.

118 214 200 243 1288.

95 254 162 280 Edv.
183 262 206 280 1.

85 2985 213 3024 *11.378.

242 106 293 147 30

277 175 349 207 Hoc
359 183 457 206 tamen
471 170 597 203 ἁεῐῑαᾶο
611 170 644 200 &
656 176 777 205 excepto
792 166 872 204 quod
903 166 969 196 licet
982 165 1074 196 didius
1090 165 1226 202 Princeps
1240 171 1301 193 non

241 214 405 252 adimpleret
419 213 496 249 super
509 209 653 240 Sindicatu
667 208 700 237 δε
715 205 859 236 obsidibus
874 189 1021 241 Massiliae,
1036 203 1082 234 vel
1098 204 1147 234 suo
1162 203 1253 246 reditu
1266 200 1301 230 ad

241 253 396 283 Carcerem
417 250 504 280 Reois
524 247 648 285 Aragon.
666 243 813 281 supradicti
836 253 899 281 quae
914 243 1067 280 adimplere
1082 243 1209 280 promisit
1240 249 1302 270 non

242 301 335 321 tamen
356 273 482 327 propter?a
491 287 549 316 hoc
571 285 742 314 retineantur
762 281 871 312 obsides
894 281 980 321 Regis
1000 281 1111 320 Angliae
1130 264 1278 318 supradiffi
1292 302 1302 316 ,

240 330 297 359 aliis
318 337 412 358 tamen
432 322 670 356 conventionibus
689 321 723 351 ὅ(
742 319 988 358 promissionibus,
1007 328 1121 357 propter
1140 329 1204 357 quas
1225 318 1302 347 idem

240 366 348 397 obsides
363 365 423 394 sunt
440 363 534 400 positi,
552 359 725 397 adimpletis3
743 358 797 396 set,
815 358 973 395 adimpletis
986 358 1048 395 ipiis
1060 358 1116 387 aliis
1131 356 1303 387 conditioni-

240 406 292 436 bus
302 428 310 441 ,
327 403 414 433 libere
426 403 461 432 &
477 399 601 430 absolute
613 398 683 428 dieti
694 397 804 428 obfides
819 397 972 427 liberentur
987 398 1020 427 δε
1035 395 1213 426 restituantur
1226 394 1304 432 Regi

240 442 351 481 Angliae
367 439 526 480 supradicto
538 462 548 477 ,
573 438 644 468 sicut
662 437 692 466 in
710 435 908 474 praedictarum
927 435 1157 466 conventionum
1179 433 1304 472 capitulis

239 481 409 512 continetur.

277 518 306 548 Si
327 527 396 547 vero
417 515 569 555 contigerit
589 513 668 553 quod
689 520 834 551 oporteret
969 551 974 555 .
1033 545 1043 550 k
1072 551 1077 555 ι
1255 549 1259 553 ¹
1284 548 1289 553 1

239 557 330 594 aliqua
337 555 411 594 justa
424 556 458 586 &
469 554 618 585 necessaria
631 552 726 590 causa,
745 551 876 581 recedere
889 550 925 580 de
937 551 988 580 suis
1010 550 1131 587 partibus
1153 550 1303 579 cismarinis

239 597 274 626 &
290 595 324 624 ad
344 602 434 632 partes
452 593 515 623 alias
532 593 559 623 se
580 591 741 627 transferre,
760 589 837 619 dabit
850 599 904 627 pro
917 589 1061 619 securitate
1075 588 1303 630 conventionum

239 631 494 670 compiendarum,
508 638 593 671 prout
604 631 633 659 in
647 628 767 667 ipsarum
782 628 1007 658 conventionum
1027 626 1153 664 capitulis
1174 633 1305 658 contine-

238 680 300 710 tur,
318 671 507 711 inffascriptos
522 669 661 705 Barones,
679 675 803 705 quorum
814 667 930 696 nomina
940 665 1002 696 sunt
1014 665 1093 703 haec;

853 511 962 542 dietum
985 493 1100 547 Regem
1122 510 1249 549 Angliae‚
1269 518 1303 539 ex

276 750 410 778 Dominus
424 750 557 778 Henricus
573 749 663 775 Comes
675 742 842 781 Lincolniae,
861 739 898 776 (5),

278 790 416 816 Maritius
429 788 462 816 de
476 786 619 822 credonio,

276 825 422 863 Johannes
434 826 467 855 de
479 826 632 854 Britannia
640 845 650 859 ‚
669 818 708 855 ὠ·

274 863 427 903 Gaufridus
441 864 473 894 de
493 865 648 894 Liziniaco.

275 940 332 980 Et,
352 941 372 971 fi
394 941 470 971 forte
489 940 573 979 aliqui
594 937 764 969 eorumdem
788 944 908 980 quatuor
928 935 1072 980 Baronurn
1094 936 1206 967 interim
1226 936 1303 980 viam

236 980 326 1011 essent
339 981 475 1010 universae
489 980 579 1009 carnis
592 976 721 1016 ingressi,
737 975 783 1006 vel
797 984 917 1012 graV1ter
935 973 1159 1014 infirmarentur,
1174 975 1242 1005 loco
1261 985 1304 1012 ip-

236 1019 332 1050 sorum
343 1043 352 1057 ,
361 1019 428 1049 alios
440 1017 608 1049 sufficientes
621 1019 654 1048 &
668 1014 865 1054 aequivalentes
886 1013 952 1044 dare
965 1022 1093 1053 tenetur,
1107 1015 1140 1046 ὃς
1155 1013 1231 1044 dabit
1238 1012 1304 1044 Rex

237 1057 349 1097 Angliae
360 1057 540 1095 supradictus.

236 1136 276 1168 Et
290 1136 332 1168 est
347 1137 492 1169 sciendum
507 1137 586 1176 quod
595 1135 752 1175 pro,Guil-
791 1133 943 1171 Subrogati
959 1134 1034 1173 sunt,
1044 1133 1183 1164 Walterus
1197 1135 1229 1165 de
1235 1132 1302 1165 Bel-

273 1176 359 1206 lielmo
375 1181 450 1206 Arn.
471 1177 503 1206 de
517 1180 639 1206 Montin.
825 1172 849 1202 lo
869 1176 982 1211 Campo,

788 1211 953 1250 Jakeminus
966 1213 998 1241 de
1010 1210 1039 1240 la
1059 1211 1193 1250 Planche,

788 1253 890 1287 Ogerus
903 1249 1032 1288 Roberti,
1050 1249 1088 1285 &¹

786 1288 933 1356 iJohannes
947 1289 978 1318 de
993 1292 1109 1328 Gayton.

801 1335 876 1365 tem,
890 1335 940 1366 pro
955 1331 1058 1357 Ottone
1068 1329 1100 1357 de
1113 1326 1209 1368 Tufiy,

786 1369 908 1395 Forrerio
923 1367 958 1396 da
973 1365 1093 1396 Vernolio

786 1404 920 1443 Johanne
936 1406 968 1434 de
982 1390 1117 1445 Greyvili.
1134 1403 1172 1439 (θ’

787 1446 869 1472 Petro
884 1444 915 1473 de
932 1442 1056 1483 Pleffiaco
1071 1443 1273 1483 suprascriptis;

785 1481 938 1518 Subrogati
960 1482 1041 1520 sunt,
1059 1482 1182 1521 Jacobus
1197 1486 1299 1521 primo-

819 1524 925 1587 geyi'tus
938 1523 1050 1550 Domini
1055 1524 1216 1559 Berengarii
1222 1524 1299 1551 Gau-

823 1565 850 1588 te
862 1562 900 1588 ini

786 1583 959 1627 Bertran’dus
972 1600 1160 1636 primogenitus
1187 1601 1299 1629 Riccani

823 1637 855 1666 de
870 1639 1024 1666 Lamanon.

785 1676 883 1703 Petrus
897 1676 928 1704 de
943 1674 1109 1714 Tarrafion,
1128 1674 1167 1710 &

785 1712 947 1743 Gautelinus
960 1715 992 1744 de
1007 1713 1130 1743 Arelate
1140 1726 1149 1743 :

785 1751 824 1782 Et
837 1751 878 1782 est
892 1753 976 1783 etiam
987 1752 1132 1782 sciendum
1149 1752 1228 1791 quod
1236 1763 1299 1792 pro,

820 1793 939 1864 gomino
962 1790 1092 1830 Johanne
1115 1792 1147 1821 de
1174 1790 1276 1832 Sulleye
1289 1817 1299 1831 ‚

837 1840 859 1859 φ

784 1871 910 1912 Aymaro
931 1868 963 1898 de
983 1868 1112 1898 Archiak
1136 1869 1300 1909 suprascrip-

823 1915 856 1936 tis
865 1930 874 1944 ,

784 1944 937 1983 Subrogati
950 1944 1011 1976 sunt
1025 1947 1105 1984 Hugo
1119 1947 1150 1977 de
1172 1947 1299 1988 Audeo,

785 1982 947 2053 Wi&llielmus
960 2023 992 2053 de
998 2026 1132 2063 Scoppam.

236 1216 388 1256 Reymundo
403 1219 478 1245 Arn.
499 1216 531 1245 de
545 1217 656 1245 Domin.

236 1257 345 1283 Amato
361 1255 393 1283 de
406 1253 535 1293 Gayroffa
544 1277 553 1291 ‚

237 1295 320 1322 Bern.
336 1296 510 1331 primogenito
525 1294 637 1322 Domini
652 1289 749 1329 deJa-

236 1342 326 1398 Βεῒξιιῗ
334 1355 369 1398 'de
382 1367 513 1408 Bfinos,

236 1407 372 1446 Stephano
379 1406 478 1446 fratre
491 1410 519 1437 V
519 1411 549 1436 ic.
565 1407 596 1436 de
610 1410 696 1443 Orce,
709 1403 747 1439 ὠ

235 1448 319 1492 Bern.
339 1447 371 1476 de
389 1447 487 1476 Sanclo
512 1449 575 1475 Vico
582 1444 748 1485 ficprascrip-

235 1492 388 1562 Subiogati
401 1523 462 1553 sunt
476 1526 552 1552 Arn.
573 1520 714 1562 Daudoyss

235 1562 383 1591 Arnaldur
400 1562 565 1599 Reymundi,

236 1600 338 1639 Daster
370 1599 420 1629 lius
434 1598 602 1630 Vicecomitis
618 1597 730 1637 Daster,

233 1639 333 1686 Arnfd
366 1649 379 1668 s
406 1639 555 1680 Reymuna'i
579 1639 612 1668 de
646 1640 748 1667 Mune-

232 1689 382 1747 Aiizgllllus
401 1714 480 1756 filius
502 1717 614 1745 Domini
635 1716 666 1745 de
686 1714 747 1754 Ja-

235 1766 323 1823 Reii?
330 1780 373 1823 ’de
386 1796 463 1830 Begz
475 1796 538 1832 pui,

237 1832 362 1862 Lebatus
377 1833 408 1862 de
425 1832 508 1870 vlia,
523 1831 562 1866 ὦ·

234 1871 388 1911 Gaylardus
399 1872 431 1900 de
446 1873 549 1899 Barcai
557 1881 566 1898 .-

235 1909 326 1950 Item,
340 1918 391 1948 pro
415 1909 531 1950 Gastone
547 1909 578 1938 de
591 1910 746 1938 Armenia-

233 1960 316 2016 Peicio’
328 1988 359 2016 de
371 1986 520 2024 Greiliaco,

232 2029 340 2055 Amata
354 2027 386 2055 de
398 2027 524 2055 Savinak
532 2048 542 2063 ,
560 2022 598 2059 &¹

232 2066 315 2094 Petro
331 2068 472 2094 Amavini
479 2088 488 2103 ‚
506 2063 692 2102 suprascriptis
699 2087 709 2102 ,

271 2139 318 2171 Ad
331 2141 471 2178 majorem
492 2148 586 2170 autem
609 2139 690 2177 hujus
711 2140 751 2169 rei
774 2138 911 2168 cautelam
932 2138 1091 2176 praelibatus
1105 2139 1171 2171 Rex
1185 2140 1297 2181 Angliae

231 2177 376 2209 mandavit
399 2189 448 2217 per
469 2188 517 2208 me
553 2178 758 2215 infrascriptum
780 2176 952 2213 Notarium,
971 2177 1007 2207 de
1029 2178 1168 2215 praedictis
1181 2180 1299 2218 praesens

231 2217 399 2256 pupplicum
413 2217 472 2248 fieri
487 2203 707 2247 instrumentum
715 2239 725 2255 ‚
742 2217 789 2247 cui
802 2215 922 2255 sigillum
936 2215 1015 2246 suum
1028 2217 1096 2248 fecit
1109 2220 1222 2256 apponi.

271 2294 379 2325 Afrum
401 2293 474 2331 apud
498 2293 644 2331 Campum
666 2292 807 2323 Francum
828 2293 857 2322 in
879 2292 1002 2332 Aragon.
1021 2303 1097 2325 anno
1112 2296 1127 2325 a
1140 2295 1300 2328 Nativitate

230 2333 353 2364 Domini
375 2332 525 2363 millesimo
543 2331 738 2362 ducentesimo
756 2331 952 2369 ostuagefimo
972 2332 1079 2363 oc'tavo
1093 2357 1102 2372 ,
1136 2333 1299 2366 Indiffione

232 2372 368 2409 secunda,
385 2370 568 2402 Pontificatsis
582 2370 704 2400 Domini
718 2369 858 2399 Nicholai
871 2368 956 2406 Papae
972 2371 1073 2409 Qiarti
1088 2382 1163 2403 anno
1185 2375 1298 2414 primo,

231 2420 326 2447 quarta
346 2410 392 2440 die
414 2417 532 2441 exeunte
553 2408 648 2439 mense
662 2408 809 2447 Odiobri,
827 2409 856 2438 in
871 2407 978 2440 Palatio
992 2410 1022 2440 in
1036 2420 1096 2449 quo
1109 2410 1299 2450 hospitabatur

231 2449 340 2480 illustris
353 2449 419 2479 Rex
431 2450 556 2488 Aragon.
573 2447 745 2486 praelibatus,

267 2525 455 2558 Praesentibus
469 2525 621 2558 venerabili
634 2524 716 2556 Patre
724 2548 734 2563 ‚

268 2606 382 2633 Domino
397 2605 431 2633 R.
450 2603 615 2633 Bathonien.
633 2600 671 2636 ᾤ’
687 2600 800 2630 W’llen.
816 2600 959 2641 Episcopo,

266 2644 309 2671 Et
322 2641 441 2680 discretis
454 2645 524 2671 viris
539 2644 611 2679 Hug.
632 2641 664 2670 de
678 2638 840 2677 Mataplan.
859 2641 1005 2680 Maffilien.

266 2683 363 2710 Pontio
376 2679 509 2719 CelJonen.
529 2691 559 2709 ac

266 2719 366 2759 Gaufr.
382 2723 485 2757 Apron.
505 2717 681 2759 Ecclefiarum
697 2715 866 2755 Praepofitis‚

268 2756 412 2797 fisagistris
428 2760 470 2787 W
470 2756 576 2786 illielmo
589 2757 620 2785 de
637 2755 721 2786 Lada
733 2754 893 2784 Dunelmen.
912 2754 951 2788 ῤ’

268 2799 341 2826 Rem.
362 2799 492 2835 Ripaccie.
509 2799 539 2824 in
550 2794 667 2836 Ecclefia
682 2793 798 2824 ilerden.
817 2792 935 2822 Archid.

266 2835 398 2873 Johanne
414 2835 446 2864 de
461 2833 563 2873 Laschi
575 2831 742 2864 Cancellario
756 2830 878 2871 Ecclefiae
893 2835 941 2871 Cyc
947 2830 1005 2871 cstr.

264 2873 396 2912 Johanne
409 2872 499 2903 Sabat
512 2876 566 2902 Con
578 2872 682 2907 diario,
701 2868 739 2905 όν

265 2915 347 2941 Petro
362 2913 394 2942 de
410 2914 495 2948 Logn.
513 2914 558 2940 Mi
570 2915 608 2941 ite
622 2911 688 2940 disti
701 2912 781 2946 Regis
794 2911 921 2946 Aragon.

266 2953 381 2979 Domino
398 2949 536 2979 Matthaeo
550 2951 582 2980 de
600 2950 725 2979 Adrian.
746 2947 855 2986 Milite,
875 2946 913 2981 ᾤ’

267 2988 286 3007 *
305 2987 437 3027 Magistro
460 2988 558 3018 Adam
571 2989 603 3017 de
617 2986 748 3025 Duffiaco.

264 3025 304 3058 Et
316 3026 458 3057 nonnullis
473 3026 530 3056 aliis
543 3025 678 3057 Testibus
690 3025 724 3055 ad
738 3026 800 3056 haec
814 3025 920 3056 vocatis
933 3024 1084 3063 specialiter
1098 3024 1132 3056 δε
1146 3026 1257 3063 rogatis.

273 3101 312 3133 Et
326 3111 380 3142 ego
391 3102 536 3141 Johannes
551 3101 645 3133 Erturi
660 3100 696 3131 de
708 3100 856 3138 Cadamo,
877 3099 1053 3141 Apostolicae
1066 3099 1133 3130 sedis
1147 3101 1298 3133 auetorita-

231 3150 260 3172 te
274 3141 415 3171 Notarius
429 3142 591 3179 pupplicus,
606 3140 657 3169 hiis
671 3140 804 3169 omnibus
819 3140 948 3177 interfui,
968 3139 1080 3179 propria
1091 3148 1177 3171 manu
1191 3140 1294 3180 scripfi,

231 3181 265 3211 δε
282 3179 316 3210 ad
330 3180 470 3218 majorem
485 3179 655 3209 evidentiam
669 3178 879 3215 praemissorum
892 3188 1006 3216 rogatus
1020 3178 1078 3208 mei
1090 3177 1159 3217 signi
1179 3189 1296 3210 annota-

229 3220 308 3249 tione
321 3220 351 3248 in
365 3218 438 3249 lianc
452 3217 614 3255 pupplicam
629 3217 754 3247 formam
773 3215 878 3253 redegi.

266 3257 331 3296 Ego
345 3267 417 3287 vero
439 3256 589 3294 praedietus
605 3254 744 3285 Notarius
758 3256 786 3284 in
800 3254 910 3285 decima
925 3264 1021 3294 quarta
1036 3255 1108 3285 linea
1120 3256 1148 3285 in
1162 3255 1219 3287 istis
1240 3267 1294 3288 vo-

228 3296 334 3326 cabulis
355 3295 406 3325 vel
415 3295 442 3340 fi
461 3294 509 3324 hoc
522 3297 639 3333 optinere
651 3304 703 3322 non
712 3292 794 3332 poffit
808 3295 929 3323 traderet
944 3293 1021 3333 infra
1034 3292 1133 3332 eosdem
1146 3301 1201 3324 tres
1219 3307 1293 3326 men-

220 3332 264 3372 ses
273 3358 282 3371 ,
302 3335 335 3365 ὃς
351 3335 380 3364 in
393 3333 525 3365 vicesima
548 3342 624 3363 nona
637 3331 709 3362 linea
722 3333 751 3360 in
765 3331 821 3361 istis
833 3332 979 3362 vocabulis
992 3332 1055 3362 aliis
1068 3339 1161 3362 tamen
1176 3344 1292 3364 conven-

227 3372 341 3401 tionibus
360 3370 398 3406 όν
415 3371 641 3411 promiffionibus,
666 3371 700 3401 &
720 3371 749 3399 in
773 3370 911 3400 tricesima
931 3371 1003 3401 lium
1022 3371 1052 3400 in
1071 3369 1127 3400 istis
1146 3373 1293 3403 vocabulis

229 3417 360 3445 oporteret
372 3411 474 3440 dicium
489 3413 529 3440 Re
546 3422 586 3440 em
595 3434 604 3447 .‚
623 3409 697 3440 &in
710 3408 850 3439 tricesima
863 3419 917 3439 una
932 3409 1003 3440 linea
1016 3410 1046 3439 in
1058 3408 1114 3438 istis
1128 3411 1276 3441 vocabulis
1285 3434 1295 3450 ‚

228 3449 306 3484 Hugo
327 3450 358 3478 de
378 3448 488 3479 Audele
511 3421 549 3483 ἑ

229 3486 263 3516 &
279 3486 346 3523 signi
362 3490 420 3518 mei
431 3487 639 3526 appofitionem
657 3485 712 3516 feci
725 3485 823 3515 rasuras
833 3509 843 3523 ,
859 3486 893 3516 &
908 3487 938 3516 in
950 3486 1046 3517 rasuris
1059 3485 1163 3517 eisdem
1179 3489 1293 3526 propria

228 3532 314 3553 manu
328 3526 463 3557 vocabula
477 3526 551 3556 dieta
566 3524 667 3562 scripsi.

572 3446 738 3478 Willielmus
759 3447 791 3476 de
812 3450 951 3486 stuppam,
971 3456 1035 3478 ante
1048 3448 1294 3486 consignationem

233 3648 399 3694 Recognitio
423 3653 546 3696 Alfhnst
561 3656 649 3699 Regis
668 3654 828 3698 Aragoniae
848 3651 929 3697 quod
943 3656 1048 3698 recepit
1068 3649 1174 3696 obfides
1193 3665 1213 3685 a
1234 3656 1293 3685 Re-

272 3707 312 3741 ge
340 3699 451 3743 Angliae
476 3711 530 3745 pro
551 3702 716 3746 securitate
749 3702 982 3733 conventionum
998 3700 1090 3746 snper
1104 3698 1296 3735 Liberatione

84 3747 220 3818 AnnggD.
280 3745 423 3789 Principis
440 3749 634 3783 Salernitani.

85 3796 142 3854 Alnz
158 3810 200 3853 id.
273 3826 309 3858 Ν
323 3828 440 3857 nomine
453 3829 592 3871 Domini⁷
611 3833 716 3864 Arnen.

83 3867 116 3891 Ε.
140 3873 166 3891 1-
302 3865 336 3896 In
347 3865 490 3909 praesentia
502 3872 573 3907 mei,
594 3871 728 3910 Notarii,
747 3871 781 3902 &
794 3871 907 3902 testium
929 3872 1166 3910 subscriptorum,
1185 3871 1295 3901 manni-

84 3905 114 3930 ῑ-
131 3902 198 3939 B.f.
235 3902 304 3934 ficus
318 3903 469 3946 Prmceps,
485 3905 630 3947 Dominus
641 3910 790 3947 Alfonsus,
809 3909 868 3939 Dei
886 3911 990 3949 gratia,
1005 3910 1116 3940 illustris
1137 3909 1203 3939 Rex
1223 3895 1294 3938 Kra-

89 3942 151 3975 ¹4⁶·
170 3950 197 3967 a·
234 3951 361 3979 gonum,
384 3941 587 3980 Majoricarum
601 3947 634 3975 ὃς
648 3947 758 3977 Valent.
778 3958 811 3978 ac
833 3946 943 3978 Comes
962 3949 1132 3979 Barchinon.
1152 3946 1294 3977 confeffus

83 3982 154 4006 Penes
164 3982 214 4007 Ca-
233 3978 275 4011 est
296 3981 331 4013 ὃς
352 3982 524 4020 recognovit
544 3982 571 4012 se
594 3984 793 4019 praesentialiter
812 3986 946 4025 recepisse
965 3987 1001 4018 ab
1014 3987 1128 4027 egregio
1141 3983 1292 4023 Principe,

84 4026 175 4047 merari

703 72 1509 124 CONVENTIONES‚
1565 71 1950 126 LITEKAE,

1340 158 1475 188 Domino
1487 158 1647 199 Edwardo,
1665 159 1765 191 eidem
1779 159 1884 199 gratia,
1902 159 1986 198 Rege
2004 159 2117 197 Angli-ie
2135 159 2249 202 illustri,
2267 162 2403 202 Domino

1342 196 1510 235 Hiberniae,
1526 198 1559 228 &
1577 198 1664 229 Duce
1685 199 1863 237 Aquitaniae,
1882 199 2069 236 infrascriptos
2086 198 2208 231 Barones
2229 202 2352 236 Nobiles
2371 209 2404 240 &

1344 235 1510 274 Burgenses,
1530 246 1600 274 quos
1612 236 1689 267 idem
1703 237 1770 267 Rex
1785 237 1911 277 Angliae,
1929 246 1983 275 pro
1998 237 2141 268 securitate
2154 240 2188 269 &
2209 243 2406 282 complemen-

1342 282 1372 304 to
1394 274 1569 311 quarundam
1593 276 1839 314 conventionum,
1865 275 2102 313 complendarum
2124 276 2217 308 eidem
2236 278 2314 317 Regi
2336 283 2407 315 Ara.

1342 321 1411 347 gon.
1437 322 1487 349 per
1506 313 1690 351 magnificum
1713 315 1748 345 &
1775 315 1919 353 egregium
1946 315 2041 345 virum
2068 313 2234 346 Dominum
2262 318 2406 355 Karolum

1343 349 1507 388 Principem
1520 351 1680 382 Salernitan.
1700 352 1766 382 dare
1778 354 1807 382 in
1821 351 1931 382 obsides
1944 353 2091 382 tenebatur
2127 354 2196 385 ficut
2217 356 2246 386 in
2267 356 2404 396 Capitulis

1342 388 1584 419 Conventionum
1599 391 1733 428 ipsarum,
1751 391 1830 429 super
1840 391 2003 421 liberatione
2016 391 2085 422 dieti
2098 376 2238 432 Principis
2251 395 2350 428 habitis
2371 401 2406 432 &

1343 427 1481 466 tractatis,
1500 427 1608 464 plenius
1628 430 1799 460 continetur.

1380 465 1410 495 Si
1421 476 1497 508 ¹vero
1512 468 1661 506 contigerit
1675 467 1753 506 quod
1765 478 1785 498 0
1827 476 1896 498 rteat
1910 467 2021 498 dietum
2034 467 2148 507 Regem
2165 470 2289 512 Angliae,
2308 484 2343 505 ex
2357 477 2407 507 ali-

1343 512 1398 540 qua
1415 503 1488 541 Justa
1507 506 1541 535 ὃς
1562 506 1710 536 necessaria
1728 516 1779 536 cau
1791 517 1819 544 a,
1837 506 1970 537 recedere
1989 507 2025 536 de
2039 507 2089 537 suis
2100 509 2223 544 partibus
2236 512 2388 546 cismarinis

1342 542 1377 572 &
1391 542 1425 571 ad
1440 550 1529 580 partes
1541 543 1603 573 alias
1618 543 1645 573 se
1663 545 1826 582 transferre,
1843 554 1995 583 antequam
2015 547 2221 578 conventiones
2242 541 2406 589 hujusmodi

1342 580 1554 620 compleantur,
1571 583 1700 619 promisit
1712 583 1788 612 idem
1804 583 1869 613 Rex
1884 583 1994 623 Angliae
2007 583 2074 614 dare
2086 584 2180 615 eidem
2198 586 2276 627 Regi
2294 589 2406 632 Arago-

1342 628 1430 657 num,
1448 628 1500 657 pro
1521 619 1666 651 securitate
1688 621 1885 659 praedffiarum
1900 621 2136 653 Conventionum
2151 626 2385 663 complendarum

1342 666 1431 725 p3rout
1445 659 1473 687 in
1488 658 1606 696 ipsarum
1620 658 1860 690 Conventionum
1874 659 2010 699 Capitulis
2021 662 2200 702 continetur,
2218 656 2406 710 infrascripto}

1366 705 1465 726 arones
1473 719 1483 735 ,
1501 696 1632 728 videlicet
1640 721 1650 737 ‚
1667 698 1815 729 Dominos

1342 774 1489 802 Henricum
1501 777 1629 804 Comitem
1644 774 1768 805 Lincoln.

1891 775 2052 814 Johannem
2068 778 2100 807 de
2114 781 2226 810 Britan.
2245 779 2285 816 &-

1343 814 1494 842 Maritium
1509 813 1541 842 de
1555 813 1699 852 credonio,

1892 813 2059 854 Gaufriduin
2071 817 2103 846 de
2117 820 2275 850 Leziniaco.

1364 887 1424 933 ‚Ita
1445 898 1540 933 tarnen
1562 889 1657 928 quod,
1674 889 1695 920 si
1715 889 1799 928 aliqui
1818 890 1987 921 eorumdem
2004 900 2125 930 quatuor
2135 893 2278 927 Baronum
2291 899 2406 931 interim

1342 938 1418 972 Viam
1433 929 1521 959 essent
1532 929 1668 960 universae
1682 930 1773 960 carnis
1785 929 1915 968 ingressi,
1932 939 1965 959 ac
1986 932 2107 969 graviter
2124 933 2329 969 infirmarentur
2360 939 2404 970 lo-

1341 967 1645 1045 giigliigrsilirp‘raidiz‘ltiiss
1663 967 1832 999 sufficientes
1854 969 1888 1000 &
1908 969 2106 1006 aequivalentes
2123 971 2188 1004 dare
2210 982 2321 1007 tenetur
2334 963 2405 1009 ’Rex

1379 1081 1514 1115 Nomina
1526 1095 1597 1116 vero
1611 1083 1755 1116 Obfidum
1770 1083 1973 1124 praedietorum
1984 1083 2046 1117 sunt
2056 1084 2135 1125 haec,

1339 1161 1452 1190 Domini
1465 1161 1548 1202 Gasto
1563 1165 1591 1192 V
1590 1165 1709 1193 icecomes
1720 1165 1824 1192 Bearn.

1339 1199 1499 1229 Bernardus
1512 1202 1544 1230 de
1557 1204 1611 1231 Bos
1647 1199 1686 1237 &-

1339 1236 1509 1268 Guillielmus
1523 1226 1651 1270 Arnasdi
1668 1241 1699 1270 de
1719 1243 1854 1279 Moretin,

1338 1277 1506 1314 Reymundus
1519 1277 1645 1309 Arnaldi
1659 1280 1692 1309 de
1705 1282 1807 1308 Domin
1817 1301 1827 1317 ‚

1339 1316 1478 1391 BeJard.
1500 1321 1693 1355 primogenitus
1715 1320 1796 1347 Dom.
1820 1318 1852 1348 de

1409 1365 1479 1384 azas
1487 1379 1497 1393 ,

1340 1393 1499 1423 Bernara'us
1514 1394 1546 1424 de
1559 1396 1659 1425 Sanao
1671 1397 1753 1434 Vim,

1337 1430 1463 1462 Arnald.
1489 1432 1638 1463 Guillielmi
1657 1434 1689 1463 de
1714 1434 1848 1463 Savinak.

1367 1468 1465 1507 frater
1480 1473 1592 1501 Domini
1605 1473 1636 1502 de
1650 1472 1785 1502 Savinak.

1336 1509 1497 1539 Bernartius
1509 1510 1541 1539 de
1554 1509 1686 1550 Bffanos,

1337 1550 1464 1576 Amatus
1475 1548 1508 1578 de
1524 1548 1648 1588 Gairoffiz
1658 1574 1667 1587 ,

1337 1585 1467 1624 stephan.
1478 1585 1577 1626 frater
1602 1590 1630 1618 V
1631 1591 1729 1618 icecom.
1750 1589 1782 1618 de
1795 1591 1851 1618 Or-

1374 1635 1418 1663 ce,

1337 1664 1505 1743 Κιῖᾂνηιιηάιις
1525 1664 1637 1695 Roberti
1657 1668 1716 1696 Vic.
1746 1668 1851 1696 Tarta-

1386 1713 1438 1732 ien.

1338 1740 1421 1781 Gasto
1433 1739 1532 1780 frater
1553 1746 1663 1773 comitis
1681 1743 1714 1773 de
1742 1746 1851 1773 Arma-

1373 1791 1443 1809 κιαι.

1338 1821 1493 1848 Armeneus
1507 1820 1539 1849 de
1553 1818 1674 1858 Lebret,
1692 1819 1731 1855 &⁶

1338 1860 1514 1888 Fortanerius
1525 1861 1656 1888 Dominus
1670 1859 1704 1888 de
1714 1857 1816 1897 Lesiu,

1338 1898 1452 1926 Domini
1467 1897 1593 1927 Arnala'.
1613 1898 1646 1927 de
1661 1897 1811 1937 Gavaston.

1337 1937 1436 1964 Petrus
1450 1936 1482 1965 de
1493 1935 1627 1966 Greiliaco
1635 1961 1645 1975 ,

1336 1973 1462 2004 Arnald.
1482 1975 1514 2005 de
1528 1977 1668 2014 Geronde,

1337 2013 1482 2081 Reqqmund.
1510 2014 1542 2044 de
1564 2013 1672 2045 Boclon.
1701 2018 1789 2054 Capit.
1817 2015 1850 2045 de

1394 2063 1475 2082 rerm.

1336 2090 1503 2121 Alexander
1516 2092 1547 2121 de
1562 2090 1592 2120 la
1607 2094 1730 2122 Peverea
1738 2116 1748 2130 ‚

1336 2132 1468 2159 Dominus
1482 2132 1637 2168 Bregeriaci
1644 2155 1654 2169 ,

1338 2168 1462 2198 Arnald.
1482 2169 1514 2198 de
1527 2170 1702 2208 Mrmande,

1338 2210 1407 2237 Otto
1422 2208 1454 2237 de
1467 2205 1583 2246 Doftto,

1337 2246 1511 2276 Bertrandux
1524 2247 1556 2275 de
1570 2245 1725 2286 Podensak‚

1337 2287 1451 2314 Pontius
1464 2285 1497 2314 de
1510 2284 1651 2325 castellon.
1670 2284 1709 2321 ό

1337 2325 1451 2360 Egeriur
1466 2327 1561 2362 Mote‚

1336 2361 1503 2391 Gm'llielmus
1516 2365 1643 2399 Segm'nus
1651 2386 1661 2400 ,

1337 2403 1470 2430 Dominus
1484 2401 1516 2430 de
1529 2403 1611 2430 Rions
1620 2426 1630 2439 ‚

1337 2442 1451 2469 Domini
1464 2439 1610 2478 Johannes
1625 2439 1656 2469 de
1672 2439 1771 2470 Sane't'o
1792 2438 1848 2478 Jo-

1891 1166 1939 1193 Ste
1955 1162 2044 1192 hanus
2050 1162 2130 1204 filius
2144 1167 2262 1197 Gauteri

1891 1171 2005 1231 Asinus
2016 1201 2045 1231 la
2061 1203 2185 1243 Zouche,
2268 1190 2279 1206 ³

1890 1243 2007 1278 Rogerus
2019 1239 2048 1269 la
2061 1241 2170 1272 Zouche
2177 1266 2187 1282 ‚

1889 1279 2035 1318 Johannes
2051 1279 2083 1308 de
2098 1283 2215 1321 Rivers‚

1891 1317 2030 1347 Gilbertus
2045 1318 2146 1359 Peme,

1889 1359 2006 1394 Rogerus
2021 1358 2052 1387 de
2067 1358 2256 1399 Mereworth‚

1889 1394 1957 1434 Rosci
1971 1397 2003 1426 de
2014 1395 2151 1426 Burdeille
2158 1420 2168 1436 ‚

1889 1433 2035 1471 Johannes
2047 1435 2080 1464 de
2093 1437 2244 1475 Ferrerie5‚

1889 1472 2020 1502 Robertus
2033 1473 2065 1502 de
2080 1476 2216 1512 Crepping.

1889 1510 2058 1540 Guillielmus
2068 1511 2100 1540 de
2114 1512 2249 1551 Hobregg.

1889 1549 2040 1589 Gaufridus
2052 1550 2084 1579 de
2099 1549 2196 1580 Wlles
2204 1574 2215 1590 ,

1888 1588 2036 1627 Johannes
2048 1587 2174 1630 Columby
2182 1612 2192 1628 ‚

1888 1627 2036 1657 Arnaldus
2049 1629 2198 1666 Reymuna'i
2210 1629 2242 1659 de
2255 1629 2382 1670 Solariis,

1887 1665 2035 1696 Arnaldus
2053 1668 2185 1697 Moneder
2192 1690 2203 1706 ‚

1889 1706 1988 1735 Petrus
2001 1707 2145 1745 Aminini,

1888 1746 2013 1781 Segumus
2028 1745 2060 1774 de
2074 1745 2175 1782 Puteo,

1888 1781 2057 1812 Guillielmux
2070 1782 2102 1812 de
2116 1786 2144 1812 V
2144 1787 2216 1822 igia,

1888 1819 2058 1851 Guillielmus
2071 1821 2103 1850 de
2118 1821 2228 1851 Finibus
2236 1845 2247 1861 ‚

1888 1858 2066 1898 Randulphus
2078 1860 2110 1889 de
2122 1860 2236 1891 Mirallo
2243 1883 2254 1900 ,

1887 1902 2046 1936 Segreronus
2059 1898 2158 1937 Gasch.

1888 1940 2000 1968 Saucius
2013 1938 2046 1967 de
2059 1937 2192 1976 Mirallo,

1888 1978 1999 2006 Unatus
2014 1977 2046 2006 de
2060 1976 2194 2016 Finibus,

1887 2017 1988 2045 Petrus
2007 2016 2039 2045 de
2055 2015 2172 2054 Ladils‚

1887 2055 2026 2084 Menadus
2038 2054 2070 2083 de
2083 2053 2207 2084 Taleron.

1886 2091 2054 2123 Guillielmus
2068 2091 2195 2123 Arnaldi
2210 2092 2242 2123 de
2254 2094 2396 2132 Savinak,

1885 2131 2033 2171 Johannex
2043 2132 2075 2162 de
2089 2130 2166 2161 Villa
2174 2154 2185 2170 ‚

1885 2173 2011 2200 Amatus
2024 2169 2056 2200 de
2071 2170 2197 2200 Savinak
2205 2193 2215 2209 ‚

1887 2207 2045 2276 Pafihlafius
2061 2209 2093 2237 de
2106 2208 2201 2248 Villa,

1887 2251 1974 2277 Arna
1986 2247 2034 2276 dus
2050 2248 2198 2286 Reymundi
2212 2248 2327 2289 Dmdy,

1887 2290 2013 2316 Amatur
2025 2285 2058 2315 de
2073 2289 2203 2324 Μονανε,

1886 2327 2025 2361 Augerius
2037 2322 2115 2365 filius
2136 2328 2254 2362 Augerii
2275 2325 2312 2355 de.
2321 2327 2398 2355 Gua-

1924 2369 2005 2392 retto.

1887 2403 2032 2431 Martinus
2046 2401 2078 2431 de
2091 2403 2192 2431 Sanczo
2205 2400 2357 2441 Johasme,

1886 2439 2055 2481 Reymundux
2082 2439 2208 2470 Arnaldi
2227 2441 2259 2470 de
2282 2439 2398 2482 Mayson

1335 2478 1482 2556 JOJZZZ}
1497 2517 1529 2547 de
1543 2515 1604 2556 Vcfl
1627 2540 1637 2556 ,
1888 2489 2036 2548 Arqzz’lfdin
2049 2516 2198 2548 Guillielmi
2211 2518 2242 2548 de
2261 2516 2396 2559 Baledby-

1334 2559 1405 2586 Otto
1417 2556 1449 2585 de
1461 2528 1638 2596 Grandtffojno
1646 2579 1656 2595 ‚
1918 2555 1952 2595 fi'

1888 2580 2047 2625 Bern'ardus
2063 2595 2095 2625 de
2113 2598 2222 2634 Auces,

1335 2597 1380 2624 W
1379 2593 1501 2624 illielmus
1515 2594 1540 2625 le
1555 2598 1701 2633 Lafimer,
1989 2634 2021 2663 de
2034 2636 2062 2663 L

1886 2637 1977 2663 Simon
2063 2641 2147 2663 ecrote
2153 2657 2164 2672 ‚

1335 2635 1416 2670 Hugo
1430 2634 1462 2662 de
1477 2632 1620 2672 Andelee,

1335 2674 1405 2700 Otto
1416 2671 1448 2700 de
1461 2672 1558 2712 Tuscy,
1886 2675 2014 2708 Seguinus
2026 2673 2058 2701 de
2072 2673 2275 2712 Mantua-gna,

1336 2709 1483 2748 Johannes
1496 2712 1530 2740 de
1541 2708 1662 2739 Genvill.
1885 2709 2031 2747 Johannes
2044 2710 2075 2738 de
2088 2710 2222 2749 Luhard,

1336 2751 1475 2777 Forrerius
1489 2750 1522 2778 de
1534 2747 1655 2777 Vernolio
1662 2769 1672 2785 ,
1692 2744 1731 2781 ό
1884 2747 2052 2788 Reymundus
2079 2747 2208 2778 Arnaldi
2232 2748 2265 2778 de
2285 2750 2372 2779 Puteo
2385 2751 2398 2788 ‚'

1335 2787 1355 2806 ²*
1376 2788 1473 2815 Petrus
1486 2788 1518 2816 de
1531 2785 1657 2825 Pleffiato
1923 2783 1961 2819 &-

1335 2823 1505 2855 Guillielmus
1520 2824 1552 2854 de
1566 2808 1715 2854 Meduffon.
1734 2821 1773 2859 ό*
1885 2824 2051 2864 Reymundus
2056 2822 2103 2866 fil.
2122 2825 2255 2855 Guirardi
2271 2825 2304 2855 de
2316 2828 2396 2856 Rim-

1333 2863 1483 2894 Sabrianus
1493 2864 1526 2894 de
1541 2861 1728 2903 Folcanquerio
1737 2885 1747 2901 ,
1923 2861 1989 2892 bers.

1370 2940 1443 2972 Hoc
1456 2949 1552 2971 namen
1564 2939 1693 2971 demeto
1705 2940 1740 2971 &
1755 2938 1880 2970 extraeto
2031 2939 2106 2979 uod,
2123 2940 2190 2972 licet
2203 2940 2294 2971 dietus
2314 2941 2397 2972 Prin-

1334 2989 1401 3018 ΟΨ
1413 2978 2010 3048 ῐὲὲῗίῗῗῖἒίἱίῑεῖἓέὶὲγξὲάἕξέωεῃᾶῑυ
2032 2979 2161 3049 giiii&
2182 2979 2331 3049 ΜᾸἮΞΞ
2340 2981 2397 3049 13³¹

1332 3019 1476 3095 lsiiginisii²
1493 3065 1553 3086 non
1573 3064 1668 3087 tamen
1684 3026 1804 3094 propte?
1819 3026 2066 3087 hocaietinfflnliur
2085 3041 2158 3088 Ob'si
2179 3067 2207 3087 es
2228 3029 2396 3096 RegispAn‘-²

1332 3096 1395 3136 gliae
1417 3094 1587 3134 supradicti,
1616 3095 1672 3125 aliis
1692 3103 1789 3125 tamen
1812 3094 2062 3126 Conventionibus
2083 3096 2117 3126 &
2139 3095 2371 3133 promissionibus
2384 3119 2396 3135 ‚

1332 3142 1448 3173 propter
1469 3143 1535 3172 quas
1552 3133 1621 3164 diffi
1645 3133 1766 3163 Obsides
1778 3133 1839 3163 sunt
1855 3134 1953 3172 positi,
1971 3133 2146 3171 adimpletis;
2165 3134 2220 3172 set,
2237 3133 2396 3172 adimpletis

1333 3173 1395 3211 ipsis
1409 3172 1466 3203 aliis
1478 3171 1707 3211 conditionibus,
1724 3172 1811 3202 libere
1823 3173 1856 3202 &
1869 3172 1996 3202 absolute
2009 3171 2078 3203 dieti
2101 3171 2222 3202 Obsides
2242 3172 2395 3203 liberentur

1332 3214 1366 3243 &
1379 3211 1556 3242 restituantur
1570 3211 1645 3240 Reoi
1659 3210 1769 3250 Angliae
1782 3211 1957 3250 supradieto,
1971 3210 2040 3242 ficut
2053 3212 2082 3241 in
2096 3209 2293 3248 praedictarum
2308 3210 2394 3243 Con-

1332 3252 1501 3282 ventionum
1516 3235 1652 3288 Capitulis
1665 3251 1835 3281 continetur.

1918 3325 2010 3368 Tylis»,
2028 3324 2067 3362 ὅθ’

1881 3367 1926 3395 Ga
1922 3366 2036 3406 ylardus
2049 3365 2081 3395 de
2096 3367 2226 3405 Baraza,

1880 3403 1964 3435 Item.
1984 3407 2039 3434 Pro
2057 3403 2174 3444 Gastone
2188 3405 2220 3434 de
2240 3405 2392 3434 Armenia-

1880 3454 1964 3511 Pei‘ii't
1977 3481 2010 3511 de
2023 3479 2184 3520 Creylliaco‚

1880 3524 1988 3550 Amata
2011 3519 2043 3548 de
2056 3519 2198 3558 Savinak,
2215 3516 2255 3553 ό·

1882 3561 1966 3588 Petro
1978 3560 2120 3587 Amanini
2126 3580 2135 3594 ,
2152 3555 2335 3596 suprascriptis
2343 3577 2354 3594 ,

1920 3596 2069 3635 Subrogati
2079 3595 2141 3625 sunt
2148 3618 2158 3633 ‚

1882 3633 2022 3665 Walterus
2034 3634 2066 3664 de
2079 3632 2157 3662 Bello
2171 3636 2286 3670 Campo,

1880 3673 2046 3711 Jakeminus
2061 3672 2093 3701 de
2108 3670 2137 3700 la
2149 3670 2285 3707 Planche,

1879 3714 1984 3749 Egerus
1998 3709 2124 3748 Roberfi,
2142 3707 2180 3743 ό·

1879 3749 2025 3789 Johannes
2039 3749 2072 3778 de
2085 3750 2195 3787 Geyton.

1920 3787 2004 3818 Item.
2022 3789 2078 3816 Pro

1883 3829 1980 3855 Otton.
2000 3823 2032 3854 de
2044 3821 2138 3862 Tufiy,

1884 3865 2004 3893 Forrerio
2017 3861 2048 3890 de
2060 3857 2204 3899 Bernolm,

1882 3901 2016 3940 Johanne
2031 3899 2062 3928 de
2077 3897 2183 3927 Gemul.
2201 3896 2241 3933 &-

1882 3942 1964 3969 Petro
1978 3938 2010 3966 de
2033 3935 2174 3979 Pleffiato,
2193 3937 2393 3978 suprascriptis,⁴

1919 3976 2070 4015 Subrogati
2083 3975 2144 4006 sunt
2150 3997 2161 4014 ,
2331 4015 2360 4054 J

2358 4025 2392 4044 a-

1331 3328 1370 3359 Et
1385 3327 1426 3358 est
1438 3325 1583 3358 sciendum
1600 3326 1695 3365 quod,
1714 3337 1766 3365 pro

1333 3364 1466 3397 Galielmo
1479 3364 1606 3395 Arnaldi
1617 3366 1649 3395 de
1665 3369 1795 3396 Moretin.

1332 3404 1485 3445 Reymundo
1500 3403 1627 3433 Arnaldi
1639 3404 1671 3434 de
1685 3407 1808 3445 Domyn‚

1332 3448 1440 3474 Amata
1455 3443 1486 3472 de
1498 3442 1638 3482 Garioffi1‚

1331 3481 1474 3512 Bernardo
1486 3483 1666 3518 Primogenito
1680 3484 1797 3512 Domino
1810 3483 1843 3513 de

1332 3521 1518 3590 Binaj‘rqdo’de
1532 3557 1646 3597 Bifiznos
1654 3581 1664 3596 2

1332 3597 1470 3670 Stephag
1474 3595 1573 3636 fratre
1585 3599 1613 3626 V
1613 3600 1713 3626 icecom.
1734 3598 1767 3628 de
1787 3601 1844 3628 Or-

1370 3644 1399 3665 te

1331 3659 1476 3704 Bern'ardo
1490 3673 1523 3702 de
1547 3675 1646 3702 Sana‘zo
1666 3677 1730 3703 Vico
1750 3674 1843 3712 supra—

1370 3712 1493 3749 scriptis,
1511 3711 1661 3750 Subrogati
1675 3713 1754 3751 sunt,

1333 3749 1460 3782 Arnald.
1480 3750 1513 3779 de
1527 3751 1693 3789 Daudoynt,

1334 3787 1458 3866 Aigajte'l.
1479 3788 1581 3828 Daster
1602 3789 1654 3819 Fil.
1675 3792 1703 3819 V
1704 3792 1843 3819 icecomitis

1403 3839 1420 3855 a
1445 3838 1474 3856 er

1331 3865 1457 3897 Arnald.
1476 3850 1628 3904 Randolphi
1643 3867 1675 3895 de
1697 3869 1828 3906 Muneyn,

1331 3903 1457 3934 Arnald.
1470 3903 1518 3944 fil.
1537 3906 1648 3934 Domini
1665 3905 1698 3934 de
1711 3904 1828 3942 Jazas,

1331 3943 1489 3972 Bernardus
1501 3943 1533 3972 de
1547 3945 1624 3980 Begz
1640 3945 1698 3983 Puy
1706 3965 1716 3980 ,

1329 3980 1456 4015 Lelantus
1476 3982 1508 4012 de
1527 3980 1600 4023 Tylio
1613 3980 1662 4022 fil.
1682 3983 1793 4012 Domini
1811 3976 1844 4009 de

2422 166 2560 206 Ann.D.*

2451 211 2535 241 1288.
2556 246 2559 247 .

2421 251 2488 278 Edv.
2511 261 2535 280 1.
2557 264 2559 266 ·

2414 2808 2547 2847 *II-379.
