2570 4261
13 209 87 249 Arm.
100 210 140 242 D.

33 252 117 290 1278.

15 293 83 321 Ξάν.
100 299 109 317 1
117 310 124 317 .

43 1030 118 1058 ¹¹11.

32 1069 113 1098 1068.

31 1219 107 1256 Ann.
121 1218 166 1250 D.

53 1259 138 1298 1278.

32 1305 86 1330 An.
103 1304 129 1325 ὁ.

34 1344 66 1368 ΣΕ.
90 1347 112 1367 ι.

36 1382 76 1406 Ex
90 1379 149 1403 Au-

34 1423 100 1453 cogn

114 3208 200 3246 1267.

88 3252 141 3276 An.
153 3257 180 3281 7·

88 3291 119 3315 E.
142 3297 164 3312 ι.

89 3329 130 3353 ,εκ
137 3327 198 3350 Au-

92 3370 157 3399 ‘ogr-

139 3748 160 3771 ’ἵ
175 3752 216 3779 ΙΙ.

131 3791 212 3826 ¹069.

852 131 894 174 O
1003 133 1050 173 M
1159 134 1178 174 I

161 213 417 257 caeterisbamicitiis
437 235 447 252 ,
478 213 628 252 specialiter
650 211 683 244 ὅ(
701 214 801 247 intime
821 217 986 249 confidimus
1004 242 1014 258 ,
1046 218 1225 250 nullomodo

158 260 300 282 omittatis.

201 290 441 328 verumptamen,
456 291 518 328 quia
532 290 568 321 de
584 293 693 324 extenta
707 293 751 324 seu
767 295 966 331 appretiatione
981 303 1111 326 terrarum
1125 295 1224 335 praedi-

164 328 205 358 &i
225 328 401 366 Domicelli,
419 329 464 359 seu
479 339 595 368 earum,
613 342 676 368 quae
689 332 774 362 distr:
790 333 852 363 filiae
870 332 988 370 nostrae,
1003 335 1117 363 nomine
1134 334 1227 371 dotis,

165 366 298 403 affignari
315 367 432 404 debent,
450 374 479 397 ut
493 370 645 407 convenit,
666 370 733 400 sicut
749 370 835 400 nostis
853 372 997 409 (quamvis
1014 372 1089 409 {uper
1106 372 1162 402 hoc
1180 382 1228 409 per

164 404 329 435 Dominum
343 405 503 447 Jacobum,
522 405 635 437 fratrem
655 408 794 445 vestrum,
814 409 1022 447 &johannem
1040 411 1075 440 de
1097 410 1228 448 Mounz,

165 444 234 474 sicut
251 454 303 473 nos
322 444 464 474 mandalle
481 446 661 476 meminimus
675 469 684 484 ,
718 449 876 477 certioratos
902 446 981 477 fuisse
1007 449 1225 486 crediderimus)

162 482 252 512 nichil
270 490 380 512 certum
400 482 531 512 hallenus
548 485 718 521 accepimus.

202 519 401 550 Dilefflonem
418 521 538 551 vestram
556 522 752 561 aggredimur,
772 531 912 553 exorantes
930 524 1004 562 quod
1022 524 1058 555 de
1071 524 1230 562 hujusmodi

161 557 276 589 'extenta
293 558 327 588 &
346 559 543 596 appretiatione
560 567 692 589 terrarum
713 562 930 599 priedic‘tirum,
947 563 1022 600 juxta
1044 563 1161 593 vestram
1176 564 1232 593 dis-

165 596 344 635 cretionem,
361 597 510 634 diligenter
527 598 627 634 inquiri
653 598 774 637 facietis,
794 608 874 636 prout
897 601 959 630 alias
985 602 1073 631 extitit
1093 602 1233 639 praelocu-

170 643 252 678 tum-3
273 635 311 665 ita
333 636 410 673 quod
423 645 474 665 nos
489 637 519 665 in
535 634 631 665 vestro*
648 636 767 668 adventu
787 638 851 668 inde
873 638 987 669 reddere
1008 639 1111 677 possitis
1127 640 1234 678 plenius

168 682 310 704 certiores.

207 710 376 749 Huiusmodi
393 720 484 742 autem
503 712 727 743 incertitudinem
748 714 829 749 longe
853 716 1032 752 aequanimius
1057 715 1236 753 sustinemus,

168 757 206 782 'eo
224 750 300 788 quod
322 759 511 780 memoratum
530 750 643 787 Regem
660 752 693 782 ὃς
717 751 875 782 Conlilium
892 753 972 783 suum
990 754 1065 784 bona
1094 754 1148 784 fide
1170 764 1236 790 erga

169 799 222 820 nos
240 791 268 818 in
286 789 338 818 hac
356 797 431 825 parte
449 787 536 826 egiffe
553 789 718 830 credimus,
744 791 811 821 sicut
833 791 930 829 noiipli
953 793 985 822 in
1001 792 1132 824 omnibus
1148 792 1235 823 fidem

172 827 303 859 volumus
314 826 469 857 observare.

209 903 278 934 Dat.
295 902 368 941 apud
384 903 513 935 Westm.
532 904 558 936 8.
576 903 623 935 die
640 904 834 945 Novembris,
851 916 926 937 anno
947 905 1043 944 Regni
1058 907 1142 938 nostri
1155 906 1239 938 sexto.

176 1028 198 1048 ²*
222 1031 329 1062 Litera
339 1028 430 1074 fhper
441 1028 575 1061 Vifforia
588 1031 673 1074 Regis
691 1031 893 1062 Romanorum
905 1058 913 1073 ,
926 1034 940 1072 <
952 1032 1094 1065 ottocaro
1105 1031 1242 1065 Bohemo-

221 1089 293 1111 rum
314 1079 388 1124 Rege
409 1078 554 1122 inpugna
572 1078 656 1121 caesb)
681 1079 716 1114 eti·
729 1077 819 1122 fiaeper
845 1080 969 1125 Negotia
991 1083 1088 1113 Ducis
1108 1079 1242 1115 Braban-

227 1131 290 1169 tiae,
316 1137 352 1159 ac
368 1124 404 1158 de
420 1128 625 1158 Matrimonia
643 1125 789 1158 amedic'to
809 1128 1048 1172 confhmmando.

231 1210 387 1249 Dwardus‚
405 1210 463 1240 Dei
481 1211 581 1247 gratia,
599 1209 663 1239 Rex
681 1209 793 1246 Angliae
807 1233 816 1249 ‚
839 1211 984 1243 Dominus
1017 1213 1164 1244 Hiberniae
1177 1237 1187 1252 ,
1213 1215 1247 1246 Sc

184 1221 230 1282 E
250 1250 317 1280 Dux
333 1250 506 1287 Aquitaniae,
524 1248 673 1278 venerabili
691 1249 719 1290 in
738 1248 853 1280 Christo
872 1250 943 1281 Patri
962 1251 1003 1281 G.
1020 1252 1117 1282 eadem
1137 1255 1223 1290 gratia
1236 1277 1246 1292 ‚

184 1289 310 1321 Verdun.
328 1287 487 1326 Episcopo,
505 1286 617 1316 salutem
634 1287 667 1317 ὃς
685 1288 800 1318 hncerae
816 1288 974 1320 dileetionis
991 1289 1098 1328 semper
1112 1302 1246 1331 augmen-

185 1338 255 1360 tum.
722 1363 727 1368 ⁶

226 1366 268 1397 Ex
287 1364 420 1402 vietoria,
438 1373 522 1401 quam
540 1361 635 1392 illustri
652 1361 729 1399 Regi
748 1362 948 1395 Romanorum
967 1365 1004 1396 de
1021 1365 1072 1396 suis
1088 1366 1252 1397 adversanti-

187 1406 257 1442 bus,
274 1411 357 1441 prout
373 1402 523 1432 litterarum
543 1400 711 1440 vestrarum,
729 1403 808 1432 nobis
826 1403 1010 1442 directarum,
1028 1414 1106 1435 tenor
1126 1406 1253 1444 edocuit,

189 1453 286 1474 manus
299 1439 419 1471 altiffimi
437 1440 569 1470 divinitus
585 1438 626 1470 est
642 1439 756 1479 largita,
770 1441 852 1471 nobis
868 1452 943 1473 nova
960 1443 1090 1481 quiedam
1109 1446 1198 1475 crevit
1207 1446 1255 1482 jo-

189 1480 338 1513 cunditatis
354 1480 483 1516 materia,

230 1519 281 1557 Et,
300 1517 503 1548 considerantes
527 1515 603 1554 quod
628 1516 808 1554 nosmetipsos
824 1540 833 1556 ,
858 1518 1029 1559 sicutieum,
1052 1521 1080 1550 in
1099 1520 1256 1559 hujusmodi

191 1558 353 1595 triumpho,
372 1566 457 1594 quem
475 1557 674 1592 omnipotentis
691 1557 792 1593 virtus,
810 1558 900 1594 potitis
918 1559 1000 1596 quam
1019 1559 1140 1590 hominis
1158 1569 1256 1596 opera-

195 1606 223 1628 ta
240 1596 296 1634 est,
315 1595 457 1625 Dominus
473 1594 578 1624 vilitare
594 1593 776 1632 dignabatur,
788 1594 957 1627 laudavimus
980 1597 1140 1628 alriffimum
1161 1598 1194 1628 &
1213 1607 1259 1628 re-

195 1634 354 1672 demptori,
373 1641 471 1672 quanta
490 1633 648 1670 potuimus,
665 1632 808 1663 retulimus
826 1643 938 1665 munera
957 1637 1114 1672 gratiarum.

235 1672 381 1703 Caeterum
399 1672 476 1709 super
493 1682 528 1701 eo
547 1670 625 1708 qubd
646 1671 728 1700 nobis
752 1670 788 1701 de
810 1671 958 1703 scribendo
982 1675 1098 1711 praefato
1121 1674 1197 1712 Regi
1224 1674 1260 1705 de

195 1710 357 1751 hujusmodi
373 1711 502 1740 vietoriae
518 1708 628 1747 laetitia,
644 1719 728 1747 quam
747 1711 843 1740 animo
863 1712 1042 1752 gerebamus,
1058 1713 1146 1744 vestra
1163 1713 1262 1744 consu-

197 1751 246 1781 luit
265 1749 412 1779 Paternitas
434 1747 599 1785 reverenda,

233 1787 312 1818 Scire
328 1797 378 1818 vos
393 1785 522 1818 volumus
536 1784 611 1824 quod
627 1795 675 1824 per
682 1785 846 1817 Dominum
861 1787 984 1819 vestrum
1001 1789 1262 1829 Nuncium(quem

197 1835 251 1865 pro
269 1824 430 1864 quibusdam
447 1826 568 1861 negotiis
584 1824 845 1862 specialibus‚super
863 1828 961 1864 quibus
979 1838 1029 1858 vos
1040 1828 1191 1860 certificare
1207 1839 1263 1860 vo-

198 1865 377 1902 lebamus‚&
394 1873 458 1903 quse
474 1865 547 1894 vivae
565 1864 644 1906 vocis
660 1862 760 1893 officio
778 1864 860 1894 vobis
877 1866 906 1895 in
924 1865 1018 1896 vestro
1033 1867 1151 1898 adventu
1164 1867 1198 1897 ad
1214 1877 1264 1897 nos

199 1903 308 1943 plenius
324 1902 491 1941 referemus,
508 1902 658 1932 nobiscum
676 1902 853 1940 tenebamus)
876 1902 946 1934 adeo
963 1904 998 1934 de
1016 1906 1132 1936 vistoria
1151 1905 1197 1936 illa
1218 1914 1262 1936 to-

200 1945 253 1974 tius
284 1941 361 1980 opuli
373 1941 480 1971 clamor
491 1941 526 1971 &
539 1950 637 1970 rumor
648 1941 862 1979 invaluit,quod
874 1942 989 1973 tandem
1001 1944 1187 1974 necessarium
1203 1954 1262 1974 non

200 1953 357 2014 cesisiiimus
369 1979 464 2010 eidem
478 1978 544 2009 inde
556 1978 616 2009 fore
630 1978 847 2009 rescribendum.

239 2019 402 2056 Negotium
419 2016 569 2056 siquidem,
589 2017 665 2055 quod
682 2016 799 2048 Ducem
816 2017 984 2058 Brabantiae,
998 2028 1080 2058 prout
1099 2020 1171 2051 scitis
1177 2031 1268 2059 ‚con-

203 2059 348 2097 tingebat,
364 2058 396 2088 &
414 2056 491 2094 super
506 2066 562 2094 quo
578 2056 658 2086 nobis
672 2055 845 2093 significastis
864 2057 986 2088 vestrum
1007 2059 1155 2089 consilium
1170 2060 1204 2090 &
1218 2066 1270 2089 vo-

204 2097 354 2128 luntatem·
376 2106 480 2133 nuper,
494 2104 562 2125 cum
579 2095 609 2124 in
627 2094 719 2125 nostra
738 2095 880 2132 praesentia
897 2096 997 2135 fuerat,
1010 2097 1184 2128 tractavimus
1202 2108 1270 2128 cum

203 2135 328 2172 eodem,
344 2119 377 2165 ὲ(
395 2135 481 2164 taliter
500 2133 567 2163 illud
585 2133 730 2163 traetando
747 2133 912 2164 deduximus
924 2157 935 2173 ,
956 2135 991 2166 &
1009 2136 1178 2166 deducendo
1201 2146 1272 2174 prae-

205 2175 295 2205 locuti
310 2174 464 2210 sacramus,
481 2171 576 2210 quod,
589 2182 658 2202 cum
677 2172 744 2202 inde
762 2173 843 2202 vobis
859 2182 893 2202 ex
912 2173 1045 2204 relatione
1062 2174 1154 2205 nostra
1168 2174 1273 2205 consti-

205 2213 286 2250 terit,
301 2211 360 2242 satis
374 2213 499 2242 contenti
511 2212 586 2241 eritis
600 2210 737 2240 Domino
756 2211 949 2250 concedente,

245 2250 323 2288 Quia
337 2258 404 2279 tunc
421 2249 511 2287 aliqua
529 2249 593 2278 inde
608 2249 690 2279 vobis
702 2257 890 2290 exmnemus,
916 2259 980 2288 quae
995 2250 1116 2282 Nuncio
1133 2251 1178 2282 vel
1189 2250 1274 2289 scrip-

207 2295 278 2321 turae
297 2288 417 2318 minime
434 2288 676 2317 committeremus
690 2286 724 2317 ad
743 2290 865 2323 pudens.

249 2326 339 2357 Porro
359 2325 479 2357 vestram
496 2324 708 2363 paternitatem,
727 2325 763 2355 de
781 2336 833 2363 qua
850 2325 1002 2364 specialiter
1027 2327 1213 2366 confidimus,
1238 2327 1278 2358 af-

210 2365 353 2402 feffione,
368 2375 421 2403 qua
436 2364 765 2402 potiumus‚requirimus
782 2365 815 2394 &
834 2374 983 2403 rogamus,
1011 2368 1116 2396 uatinus
1130 2368 1278 2404 negotium

213 2402 397 2436 Matrimonii
434 2401 511 2440 quod
528 2403 597 2431 inter
615 2401 756 2432 Nobilem
779 2402 971 2433 Domicellum
992 2376 1201 2435 {darmannum
1219 2405 1280 2434 illu-

213 2443 274 2474 stris
293 2441 382 2479 Regis
400 2425 601 2471 Romanorum
618 2439 726 2478 filiurn,
743 2439 777 2469 δε
790 2440 948 2478 johannam
964 2441 1051 2473 filiam
1071 2442 1213 2481 nostram,
1229 2453 1278 2481 per

213 2491 267 2513 vos
280 2503 290 2520 ,
315 2480 388 2518 quali
405 2480 441 2510 ab
465 2480 563 2517 initio,
582 2478 669 2509 fuerat
687 2478 873 2515 praelocutum
887 2502 897 2518 ,
928 2480 1016 2510 taliter
1041 2479 1156 2511 effe&ui
1181 2483 1279 2512 votivo

215 2519 372 2563 mancipari
390 2518 559 2556 procuretis,
577 2517 652 2555 quod
671 2517 699 2546 id
717 2516 750 2546 ad
769 2516 895 2547 nostrum
910 2540 919 2555 ,
935 2518 968 2547 ἃ
986 2518 1109 2549 vestrum
1128 2519 1285 2558 honorem,

215 2557 391 2597 atquerplius
405 2555 560 2586 Domicelli
567 2579 578 2594 ,
593 2565 678 2593 quem
691 2554 783 2596 dietus
798 2554 861 2585 Rex
874 2555 951 2586 Pater
964 2557 1080 2595 fiiuS,ad
1098 2557 1175 2588 idem
1192 2567 1283 2595 nego-

216 2598 289 2628 tium
306 2594 580 2633 consummandum,
593 2593 627 2624 ad
639 2602 691 2623 nos
703 2594 857 2624 transmittit
871 2595 922 2624 hiis
941 2594 1053 2634 diebus,
1072 2595 1160 2626 valeat
1180 2597 1209 2626 in
1232 2606 1285 2634 po-

219 2634 325 2666 sterum
342 2633 512 2671 redundare,

255 2672 293 2704 Et
311 2682 433 2710 ea,quae
446 2673 476 2701 in
491 2671 549 2701 aliis
561 2671 655 2701 litteris
669 2669 857 2708 nost1i3‚quas
873 2671 956 2701 vobis
971 2671 1289 2712 transmittimusffluan-

220 2718 282 2742 rum
301 2712 330 2740 in
348 2711 430 2740 vobis
444 2709 485 2740 est
500 2733 509 2747 ,
531 2709 616 2739 taliter
634 2709 761 2746 expleatis
774 2731 784 2746 ,
811 2709 888 2746 quod
906 2710 986 2748 inde,
1004 2711 1034 2740 in
1054 2711 1172 2741 adventu
1195 2711 1289 2742 vestro

221 2745 377 2789 praedieto,
391 2759 475 2787 quem
493 2747 626 2778 festinetis
644 2747 736 2777 modis
749 2748 882 2778 omnibus
888 2770 898 2787 ,
916 2757 945 2778 ut
963 2757 1108 2788 rogamus,
1122 2749 1157 2779 ad
1175 2750 1289 2787 plenum

221 2799 274 2819 nos
293 2787 396 2826 poffitis
412 2787 528 2817 reddere
547 2787 693 2824 certiores,
711 2795 762 2828 pro
780 2796 837 2823 quo
854 2788 937 2817 etiam
954 2787 1052 2826 vobis,
1079 2797 1183 2826 quanto
1210 2788 1292 2819 artius

222 2827 384 2865 poffiunus,
397 2825 513 2863 astringi
528 2825 657 2855 volumus
669 2825 699 2854 in
713 2828 846 2855 futurum.

264 2902 333 2933 Dat.
348 2902 421 2940 apud
435 2901 565 2933 XVestm.
579 2902 605 2933 8.
618 2901 664 2932 die
680 2900 876 2939 Novembris,
887 2911 963 2932 anno
975 2902 1067 2942 Regni
1083 2902 1172 2933 nostri
1185 2902 1270 2934 sexto.

231 3030 342 3061 Litera
365 3030 512 3073 Principis
532 3027 718 3060 Salernitani
734 3053 743 3068 ,
773 3038 834 3073 qna
860 3026 1014 3060 intercedit
1032 3038 1088 3074 pro
1108 3028 1245 3078 Guydone
1261 3027 1298 3062 de

685 3076 850 3120 montfort.

180 3161 182 3163 ’
211 3191 218 3198 ,
314 3163 390 3194 Tres
403 3160 468 3192 haut
484 3160 603 3198 Prince,
624 3159 674 3189 son
686 3167 739 3190 tres
759 3160 850 3200 chier,
863 3162 898 3193 &
917 3170 969 3193 tres
985 3163 1060 3194 Ame
1075 3162 1199 3201 Cousm,
1221 3160 1300 3192 Mon

315 3201 454 3238 Seigneur
470 3199 614 3236 Edovart,
631 3208 680 3236 par
696 3198 722 3228 la
737 3207 819 3238 grace
835 3200 872 3230 de
889 3201 964 3232 Dieu
979 3224 989 3240 ,
1013 3200 1072 3231 Roi
1095 3201 1298 3241 d'Engleterre,

234 3238 303 3270 Duc
319 3240 508 3277 d'Aquitenne
520 3238 552 3269 &
567 3237 701 3276 Seigneur
715 3236 867 3277 d'r'rland,
889 3239 1003 3270 Charles
1022 3240 1104 3270 ainne
1124 3239 1181 3270 fiuz
1202 3239 1226 3269 le
1241 3239 1299 3269 Roi

236 3276 273 3306 de
302 3278 394 3308 erusal.
410 3278 443 3307 &
460 3277 497 3306 de
514 3275 621 3313 Sezile,
635 3272 736 3305 Prince
748 3275 784 3305 de
800 3276 926 3315 Salerne,
936 3279 969 3309 δε
984 3278 1117 3317 Seigneur
1137 3278 1173 3308 de
1195 3277 1299 3308 l'oneur

235 3314 274 3384 du
329 3324 380 3346 ont
393 3314 473 3346 Seint
492 3315 594 3352 Ange,
611 3313 700 3350 muz,
714 3313 747 3343 δε
763 3314 874 3345 volente
888 3317 1015 3354 apareilie
1031 3322 1068 3347 de
1083 3316 1149 3348 faire
1163 3316 1214 3346 son
1231 3316 1301 3354 plai-

250 3363 282 3383 rr.

273 3392 354 3431 Sire,
369 3394 395 3430 je
409 3400 492 3423 emen
509 3401 563 3429 que
579 3389 702 3420 Miffires
717 3388 778 3420 Gui
793 3389 831 3421 de
846 3390 994 3425 Montfort
1013 3404 1030 3425 a
1049 3402 1129 3424 mour
1141 3401 1219 3432 grant
1232 3392 1301 3423 defir

237 3429 339 3460 d'estre
359 3430 529 3460 reconciliez
547 3440 562 3460 a
580 3438 666 3466 vous,
683 3427 716 3458 ὃ(
735 3428 771 3458 de
789 3431 868 3459 avoir
888 3432 982 3462 vostre
1000 3441 1097 3472 grace,
1117 3433 1150 3462 &
1172 3431 1271 3462 d'estre
1286 3442 1302 3463 a

240 3468 332 3499 vostre
343 3467 449 3498 service
460 3468 506 3498 :&
524 3467 579 3497 m’a
594 3466 642 3497 fait
658 3474 736 3507 mout
751 3468 826 3509 prier
840 3478 893 3506 que
909 3471 934 3507 je
949 3480 1018 3501 vous
1035 3470 1131 3510 priaffe
1145 3470 1181 3500 de
1194 3470 1300 3509 li;car‚

240 3513 312 3546 pour
325 3508 405 3537 avoir
421 3505 513 3537 vostre
527 3506 602 3543 pais,
617 3506 636 3534 il
649 3503 722 3536 offro
735 3515 751 3534 a
768 3507 833 3536 taire
848 3516 883 3537 ce
897 3518 952 3545 que
967 3519 1037 3540 vous
1054 3509 1168 3547 plairoir.

276 3544 315 3576 Et
325 3545 355 3584 ja
366 3544 417 3575 soit
429 3554 463 3574 ce
478 3553 532 3582 que
542 3543 571 3581 je
586 3543 627 3573 aie
640 3553 747 3574 aucune
762 3544 829 3582 pitie
843 3544 880 3575 de
893 3545 931 3585 li,
943 3547 976 3577 &
989 3557 1058 3585 pour
1071 3558 1105 3578 ce
1122 3557 1175 3584 que
1188 3546 1224 3577 de
1239 3557 1304 3577 vos·-

242 3590 284 3615 n'e
299 3584 407 3622 lignage
422 3582 563 3620 est,toute
578 3583 656 3612 voies
673 3593 742 3613 vous
758 3583 857 3614 mestes
870 3583 889 3614 si
902 3594 979 3623 pres,
996 3587 1028 3616 &
1045 3586 1164 3616 Couiins
1174 3586 1207 3616 &
1222 3585 1305 3616 Amis

245 3633 301 3662 que
308 3632 338 3660 je
353 3632 389 3652 ne
404 3621 557 3659 voudroie,
570 3619 629 3650 fors
644 3630 678 3651 ce
688 3631 728 3659 qe
743 3631 812 3652 vous
823 3632 860 3652 en
870 3622 978 3661 plairoit
990 3625 1026 3655 &
1041 3624 1134 3655 vostre
1148 3624 1255 3654 honeur
1266 3623 1306 3654 se-

243 3668 298 3692 tort
309 3671 314 3677 ¹

285 3684 350 3730 Mes
370 3697 396 3728 se
411 3697 507 3729 vostre
521 3697 627 3728 honeur
640 3698 649 3727 i
664 3696 722 3736 est,
734 3698 768 3728 &
783 3698 876 3729 vostre
898 3699 1011 3732 volente
1026 3723 1036 3739 ,
1054 3701 1083 3739 je
1102 3710 1173 3731 vous
1194 3702 1238 3739 pri
1254 3711 1307 3739 que

247 3747 318 3771 vous
329 3737 433 3768 volliez
451 3735 470 3756 ¹*
488 3737 569 3766 avoir
587 3737 673 3766 merci
692 3736 728 3766 de
743 3736 814 3774 1υεί,
831 3737 865 3767 &
881 3737 997 3769 rendere
1014 3739 1034 3769 li
1053 3739 1145 3770 vostre
1163 3749 1254 3776 grace.

283 3775 339 3816 Et,
355 3775 382 3806 se
399 3785 470 3806 vous
487 3774 589 3805 voulez
606 3784 659 3812 que
675 3773 694 3804 il
711 3773 773 3804 face
791 3776 869 3813 rien,
884 3775 904 3806 fi
918 3775 944 3806 le
961 3781 1099 3816 mandez,
1116 3778 1150 3808 &
1168 3778 1197 3816 je
1212 3778 1238 3808 le
1250 3778 1310 3808 dire

249 3815 386 3853 ceus,qui
399 3813 435 3844 de
449 3823 484 3844 ce
499 3822 546 3842 me
560 3820 706 3850 requerent
718 3812 755 3842 de
771 3821 828 3849 part
844 3812 890 3843 lui.

289 3851 320 3882 Si
332 3862 403 3883 vous
416 3853 476 3890 pri,
492 3851 567 3889 Sire,
582 3861 635 3892 que
647 3850 690 3881 fiir
706 3860 741 3880 ee
755 3860 823 3881 vous
835 3860 883 3882 me
900 3849 1016 3883 senefia
1027 3853 1121 3885 vostre
1135 3854 1246 3886 volente
1259 3863 1309 3893 par

251 3889 279 3920 le
333 3899 418 3921 rterur
430 3891 465 3921 de
480 3900 525 3920 ces
538 3892 670 3927 premnt&
683 3889 783 3919 lettres.

325 3928 412 3960 ostres
425 3928 497 3960 Sires
509 3937 577 3959 vous
593 3935 663 3965 gart.

289 4000 380 4036 Escrit
395 4014 414 4037 a
427 4004 518 4045 Paris,
534 4005 560 4038 le
572 4004 650 4036 lundi
664 4014 740 4044 apres
754 4003 780 4036 la
791 4002 910 4037 Chaiere
921 4003 1002 4038 Seint
1018 4000 1099 4039 Pete.

1285 132 1312 172 S
1550 140 1598 182 A.

2270 168 2325 207 79

2254 280 2314 285 —
2338 270 2414 302 Ann.
2429 270 2471 303 D.

2357 318 2441 348 1279.

1420 312 1526 343 Litera
1542 310 1682 358 Alphonfi
1697 316 1784 362 Regis
1802 315 1925 360 Castellae
1939 318 1976 352 de
1995 320 2162 360 credentia.
2341 350 2407 375 Edu.
2430 357 2454 375 Ι·

2344 389 2396 412 Aa.
2413 394 2439 420 7.

1268 392 1352 463 AL
1370 394 1476 425 mucho
1489 396 1591 440 amado
1606 397 1639 428 &
1654 398 1760 429 onrado
1775 399 1833 430 don
1848 400 2034 441 Edoard‚por
2049 405 2074 437 la
2087 409 2180 446 gracia
2193 407 2228 439 de
2237 408 2320 449 Dios,
2341 427 2361 450 E
2394 432 2403 449 1

1289 468 1294 472 .
1346 431 1405 472 Rey
1423 433 1458 463 de
1471 433 1635 476 ⁴Inglatierra
1649 458 1660 473 ,
1685 436 1791 467 Sennor
1809 439 1845 469 de
1861 440 2037 481 leanda',&
2056 444 2122 476 Duc
2137 446 2173 476 de
2188 442 2323 485 Aquitan-
2341 464 2379 487 Ex
2388 445 2447 488 A),-

1267 468 1409 506 n1a‚D0n
1427 471 1622 511 Alionso,por
1635 473 1690 518 elsa
1708 475 1803 507 misma
1817 480 1922 517 gracia,
1932 479 1993 520 Rey
2007 482 2044 512 de
2059 481 2246 524 Castiella,de
2258 486 2324 517 To-
2339 506 2394 526 20„-

1267 505 1347 544 ledo,
1365 508 1401 538 de
1422 509 1519 548 Leon,
1535 511 1571 542 dc
1587 511 1721 550 Gamm,
1738 513 1774 543 <ie
1793 514 1908 555 Sevma,
1922 517 1957 548 de
1977 518 2128 560 cordoua,
2140 522 2176 553 de
2194 523 2308 555 Murcia
2361 519 2378 536 ὁ
2396 519 2403 526 ’

1268 544 1304 574 de
1317 545 1422 585 jahen,
1437 548 1468 578 ὃ(
1484 548 1527 578 del
1543 549 1664 589 Algarb,
1674 551 1758 589 salut,
1776 561 1899 583 commo
1923 566 1938 585 a
1957 559 2088 589 cunnado
2103 583 2113 598 ,
2140 571 2194 598 que
2217 547 2326 594 muchg

1269 591 1410 624 anmmos,
1423 586 1455 615 ὅ(
1470 597 1522 624 que
1537 596 1660 618 tcnemos
1676 599 1712 618 en
1728 588 1804 628 logar
1821 590 1856 620 de
1873 591 2024 633 hermano,
2042 597 2074 627 &
2093 608 2156 636 para
2179 601 2227 637 qui
2249 611 2328 638 ques-

1272 623 1371 652 {remos
1386 624 1489 655 mucha
1507 635 1576 656 onra
1593 627 1626 657 &
1644 627 1733 657 buena
1750 635 1881 666 ventura,
1897 637 1970 662 tanta
1983 642 2100 666 commo
2120 647 2185 674 para
2200 648 2252 669 nos
2265 638 2330 670 mis-

1273 669 1334 689 mo.

1312 697 1446 729 Fazemos
1459 710 1510 730 vos
1520 700 1594 730 saber
1608 711 1738 745 que,por
1749 702 1773 733 la
1788 702 1890 735 lealdad
1899 727 1909 743 ,
1924 715 1977 743 que
1990 717 2042 738 nos
2057 710 2180 744 fallamos
2193 725 2227 745 en
2241 725 2332 746 maes-

1273 742 1314 766 tre
1325 736 1420 775 Jofre‚
1433 738 1528 769 nostro
1542 739 1667 770 Notario
1699 741 1731 771 &
1747 751 1801 779 por
1815 752 1868 780 que
1881 742 2024 784 sabem05‚
2046 757 2098 786 por
2119 752 2205 782 cieito
2236 763 2290 791 que
2304 753 2332 784 el

1275 774 1311 804 ha
1333 785 1399 815 muy
1414 777 1500 813 grand
1517 777 1593 808 saber
1612 778 1648 808 de
1666 763 1692 808 se
1997 784 2001 789 '
2211 775 2220 790 ²

1274 812 1307 842 &
1325 813 1439 852 Otmsm
1692 780 1746 809 rvir
1760 780 1826 810 bien
1841 781 1874 812 &
1890 781 1940 813 leal
1962 792 2080 815 truentre
2093 796 2109 816 a
2123 798 2173 818 vos
2187 791 2220 820 &
2235 802 2251 821 a
2262 801 2331 830 nOS,

1315 849 1370 880 Por
1388 862 1440 889 que
1459 853 1483 883 el
1501 852 1563 884 sabe
1577 853 1683 884 mucho
1695 854 1731 884 de
1744 855 1835 887 nostra
1850 856 1976 889 fazienda
1988 883 1998 899 ,
2017 869 2074 892 tam
2096 862 2162 893 bien
2183 863 2227 894 del
2249 865 2335 897 fecho

1277 888 1322 918 del
1340 889 1382 920 Rc
1415 891 1450 920 de
1464 892 1593 922 Francia:
1616 902 1738 922 commo
1751 894 1787 924 de
1807 894 1830 924 la
1852 895 1938 927 Corte
1952 899 1987 928 de
2008 899 2119 931 Roma:
2140 902 2173 932 ὅ(
2190 902 2235 932 del
2250 903 2334 935 fecho

1278 927 1314 972 de
1328 927 1368 980 los
1406 928 1494 959 'Iorost
1515 931 1549 961 ὅ(
1566 929 1610 960 del
1627 930 1689 970 Rey
1706 931 1741 962 de
1756 932 1886 971 Aragon,
1902 936 1934 965 &
1948 936 1984 967 de
1998 937 2037 967 los
2055 940 2186 970 naturales
2199 942 2234 971 de
2245 941 2336 973 nostra

1278 974 1472 1035 neggi-iemos
1490 1016 1540 1043 por
1556 1007 1622 1036 bien
1638 1006 1683 1037 del
1699 1007 1806 1038 embiar
1822 1007 1871 1039 alla
1890 1020 1906 1040 a
1921 1022 1959 1041 vo

1280 1042 1341 1074 dira
1358 1052 1410 1081 por
1428 1044 1556 1083 palabra·²

1318 1081 1406 1125 Onde
1421 1091 1472 1111 nos
1487 1091 1635 1119 ruegamos
1649 1092 1702 1120 que
1714 1093 1764 1113 vos
1778 1083 1840 1122 quel
1853 1086 1963 1117 creades
1976 1087 2111 1127 daquellas
2126 1092 2200 1123 cofirs
2214 1104 2268 1132 que
2284 1103 2334 1124 vos

1282 1119 1310 1150 el
1325 1119 1427 1150 dooere
1437 1119 1473 1150 de
1486 1120 1581 1151 nostra
1594 1128 1669 1158 parte
1677 1122 1727 1159 ,ὃς
1743 1132 1797 1160 que
1810 1124 1969 1163 punnedes,
1985 1136 2086 1163 quanto
2100 1139 2150 1159 vos
2164 1132 2338 1170 pudierede8‚

1282 1168 1319 1188 en
1335 1158 1415 1227 ttgccloi
1423 1167 1438 1187 a
1455 1158 1546 1195 quello
1562 1170 1616 1197 que
1631 1169 1682 1190 vos
1702 1161 1925 1201 entendieredes,
1946 1173 2000 1202 que
2019 1164 2074 1195 sera
2095 1176 2163 1199 onra
2183 1170 2215 1200 ὃς
2237 1181 2290 1210 pro
2304 1170 2341 1204 de

1283 1207 1334 1228 vos
1417 1206 1433 1225 e
1453 1206 1512 1226 nos.

1321 1234 1357 1265 Et
1399 1233 1511 1264 radecer
1528 1245 1579 1266 vos
1599 1234 1707 1266 loemos
1722 1237 1836 1268 mucho.

1323 1243 1405 1304 Datfit
1420 1283 1457 1303 en
1471 1273 1586 1305 Toledo
1595 1296 1604 1311 ,
1618 1276 1745 1312 primero
1760 1275 1803 1307 dia
1821 1276 1856 1307 de
1870 1276 1947 1308 Abril
1955 1301 1965 1317 ,
1979 1278 2034 1310 Era
2047 1279 2084 1310 de
2098 1290 2180 1321 1317.

1960 1022 1971 1042 S
1988 1023 2038 1050 POr
2062 1015 2138 1056 cosas
2163 1027 2216 1055 que
2244 1027 2294 1049 vos
2311 1018 2338 1049 el

1329 1349 1379 1380 Yo
1393 1349 1485 1389 Johan
1507 1350 1614 1382 Andres
1629 1350 1655 1384 la
1676 1352 1790 1391 escrivi,
1807 1363 1860 1391 por
1877 1353 2034 1385 amandado
2049 1355 2094 1386 del
2108 1355 2179 1397 Rey.

1295 1475 1440 1522 Responsio
1457 1477 1542 1522 Regis
1560 1475 1604 1509 ad
1620 1478 1738 1510 Literas
1755 1481 1900 1525 Princr'IJis
1923 1481 2104 1514 Salernitam'
2115 1481 2207 1530 fhper
2221 1487 2349 1516 reconci-

1509 1525 1628 1557 liatione
1643 1537 1712 1558 cum
1730 1526 1867 1576 Guydone
1885 1527 1921 1560 de
1938 1531 2127 1575 Monteforti.

1298 1615 1358 1678 R
2230 1615 2356 1684 1<Pat⁰¹<22
2373 1629 2448 1660 Ann.
2462 1626 2502 1659 D.

2228 1677 2238 1693 ,
2269 1666 2355 1686 nnci-

1297 1686 1326 1723 pi
1344 1685 1530 1724 Salernitano,
1547 1687 1581 1717 &
1599 1686 1730 1718 Domino
1746 1688 1870 1720 Honoris
1893 1690 2003 1721 Montis
2020 1692 2115 1723 Sancti
2141 1693 2260 1733 Augen,
2284 1694 2350 1725 salu·
2375 1712 2407 1734 A(

1297 1732 1355 1755 tem
1377 1734 1442 1754 cum
1461 1725 1611 1756 dileffione
1629 1725 1745 1757 sincera.
2372 1749 2393 1774 Ε
2419 1754 2443 1772 ι

1338 1763 1503 1793 Litterarum
1520 1764 1689 1802 vestrarum,
1708 1775 1773 1803 quas
1791 1776 1828 1796 nu
1865 1777 1876 1797 r
1894 1768 2066 1806 recepimus,
2083 1776 2162 1800 tenor
2180 1771 2359 1810 continebat,
2379 1767 2417 1811 13⁸„
2429 1786 2489 1811 A„-

1300 1801 1377 1839 quod
1395 1801 1503 1841 Guydo
1523 1802 1559 1833 de
1582 1801 1753 1833 Monteforti
1773 1804 1815 1835 val
1836 1816 1852 1835 e
1875 1804 2005 1837 desiderat
2033 1806 2069 1837 ad
2092 1809 2210 1845 gratiam
2234 1808 2359 1840 nostram
2377 1830 2402 1850 η,

1300 1839 1427 1878 admitti,
1445 1841 1477 1871 &
1495 1841 1667 1872 reconciliari
1685 1841 1785 1873 nostrae
1802 1843 1875 1880 paci.
2400 1832 2441 1860 gr*

1338 1878 1385 1908 Set
1402 1879 1566 1917 eccelpene
1583 1881 1664 1909 novit
1680 1888 1752 1911 totus
1769 1880 1980 1919 orbis,qualiter
1997 1881 2041 1913 ille
2058 1883 2179 1924 Simon,
2189 1883 2269 1916 Pater
2281 1884 2358 1925 suuS,

1302 1916 1334 1947 δε
1352 1916 1429 1946 idem
1447 1917 1572 1957 Guydo,
1589 1918 1737 1956 caeterique
1756 1919 1859 1950 Fratres
1876 1920 1909 1950 &
1928 1919 2091 1959 Complices
2107 1922 2145 1953 sui
2158 1946 2168 1961 ,
2191 1923 2262 1953 olim
2289 1924 2358 1955 San-

1303 1956 1417 2024 guinem
1434 1955 1560 1986 nostrum
1578 1956 1710 1994 fluentes,
1729 1956 1864 1988 Domino
1880 1958 1919 1988 H.
1938 1958 2011 1999 Regi
2032 1959 2103 1990 Patri
2120 1961 2235 1999 nostro,
2252 1962 2286 1993 &
2305 1973 2361 1995 no-

1327 1995 1346 2023 is
1364 1994 1491 2024 mortales
1508 1994 1615 2025 insidias
1632 1995 1836 2034 praepararunt,
1852 1997 1885 2027 ὃς
1903 1996 1974 2027 Bella
1989 2007 2153 2038 moverunt,
2168 2000 2241 2030 unde
2253 2000 2362 2032 diffidia

1306 2032 1431 2073 gentium
1449 2033 1624 2071 oriebantur,
1635 2041 1716 2071 atque
1735 2033 1833 2074 strages
1850 2045 1911 2065 non
1930 2035 2044 2066 modica
2057 2037 2240 2077 populorum:

1345 2069 1395 2109 Et,
1408 2079 1504 2108 praeter
1520 2071 1582 2101 haec
1601 2074 1714 2110 omnia,
1732 2081 1865 2111 quantum
1883 2074 1911 2103 in
1928 2074 1990 2112 ipris
2004 2074 2163 2113 fuit,totius
2180 2075 2280 2107 nostrae
2294 2086 2365 2115 gen-

1309 2110 1341 2140 tis
1360 2109 1502 2140 interitum
1520 2110 1554 2141 &
1570 2109 1776 2141 subversionem
1792 2111 1886 2151 Regni
1898 2112 2082 2143 moliebantur
2095 2114 2304 2153 Anglicani,&
2317 2116 2367 2145 de-

1312 2147 1414 2186 mum,
1432 2147 1508 2187 quod
1525 2148 1650 2179 dolendo
1666 2149 1816 2179 recolimus
1827 2172 1838 2188 ,
1863 2150 1949 2180 bonae
1967 2152 2113 2182 memoriae
2128 2177 2138 2190 ,
2159 2153 2318 2184 Henricum
2335 2153 2371 2185 de

1313 2186 1496 2225 Alemannia,
1511 2186 1584 2217 infra
1600 2186 1732 2218 Ecclesiae
1748 2187 1850 2218 sandiae
1869 2187 2010 2227 Claustra,
2026 2191 2166 2221 attrociter
2183 2191 2355 2228 jugularunt.

1353 2223 1468 2263 Propter
1486 2225 1562 2263 quod
1583 2234 1642 2255 non
1660 2225 1700 2255 est
1718 2227 1822 2256 mirum
1839 2226 1859 2255 fi
1878 2236 1942 2266 erga
1965 2228 2054 2264 ipsum
2073 2228 2106 2259 &
2131 2228 2191 2258 suos
2213 2228 2304 2259 nostra
2325 2229 2375 2261 sint

1313 2263 1420 2294 turbata
1435 2263 1609 2302 praecordia,
1631 2264 1664 2294 &
1681 2263 1716 2294 ad
1734 2264 1824 2302 ipsum
1841 2263 2044 2296 admittendum
2067 2266 2103 2297 ad
2117 2267 2232 2307 gratiam
2249 2266 2374 2300 nostram

1314 2299 1444 2332 difficiles
1463 2303 1566 2332 merito
1584 2311 1637 2332 nos
1653 2302 1815 2333 reddamus:

1353 2339 1461 2378 Porro,
1478 2340 1525 2369 etsi
1544 2340 1594 2370 fibi
1611 2339 1689 2377 super
1705 2342 1785 2371 tantis
1804 2340 1896 2380 malis,
1913 2341 2046 2373 vellemus
2060 2342 2206 2379 ignoscere
2236 2342 2273 2373 de
2286 2343 2377 2374 modo

1317 2386 1409 2409 tamen
1424 2378 1469 2409 vel
1487 2377 1581 2408 forma
1598 2380 1833 2410 reconciliationis
1849 2382 1916 2418 iuae,
1939 2380 2101 2411 transmissiz
2115 2382 2196 2411 nobis
2224 2382 2311 2412 itterae
2324 2392 2374 2414 ve-

1318 2416 1380 2447 strae
1393 2416 1497 2446 nullam
1513 2426 1618 2447 certam
1638 2416 1730 2448 fecere
1747 2419 1932 2449 mentionem.

1357 2454 1424 2485 Nec
1443 2454 1550 2492 insuper
1568 2453 1722 2494 possemus,
1739 2465 1785 2486 aut
1802 2455 2091 2496 deberemus,absque
2107 2456 2235 2488 Consilio
2346 2469 2376 2489 a·

1319 2501 1381 2524 tum
1398 2494 1431 2524 &
1450 2491 1603 2523 Procerum
1620 2493 1798 2532 nostrorum,
1814 2503 1885 2533 quos
1901 2505 1961 2525 non
1979 2496 2067 2526 solum
2086 2496 2206 2526 turbavit
2229 2497 2260 2526 in
2277 2468 2379 2536 ungis,

1320 2532 1357 2562 set
1374 2532 1457 2562 etiam
1478 2531 1666 2569 multipliciter
1683 2533 1712 2562 in
1729 2532 1755 2562 se
1771 2533 1850 2571 ipsis,
1868 2533 1961 2563 eidem
1979 2533 2111 2564 Guidoni
2128 2543 2230 2573 pacem
2250 2534 2378 2566 nostram

1321 2569 1450 2607 reddere,
1467 2579 1499 2599 ac
1518 2570 1605 2609 ipsum
1622 2572 1718 2607 gratiae
1737 2571 1838 2601 nostrae
1855 2571 2013 2602 reformare.

1357 2608 1593 2646 Verumptamen,
1608 2608 1628 2638 sl
1645 2619 1712 2647 vos,
1729 2609 1772 2638 vel
1791 2609 1834 2639 alii
1854 2610 1960 2640 bonam
1980 2612 2057 2641 viam
2074 2609 2241 2649 perpendere
2296 2610 2380 2650 ffitis,

1323 2657 1373 2686 per
1392 2656 1475 2684 quam
1485 2669 1494 2684 ,
1513 2646 1547 2677 ad
1567 2647 1705 2677 honorem
1725 2646 1782 2677 Dei
1799 2648 1832 2678 &
1849 2646 1982 2678 Ecclesiae
1998 2649 2116 2687 sanetae,
2133 2650 2244 2687 praemii
2259 2660 2274 2680 a
2288 2649 2381 2680 facere

1325 2685 1479 2722 valeamus,
1489 2686 1558 2715 inter
1577 2684 1726 2721 Magnates
1742 2685 1850 2716 nostros
1866 2689 2014 2723 negotium
2031 2686 2097 2718 illud
2112 2686 2214 2718 deduci
2232 2687 2384 2726 faciemus,

1326 2725 1360 2755 ὃς
1377 2734 1446 2754 cum
1463 2724 1473 2752 i
1494 2724 1524 2754 lis
1538 2723 1733 2762 tradtabimus,
1757 2723 1775 2754 fi
1789 2725 1865 2762 juxta
1883 2726 1960 2755 viam
1978 2725 2052 2756 illam
2070 2726 2103 2756 &
2126 2725 2252 2756 sormam
2265 2748 2275 2764 ,
2300 2735 2386 2765 quam

1329 2763 1411 2793 nobis
1428 2763 1459 2791 in
1479 2772 1495 2791 e
1514 2762 1693 2800 mandabitis,
1707 2763 1727 2793 fi
1744 2762 1850 2800 velitis,
1867 2763 1990 2793 eundem
2006 2764 2040 2794 ad
2058 2764 2176 2800 gratiam
2196 2763 2320 2794 nostram
2338 2764 2387 2795 ad-

1331 2801 1442 2844 mittere
1458 2800 1607 2831 debeamus
1621 2823 1631 2839 ,
1656 2801 1675 2819 ³*
1694 2801 1727 2831 &
1743 2810 1793 2832 vos
1809 2800 1874 2831 inde
1891 2802 2077 2839 postmodum
2094 2801 2209 2833 reddere
2227 2803 2386 2834 curabimus

1331 2846 1474 2878 certiores,

1372 2877 1450 2916 Quia
1473 2887 1542 2907 vero
1561 2876 1597 2907 de
1616 2876 1767 2914 [leporariis
1784 2887 1834 2907 nos
1852 2876 1983 2915 rogastis,
2006 2877 2076 2908 scire
2095 2887 2146 2909 vos
2162 2877 2293 2909 volumus
2308 2878 2388 2917 quod

1335 2915 1554 2953 Leporariorum
1572 2915 1725 2946 deductum
1745 2925 1840 2953 parum
1866 2915 2041 2947 assuescimus
2100 2917 2164 2956 quia
2186 2927 2245 2946 non
2270 2918 2391 2948 multum

1334 2964 1385 2985 nos
1402 2953 1537 2991 delectat,
1555 2962 1767 2992 verumptamen
1784 2954 1819 2984 de
1837 2953 1991 2992 Leporariis
2008 2939 2107 2985 nostris
2148 2954 2184 2984 de
2201 2956 2301 2993 quibus
2318 2965 2390 2986 con-

1335 2993 1403 3023 tenti
1419 2993 1509 3030 eritis,
1525 2993 1554 3021 in
1573 2991 1651 3022 brevi
1668 2992 1748 3022 vobis
1765 2992 1991 3030 transmittemus,
2014 2993 2096 3023 dante
2145 3003 2198 3032 eo,
2212 2995 2299 3031 parati
2318 2993 2389 3024 sem·

1336 3041 1384 3069 per
1401 3042 1432 3061 ea
1449 3033 1539 3061 facere
1558 3040 1621 3068 quae
1637 3030 1732 3060 vestris
1749 3031 1898 3061 honoribus
1916 3032 2075 3062 noverimus
2093 3033 2255 3062 convenire.

1373 3069 1418 3101 Ad
1436 3069 1583 3107 haec,quia
1597 3069 1756 3106 prosperitas
1773 3068 1857 3099 status
1876 3069 1955 3100 vestri
1974 3070 2128 3107 plurimum
2142 3080 2194 3100 nos
2210 3069 2394 3109 delestat,di-

1337 3108 1488 3138 leetionem
1505 3107 1622 3137 vestram
1638 3117 1670 3136 ro
1690 3117 1766 3137 amus
1782 3110 2029 3146 attente,quatinus
2047 3108 2148 3139 stauim
2162 3108 2392 3147 vestrum‚quem

1338 3146 1482 3177 Dominus
1500 3145 1644 3183 prosperari
1672 3147 1754 3184 aciat,
1773 3146 1875 3176 crebris
1894 3147 2118 3178 insinuationibus
2135 3148 2234 3185 nobis,
2249 3147 2283 3178 ad
2305 3146 2394 3176 nostri

1337 3185 1583 3223 solatium‚curetis
1600 3183 1853 3222 demandare,cum
1871 3184 1968 3215 vestrae
1987 3185 2162 3222 beneplacito
2178 3185 2392 3222 voluntatis3pa-

1339 3225 1389 3254 rati
1403 3223 1536 3267 siquidem
1551 3222 1655 3265 semper
1669 3221 1724 3252 effi:
1738 3222 1867 3253 volumus
1880 3233 1912 3254 ea
1926 3222 2035 3262 facere,
2051 3234 2115 3262 quae
2131 3223 2226 3254 vestris
2244 3223 2396 3252 honoribus

1338 3272 1494 3293 noverimus
1509 3270 1670 3291 convemre.

1353 3358 1358 3363 1
1377 3319 1444 3350 Dat.
1458 3317 1530 3356 apud
1546 3316 1652 3347 Brehull
1671 3316 1825 3348 undecimo
1838 3316 1886 3348 die
1902 3317 2101 3356 Aprilis,anno
2116 3316 2215 3355 Regni
2229 3315 2318 3346 nostri
2336 3314 2397 3354 stp-

1339 3365 1421 3388 nmo.

1369 1607 1434 1638 EX
1460 1608 1565 1639 Nobili
1581 1609 1670 1649 Viro,
1684 1611 1717 1642 &
1733 1610 1950 1650 Consanguineo
1968 1613 2016 1645 suo
2036 1614 2178 1646 kariffimo
2191 1639 2202 1654 ‚

1381 1646 1599 1691 filiorjerusalem
1618 1649 1651 1679 &
1671 1648 1789 1680 Ceciliae
1806 1650 1893 1688 Regis
1910 1651 2016 1683 illustris
2030 1655 2224 1692 primogenito

2434 2804 2455 2825 *²
2470 2805 2508 2833 11.

2431 2852 2511 2879 ¹07⁰·

1342 3485 1446 3516 Litera
1461 3481 1497 3514 de
1515 3483 1589 3528 Rege
1608 3483 1827 3522 Romanorum,
1840 3481 1930 3526 fhper
1942 3480 2132 3527 prosperitate
2143 3479 2205 3524 fica
2222 3504 2233 3522 ,
2270 3490 2396 3527 congra-

1387 3529 1527 3564 tulando:
1545 3530 1582 3561 de
1598 3528 1731 3562 adventu
1750 3531 1939 3561 Hartmanni
1954 3528 2018 3570 filii
2034 3527 2186 3561 retardato
2209 3528 2396 3573 excufimdu

1388 3583 1424 3618 (ῤ’
1443 3578 1479 3611 de
1486 3577 1593 3622 forma
1609 3581 1723 3610 itineris
1737 3578 1800 3622 ejus
1814 3575 1990 3609 ordinanda.

1375 3663 1475 3695 Llustri
1493 3663 1525 3694 &
1550 3661 1710 3699 Magnifice
1732 3660 1874 3700 Principi‚
1896 3660 2027 3691 Domino
2040 3659 2078 3690 R.
2094 3659 2151 3691 Dei
2167 3660 2270 3700 gratia,
2285 3659 2395 3704 Roma·
2419 3672 2494 3705 Ann-
2509 3670 2552 3705 D0'

1347 3672 1368 3734 I
1391 3712 1492 3733 norum
1507 3701 1583 3737 Regi
1600 3701 1707 3738 semper
1718 3699 1762 3730 Au
1782 3699 1843 3730 usto
1859 3722 1868 3737 ‚
1890 3700 1996 3730 Amico
2015 3699 2163 3742 &DFratri
2175 3699 2222 3730 suo
2236 3701 2396 3744 karulum,
2443 3722 2529 3752 1279·

1346 3741 1497 3772 Edwardus
1506 3762 1515 3777 ,
1533 3739 1631 3770 eadem
1645 3739 1746 3776 gratia,
1785 3747 1820 3768 ex
1833 3736 2113 3781 AngHae,Dom1nus
2125 3737 2270 3768 Hibermae
2282 3737 2315 3768 &
2328 3736 2397 3768 Dux
2421 3756 2474 3779 A„¹
2483 3762 2510 3787 7.

1347 3780 1539 3817 Aquitanniae,
1552 3777 1664 3807 salutem
1678 3777 1711 3806 &
1726 3777 1837 3806 iincerae
1859 3775 2220 3818 dileetionrsaugmentum.
2333 3815 2337 3820 Ι
2362 3814 2378 3820 ..
2418 3794 2449 3817 E.
2468 3799 2491 3817 ,-

1386 3818 1440 3848 Pro
1460 3826 1494 3846 eo
1518 3815 1597 3854 quod
1611 3815 1687 3853 super
1698 3814 1843 3844 fortunatis
1856 3814 1888 3844 &
1904 3813 2035 3851 prosperis
2056 3812 2139 3843 vestri
2161 3813 2245 3844 status
2265 3813 2397 3852 ausplcll‚
2422 3832 2462 3855 Ex
2473 3830 2531 3855 Au,

1348 3866 1396 3894 per
1411 3853 1554 3885 Nobilem
1568 3852 1670 3883 Virum
1680 3875 1689 3890 ,
1703 3852 1865 3883 Conradum
1881 3852 2023 3888 Warneri,
2033 3850 2207 3882 Familiarem
2221 3851 2397 3895 &·Militem
2418 3873 2482 3902 ηρ..
2530 3859 2533 3862 ’

1349 3893 1489 3930 vestrum,
1502 3892 1715 3922 annunciatione
1728 3892 1858 3930 gratuita,
1872 3889 1964 3919 nostra
1978 3889 2132 3927 praecordia
2149 3889 2281 3920 refecistrs
2320 3889 2400 3920 Sere-

1349 3933 1426 3963 nitati
1448 3930 1543 3961 vestrae
1560 3929 1594 3960 ad
1617 3937 1702 3969 grates
1722 3929 1873 3959 uberrimas
1886 3927 2070 3965 astur-genter,
2085 3927 2219 3959 Felicitati
2237 3912 2334 3959 vessrae
2348 3927 2398 3957 de-

1348 3968 1510 4000 lectabiliter
1520 3967 1746 4006 congaudemus,
1761 3976 1790 3998 ut
1800 3965 1909 3996 nostrae.
2009 4004 2014 4009 .
2302 4004 2308 4009 ·

1388 4008 1474 4047 Super
1492 4015 1529 4037 eo
1543 4005 1688 4045 praeterea,
1702 4004 1778 4044 quod
1801 4003 1948 4044 praedietis
1967 4002 2054 4036 Miles
2065 4025 2077 4043 ,
2103 4005 2153 4044 qui
2179 4004 2321 4044 legationis
2339 4001 2396 4072 ἐξ
