2570 4261
682 234 794 275 ET
879 230 1146 276 ACTA

0 318 57 349 lnn.
72 314 112 345 D.
126 317 249 346 varitiam
262 327 364 348 eorum
377 318 567 350 inviolabilem
581 319 701 349 manuali
716 319 770 349 fide
784 319 903 357 praestita
917 320 995 358 super
1009 322 1060 351 eis:
1081 321 1114 350 ὃς
1135 319 1179 348 ni-

4 362 89 394 1294÷
128 355 297 386 chilominus
312 367 361 396 per
376 358 534 395 spectabiles
550 358 640 394 viros,
660 357 844 388 Edmundum
859 357 1007 389 Comitem
1024 358 1181 388 Cornubiae

0 397 47 424 av.
70 402 94 420 ι.
125 394 365 432 consanguineum
378 396 519 434 nostrum,
537 395 686 434 Rogerum
702 396 728 424 le
743 395 833 434 Bygot
847 395 995 426 Comitem
1017 397 1181 427 Norfolciae

127 432 162 462 &
178 431 374 462 Marescallum
392 433 517 472 Angliae,
536 433 692 472 Hugonem
707 434 732 462 le
747 434 901 471 Despenser
918 434 1060 472 Militem,
1079 435 1112 464 δε
1129 434 1181 472 Jo-

128 469 251 500 hannem
266 470 302 500 de
315 471 466 507 Langeton
480 471 686 501 Cancellariurn
702 471 846 509 nostrum,
866 473 893 501 in
908 472 1003 502 nostra
1024 473 1181 510 praesentia,

129 509 269 546 corporali
282 510 310 537 in
323 510 448 538 animam
460 509 586 538 nostram
610 509 735 547 praestito
753 511 930 547 juramento,
950 521 1018 549 nos,
1037 511 1069 541 δε
1092 511 1183 541 haere-

127 546 177 576 des
192 546 317 584 nostrOS,
340 556 439 576 tenore
455 547 647 585 praesentium,
666 547 782 577 firmiter
794 548 956 587 obligantes.

166 584 200 614 In
222 586 299 622 cujus
320 586 360 614 rei
383 587 577 615 testimonium
592 609 601 623 ,
637 588 670 616 ὃς
691 588 800 623 robur,
832 596 864 616 ac
885 587 1055 617 evidentiam
1077 586 1184 624 plenio-

128 631 206 690 ἕπῃ,
216 623 367 665 'praesentes
380 623 480 654 litteras
494 623 552 653 fieri
568 623 702 662 fecimus,
720 625 752 654 δε
768 624 844 663 sigilli
858 624 946 655 nostri
961 627 1118 656 munimine
1134 634 1182 654 ro-

150 670 231 690 orari.

166 735 233 767 Dat.
255 737 329 774 apud
349 737 472 769 Westm.
493 737 647 768 undecimo
671 738 735 768 Kal.
754 738 953 777 Novembris,
969 749 1044 770 anno
1060 739 1184 769 Domini

134 784 225 814 1294,
246 774 341 815 Regni
355 786 424 807 vero
439 776 527 807 nostri
539 786 614 807 anno
628 787 673 806 22.

0 903 119 932 ³11.66i.
286 899 308 921 *
335 900 380 930 De
403 898 810 946 Confoedemtioncscpcdtfz‘a
829 898 1024 945 obftrvanda.

136 980 276 1044 NOS
294 983 466 1023 Edwardus,
486 984 543 1014 Dei
564 985 665 1023 gratifi,
686 984 750 1014 Rex
774 985 899 1024 Anglize,
918 985 1061 1016 Dominus
1081 982 1189 1015 Hiber-

230 1024 302 1060 niae,
319 1024 351 1053 ὃ(
367 1023 436 1052 Dux
453 1023 627 1060 Aquitaniae,
647 1033 698 1060 pro
713 1024 808 1061 nobis,
827 1026 859 1053 δε
882 1024 1050 1054 Haeredibus
1070 1023 1189 1061 nostris,

134 1059 300 1099 profitemur
322 1062 450 1099 publice,
469 1062 501 1091 &
523 1062 551 1090 in
573 1072 625 1091 nos
647 1061 825 1099 priesentibus
846 1063 1010 1093 arbitramur
1023 1086 1032 1099 ,
1051 1062 1129 1099 super
1151 1071 1188 1091 eo

133 1099 263 1130 nostrum
279 1100 438 1130 adhibentes
454 1099 619 1130 consensum
635 1100 824 1130 voluntarium
838 1101 871 1130 ὃ(
886 1101 1060 1138 expressum,

172 1137 264 1176 Qiod
286 1138 428 1175 Principes
450 1139 482 1168 &
504 1137 622 1167 Barones
637 1138 731 1176 Regni
746 1138 891 1176 nostri,&
906 1139 1188 1176 Dominii,quorum

135 1177 315 1216 personarum
335 1178 416 1216 copia
439 1177 472 1207 &
488 1176 633 1206 consensus
648 1177 743 1205 haberi
760 1186 907 1214 poterunt,
926 1187 993 1207 cum
1015 1175 1191 1214 protestatio-

135 1225 189 1253 ne,
207 1215 339 1253 quamdiu
352 1215 567 1245 Conventioncs
589 1224 656 1244 cum
677 1214 783 1250 inclyto
805 1215 951 1254 Principe,
970 1215 1105 1252 Adolpho
1126 1213 1192 1244 Ro-

137 1262 288 1284 manorum
301 1253 399 1292 Rege,
416 1253 524 1290 semper
540 1252 687 1291 Augusto,
704 1254 781 1283 initas
801 1263 861 1284 non
882 1254 1095 1291 servaverimus,
1114 1252 1191 1290 quod

137 1292 221 1329 absit,
1123 1291 1134 1299 '⁴

173 1330 350 1367 Obsequium
364 1339 465 1359 eorum
480 1329 562 1358 nobis
573 1328 747 1365 subtrahant,
765 1329 797 1358 &
813 1329 887 1359 licite
902 1330 1060 1360 subtrahere
1086 1328 1191 1365 poffint

138 1369 173 1399 ὃς
195 1369 332 1406 debeant,
351 1368 524 1406 obligatione
545 1366 823 1405 Confoederationis,
842 1369 914 1397 inter
935 1368 1057 1397 eundem
1076 1366 1192 1403 Regem

137 1408 171 1438 ἃ
185 1417 236 1436 nos
251 1407 343 1444 initae,
361 1407 394 1436 ὃς
408 1405 581 1442 contrane,
597 1405 779 1434 nihilominus
795 1406 824 1434 in
835 1405 884 1435 suo
900 1406 1005 1435 robore
1018 1405 1164 1442 duratura,

176 1445 256 1475 Dieri
274 1445 361 1474 etiam
383 1443 528 1480 Principes
550 1444 583 1474 &
604 1442 724 1473 Bai-ones
743 1443 795 1473 suis
817 1445 972 1480 patentibus
986 1443 1067 1474 literis
1081 1444 1192 1481 praesta-

137 1484 209 1513 bunt
231 1482 323 1520 quod,
342 1482 378 1511 de
398 1482 543 1511 voluntate
565 1482 598 1513 ὃς
620 1479 752 1511 mandato
773 1481 872 1511 nostro
891 1482 1014 1520 speciali,
1033 1482 1192 1520 hujusmodi

137 1521 355 1551 subti·ac”tioneni
384 1520 558 1549 servitiorum
588 1519 782 1550 inviolabiliter
808 1520 1019 1559 observabunt,
1044 1521 1062 1550 ii
1079 1544 1089 1557 ,
1114 1520 1193 1558 quod

137 1560 222 1596 absit,
241 1568 310 1597 nos,
328 1559 374 1590 vel
395 1558 530 1588 Hieredes
552 1557 640 1588 nostri
660 1558 865 1589 conventiones
887 1558 995 1589 easdem
1010 1559 1129 1588 minime
1139 1559 1194 1589 ser-

137 1607 275 1628 vatemus.

177 1636 209 1666 ln
225 1636 303 1673 cujus
319 1636 357 1664 rei
371 1634 564 1666 testimonium
579 1635 612 1666 &
626 1635 714 1665 robur
727 1634 873 1673 praesentes
885 1634 973 1666 literas
988 1634 1086 1674 sigillo
1095 1635 1194 1666 nostro

138 1672 258 1705 fecimus
273 1674 453 1704 communiri.

0 988 66 1018 Rnn.
78 985 118 1015 D.

0 1033 101 1092 iiiii:

0 1123 93 1168 '‘b-idern.

0 1189 26 1207 n.
48 1187 90 1214 ¹9·

179 1751 245 1781 Dat.
269 1749 343 1790 apud
365 1749 492 1779 westm.
518 1759 562 1779 1¹.
584 1750 649 1781 Kal.
669 1749 849 1781 Novembris
869 1760 944 1781 anno
968 1750 1092 1781 Domini
1111 1759 1194 1789 1294.

141 1788 239 1828 Regni
255 1799 325 1820 vcro
338 1788 428 1818 nostri
442 1798 518 1819 anno
532 1798 580 1818 22.

373 1917 430 1947 Pro
448 1915 560 1946 comite
579 1911 614 1947 de
633 1914 737 1947 Gelria
757 1913 793 1946 de
810 1914 965 1947 sonduffn.

0 2002 125 2037 Ann.D.

0 2065 1 2068 ,
23 2051 110 2081 1294.

0 2086 50 2110 An.
67 2092 112 2109 22.

0 2125 28 2148 Ε.
52 2130 75 2146 ι.

0 2162 112 2186 Par.22.

0 2200 27 2225 E.
40 2206 129 2224 ¹.m.2.

211 1997 275 2028 EX
295 1997 452 2036 Capitaneis
468 1999 705 2037 Marinariorum,
724 1998 756 2028 &
771 1997 876 2028 eisdem
891 1997 1065 2036 Marinariis,
1083 2010 1116 2031 ac
1132 2011 1197 2030 om-

225 2037 305 2066 nibus
322 2036 430 2068 Ballivis
446 2039 479 2068 &
492 2037 619 2068 fidelibus
634 2038 701 2074 suis,
719 2037 752 2067 ad
766 2046 836 2074 quos
854 2038 913 2068 &C
928 2035 1056 2067 salutem:

184 2075 263 2105 Cum
278 2075 398 2106 Nobilis
418 2077 460 2107 vir
483 2077 515 2107 ὃς
529 2078 635 2106 amicus
648 2075 743 2105 noster
758 2074 927 2112 carissimus,
947 2074 1118 2115 Reginaldus
1133 2076 1197 2106 Co-

147 2123 206 2144 mes
219 2114 256 2143 de
270 2113 376 2150 Gelre,
394 2124 425 2145 ut
440 2114 589 2145 nobiscum
604 2115 682 2152 super
699 2113 862 2152 quibusdam
883 2115 1001 2153 negotiis
1021 2114 1198 2153 colloquium

147 2153 247 2183 habeat
261 2154 294 2183 δε
309 2152 476 2191 trac'tatum,
493 2153 527 2183 ad
540 2163 592 2183 nos
605 2154 633 2183 in
650 2153 783 2191 Angliam
798 2151 829 2181 sit
842 2161 986 2182 venturus:

185 2190 360 2227 Suscepimus
379 2191 407 2220 in
429 2192 534 2222 salvum
554 2192 587 2222 ὃς
610 2192 740 2221 securum
760 2189 938 2220 conductum
959 2189 1087 2220 nostrum
1102 2191 1200 2228 praefa-

145 2237 208 2259 tum
229 2227 397 2267 Comitem,
416 2231 446 2259 in
468 2230 610 2260 veniendo
629 2229 664 2260 ad
684 2239 736 2258 nos
757 2230 785 2258 in
803 2228 951 2268 Angliam,
969 2237 1027 2258 tam
1042 2239 1090 2266 per
1105 2238 1199 2267 mare,

145 2267 232 2306 quam
249 2277 297 2304 per
312 2276 430 2307 terram,
447 2278 516 2299 cuni
529 2267 634 2298 familia
645 2269 678 2299 &
693 2267 776 2297 rebus
790 2267 858 2304 suis,
876 2266 982 2297 ibidem
996 2267 1152 2306 morando,
1167 2270 1200 2300 &

145 2305 211 2336 inde
228 2306 381 2336 redeundo.

183 2342 239 2382 Et,
259 2344 277 2374 si
300 2344 373 2374 forte
393 2344 544 2382 praedictus
565 2343 693 2383 Comes,
711 2342 802 2382 aliqua
820 2343 855 2374 de
869 2343 950 2374 causa
964 2344 1149 2383 praepeditus,
1168 2344 1202 2375 ad

146 2392 216 2420 nOS,
235 2391 266 2413 ut
289 2383 482 2421 praemittitur,
500 2382 681 2423 personaliter
703 2382 839 2413 accedere
858 2393 917 2412 non
933 2381 1033 2420 poffit,
1051 2382 1085 2412 N
1089 2384 1203 2421 uncios,

147 2432 219 2459 quos
241 2421 331 2458 ipsum
351 2420 385 2450 ad
406 2430 457 2450 nos
477 2420 614 2451 destinare
635 2422 798 2460 continget,
814 2430 882 2450 cum
896 2421 1059 2450 hominibus
1073 2422 1107 2452 &
1121 2422 1203 2452 rebus

147 2460 216 2497 suiS,
234 2459 284 2489 sub
300 2459 404 2489 eodem
420 2458 567 2489 conduc‘tu
582 2458 681 2489 nostro
692 2459 857 2496 suscepimus
870 2458 988 2496 speciali.

185 2498 223 2528 Et
240 2497 304 2527 ideo
319 2498 401 2527 vobis
415 2496 580 2528 mandamus
597 2497 675 2534 quod
691 2496 785 2526 eidem
799 2496 924 2535 Comiti,
943 2496 988 2526 seu
1002 2496 1127 2527 Nunciis
1136 2497 1205 2537 suis,

148 2537 178 2566 in
191 2536 332 2566 veniendo
347 2535 382 2565 ad
394 2545 445 2565 nos
460 2536 489 2564 in
507 2535 637 2574 Angliam
647 2558 655 2573 ,
672 2544 731 2565 tarn
747 2544 795 2572 per
811 2543 929 2572 terram,
949 2535 1033 2572 quam
1046 2546 1096 2573 per
1111 2546 1204 2575 mare,

146 2585 215 2605 cum
227 2573 331 2604 familia
345 2574 378 2604 &
392 2574 473 2603 rebus
488 2573 538 2603 suis
547 2598 555 2611 ,
571 2574 678 2603 ibidem
690 2573 886 2611 morand0,&
903 2573 967 2603 inde
982 2573 1143 2612 redeundo,
1152 2576 1205 2605 iic-

148 2620 179 2642 ut
198 2612 366 2649 praeditstum
388 2611 444 2649 est,
463 2621 522 2641 non
538 2611 675 2649 inferatis,
693 2612 739 2641 vel
760 2611 854 2641 inferri
870 2613 1033 2649 permittatis
1054 2613 1202 2652 injuriam,

147 2650 323 2688 molestiam,
342 2650 515 2688 dampnum,
532 2650 769 2687 impedimentum
785 2658 832 2680 aut
845 2659 1006 2689 gravamen.

184 2689 218 2719 In
236 2690 313 2727 cujus
327 2713 336 2726 ,
354 2690 415 2719 &a
436 2689 578 2718 duraturas
595 2688 681 2726 usque
700 2688 735 2718 ad
755 2688 872 2719 festum
891 2688 1095 2720 Purificationis
1114 2689 1202 2721 bearae

149 2726 270 2766 Mariae,
290 2729 422 2766 proximo
438 2727 574 2758 futurum.

185 2803 276 2835 Teste
293 2803 378 2842 Rege
389 2803 463 2842 apud
478 2804 597 2835 Turrim
613 2803 750 2835 London.
762 2813 789 2841 5.
803 2804 848 2834 die
862 2802 1054 2837 Novembris.

152 2932 218 2963 Rex
240 2931 427 2976 regriztiatur
450 2931 582 2963 Domino
608 2927 771 2972 Herstrado
790 2931 922 2962 Domino
939 2928 976 2962 de
992 2928 1206 2978 Mercmberg,

213 2979 304 3024 fitper
322 2977 574 3021 Confoecleratione
587 2989 658 3011 cram
680 2972 817 3024 Adolpho
833 2980 909 3023 Rege
924 2981 1137 3012 Romanorum.

6 3062 83 3094 Ann.
92 3062 133 3092 D.

34 3110 117 3140 1294.

4 3145 58 3169 An.
74 3151 118 3167 22.

154 3060 280 3129 RbiiX
300 3060 406 3091 Nobili
419 3061 481 3090 viro
496 3061 530 3104 ὅς
544 3063 639 3092 amico
654 3062 720 3107 suo,
739 3062 874 3107 Domino
881 3062 1055 3102 Herstrado,
1073 3062 1208 3094 Domino

253 3109 269 3129 e
282 3099 493 3136 Merenbergh,
511 3099 626 3130 ialurem
641 3101 674 3132 δί
690 3101 884 3132 dilectionem.

193 3138 369 3168 Fidelitatem
389 3137 513 3167 vestram
527 3160 536 3175 ,
555 3147 640 3184 quarn
660 3140 688 3168 in
709 3140 855 3171 imitando
878 3139 1154 3171 confoederationem
1175 3141 1208 3171 &

155 3178 293 3207 unionem
307 3176 457 3214 amicitiae,
474 3176 546 3205 inter
560 3177 772 3209 berenissimum
788 3178 969 3217 Principem,
987 3178 1152 3209 Dominum
1168 3178 1210 3209 A-

155 3215 296 3253 dolphum
311 3214 515 3253 Romanorum
531 3213 645 3253 Regem
660 3215 810 3255 illustrem,
827 3219 862 3249 &
873 3228 943 3256 nos,
961 3219 995 3248 &
1008 3217 1133 3247 haeredes
1155 3227 1210 3247 no-

156 3253 245 3292 stros,
265 3252 399 3291 quamdiu
413 3251 491 3282 idem
506 3251 570 3282 Rex
592 3254 709 3291 vixerit,
727 3254 883 3294 faciendas,
902 3258 935 3287 ὃς
958 3255 1162 3293 postmodum,
1181 3257 1210 3285 in

157 3291 287 3322 faciendo
307 3291 443 3329 compleri
464 3291 500 3320 ab
521 3290 624 3320 eodem
645 3290 728 3330 Rege
740 3316 749 3330 ,
773 3304 837 3331 quae
857 3305 907 3333 per
924 3295 1026 3324 Socios
1047 3294 1154 3324 vestros
1176 3295 1210 3324 &

156 3340 208 3359 vos
229 3329 368 3367 praemi'ssa
386 3329 495 3359 fuerant
515 3330 549 3359 ὅ(
567 3330 672 3367 jurata,
690 3330 849 3362 exhibuistis
872 3333 960 3370 (ficut
979 3332 1100 3372 ejusdem
1123 3332 1211 3371 Regis

157 3367 235 3405 ssiper
246 3368 303 3398 hoc
315 3367 398 3397 fact-se
411 3367 511 3397 litterae
525 3366 712 3405 manifestant)
728 3379 788 3399 non
802 3372 946 3402 immerito
962 3370 1211 3408 commendantes,

157 3416 219 3436 eam
236 3406 475 3444 quamplurimum
489 3414 594 3442 gratam
607 3406 743 3436 habemus
758 3408 792 3438 &
805 3418 960 3450 acceptam.

196 3443 246 3474 De
258 3443 352 3474 vestro
366 3451 460 3473 autem
473 3445 590 3510 negotio
605 3445 634 3473 in
649 3444 726 3475 brevi
739 3446 777 3475 ita
784 3449 970 3484 proponimus
978 3447 1106 3478 ordinare
1115 3447 1209 3486 ,quod

158 3484 261 3513 merito
276 3492 327 3511 vos
342 3488 493 3511 contentos
528 3482 644 3511 ebebitis
652 3485 787 3521 reputari,
805 3484 873 3515 sicut
885 3486 980 3516 duceri·
994 3488 1026 3517 ὃς
1043 3486 1135 3516 fideles
1155 3497 1211 3516 no-

159 3521 226 3559 stri,
246 3519 385 3557 Magister
400 3518 537 3548 Gerlacus
557 3519 576 3538 ²*
596 3519 761 3551 Canonicus
776 3521 929 3562 Aquensis,
948 3525 980 3555 &
993 3524 1158 3554 Eustacliius
1175 3525 1211 3555 de

158 3559 295 3603 Pomerio
317 3559 400 3589 frater
418 3557 495 3595 suus,
513 3557 680 3588 exhibitores
698 3559 894 3599 praesentium,
911 3563 993 3594 vobis
1014 3563 1108 3593 dicere
1131 3571 1211 3600 pote-

156 3606 222 3629 runt
237 3607 301 3629 viva
312 3606 396 3627 voce.

197 3636 312 3674 Qibus
331 3637 360 3664 in
374 3635 441 3671 hiis,
459 3643 523 3671 quae
537 3633 616 3672 super
628 3635 773 3674 praemiffis
787 3646 821 3667 ex
835 3644 912 3675 parte
924 3638 1019 3670 nostra
1028 3639 1157 3670 duxerint
1164 3649 1213 3670 ex-

160 3674 308 3713 ponenda,
326 3673 416 3705 velitis
431 3671 516 3702 fidem
529 3672 672 3704 credulam
686 3673 826 3705 adhibere.

7 3201 62 3245 Rin.
75 3201 138 3244 ‘Alc-

7 3264 77 3282 man.
94 3264 139 3282 22.

9 3297 39 3320 Ε.
53 3302 121 3321 1.m.

11 3339 53 3367 ¹9·

10 3536 144 3566 ⁸11.662.

200 3750 268 3781 Dat.
284 3748 418 3781 London.
435 3749 463 3779 6.
479 3749 525 3780 die
538 3735 735 3789 Novembris,
752 3760 828 3788 anno
842 3749 937 3790 Regni
951 3752 1041 3791 Regis
1054 3763 1102 3785 22.

17 3847 92 3879 Arm.
104 3845 146 3876 D.

42 3894 128 3925 1294.

16 3928 68 3953 An.
85 3933 129 3951 22.

19 3967 49 3990 Ε.
69 3972 92 3989 1.

19 4004 76 4028 Rot.
89 3999 148 4027 Ale-

273 3879 321 3909 De
337 3878 448 3921 negotio
467 3885 604 3922 tangente
623 3874 877 3921 Archiepifiopnm
898 3877 1106 3924 Colonienfim.

236 3962 300 3993 EX
318 3964 480 3995 Venerabili
494 3965 523 3994 in
540 3963 657 3994 Christo
673 3963 766 4002 Patri,
784 3973 817 3995 ac
828 3963 983 3996 Secretario
998 3967 1049 3998 suo
1064 3968 1218 4007 carissimo,

248 4001 381 4033 Domino
396 4003 425 4033 S.
439 4002 540 4033 eadem
557 4002 659 4047 gratia,
675 4002 787 4033 Sanetae
809 4002 988 4034 Colonienfis
1007 4005 1142 4038 Ecclesiae
1164 4009 1220 4038 Ar-

21 4048 90 4065 man.
108 4047 155 4065 22.
167 4039 348 4077 chiepiscopo
364 4079 368 4083 ⁴
382 4040 461 4071 Sacri
482 4040 598 4079 Imperii
619 4050 668 4079 per
690 4040 799 4071 Italiam
817 4040 1090 4084 Archicancellarm,
1105 4045 1220 4076 salutem

21 4079 136 4142 ,ξεέ-ιηη.
167 4078 200 4109 &
215 4076 328 4107 sincerae
342 4063 499 4110 d'ilefflonis
514 4079 660 4110 affecitum.

207 4154 280 4184 ΠΜ.
299 4157 325 4185 I.
343 4156 377 4184 Ρ.
396 4157 455 4185 ΙΙΙ.

1227 229 1702 277 P'UBLICA.
2195 247 2272 292 ‘139

1216 317 1337 365 habetiS,
1355 318 1388 348 ὃς
1412 319 1542 362 habuistis
1564 320 1579 349 a
1601 321 1692 351 multo
1713 329 1842 360 tempore
1850 319 1910 360 jam
1923 320 2031 361 elapso,
2048 319 2118 354 ficut
2132 324 2214 354 nobis
2228 328 2261 353 ex
2278 320 2351 349 Am*
2368 315 2406 350 D·

1212 363 1345 398 relatione
1365 358 1526 386 venerabilis
1550 357 1652 396 Patris,
1674 359 1793 389 Antonii
1807 360 1941 399 Episcopi
1952 361 2169 400 Dunelmensis,
2187 372 2259 392 con-³
2296 364 2382 396 12941

1212 393 1280 423 stitit
1296 393 1453 436 evidenter:
1474 394 1512 425 Et
1526 395 1603 433 quod
1618 396 1753 427 fidelitatis
1768 398 1934 436 obsequium
1952 400 2034 430 nobis
2049 401 2150 438 juravit
2168 400 2259 430 vestra
2278 399 2340 426 Edv.
2360 406 2382 423 ³⁴

1213 440 1374 474 paternitas,
1393 433 1461 463 sicut
1476 432 1591 471 vestrae,
1610 436 1691 464 nobis
1703 434 1781 472 super
1793 436 1845 466 hiis
1865 437 2039 475 tranfinissae,
2058 439 2156 469 litterae
2177 438 2259 468 testa<

1214 471 1331 507 bantur,
1349 472 1459 501 suerunt
1474 472 1714 509 quamplurimum
1731 473 1812 504 nobis
1825 483 1912 513 grata:
1932 476 1969 506 Et
1983 485 2094 506 exnunc
2116 477 2194 507 vobis
2215 476 2259 506 di-

1213 517 1278 537 cere
1290 509 1322 537 &
1335 508 1454 550 scribere
1467 510 1652 548 intendimus,
1670 519 1801 549 tanquam
1815 513 1932 552 nostro,
1950 514 2055 552 vosque
2062 515 2184 545 similiter
2191 515 2260 545 sicut

1212 545 1308 575 noster
1321 545 1438 577 scribatis
1451 548 1533 576 nobis
1548 548 1577 577 in
1589 549 1722 579 omnibus
1737 549 1927 589 confidenter,
1945 552 2059 582 scientes
2078 553 2156 590 quod
2179 554 2258 590 super

1213 594 1249 627 ne
1268 585 1346 622 oti0,
1364 595 1416 615 vos
1435 594 1581 623 tangente,
1599 586 1802 625 ordinavimus,
1821 589 1889 618 sicut
1907 600 1956 627 per
1975 590 2198 622 Dunelmensem
2221 591 2262 621 E.-

1214 632 1240 659 pi
1253 631 1359 659 copam
1373 624 1454 653 vobis
1470 626 1653 660 praeccpimus
1665 626 1793 655 intimari.

1254 660 1302 690 De
1316 660 1362 690 die
1377 672 1446 691 vero
1459 663 1491 693 &
1505 662 1589 700 loco,
1608 663 1708 700 quibus
1722 662 1885 702 magnificus
1899 664 2048 695 Romanus
2070 665 2136 697 Rex
2154 667 2188 698 &
2208 675 2262 698 nos

1216 697 1351 728 debemus
1365 708 1433 729 cum
1448 700 1545 729 nostris
1560 702 1722 731 exercitibus
1737 704 1909 740 convenire,
1925 704 2020 733 habito
2036 705 2114 743 super
2128 706 2185 736 hoc
2206 714 2261 736 tra-

1216 737 1292 766 ctatu
1314 737 1347 767 &
1367 738 1484 767 consilio
1506 738 1643 777 diligenti,
1663 738 1801 778 Magistro
1820 739 1961 779 Gerlaco,
1980 742 2116 778 Aquensis
2128 743 2263 775 Ecclesiae

1216 774 1368 816 Canonico
1378 798 1386 812 ,
1402 777 1434 805 ὃς
1448 775 1601 806 Eustachii>
1615 777 1650 806 de
1663 777 1799 808 Pomerio
1808 778 1896 809 Militi
1910 779 1986 810 fratri
1997 782 2045 809 suo
2054 802 2063 817 ,
2080 781 2205 811 nostram
2214 792 2262 812 ex-

1216 813 1361 849 prellimus
1380 814 1572 851 voluntatem,
1591 815 1670 846 dieto
1693 814 1768 854 Regi
1789 818 1822 847 δε
1842 817 1924 847 vobis
1938 819 2007 854 peri
2028 818 2086 856 sos,
2104 819 2150 848 vel
2164 828 2265 850 eorum

1217 851 1351 889 alterum,
1369 851 1496 882 secretius
1510 852 1707 882 intimandam:
1728 855 1816 891 Super
1833 865 1892 893 quo
1905 856 1985 893 iplius
2031 857 2087 886 eois
2099 857 2266 887 &vestrum

1217 888 1392 957 propgsitum
1406 891 1487 920 nobis
1499 892 1655 921 remandari
1669 892 1787 931 petimus
1802 903 1851 930 per
1863 894 1995 931 eosdem,
2012 879 2065 926 vei'
2077 895 2195 926 alterum
2218 906 2268 926 eo-

1220 936 1283 956 rum
1305 936 1360 956 em.

1257 1001 1324 1032 Dat.
1340 1003 1475 1034 London.
1492 1006 1520 1035 6.
1534 1004 1578 1037 die
1590 1006 1777 1038 Novembris.

1494 1129 1540 1164 W
1537 1129 1667 1167 ichboldo
1687 1134 1805 1164 Decano
1821 1133 1985 1176 Colonienst.

1224 1212 1286 1272 R
1295 1211 1358 1256 EX
1377 1212 1496 1257 discreto
1504 1216 1569 1256 yiro
1583 1217 1616 1246 &
1630 1217 1723 1247 amico
1739 1215 1950 1258 suo‚Magistro
1963 1216 2151 1256 Wycliboldo
2169 1217 2274 1256 Majori
2293 1204 2369 1236 Am·
2379 1203 2420 1235 D·

1305 1261 1333 1280 in
1348 1251 1514 1295 Coloniensi
1529 1252 1668 1292 Decano,
1687 1254 1721 1284 ὃς
1735 1253 1869 1285 Eccleiiae
1889 1256 2026 1294 Aquenlis
2047 1256 2217 1294 Praeposito,
2234 1257 2274 1286 sa·-
2313 1252 2399 1282 ¹²94·

1226 1287 1314 1319 lutem
1328 1291 1361 1319 &
1374 1290 1565 1321 dilefflonem.
2293 1287 2344 1310 ²³⁷²·
2363 1292 2407 1309 ²²·

1249 1326 1352 1369 *Super
1366 1328 1508 1372 diligentia
1521 1332 1553 1360 ὃς
1570 1329 1716 1368 fidelitate,
1735 1341 1801 1369 quas
1816 1332 1889 1362 circa
1903 1332 2182 1362 confoederationem
2196 1332 2229 1362 &
2242 1342 2276 1362 u-
2293 1325 2321 1348 Ε·
2346 1329 2369 1348 ¹⁴
2390 1357 2399 1384 ι

1226 1374 1343 1395 monem
1363 1375 1493 1396 amlcfflae
1511 1368 1649 1406 specialis,
1666 1370 1737 1399 inter
1759 1369 1894 1400 illustrem
1915 1370 2032 1408 Regem
2054 1370 2278 1409 Romanorum,
2294 1363 2348 1386 Μ’
2363 1361 2389 1386 A
2399 1367 2424 1384 ²³

1226 1403 1259 1432 &
1272 1414 1342 1447 nos,
1361 1405 1394 1434 &
1407 1405 1530 1435 haeredes
1543 1407 1654 1436 nostros
1667 1407 1803 1437 faciendas
1817 1409 1850 1438 ὃς
1864 1408 2027 1447 firmandas,
2045 1409 2136 1440 vestra
2149 1409 2277 1439 discretio
2297 1407 2366 1424 ''²¹³⁷‘'
2381 1403 2427 1422 ²²⁴

1226 1440 1368 1479 adhibuit,
1387 1443 1468 1472 vobis
1483 1453 1569 1482 grates
1582 1445 1723 1476 referimus
1739 1446 1933 1477 multiformes.
2298 1439 2327 1461 E.
2342 1443 2409 1461 ¹⁴⁷⁷¹¹

1265 1479 1314 1510 De
1334 1480 1428 1522 vestro
1448 1491 1542 1511 autem
1566 1485 1681 1522 negotio
1701 1483 1909 1523 ordinavimus,
1927 1486 1996 1516 sicut
2014 1485 2103 1517 voluit
2125 1483 2280 1523 Episcopus
2299 1472 2339 1499 ¹8*

1228 1516 1443 1562 Dunelmenlis:
1465 1522 1512 1557 qui
1535 1531 1586 1551 nos
1606 1522 1641 1551 de
1653 1521 1744 1553 vestra
1759 1523 1923 1553 industriosa
1938 1523 2082 1562 fidelitate,
2101 1524 2135 1554 δε
2149 1524 2222 1554 fideli
2235 1526 2279 1554 in-

1227 1555 1331 1586 dustria
1339 1580 1350 1596 ,
1368 1568 1442 1587 circa
1458 1558 1553 1588 nostra
1566 1560 1690 1591 adhibita
1704 1562 1833 1600 negotia,
1851 1561 1969 1593 reddidit
1983 1563 2122 1593 certiores.

1267 1632 1334 1662 Dat.
1352 1633 1487 1664 London.
1502 1635 1529 1664 6.
1543 1635 1588 1665 die
1601 1636 1790 1668 Novembris.

1231 1759 1279 1790 Dc
1297 1758 1450 1805 lslngistro
1467 1759 1615 1810 lsj‘cboldo
1636 1761 1819 1796 admittendo
1839 1767 1869 1796 in
1887 1767 2087 1799 Familiarem
2113 1769 2151 1804 (ῤ’
2177 1769 2279 1799 Secre-

1639 1815 1755 1844 tarium
1772 1816 1870 1860 Regis.

1232 1890 1357 1944 REX
1377 1892 1495 1934 discreto
1519 1893 1589 1924 Viro
1601 1918 1610 1933 ,
1630 1894 1768 1935 Magistro
1786 1897 1829 1926 W
1831 1896 1970 1937 ykebaldo
1984 1923 1993 1936 ,
2013 1898 2118 1936 Majori
2141 1901 2171 1930 in
2192 1899 2284 1930 Colo-
2303 1907 2371 1940 Arm
2391 1907 2431 1941 D,

1233 1968 1290 2001 POs
1305 1934 1391 1998 metz-ii¹
1406 1930 1542 1970 Decitio,
1559 1934 1592 1964 ὃς
1607 1934 1837 1974 Areliidiacono,
1854 1946 1887 1966 ac
1902 1936 2037 1967 Ecclesiae
2050 1939 2188 1976 Aquensis
2203 1939 2284 1970 Prae·
2322 1934 2407 1987 129'4,

1286 1976 1342 2006 ito,
1370 1978 1483 2011 alutem.
2329 1999 2353 2015 n..
2407 2006 2414 2015 .

1258 2005 1445 2044 industriosae
1467 2009 1722 2048 circumspectionis
1743 2013 1775 2042 &
1796 2012 1949 2050 prudentiae
1969 2014 2086 2053 vestrae,
2104 2024 2155 2052 per
2169 1992 2330 2053 venera-³13,
2355 1998 2402 2052 :a

1233 2040 1320 2087 bilem
1341 2044 1472 2088 Patrem,
1490 2048 1651 2078 Antonium
1674 2049 1897 2081 Dunelmensem
1919 2051 2091 2090 Episcopum
2107 2078 2117 2091 ,
2136 2055 2284 2090 praeconiis
2302 2068 2356 2091 Rot.
2372 2061 2435 2091 Ale·

1233 2083 1396 2129 mtellezstisg
1415 2093 1446 2115 ut
1459 2095 1495 2115 eo
1509 2086 1607 2116 nostris
1621 2087 1772 2119 ferventius
1786 2089 1926 2127 obsequiis
1938 2091 2080 2129 insistatis,
2099 2101 2158 2129 quo
2175 2102 2225 2130 per
2234 2102 2286 2123 nos
2303 2112 2372 2130 man.
2388 2109 2434 2129 22.

1233 2128 1361 2165 ampliori
1382 2124 1565 2162 praerogativa
1586 2136 1638 2155 vos
1658 2126 1786 2157 senseritis
1807 2129 1955 2167 honorari,
1976 2130 2004 2159 in
2023 2130 2185 2160 familiarem
2200 2131 2233 2161 ὃς
2247 2131 2288 2161 se·
2302 2144 2331 2167 Ε,
2344 2149 2366 2168 1,
2381 2151 2416 2167 m.

1233 2169 1382 2203 cretarium
1403 2162 1530 2192 nostrum
1550 2173 1602 2193 vos
1621 2164 1750 2195 duximus
1772 2165 1993 2197 admittendum:
2015 2167 2046 2198 Iri
2068 2170 2144 2206 cujus
2160 2171 2200 2199 rei
2213 2169 2288 2199 testi·
2307 2187 2349 2213 19·

1234 2207 1366 2229 monium
1381 2201 1463 2230 vobis
1475 2200 1523 2231 has
1536 2201 1634 2232 litteras
1645 2202 1752 2233 nostras
1767 2213 1890 2241 patentes
1905 2207 2102 2237 concedentes.

1274 2273 1341 2304 Dat.
1352 2275 1425 2312 apud
1439 2275 1558 2307 Turrim
1572 2277 1707 2310 London.
1724 2287 1750 2318 7.
1766 2280 1811 2310 die
1825 2280 2016 2316 Novembris.

1242 2397 1269 2424 ³⁵
1294 2402 1342 2433 De
1357 2399 1497 2444 potestate
1514 2401 1671 2448 recipiendi
1684 2406 1915 2448 Sacramentum
1926 2404 2087 2449 fidelitatis
2103 2417 2122 2437 a
2133 2408 2244 2438 comite
2252 2403 2288 2439 de
2308 2423 2438 2459 ‘115634

1640 2451 1893 2500 Kazinlugbogin.

1324 2533 1379 2565 OS
1398 2534 1553 2567 Edwardus
1587 2534 1648 2566 &c.

1354 2573 1470 2604 Notum
1486 2559 1603 2604 facirrius
1614 2575 1762 2605 Universis
1777 2575 1853 2614 quod
1869 2586 1938 2615 nos,
1956 2576 1989 2606 ad
2012 2575 2221 2615 recipiendum,
2237 2586 2291 2608 no-
2309 2571 2384 2603 Arm-
2396 2569 2437 2604 Da

1241 2612 1321 2654 mine
1341 2612 1455 2652 nostro,
1475 2614 1490 2642 a
1513 2613 1655 2650 spectabili
1676 2615 1738 2644 viro
1754 2614 1933 2653 Ebarliardo,
1952 2615 2072 2646 Comite
2084 2617 2119 2645 de
2134 2614 2290 2655 Kazinlug-
2335 2619 2420 2650 1294·

1238 2649 1346 2687 bogm,
1363 2651 1578 2681 Sacramentum
1599 2651 1745 2682 fidelitatis:
1773 2652 1810 2683 Et
1831 2654 1969 2692 litteram,
1986 2664 2033 2691 per
2050 2664 2134 2692 quam
2148 2654 2233 2684 debet
2247 2664 2291 2684 re-
2305 2655 2356 2679 An·
2378 2661 2425 2680 ²2·

1239 2687 1412 2726 cognoscere
1424 2690 1466 2728 se,
1484 2690 1517 2720 &
1531 2689 1654 2719 haeredes
1668 2690 1729 2720 suos
1743 2699 1855 2729 tenere,
1874 2693 1906 2723 δε
1929 2701 2022 2723 tenere
2041 2692 2161 2730 debere,
2179 2694 2207 2722 in
2229 2691 2291 2722 feo·
2307 2694 2336 2716 E·
2357 2698 2380 2716 ¹«

1239 2725 1280 2756 do
1293 2750 1303 2763 ,
1327 2737 1342 2756 a
1363 2728 1446 2758 nobis
1458 2751 1468 2766 ‚
1493 2729 1526 2758 ὃς
1546 2727 1704 2758 haeredibus
1723 2728 1825 2759 nostris
1837 2754 1846 2768 ,
1862 2729 1960 2761 Castra
1979 2732 2015 2761 de
2036 2730 2196 2763 Hohenber
2215 2730 2236 2761 h
2257 2731 2291 2762 &
2307 2732 2363 2755 Rot.
2378 2724 2439 2754 Ale·

1241 2764 1432 2805 Steynheym,
1450 2776 1514 2804 quae
1528 2766 1605 2796 idem
1620 2765 1730 2797 Comes
1744 2768 1760 2797 a
1779 2770 1895 2798 nemine
1906 2769 1996 2799 asserit
2011 2770 2037 2799 se
2050 2778 2159 2800 teneret
2180 2740 2291 2807 Egtpro-
2309 2774 2379 2793 man·
2394 2772 2439 2791 22‘

1241 2802 1419 2846 missionem,
1435 2815 1520 2842 quarn
1535 2805 1609 2834 idem
1621 2804 1730 2835 Comes
1744 2813 1855 2837 tenetur
1865 2807 1956 2838 facere
1976 2809 2006 2837 in
2023 2809 2124 2838 virtute
2141 2806 2292 2846 praestandi
2307 2807 2336 2831 Ε·
2348 2812 2371 2831 ¹·
2385 2810 2422 2830 Μ’

1237 2844 1404 2881 juramenti,
1423 2843 1502 2881 quod
1516 2842 1552 2873 de
1564 2844 1645 2873 dictis
1657 2842 1762 2874 Castris
1776 2846 1858 2875 nobis
1872 2846 1954 2877 faciet
1974 2847 2157 2885 homagium,
2177 2847 2210 2877 &
2224 2855 2292 2883 pro-
2314 2851 2356 2878 ¹9·

1244 2881 1369 2919 curabit,
1387 2882 1407 2911 fi
1428 2883 1489 2919 quis
1508 2881 1590 2912 fuerit
1604 2906 1614 2919 ,
1632 2882 1776 2922 superioris
1795 2883 1930 2915 assensum
1945 2908 1955 2923 ‚
1972 2894 2042 2915 cum
2061 2884 2095 2914 ad
2114 2893 2202 2922 partes
2224 2884 2293 2913 Ale-

1242 2920 1362 2949 manniae
1375 2921 1551 2958 venerimus,
1569 2919 1705 2950 dileestum
1718 2921 1799 2951 nobis
1813 2921 1998 2954 Eustachium
2008 2924 2044 2954 de
2056 2922 2194 2953 Pomerio
2209 2921 2292 2953 Mili-

1243 2966 1302 2988 tem
1316 2957 1513 2988 constituimus
1526 2959 1593 2988 loco
1607 2958 1703 2988 nostri.
2290 2959 2295 2964 '

1281 2994 1389 3026 Rarum
1402 2997 1435 3026 ὃ(
1449 3005 1559 3035 gratum
1573 2997 1710 3036 habituri,
1728 2997 1807 3036 quod
1820 2998 1910 3030 eidem
1927 2999 2034 3038 Militi,
2051 2979 2171 3031 nomine
2184 2996 2294 3038 nostro,

1244 3033 1351 3064 fadtum
1363 3034 1444 3065 fuerit
1457 3038 1486 3064 in
1501 3033 1654 3072 praemiffis.

1283 3072 1317 3102 ln
1331 3074 1427 3112 eujus,
1445 3074 1505 3104 &c.

1244 3148 1444 3218 noffgtgpud
1463 3148 1583 3180 Turrim
1605 3147 1740 3181 London.
1763 3159 1789 3190 7.
1811 3151 1856 3183 die
1876 3150 2057 3185 Novembris
2071 3177 2081 3192 ,
2098 3162 2175 3188 anno
2197 3149 2293 3192 Regni

1245 3313 1470 3361 Transtripmm
1494 3313 1579 3346 literae
1600 3317 1747 3359 patentis,
1774 3327 1866 3361 quam
1890 3318 1991 3350 Comes
2006 3315 2042 3351 de
2057 3312 2294 3364 Kazinlenbogin

1650 3364 1785 3410 sigillare
1802 3362 1896 3398 debet.

1246 3446 1379 3509 NOS
1394 3447 1587 3487 Eberhardus,
1605 3448 1715 3479 Comes
1735 3446 1772 3477 de
1793 3446 2037 3490 Kazinlenbogin,
2054 3459 2158 3481 notum
2178 3450 2295 3484 facimus
2313 3461 2380 3495 Am,
2399 3462 2442 3496 Β·

1339 3488 1485 3526 univerlis,
1511 3489 1657 3526 praesentes
1679 3487 1780 3517 litteras
1798 3487 1974 3526 inspecturis,
1991 3489 2069 3526 quod
2090 3499 2141 3520 nos
2162 3490 2309 3522 Domine<
2333 3514 2369 3535 12
2383 3487 2410 3543 '4
2435 3488 2440 3493 ’

1245 3526 1400 3558 Eustachio
1412 3527 1448 3557 de
1460 3528 1594 3557 Pomerio
1611 3524 1716 3564 Militi,
1734 3525 1878 3562 recipienti
1890 3527 1954 3556 vice
1968 3528 2001 3558 ὃ(
2018 3529 2136 3557 nomine
2150 3529 2293 3568 magnifici
2309 3547 2351 3571 An
2372 3514 2418 3569 922⁸

1246 3566 1400 3604 Principis,
1419 3565 1541 3596 Domini
1555 3564 1703 3602 Edwardi,
1721 3563 1830 3607 illustris
1844 3564 1930 3604 Regis
1944 3564 2068 3604 Angliae,
2086 3566 2209 3598 Domini
2230 3577 2296 3599 nos·
2308 3585 2338 3608 13.
2355 3565 2389 3608 ’1,

1247 3606 1300 3641 tri,
1318 3605 1438 3635 fecimus
1450 3605 1662 3635 Sacramentum
1674 3601 1828 3639 fidelitatis,
2312 3624 2368 3647 Rot.
2381 3616 2446 3645 Al„-

1285 3643 1533 3682 Recognoscentes
1541 3665 1551 3680 ,
1568 3651 1622 3678 pro
1635 3640 1734 3678 nobis,
1752 3640 1786 3670 &
1798 3639 1953 3671 haeredibus
1965 3641 2081 3680 nostris,
2099 3642 2177 3680 quod
2190 3654 2242 3675 nos
2256 3653 2299 3676 te·-
2315 3667 2374 3686 ma„
2400 3664 2445 3683 22„

1248 3692 1364 3720 nemus,
1383 3681 1415 3712 &
1430 3690 1524 3711 tenere
1538 3680 1691 3716 debemUS,
1708 3680 1736 3708 in
1751 3679 1838 3709 feodo
1849 3679 1885 3709 ab
1906 3680 2009 3710 eodem
2028 3680 2108 3719 Rege
2127 3681 2161 3712 &
2181 3682 2300 3714 haeredi·
2316 3701 2344 3723 E.
2357 3678 2426 3722 1:77„

1250 3721 1300 3751 bus
1314 3720 1383 3758 suis,
1401 3718 1497 3749 Castra
1508 3717 1545 3747 de
1559 3717 1757 3756 Hohenbergh
1771 3718 1804 3747 &
1820 3717 1990 3758 Steynheym
2006 3718 2082 3756 (quae
2103 3729 2250 3759 nunquam
2263 3723 2299 3752 ab

1249 3761 1344 3797 aliquo
1358 3768 1426 3796 nos,
1444 3757 1490 3787 vel
1504 3756 1703 3793 Progenitores
1715 3754 1803 3785 nostri
1815 3757 1966 3793 tenuimus)
1990 3757 2024 3787 &
2044 3759 2252 3798 promittimus,
2269 3762 2300 3792 in

1250 3799 1354 3828 virtute
1373 3795 1488 3833 praestiti
1505 3794 1673 3832 juramenti,
1691 3793 1951 3836 quod,·quamc.ito
1969 3793 2046 3825 idem
2067 3795 2132 3826 Rex
2154 3797 2189 3828 ad
2209 3806 2299 3837 partes

1251 3836 1406 3867 cismarinas
1428 3834 1552 3871 venerit,
1569 3832 1662 3862 eidem
1681 3832 1850 3868 homagium
1870 3831 1906 3861 de
1926 3831 2029 3863 Castris
2050 3833 2192 3871 praedistis
2213 3837 2300 3868 facie—

1253 3884 1315 3905 mus
1329 3898 1338 3910 ‚
1361 3873 1393 3903 ὅτ.
1413 3869 1558 3909 superioris
1577 3869 1746 3900 eorumdem
1768 3869 1952 3909 Castrorum,
1976 3870 1997 3901 si
2019 3874 2080 3910 quis
2100 3873 2200 3914 fuerit,
2222 3876 2302 3914 super

1253 3914 1311 3944 hoc
1326 3911 1500 3981 voluntatgcm
1513 3909 1726 3948 procurabimus
1739 3909 1772 3940 δε
1784 3908 1928 3939 assensum.

1293 3950 1326 3982 In
1340 3958 1434 3989 quuS,
1486 3957 1513 3979 c.

2320 3743 2361 3769 19.
2377 3734 2402 3761 d.

207 4113 318 4145 Vestrae
330 4116 487 4149 sinceritatis
499 4117 632 4157 dilectio,
650 4127 736 4157 quarn
751 4117 786 4149 ad
800 4128 855 4151 nos
874 4118 909 4151 &
927 4118 1071 4152 honorem
1091 4121 1223 4153 nostrum
1248 4138 1250 4141 ·

1729 4156 1788 4191 82
