2570 4261
97 227 177 261 Arm.
188 226 231 258 D.

120 275 207 299 1101.

111 2504 186 2535 Arm.
198 2503 238 2534 D.

132 2553 144 2573 1
152 2551 215 2581 103.

109 2582 201 2618 Anglia
209 2582 241 2614 (²7-

109 2621 235 2648 flandria.

110 2663 150 2687 Ex
163 2660 235 2695 Orig.

254 157 274 187 2
677 127 1926 183 CONVENTIONES‚LITERAE,

1348 220 1499 250 hominem
1512 243 1522 257 ,
1545 218 1591 250 sed
1601 221 1740 259 juvabunt
1751 229 1819 252 eum
1832 243 1843 257 ,
1866 230 1917 258 per
1930 218 2034 259 fidem,
2052 219 2087 251 ad
2100 217 2258 252 tenendum
2268 218 2302 253 &
2313 219 2411 257 defen-
2430 223 2506 255 Ann.
2518 225 2560 257 D.

286 237 334 260 22.
352 242 438 252 -——
452 225 471 257 si
486 225 595 257 Comes
609 224 645 254 ab
659 224 712 254 hac
734 223 928 254 conventione
950 222 1046 253 exierit
1060 246 1071 260 ,
1095 222 1128 253 &
1152 222 1218 252 Rex
1240 232 1308 252 eum

249 268 315 299 inde
328 265 540 303 summonierit,
557 262 709 293 afferentur
724 261 804 299 hujus
819 262 1017 292 conventionis
1032 261 1131 298 scripta
1140 260 1309 299 Boloniam‚

250 307 285 339 &
301 307 340 336 ibi
354 305 538 335 videbuntur:
560 301 580 331 si
595 301 706 331 Comes
719 299 864 330 Eustacius
880 308 948 330 tunc
963 300 1086 336 vixerit,
1104 299 1150 329 vel
1165 307 1235 328 curn
1248 298 1310 329 Re-

250 354 289 383 ge
319 346 393 375 bene
415 342 505 373 fuerit.
543 339 636 378 Qiod
668 338 689 369 si
718 346 848 379 mortuus
870 338 953 369 fuerit
972 337 1083 369 Comes
1113 336 1279 367 Eustachius
1300 361 1311 376 ,

251 383 299 413 vel
446 379 534 415 Regis
683 376 736 407 sset
753 376 788 406 ad
809 386 935 399 —2--—
1049 374 1209 406 deferentur
1226 374 1312 413 scrip-

253 430 280 453 ta
430 436 443 441 -
460 426 519 447 tam
538 431 585 437 --
718 414 853 454 persecet*
870 414 974 445 secum.

291 467 338 497 23.
358 457 386 487 Si
405 465 475 485 vero
493 454 639 485 Robertus
656 452 768 485 Comes
783 447 902 491 Regem
919 451 1125 483 summonuerit
1137 475 1147 488 ,
1173 450 1207 481 ad
1226 450 1312 482 Dou-

253 506 315 527 ram
339 496 370 524 in
396 493 498 531 Anglia
523 493 636 531 praefata
653 492 751 530 scripta
769 492 921 529 ferantur3
952 491 983 520 ib

760 544 1062 551 ——-—-—-——-—
1080 529 1113 558 &
1131 527 1176 557 ille
1193 536 1313 565 eorum,

252 569 589 641 qturioesreggiknictiurnscripta
605 567 716 600 videtur
733 569 810 598 alteri
828 566 992 598 forisfeciffe
1005 591 1014 604 ,
1039 566 1109 596 infra
1127 582 1176 585 —

556 658 906 667 ——-—-—————-
1131 641 1169 673 Et
1186 651 1315 672 conven-

255 688 367 718 tionem
385 686 461 716 suam
510 686 555 715 ille
573 686 621 722 qui
639 683 805 714 forisfecerit
820 707 830 720 ,
855 682 888 713 &
906 680 972 711 alius
988 690 1048 711 non
1067 681 1120 711 erit
1279 689 1314 709 o-

256 724 397 756 comiriffa
414 710 557 760 affidabit,
575 723 655 765 quia,
673 728 810 765 quantum
823 721 946 765 poterit,
962 718 1116 763 Comitem
1130 719 1159 749 in
1175 719 1227 763 hac
1240 728 1315 763 eon-

257 765 393 794 ventione
407 761 528 798 tenebit,
548 761 581 792 &
596 770 624 790 m
638 766 759 790 armcitia
774 759 863 797 Regis
878 783 888 798 ,
910 759 945 790 &
959 767 988 788 in
1000 757 1140 796 praedidw
1154 757 1267 789 servrtio
1281 755 1314 786 fi-

257 801 363 833 deliter.
489 810 1315 820 ——-———--—--—-*---—·—---—-

294 849 341 877 24.
361 839 453 877 Hujus
475 837 673 868 conventionis
692 835 822 867 tenendae
841 845 874 866 ex
897 844 976 874 parte
990 834 1115 865 Comitis
1128 833 1237 865 obfides
1253 833 1315 864 sunt

257 879 399 915 subscripti
416 887 421 906 z
442 876 552 907 Comes
566 875 730 906 Eustachius
745 899 755 914 ,
779 874 889 905 Comes
904 873 940 904 de
956 874 1070 904 Gliisnis
1081 897 1090 912 ,
1117 872 1263 903 Robertus
1279 872 1315 902 de

258 917 377 951 Bettuna
391 940 401 955 ,
428 914 582 946 Baidwinus
597 913 633 944 de
647 913 722 944 Lens
735 937 746 952 ,
771 912 945 944 Willielrnus
961 911 1134 942 Castellanus
1150 911 1186 941 de
1207 911 1314 942 Sanno

258 954 442 991 Audomaro,
462 953 594 990 Rogerus
608 951 781 983 Castellanus
797 951 834 982 de
847 951 937 982 Insula
949 975 960 989 ,
977 950 1122 982 Walter-us
1141 949 1315 980 Castellanus

256 993 294 1024 de
307 992 450 1031 Brugges,
470 990 604 1021 Froaldus
618 989 654 1022 de
670 987 789 1030 Bergae,
807 987 1011 1022 Richewardus
1025 989 1067 1032 de
1079 988 1184 1019 Furnes
1198 1014 1207 1027 ,
1234 986 1315 1019 Bald-

258 1033 348 1064 winus
368 1031 437 1061 filius
458 1030 582 1061 Roberti
603 1029 640 1060 de
661 1029 800 1067 Bettuna,
827 1028 869 1060 Hi
894 1039 996 1060 ornnes
1021 1027 1207 1059 affidaverunt
1222 1027 1316 1067 Regi,

257 1069 345 1139 quoa
352 1068 504 1113 Comitem
517 1068 633 1099 fideliter
648 1069 677 1098 in
692 1068 743 1114 hac
757 1069 967 1136 conyerkijtione²
987 1068 1020 1099 &
1035 1077 1133 1098 amore
1147 1091 1156 1105 ,
1183 1067 1216 1098 δε
1232 1066 1316 1097 servi-

258 1115 941 1189 ‘¹⁰25.eQiimcSuoffiffiffffi’cssffissaffiss
961 1145 1080 1183 exierit,
1107 1144 1140 1175 ὅ(
1162 1142 1317 1174 secundum

257 1185 355 1224 scripta
366 1186 566 1216 conventionis
580 1209 589 1223 ‚
613 1184 684 1214 infra
708 1192 745 1223 50
766 1182 823 1214 dies
846 1183 997 1214 emendare
1016 1198 1318 1204 —-—-————

256 1238 960 1246 ——-——-————-—————-———
982 1220 1071 1252 Com.
1095 1229 1162 1259 erga
1176 1220 1292 1258 Regem
1308 1245 1319 1260 ,

256 1263 369 1293 Liberius
385 1261 575 1299 testabuntur,
594 1263 627 1293 &
644 1263 790 1292 veritatem
806 1260 872 1291 inde
885 1261 988 1292 dicent.

295 1303 341 1332 26.
361 1300 425 1331 Rex
441 1311 511 1331 vero
519 1300 682 1330 assecuravit
690 1299 801 1330 Comiti
810 1300 945 1331 Roberto
959 1301 1047 1330 vitam
1061 1298 1137 1328 suam
1147 1322 1156 1335 ,
1174 1298 1207 1329 &
1224 1307 1318 1328 mem-

257 1340 309 1370 bra
324 1349 387 1378 quae
400 1340 515 1377 corpori
529 1339 577 1369 suo
592 1340 748 1377 pertinent,
766 1339 800 1370 &
815 1340 978 1376 captionem
993 1338 1121 1375 corporis
1135 1337 1190 1375 sui,
1209 1346 1245 1367 ne
1253 1335 1317 1367 Co-

258 1387 320 1408 mes
335 1387 397 1408 eam
411 1378 511 1408 habeat
523 1377 557 1407 ad
573 1377 730 1415 dampnum
746 1377 842 1415 suum,
871 1378 904 1408 δε
921 1376 1000 1415 quod
1014 1386 1068 1406 nec

257 1416 525 1485 perdatkquamdiu
543 1416 654 1446 Comes
667 1415 812 1453 praediistas
826 1417 1032 1459 conventiones
1045 1414 1121 1458 Regi
1135 1414 1263 1458 tenuerit.

255 1454 691 1524 dsss‘Raffiffizss‘e‘ssffiffi
701 1452 1320 1531 ῗὲζὲἓὲῗῗῃὸέἔὲἑῗέὲᾞὲἶ(ῗέὲῗᾶᾞί

256 1542 302 1562 cas
319 1532 439 1569 Argenti
450 1555 460 1570 ,
486 1533 514 1561 in
527 1531 622 1562 feodo.
655 1531 749 1570 Hujus
765 1541 860 1562 autem
875 1533 1002 1569 pecuniae

257 1570 277 1601 si
291 1569 402 1601 Comes
413 1579 476 1600 earn
491 1580 540 1608 per
556 1571 660 1607 legatos
673 1571 735 1600 suos
747 1570 922 1608 requisierit;
950 1569 1041 1609 Qod
1068 1570 1087 1599 si
1109 1568 1174 1599 Rex
1197 1571 1225 1600 in
1247 1578 1319 1606 prae-

256 1608 336 1639 dicto
351 1611 475 1640 termino
489 1617 579 1639 totam
593 1609 743 1646 pecuniam
758 1618 817 1639 non
838 1608 988 1639 reddiderit
1001 1633 1010 1646 ,
1036 1608 1188 1646 postquam
1206 1606 1318 1637 Comes

256 1657 324 1678 eum
338 1647 403 1677 inde
415 1647 637 1685 summonuerit‚
656 1657 706 1684 per
718 1647 842 1684 legatum
855 1647 952 1685 suum,
971 1646 1035 1677 Rex
1048 1647 1117 1677 infra
1132 1656 1172 1685 40
1186 1646 1243 1676 dies
1255 1655 1318 1684 per-

256 1686 362 1725 solvet,
380 1687 412 1717 &
430 1686 487 1716 sine
501 1686 613 1717 laefione
625 1687 824 1716 conventionis
835 1701 1088 1707 ——————-——-
1206 1684 1316 1714 dabun-

256 1733 302 1754 tur
316 1723 446 1762 Comiti,
464 1725 499 1756 &
611 1724 722 1754 Marcie
735 1723 897 1754 Comitiffie
909 1736 919 1761 3
938 1725 975 1754 ita
987 1733 1082 1754 tamen
1094 1748 1103 1762 ,
1129 1722 1207 1762 quod
1219 1723 1238 1753 si
1253 1722 1316 1754 Co—

257 1763 358 1793 mitissa
372 1762 534 1801 decesserit,
554 1771 613 1793 tota
625 1764 743 1800 pecunia
758 1761 870 1793 Comiti
886 1762 1065 1800 persolvetur.

294 1802 339 1831 28.
360 1801 453 1839 Hujus
465 1810 559 1832 autem
575 1802 774 1831 conventionis
792 1801 938 1838 tenendae,
962 1810 997 1831 ex
1011 1809 1088 1839 parte
1103 1800 1192 1837 Regis
1206 1824 1216 1837 ,
1240 1799 1317 1829 obsi-

257 1839 305 1870 des
320 1840 381 1870 sunt
396 1840 538 1878 subscripti
587 1839 697 1870 Comes
712 1839 856 1869 Eustacius
869 1864 878 1878 ‚
905 1839 1015 1870 Comes
1030 1839 1172 1869 Manaffes
1185 1838 1222 1870 de
1235 1837 1318 1868 Chis-

257 1887 306 1908 n&
342 1878 488 1909 Robertus
503 1880 539 1908 de
551 1863 688 1915 belismo,
707 1877 873 1915 Ranulphus
888 1877 1067 1915 Meschinee,
1092 1877 1163 1908 Giss.
1176 1876 1213 1908 de
1228 1877 1319 1914 Aqui-

257 1917 299 1954 la,
314 1902 460 1947 ’I-Ienricus
473 1916 584 1947 Comes
597 1916 634 1946 de
648 1916 732 1960 Auco
745 1941 754 1954 ,
781 1916 914 1954 Rogerus
927 1916 996 1960 filius
1009 1916 1147 1960 Richardi
1162 1940 1171 1953 ,
1193 1915 1320 1960 'Williel-

260 1965 323 1986 mus
337 1954 447 1986 Comes
466 1954 504 1985 de
521 1954 667 1985 Warenna
701 1955 803 1985 Simon
817 1955 853 1985 de
867 1955 994 1986 Molinis.
1032 1955 1071 1985 Et
1090 1954 1135 1984 isti
1153 1954 1199 1984 tali
1219 1953 1321 1984 condi-

257 1995 338 2064 }ione
356 1994 418 2024 sunt
435 1992 546 2024 obsides
567 2003 633 2032 erga
653 1979 743 2025 dom.
766 1994 840 2033 quali
866 1993 1033 2026 conditione
1059 1992 1184 2024 Comitis
1211 1992 1321 2023 obsides

269 2041 341 2110 1³29.
361 2071 400 2102 Et
412 2080 517 2101 omnoe
531 2070 757 2102 assecuraverunt
771 2095 780 2108 ,
805 2070 884 2109 quod
897 2081 957 2102 non
974 2069 1129 2108 diffugient
1143 2070 1322 2100 summoniti-

258 2118 364 2148 onem,
384 2111 417 2141 &
433 2109 511 2148 quod
525 2109 745 2141 summonitores
757 2110 845 2140 securi
861 2118 942 2141 erunt
957 2110 993 2140 ab
1005 2111 1043 2141 eis
1056 2133 1066 2147 ,
1090 2110 1124 2141 &
1138 2110 1174 2139 ab
1186 2109 1322 2140 omnibus

258 2157 332 2186 quos
351 2148 503 2187 prohibere
516 2150 640 2186 poterint
652 2158 668 2179 a
681 2157 860 2180 nocumento
873 2148 1006 2187 ipsorum.

1233 1389 1317 1398 .—

260 2272 478 2322 Cirographum
503 2278 708 2310 Conventionis
735 2279 811 2309 inter
834 2278 879 2309 H.
907 2278 1014 2323 Regem
1033 2275 1150 2321 Angliae
1164 2301 1174 2317 ‚
1207 2276 1243 2313 (ῤ’
1263 2276 1323 2307 Ro-

305 2320 423 2356 bertum
449 2326 593 2357 Comitem
618 2323 767 2357 Flandriae
783 2339 792 2356 :
828 2327 887 2357 Per
908 2337 1001 2371 quam
1018 2351 1028 2366 ,
1056 2335 1112 2369 pro
1135 2322 1229 2356 Feodo
1252 2334 1322 2368 400

301 2374 490 2406 Marcarum
516 2384 570 2419 per
598 2375 728 2406 Annum
753 2400 762 2416 ‚
811 2372 907 2406 dic'lus
938 2376 1039 2405 Comes
1063 2382 1180 2405 tenetur
1205 2375 1322 2404 mittere

310 2431 398 2454 1000
416 2422 539 2455 Milites
555 2425 587 2454 in
605 2424 772 2454 Servitium
788 2424 876 2469 Regis
893 2421 1018 2468 Angliae.

261 2510 285 2531 1.
309 2497 516 2565 COnventio
535 2500 607 2530 inter
626 2499 788 2530 Henricum
809 2499 924 2536 Regem
944 2498 1106 2535 Anglorum
1119 2523 1129 2537 ,
1153 2499 1187 2529 &
1208 2498 1325 2529 Rober·

384 2547 447 2569 tum
467 2537 618 2569 Comitem
639 2537 776 2568 Flandriae
790 2562 799 2577 ,
825 2538 896 2568 faeta
917 2539 951 2569 &
970 2537 1068 2575 scripta
1085 2537 1158 2575 apud
1174 2536 1324 2576 Douram,

259 2577 310 2607 VI.
330 2577 395 2607 Idus
414 2576 513 2607 Martii
1002 2577 1006 2581 ’
1186 2592 1235 2597 --
1250 2577 1324 2606 nien'

259 2616 417 2653 Episcopo,
436 2616 468 2646 ὅ(
482 2601 644 2646 willielmo
657 2614 772 2646 Giffiird
788 2614 967 2645 Cancellario
982 2639 991 2652 ,
1009 2615 1042 2646 &
1058 2613 1206 2645 Rotberto
1219 2612 1324 2645 Comi-

259 2663 288 2684 te
301 2654 336 2684 de
351 2653 494 2691 Mellend,
513 2655 546 2685 &
561 2653 707 2684 Rotberto
719 2653 862 2684 Hamonis
876 2653 935 2683 filio
944 2678 953 2691 ‚
971 2654 1005 2684 &
1020 2668 1323 2674 ——-—-·——

259 2692 297 2723 Et
318 2702 352 2722 ex
368 2701 445 2729 parte
459 2691 585 2722 Comitis
598 2691 721 2722 Roberti
734 2716 744 2730 ,
769 2706 1323 2713 ———-——-·—-—————

258 2732 356 2799 ——algc
370 2730 513 2799 (lixdffiasrqo
526 2728 658 2761 Cononis
671 2730 729 2761 silio
740 2755 751 2769 ,
776 2731 809 2762 ὃς
825 2730 970 2762 Baldwino
983 2729 1019 2760 de
1033 2729 1159 2760 Colhem
1174 2754 1184 2767 ,
1202 2730 1235 2760 &
1251 2729 1323 2760 Fro-

258 2778 291 2801 to
336 2780 356 2799 o
391 2779 406 2799 e
463 2779 512 2799 ua.

297 2819 323 2838 2.
344 2808 489 2838 Robertus
504 2806 614 2837 Comes
628 2806 800 2837 Flandrensis
814 2831 824 2845 ‚
843 2806 898 2837 fide
916 2808 950 2838 &
967 2806 1141 2838 sacramento
1157 2805 1323 2837 assecuravit

262 2847 340 2884 Regi
354 2846 503 2884 Henrico,
522 2847 610 2876 vitam
621 2845 698 2876 suam
712 2847 744 2877 &
761 2847 891 2875 membra
905 2855 969 2883 quae
981 2846 1098 2883 corpori
1111 2845 1160 2875 suo
1167 2846 1321 2883 pertinent,

261 2887 295 2916 &
309 2887 473 2923 captionem
488 2886 616 2922 corporis
630 2884 683 2922 sui,
702 2894 738 2914 ne
752 2883 818 2914 Rex
832 2894 895 2914 eam
909 2885 1008 2915 habeat
1021 2884 1055 2914 ad
1063 2883 1220 2921 dampnum
1227 2882 1320 2913 suum:

260 2923 299 2954 Et
314 2924 391 2962 quod
402 2923 509 2961 juvabit
517 2932 600 2961 eum,
618 2922 652 2952 ad
667 2921 822 2953 tenendum
834 2924 867 2954 &
882 2922 1093 2953 defendendum
1107 2922 1246 2959 Regnum
1261 2922 1323 2951 An-

259 2961 324 3030 {life
340 2986 350 3000 ,
375 2971 474 2992 contra
493 2971 595 2991 omnes
615 2962 664 3000 qui
682 2962 779 2992 vivere
797 2962 831 2992 &
851 2962 927 2991 mori
941 2961 1066 2998 poffim,
1093 2960 1176 2991 Salva
1192 2958 1324 2991 fidelitate

288 3000 383 3037 hilippi
400 3000 487 3036 Regis
502 3000 686 3030 Francorum.
724 2999 765 3030 Ita
779 3001 858 3038 quod
872 3024 881 3038 ,
907 3000 926 3030 si
940 2999 1005 3030 Rex
1020 2999 1164 3037 Philippus
1185 2998 1323 3035 Regnum

261 3037 373 3074 Anglia:
386 3038 516 3068 invadere
532 3038 670 3075 voluerit,
688 3037 799 3069 Comes
816 3037 963 3069 Robertus
979 3063 988 3077 ,
1013 3038 1032 3068 sl
1055 3038 1159 3076 poterit
1172 3060 1182 3074 ,
1208 3036 1323 3075 Regem

261 3076 424 3118 Philippum
448 3086 593 3118 remanere
612 3076 715 3115 faciet,
739 3078 773 3108 &
793 3084 900 3115 quaeret
913 3101 922 3115 ,
948 3087 1123 3114 quocunque
1138 3074 1228 3105 modo
1242 3086 1324 3114 pote-

260 3116 295 3144 rit
309 3139 317 3152 ,
342 3115 459 3145 confflio
473 3115 506 3144 &
520 3115 648 3152 precibus
661 3125 710 3151 per
722 3114 809 3145 fidem
824 3140 833 3152 ,
851 3116 956 3153 absque
969 3115 1044 3145 malo
1058 3116 1187 3152 ingenio,
1207 3114 1264 3144 sine
1275 3114 1324 3145 da-

260 3154 339 3183 tione
357 3154 485 3191 pecunie
499 3176 507 3189 ,
532 3161 563 3182 ut
582 3162 730 3183 remaneat.
767 3153 805 3184 Et
817 3154 837 3184 fi
852 3154 916 3184 Rex
927 3153 1071 3191 Philippus
1082 3154 1111 3182 in
1127 3152 1261 3190 Angliam
1273 3163 1324 3184 v&

260 3193 333 3221 nei-it
347 3215 356 3228 ,
382 3192 416 3223 δε
435 3190 598 3221 Robertiim
619 3190 769 3222 Comitem
781 3192 877 3222 secum
891 3192 1036 3223 adduxerit
1048 3216 1057 3229 ,
1083 3190 1193 3221 Comes
1206 3190 1323 3221 Rober-

260 3239 303 3260 tus
328 3239 387 3259 tam
412 3239 527 3268 parvam
547 3229 742 3259 fortitudinem
763 3230 915 3260 hominum
935 3231 1029 3261 secum
1048 3229 1168 3260 adducet
1186 3254 1195 3268 ,
1234 3239 1322 3268 quam

260 3269 406 3298 minorem
419 3268 522 3306 poterit
536 3278 546 3304 3
571 3269 607 3298 ita
620 3276 732 3306 tamen,
750 3277 786 3298 ne
799 3268 864 3299 inde
877 3268 996 3300 feodum
1010 3269 1106 3306 suum,
1125 3278 1193 3306 erga
1205 3267 1322 3306 Regem

261 3305 404 3345 franciae,
423 3306 580 3337 forisfaciat.

301 3352 324 3382 3.
344 3344 383 3375 Et
396 3369 406 3384 ,
430 3353 495 3375 ante
512 3343 703 3374 neceffitatem
716 3368 726 3382 ,
752 3344 822 3374 infra
841 3353 880 3382 40
893 3344 951 3375 dies
966 3345 1117 3383 postquam
1130 3344 1241 3375 Comes
1257 3344 1323 3375 Ro-

261 3382 358 3413 bertus
370 3408 379 3422 ,
402 3392 436 3413 ex
451 3391 528 3420 parte
538 3382 627 3420 Regis
643 3407 652 3420 ,
677 3383 770 3419 legato
784 3383 830 3413 vel
844 3383 926 3413 literis
939 3383 1126 3414 summonitus
1141 3383 1239 3422 fuerit,
1258 3382 1322 3413 Co-

262 3429 324 3452 mes
343 3420 492 3459 praedici-us
511 3421 589 3451 mille
601 3422 705 3459 equites
718 3421 831 3451 habebit
843 3420 877 3450 ad
931 3430 987 3451 rtus
1000 3422 1063 3452 suos
1078 3446 1087 3460 ,
1113 3431 1222 3459 paratos
1235 3430 1323 3452 trans-

261 3458 363 3527 {retare
384 3461 412 3490 in
434 3459 568 3497 Angliam
587 3462 617 3489 in
636 3459 769 3490 auxilium
789 3459 876 3497 Regis
891 3431 1018 3491 &enrici
1032 3484 1041 3499 ‚
1065 3469 1151 3498 quam
1172 3461 1251 3491 citius
1271 3470 1324 3497 po-

276 3505 335 3527 erit.

262 3534 994 3615 νεὶ*·ἑῑκέἒῗὲηῗῗνεὲῗὲοἳΰηὲἰῗῙηῗὲεέἓῗῑξῖιὲῗῗ
1008 3535 1323 3604 ἴξὲῖῗεὲΐῖἔῗᾛέ

264 3611 338 3648 bus,
365 3619 401 3640 ita
420 3621 451 3642 ut
470 3611 657 3650 unusquisque
677 3613 777 3643 habeat
796 3621 851 3643 tres
873 3622 969 3650 equos.
1007 3611 1048 3642 Ita
1069 3620 1164 3642 tamen
1176 3637 1185 3649 ,
1210 3612 1288 3649 quod
1303 3612 1323 3641 si

265 3647 332 3678 Rex
350 3647 492 3679 Henricus
511 3651 559 3681 has
579 3659 663 3680 naves
682 3650 763 3680 simul
785 3661 838 3681 una
858 3653 923 3681 vice
936 3660 996 3681 non
1010 3649 1113 3680 miserit
1124 3674 1134 3686 ,
1159 3650 1265 3680 Milites
1279 3660 1323 3679 re-

264 3694 409 3716 manentes
428 3687 464 3717 de
477 3688 554 3719 mille
567 3713 576 3727 ,
602 3689 789 3726 expectabunt
801 3689 836 3719 ad
848 3698 966 3728 portum
978 3713 987 3728 ‚
1011 3690 1046 3719 ab
1059 3688 1102 3718 illa
1115 3687 1161 3718 die
1172 3712 1181 3726 ,
1208 3698 1262 3726 qua
1274 3698 1323 3717 na-

264 3733 315 3754 ves
332 3733 401 3754 cum
413 3725 560 3768 ,Militibus
578 3726 614 3757 de
626 3735 712 3765 portu
724 3728 840 3758 exibunt
852 3752 861 3766 ,
885 3727 970 3765 usque
984 3727 1018 3757 ad
1030 3735 1126 3758 totum
1138 3736 1228 3756 unum
1241 3736 1324 3756 men-

264 3761 324 3793 sem
343 3786 352 3799 ,
391 3762 440 3805 nisi
461 3763 530 3792 infra
550 3765 638 3802 ipsum
657 3765 784 3795 mensem
801 3789 810 3803 ,
834 3766 882 3804 ipsi
900 3766 1063 3796 transierint.
1099 3764 1137 3795 Et
1159 3774 1243 3794 naves
1261 3764 1323 3794 istas

266 3799 351 3830 salvas
373 3799 455 3831 sacret
475 3801 620 3834 Robertus
639 3803 750 3834 Comes
767 3827 777 3841 ,
802 3803 839 3833 de
856 3805 990 3834 omnibus
1009 3804 1172 3833 hominibus
1192 3802 1243 3832 suis
1256 3827 1265 3840 ,
1290 3804 1324 3833 &

265 3839 401 3906 offinibds
413 3838 468 3869 aliis
482 3863 491 3876 ,
516 3839 551 3870 de
564 3841 664 3879 quibus
677 3851 720 3872 eas
731 3841 834 3872 salvare
847 3844 966 3881 poterit,
984 3841 1098 3880 eundo,
1116 3840 1272 3879 morando,
1290 3842 1324 3872 ὃς

265 3886 280 3906 r
317 3885 372 3906 eun
393 3886 421 3906 o.

300 3921 327 3952 ς.
337 3913 385 3958 'Et
400 3913 550 3958 postquam
583 3916 689 3947 raediffi
702 3917 810 3949 Milites
820 3919 850 3947 in
865 3917 966 3955 Anglia
978 3926 1061 3950 erunt
1071 3943 1080 3957 ,
1099 3917 1212 3948 fiducias
1223 3917 1326 3949 sacient

266 3950 343 3989 Regi
357 3951 489 3997 Henrico
502 3977 513 3991 ,
528 3963 574 3996 ve¹
587 3954 680 3991 legato
693 3957 766 3994 e'us,
784 3956 806 3986 fi
818 3956 938 3994 requisiti
950 3957 1068 3996 fuerint,
1087 3956 1123 3986 de
1135 3957 1210 3995 hoc,
1250 3955 1324 3994 uod,

266 3989 403 4033 quamdiu
417 4000 554 4021 minnere
567 3991 633 4029 illo,
651 3993 679 4021 in
693 3966 794 4031 Anglia
808 4003 905 4031 erunt,
923 3994 957 4024 ad
970 3995 1131 4032 proficuum
1145 3995 1234 4032 Regis
1275 4004 1325 4025 en-

265 4037 316 4059 rici
334 4037 417 4060 erunt
431 4041 441 4068 3
466 4030 500 4061 ὃς
517 4039 579 4061 non
598 4039 747 4070 quaerent,
772 4032 924 4072 quomodo
940 4032 997 4071 ipse
1014 4034 1112 4072 perdat
1123 4041 1227 4066 terram
1242 4057 1253 4073 ,
1279 4032 1325 4065 vel

563 2576 741 2614 praesentibus
754 2601 763 2616 ,
784 2585 818 2606 ex
841 2584 918 2614 parte
932 2576 1021 2614 Regis

1350 257 1477 288 dendum
1489 257 1630 295 Regnum
1642 258 1771 297 Angliae,
1789 267 1891 289 contra
1902 268 2004 290 omnes
2016 259 2158 290 homines.

1387 297 1414 326 6.
1435 295 1473 327 Et
1493 295 1513 325 si
1532 296 1623 335 aliqua
1641 297 1692 327 alia
1706 303 1778 335 ‘gens
1798 297 1878 334 super
1898 297 2014 335 Regem
2034 299 2064 328 in
2084 297 2219 335 Angliam
2237 298 2368 337 venerit,
2391 298 2412 330 fl

1350 333 1462 365 Comes
1481 334 1651 377 Robertus,
1676 343 1710 365 ex
1729 344 1808 373 parte
1819 335 1908 373 Regis
1920 360 1930 375 ,
1955 345 1987 367 ut
1999 336 2178 374 praedixirnus
2190 360 2201 374 ,
2225 334 2414 368 summonitus

1351 372 1434 404 fiierit
1442 397 1452 411 ,
1469 372 1541 403 infra
1552 373 1721 411 praedisturn
1735 374 1890 404 terminum
1903 397 1913 413 ,
1938 375 1973 405 &
1985 383 2050 406 ante
2060 375 2266 412 necessitatem,
2283 375 2339 413 ipse
2350 374 2413 406 Co-

1351 419 1412 442 mes
1431 421 1501 442 cum
1516 412 1593 442 mille
1606 411 1745 442 Militibus
1760 413 1789 442 in
1803 411 1938 450 Angliam
1949 414 2060 451 veniet3
2078 413 2098 443 fi
2111 423 2171 444 non
2184 413 2314 444 manserit
2326 423 2413 452 prop-

1352 456 1395 479 ter
1414 449 1631 480 monstrabilem
1641 450 1681 480 sui
1692 451 1820 489 corporis
1831 449 2023 481 infirmitatem
2070 451 2116 482 vel
2127 460 2209 482 terrae
2222 451 2276 482 suae
2289 451 2413 483 amiffio-

1352 497 1420 517 nem
1433 512 1443 525 ,
1469 488 1515 519 vel
1528 489 1651 526 Philippi
1663 488 1753 526 Regis
1766 489 1943 519 Francorum
1955 475 2136 526 expeditionis
2145 490 2415 528 summonitionem,

1352 526 1399 555 vel
1413 534 1528 564 propter
1544 526 1723 565 Imperatoris
1734 527 1862 557 Romani
1875 527 2057 565 expeditionis
2070 528 2322 558 summonitionem
2335 553 2345 567 ,
2363 539 2415 568 per

1352 570 1444 593 totam
1455 574 1559 595 terram
1573 566 1650 596 suam
1663 590 1672 604 ,
1696 565 1716 595 si
1731 566 1786 603 ipse
1800 564 1910 596 Comes
1924 565 2071 596 Robertus
2083 574 2152 596 tunc
2163 567 2299 603 temporis
2310 567 2350 597 ibi
2365 568 2414 606 sit;

1355 611 1431 670 33:520
1438 603 1581 678 pragdizsstae
1595 603 1830 634 summonitiones
1841 628 1851 643 ,
1876 613 1992 643 propter
2004 605 2062 635 hoc
2072 604 2195 635 inventae
2210 604 2263 635 sint
2275 628 2285 643 ,
2309 606 2343 637 δε
2358 605 2415 637 sine

1445 651 1474 669 in
1494 651 1568 672 emo.

1392 686 1417 715 7.
1437 678 1476 709 Et
1494 679 1515 709 fi
1527 680 1622 718 aliquis
1637 679 1747 711 Comes
1762 680 1873 717 Angliae
1884 705 1894 719 ,
1919 680 1965 711 vel
1976 680 2020 711 alii
2032 680 2163 712 homines
2174 681 2245 711 illius
2258 688 2340 713 terrae
2353 682 2415 714 Re-

1353 716 1384 752 gi
1401 716 1572 760 bosiaverint
1583 742 1593 756 ,
1617 719 1654 749 ita
1688 718 1746 749 uod
1758 718 1823 749 Rex
1837 718 2019 750 Comitatum
2031 743 2043 758 ,
2065 720 2112 750 vel
2125 719 2219 750 valens
2233 718 2415 757 Comitaturn

1353 754 1473 798 anusent
1484 778 1494 794 ,
1520 755 1666 787 Robertus
1730 766 1789 787 mes
1802 781 1812 795 ,
1837 767 1906 788 cum
1920 757 1997 788 mille
2013 757 2151 788 Militibus
2166 759 2195 787 in
2209 757 2343 795 Angliam
2357 784 2367 797 ,
2384 761 2414 790 in

1353 793 1488 823 auxilium
1496 793 1590 837 ⁴Regis
1599 819 1608 832 ,
1636 796 1751 833 veniet,
1770 795 1819 825 nisi
1834 805 1887 833 pro
1900 797 1990 834 aliqua
2002 796 2102 826 harum
2116 805 2236 834 quatuor
2249 799 2414 828 exoniamm

1354 832 1514 863 remanserit
1528 842 1534 861 z
1563 832 1602 863 Et
1614 831 1634 861 si
1648 831 1758 863 Comes
1772 858 1782 872 ,
1806 842 1922 872 propter
1934 835 2008 873 hoc,
2026 835 2199 873 remanserit,
2218 834 2295 865 mille
2307 836 2415 868 Milites

1355 871 1384 900 in
1399 870 1548 909 Angliam,
1566 872 1595 901 in
1608 871 1741 901 auxilium
1752 871 1858 911 Regis,
1876 881 1908 904 ut
1919 873 1999 911 supra
2010 873 2146 912 diximus,
2165 875 2266 904 mittet.

1392 909 1417 939 8.
1438 908 1476 941 Et
1493 909 1512 940 fi
1532 920 1581 948 per
1601 909 1853 953 summonitionem
1872 911 1949 950 Regi
1986 912 2026 943 lus
2045 922 2131 950 quarn
2150 912 2226 942 mille
2246 912 2353 944 Milites
2365 913 2413 944 ad-

1355 947 1464 979 duxerit
1477 972 1487 985 ,
1512 957 1584 987 quot
1595 948 1674 986 supra
1686 948 1764 979 mille
1773 948 1919 980 adduxerit
1929 973 1939 989 ,
2281 952 2285 956 '

1355 995 1407 1017 mo
1421 987 1545 1025 sequenti
1557 985 1676 1018 servitio.

1392 1035 1417 1065 9.
1440 1026 1532 1064 Qiod
1547 1026 1567 1056 si
1581 1025 1616 1056 de
1629 1025 1706 1056 mille
1721 1023 1877 1064 MilitibuS,
1893 1026 2032 1057 defuerint
2046 1034 2105 1066 20,
2123 1027 2169 1059 vel
2182 1036 2221 1066 40
2234 1052 2243 1066 ,
2268 1028 2313 1059 vel
2327 1027 2413 1067 usque

1355 1063 1390 1094 ad
1405 1073 1522 1096 centurn
1535 1089 1544 1103 ,
1570 1073 1685 1103 propter
1707 1062 1765 1094 hoc
1784 1062 1894 1094 Comes
1907 1074 1966 1095 non
1978 1067 2087 1097 amittet
2097 1067 2324 1097 conventionem
2337 1068 2413 1098 suam

1356 1112 1423 1140 erga
1438 1103 1570 1142 Regem,
1589 1103 1609 1134 si
1620 1102 1773 1141 postquam
1787 1111 1822 1133 ex
1833 1112 1912 1140 parte
1924 1102 2013 1142 Regis
2026 1104 2212 1136 summonitus
2227 1105 2325 1145 fuerit,
2342 1107 2414 1138 infra

1357 1151 1397 1182 40
1411 1140 1468 1172 dies
1482 1141 1608 1180 perficiet
1619 1151 1781 1173 numerum.

1395 1189 1438 1210 10.
1460 1179 1497 1211 Et
1512 1181 1642 1211 homines
1658 1205 1667 1218 ,
1692 1181 1741 1218 qui
1752 1179 1786 1210 ad
1800 1178 1962 1211 Henricum
1976 1178 2092 1217 Regem
2105 1182 2220 1212 venient
2234 1206 2243 1220 ,
2267 1183 2362 1220 quiete
2377 1184 2413 1216 ὃς

1355 1218 1429 1249 salve
1457 1220 1572 1250 venient
1589 1229 1639 1257 per
1660 1227 1764 1249 terram
1786 1219 1821 1249 &
1842 1226 1939 1256 portus
1958 1217 2084 1250 Comitis
2103 1218 2142 1249 R.
2162 1221 2325 1259 quicunque
2337 1221 2389 1252 sint
2401 1247 2412 1261 ,

1357 1257 1403 1287 vel
1417 1257 1606 1297 undecunque
1619 1258 1746 1289 veniant:
1766 1256 1836 1287 Nec
1850 1268 1935 1287 naves
1951 1257 2137 1288 defendentur
2158 1259 2216 1297 eis,
2242 1258 2261 1288 fi
2278 1269 2322 1289 eas
2340 1268 2412 1290 con-

1357 1297 1503 1327 venienter
1518 1296 1681 1327 conducere
1694 1296 1850 1334 voluerint,
1869 1296 1995 1333 Excepta
2005 1304 2076 1327 terra
2088 1295 2212 1327 Comitis
2225 1296 2376 1328 Eustachii.

1396 1343 1440 1364 11.
1461 1334 1499 1366 Et
1521 1335 1685 1365 hominibus
1705 1343 1788 1366 terrae
1809 1334 1934 1366 Comitis
1952 1334 1989 1364 R.
2011 1335 2080 1373 qui,
2110 1335 2139 1365 in
2159 1335 2302 1367 servitium
2322 1335 2414 1375 Regis

1357 1371 1470 1410 Angliae
1488 1375 1586 1405 venire
1606 1373 1747 1405 voluerint
1760 1397 1770 1411 ,
1793 1383 1853 1404 non
1871 1373 2022 1411 denegabit
2035 1371 2145 1404 Comes
2154 1373 2320 1413 licentiam3
2346 1376 2380 1407 &
2392 1376 2412 1406 si

1358 1413 1511 1482 νοεέιξήέῐξῄ,
1536 1420 1651 1480 ρτὲρὲῗς
1669 1410 1728 1442 hoc
1747 1421 1807 1442 non
1825 1413 1955 1480 amkiftgnt
1972 1420 2101 1481 ttegran&
2124 1421 2180 1481 ntec
2195 1412 2342 1453 Feodum,
2360 1424 2415 1445 nec

1430 1462 1448 1480 v
1506 1461 1564 1481 one
1635 1460 1732 1481 iuam
1788 1460 1852 1481 uam
1891 1460 1904 1480 a
1928 1460 1978 1481 ean
2024 1461 2040 1481 e
2102 1460 2179 1480 mie.

1397 1498 1440 1518 12.
1460 1488 1498 1520 Et
1519 1489 1538 1519 fi
1562 1461 1672 1520 Comfels
1693 1461 1806 1520 R.’x(¹³el
1818 1489 1857 1520 sui
1872 1490 2003 1520 homines
2016 1513 2026 1528 ,
2052 1488 2227 1527 inAngliam
2240 1490 2269 1519 in
2282 1491 2416 1522 auxilium

1358 1526 1448 1565 Regis
1463 1528 1607 1567 venerint,
1633 1527 1768 1566 quamdiu
1781 1529 1811 1557 in
1825 1527 1928 1565 Anglia
1940 1528 2043 1558 fuerint
2056 1551 2067 1566 ‚
2091 1536 2173 1558 erunt
2183 1527 2218 1557 ad
2230 1528 2341 1560 vi<fiium
2355 1529 2418 1560 Re-

1357 1567 1415 1604 gis3
1436 1567 1469 1597 δε
1484 1566 1549 1596 Rex
1566 1565 1664 1598 reddet
1676 1567 1714 1596 eis
1725 1565 1832 1604 perdita
1844 1575 1946 1597 eorum
1960 1590 1970 1604 ,
1994 1566 2068 1597 facta
2079 1566 2109 1596 in
2123 1565 2241 1606 Anglia,
2268 1566 2339 1599 sicut
2352 1577 2417 1599 mos

1358 1604 1400 1635 est
1413 1604 1531 1635 reddere
1544 1605 1655 1635 familiae
1669 1605 1731 1635 suae.
2263 1606 2269 1613 ”

1397 1652 1441 1683 13.
1462 1642 1500 1675 Et
1512 1643 1647 1682 quamdiu
1661 1643 1703 1674 illa
1719 1641 1863 1674 neceffitas
1876 1642 2018 1675 duraverit

1983 960 2000 981 e
2013 958 2057 982 tot
2069 952 2122 982 erit
2135 951 2260 990 quietus,
2277 960 2307 981 in
2319 955 2417 991 proxi⁴

1359 1682 1437 1726 liter,
1455 1683 1489 1713 ὃ(
1504 1681 1581 1713 finita
1594 1682 1754 1727 necestitate
1769 1707 1778 1720 ,
1801 1683 1946 1719 permittet
1957 1692 2006 1712 eos
2020 1651 2233 1726 ἷζεξεᾟὲιῒὶιξέἱῃ
2241 1641 2420 1716 {effigi}

1359 1730 1397 1750 eis
1415 1730 1500 1751 naves
1513 1745 1523 1760 ,
1549 1722 1583 1753 ὃς
1603 1720 1715 1752 Comin
1730 1731 1774 1751 eas
1786 1721 1870 1751 salvas
1884 1730 1954 1751 cum
1967 1721 2132 1752 hominibus
2144 1721 2177 1752 &
2188 1723 2308 1759 pecunia
2319 1725 2419 1754 remit<

1359 1767 1408 1789 tet.

1398 1797 1620 1836 ..
1761 1797 2289 1867 sams...
2306 1798 2353 1830 π’

1359 1876 1388 1904 in
1402 1883 1475 1905 terra
1490 1847 1817 1920 suasquatugomesOK·
1827 1847 1981 1906 defedldere
1995 1873 2042 1906 vel
2053 1861 2163 1906 auferr’e
2175 1846 2421 1915 gieseprofsiftpgaffx-

1360 1922 1441 1951 cepta
1452 1922 1524 1944 terra
1537 1913 1662 1944 Comitis
1676 1913 1827 1944 Eustachii.

1400 1960 1443 1990 15.
1463 1952 1502 1984 Et
1525 1952 1544 1982 fi
1563 1954 1625 1990 quis
1637 1953 1790 1983 hominum
1802 1951 1928 1983 Comitis
1941 1951 1980 1982 R.
2000 1950 2077 1989 Regi
2090 1950 2222 1982 Henrico
2234 1952 2281 1983 vel
2295 1950 2420 1984 homini‹

1361 1991 1414 2021 bus
1427 1992 1485 2030 ejus
1503 1991 1685 2030 forisfecerit,
1703 1992 1738 2023 &
1754 1990 1954 2022 recumdinem
1973 2000 2027 2028 pro
2045 1986 2166 2021 Comite
2182 1990 2221 2020 R.
2241 1991 2318 2028 Regi
2335 1991 2421 2022 Hen-

1361 2030 1423 2098 Lico
1436 2054 1450 2074 ,ι
1471 2029 1698 2098 νέἰάῐιοζηίηὼυε
1715 2030 1774 2098 ¹⁸3]qu
1789 2029 2048 2099 {atcergisnggirffeig}
2058 2027 2282 2097 ἰῐιιὶΟᾳπὴῑέζεΙ
2294 2030 2423 2100 bomem-i:

1384 2078 1484 2107 usejus
1535 2078 1628 2099 uciam
1640 2078 1701 2099 non
1736 2078 1751 2098 a
1772 2078 1788 2099 e
1810 2078 1846 2106 i,
1905 2079 1914 2098 i
2042 2077 2061 2098 u
2105 2077 2187 2106 egl-53
2257 2077 2342 2106 cepto

1362 2107 1434 2138 mite
1446 2106 1608 2138 Eustachio.

1402 2146 1446 2175 16.
1467 2145 1505 2177 Et
1526 2146 1545 2176 fi
1566 2147 1632 2177 Rex
1654 2145 1798 2177 Henricus
1819 2144 1971 2176 Comitem
1991 2144 2029 2175 R.
2056 2144 2085 2174 in
2104 2143 2342 2184 Normanniam,
2374 2145 2420 2177 vel

1363 2183 1495 2215 Maniam
1510 2209 1520 2223 ,
1542 2186 1572 2215 in
1590 2185 1692 2215 auxilio
1705 2209 1715 2223 ,
1739 2185 1836 2216 secum
1855 2184 1958 2214 habere
1979 2183 2117 2219 voluerit,
2135 2184 2169 2214 &
2183 2194 2251 2214 eum
2265 2184 2331 2214 inde
2344 2184 2420 2215 sum-

1364 2225 1509 2254 monuerit
1552 2223 1609 2262 ipse
1628 2222 1739 2254 Comes
1760 2223 1826 2254 illuc
1845 2222 1897 2254 ibit
1913 2222 1947 2253 &
1967 2221 2083 2259 Regem
2097 2220 2260 2252 Henricum
2273 2233 2322 2260 per
2333 2222 2420 2254 fidem

1360 2262 1470 2300 juvabit
1506 2248 1575 2293 sicut
1588 2262 1669 2292 suurn
1681 2263 1824 2300 amicum,
1848 2262 1882 2292 δε
1902 2259 2068 2291 Dominum
2088 2259 2202 2304 detquo
2222 2261 2355 2292 Feodum
2377 2270 2421 2292 te·-

1365 2309 1428 2344 net:
1449 2287 1519 2331 N⁷ec
1533 2300 1656 2331 dimittet
1669 2302 1737 2339 quin
1752 2308 1810 2338 eat,
1829 2299 1924 2343 donee
1936 2299 2002 2329 Rex
2018 2299 2242 2343 F1·anc{1udicari
2256 2300 2336 2331 ficiat
2356 2300 2420 2331 Co-

1365 2341 1426 2370 miti
1439 2339 1602 2377 Rotben-o,
1657 2339 1714 2370 uod
1728 2349 1787 2369 non
1801 2338 1903 2369 debeat
1912 2348 2012 2377 juvare
2025 2337 2190 2368 Dominum
2205 2362 2216 2376 ,
2240 2339 2273 2369 &
2291 2340 2421 2370 amicum

1364 2378 1444 2408 suum
1459 2378 1575 2415 Regem
1589 2378 1656 2415 Ang
1670 2379 1717 2416 ³22,
1735 2379 1813 2416 cujus
1827 2376 1960 2408 Feodum
1972 2385 2064 2408 tenet:
2084 2375 2122 2407 Et
2134 2376 2192 2407 hoc
2205 2386 2254 2415 per
2268 2387 2346 2416 pares
2358 2378 2421 2408 suos

1365 2418 1414 2455 qui
1427 2427 1494 2447 eum
1505 2418 1568 2456 jure
1575 2416 1701 2455 judicare
1713 2416 1827 2447 debent.
2207 2455 2212 2459 ²

1404 2464 1447 2492 ¹7-
1468 2456 1506 2486 Et
1518 2455 1580 2485 istas
1593 2455 1827 2486 summonitiones
1842 2452 1952 2484 Comes
1965 2453 2005 2484 R.
2018 2452 2173 2485 nullatenus
2185 2452 2330 2491 diffugiet:
2350 2452 2385 2484 N
2388 2464 2422 2484 ec

1364 2494 1418 2533 illi,
1438 2496 1487 2533 qui
1499 2494 1573 2524 hanc
1587 2494 1841 2525 summonitionem
1854 2492 1973 2531 facient,
1998 2492 2107 2523 malum
2126 2491 2272 2522 habebunt
2288 2502 2338 2530 per
2358 2491 2421 2523 Co-

1364 2534 1466 2601 rfnitgm
1481 2533 1518 2563 R.
1535 2532 1584 2601 ssd
1599 2543 1649 2571 per
1661 2533 1786 2571 aliquem
1799 2532 1969 2570 hominem,
1986 2530 2023 2562 de
2035 2541 2095 2570 quo
2114 2539 2164 2561 eos
2185 2529 2295 2562 Comes
2313 2530 2352 2561 R.
2371 2531 2422 2562 de-

1377 2582 1411 2601 en
1433 2581 1480 2602 ere
1557 2579 1586 2602 it.

1402 2611 1446 2640 18.
1468 2582 1560 2650 (god
1578 2609 1598 2640 si
1619 2609 1685 2640 Rex
1706 2609 1850 2640 Henricus
1868 2608 2020 2639 Comitem
2031 2607 2070 2638 R.
2088 2608 2117 2638 in
2129 2605 2312 2638 Normannia
2323 2607 2420 2638 secum

1362 2650 1391 2678 in
1407 2650 1508 2680 auxilio
1523 2649 1628 2679 habere
1641 2649 1780 2686 voluerit,
1798 2649 1833 2679 &
1852 2656 1920 2677 eum
1938 2647 2023 2677 literis
2043 2645 2090 2676 vel
2108 2646 2203 2682 legatis
2221 2646 2272 2677 suis
2292 2645 2420 2677 summo-

1363 2689 1456 2718 nuerit
1468 2712 1478 2726 ,
1505 2687 1616 2718 Comes
1635 2686 1674 2717 R.
1693 2687 1727 2716 ad
1740 2695 1807 2717 eum
1820 2694 1889 2716 cum
1902 2684 1980 2715 mille
1993 2683 2135 2728 Militibus
2149 2684 2260 2722 veniet3
2280 2685 2328 2722 qui
2340 2684 2419 2728 post-

1364 2727 1494 2794 quamcm
1506 2725 1805 2794 Nmii‘anffsfiiee‘in‘
1819 2747 1828 2763 ³
1855 2723 1927 2792 3333
1940 2722 2338 2791 diffingffiifimeritmn‘affd
2358 2733 2420 2792 viii}

1363 2772 1427 2794 tum
1469 2773 1565 2794 omms
1610 2787 1616 2793 .
1694 2775 1703 2793 i
1795 2772 1844 2792 eos
1928 2772 1958 2791 us
2158 2771 2176 2790 u
2242 2784 2252 2798 ‚
2305 2771 2334 2791 us
2347 2772 2368 2792 o

1362 2802 1460 2832 diebus
1475 2802 1662 2833 morabuntur
1675 2811 1744 2832 cum
1761 2801 1846 2838 Rege
1857 2812 1868 2837 ς
1892 2800 1927 2831 &
1947 2799 2014 2830 Rex
2023 2800 2054 2829 in
2066 2798 2108 2828 his
2120 2798 2224 2828 ultimis
2239 2799 2310 2830 οᾶο
2321 2799 2421 2830 diebus

1364 2841 1475 2871 vidium
1493 2842 1530 2871 eis
1551 2840 1690 2878 praebebit
1703 2864 1713 2878 ,
1739 2841 1772 2871 ὅς
1793 2839 1899 2876 perdita
1918 2838 2025 2868 horum
2040 2837 2112 2868 oCto
2130 2836 2242 2867 dierum
2261 2838 2300 2868 eis
2315 2837 2421 2869 restau-

1363 2880 1450 2918 rabit,
1468 2879 1538 2910 sicut
1552 2889 1616 2910 mos
1630 2878 1672 2909 est
1685 2877 1763 2908 reddi
1776 2877 1887 2908 familiae
1899 2876 1962 2907 suae.

1364 2917 1596 2987 m¹12ioffssffni¹1¹i2
1610 2926 1765 2986 ξὲἲὲἵέἓέ
1790 2912 2421 2990 Ἑὲηῗέὓῖἒρὲἓῖἓὶῗῇἒῖῗὲᾝῗὲἷίἓςὲἒ

1363 3004 1429 3025 cern
1446 2994 1586 3025 Militibus
1598 3002 1708 3025 tantum
1721 3018 1730 3032 ‚
1756 2978 1791 3024 δ’(
1809 2993 1854 3023 alii
1873 2991 2000 3030 praediffl
2019 2990 2128 3022 Milites
2150 2991 2337 3023 remanebunt
2350 3001 2420 3023 curn

1365 3033 1466 3071 Rege,
1485 3035 1514 3063 in
1530 3033 1642 3064 servitio
1657 3034 1691 3064 &
1703 3031 1834 3062 fidelitate
1845 3031 1898 3062 sua.

1400 3081 1447 3102 20.
1468 3071 1528 3109 Ipse
1542 3081 1612 3103 vero
1631 3070 1742 3102 Comes
1757 3069 1796 3100 R.
1815 3070 1910 3100 veniet
1929 3067 1964 3098 ad
1985 3067 2102 3105 Regem
2115 3066 2279 3099 Henricum
2291 3068 2320 3098 in
2335 3067 2421 3099 Nor-

1363 3112 1524 3148 manniam,
1543 3110 1612 3140 sicut
1624 3109 1811 3147 praedicftumg
1829 3109 1863 3140 δε
1878 3106 1928 3137 nisi
1941 3106 2101 3137 remanserit
2114 3130 2124 3143 ,
2149 3116 2265 3144 propter
2285 3116 2420 3144 apparen-

1363 3157 1423 3179 tem
1437 3150 1476 3179 sui
1487 3150 1615 3187 corporis
1629 3147 1837 3184 infirmitatem,
1856 3146 1901 3177 vel
1914 3154 1997 3176 terrae
2010 3145 2065 3176 suae
2078 3145 2273 3189 amflfionem,
2289 3145 2419 3176 autsuat'n

1364 3187 1573 3225 expeditionem
1588 3211 1598 3226 ‚
1622 3186 1668 3216 vel
1692 3186 1781 3222 Regis
1805 3185 1998 3222 Francorum,
2024 3183 2071 3214 vel
2091 3182 2270 3220 Imperatoris
2290 3183 2420 3226 Romani

1363 3226 1588 3262 expeditionem,
1607 3224 1676 3255 sicut
1690 3224 1768 3261 supra
1782 3224 1924 3261 scriptum.
1953 3221 1992 3253 Et
2005 3221 2026 3252 fi
2037 3230 2154 3259 propter
2169 3224 2227 3253 hoc
2242 3221 2419 3260 remanserit,

1363 3265 1441 3294 mille
1455 3264 1563 3294 Milites
1577 3265 1606 3292 in
1617 3262 1850 3300 Normanniam,
1867 3261 1902 3291 ad
1915 3261 2059 3292 servitium
2074 3259 2181 3298 Regis,
2198 3261 2300 3291 mittet.

1399 3312 1446 3333 21.
1466 3301 1505 3333 Et
1525 3302 1545 3332 si
1572 3301 1637 3331 Rex
1657 3302 1685 3331 in
1707 3300 1806 3330 Mania
1829 3310 1896 3331 eum
1911 3300 2015 3330 habere
2024 3299 2120 3329 secum
2136 3299 2258 3330 voluerit
2270 3322 2279 3335 ,
2297 3296 2354 3335 ipse
2367 3297 2420 3329 ibit

1363 3350 1432 3371 cum
1447 3349 1506 3379 500
1522 3340 1663 3370 Militibus
1676 3339 1761 3369 semel
1780 3341 1809 3369 in
1824 3338 1912 3369 Anno
1926 3362 1936 3376 ,
1962 3339 1996 3369 &
2011 3346 2093 3368 erunt
2103 3338 2133 3367 in
2148 3336 2354 3379 familia'Regis
2368 3346 2420 3374 per

1363 3389 1454 3409 unum
1474 3380 1618 3415 integrum
1640 3377 1767 3408 mensem
1787 3379 1816 3407 in
1833 3377 1932 3407 Mania
1952 3376 1983 3413 (fi
2006 3375 2072 3406 Rex
2093 3385 2158 3406 eam
2177 3373 2283 3407 tamdiu
2298 3375 2419 3405 retinere

1363 3418 1495 3453 voluerit)
1511 3417 1546 3446 ad
1558 3417 1669 3447 vic'tuin
1683 3416 1786 3453 Regis:
1807 3417 1841 3447 &
1854 3415 1888 3446 ad
1901 3414 2007 3453 perdita
2025 3414 2166 3445 reddenda
2180 3437 2190 3451 ,
2213 3413 2284 3457 sicut
2297 3421 2362 3443 mos
2375 3412 2421 3457 est

1362 3456 1474 3486 familiae
1494 3455 1592 3492 Regis.
1630 3454 1669 3485 Et
1688 3455 1746 3485 hoc
1761 3454 1837 3484 idem
1853 3455 1934 3485 saciet
1949 3454 1986 3483 eis
2003 3453 2068 3484 Rex
2079 3478 2089 3492 ,
2108 3461 2143 3483 ex
2157 3461 2216 3489 quo
2229 3451 2374 3482 intrabunt
2387 3461 2417 3482 in

1363 3494 1577 3525 Normanniam
1587 3518 1596 3536 ἶ
1613 3493 1647 3522 ad
1661 3493 1788 3523 eundum
1801 3495 1830 3523 in
1846 3493 1982 3523 Maniam.
2235 3528 2241 3533 ·
2357 3528 2362 3533 ι
2384 3528 2390 3533 ·

1399 3542 1445 3564 22.
1467 3532 1558 3571 Quod
1579 3534 1598 3561 h
1623 3530 1733 3561 Comes
1754 3531 1793 3561 R.
1819 3541 1869 3569 per
1888 3530 2142 3562 summonitionem
2164 3526 2254 3565 Regis
2269 3526 2391 3571 Henriei
2405 3552 2415 3565 ,

1362 3571 1507 3610 plusquam
1522 3571 1601 3600 mille
1618 3569 1726 3600 Milites
1740 3570 1770 3600 in
1785 3569 2001 3601 Normanniam
2014 3592 2025 3606 ,
2051 3568 2096 3598 vel
2118 3565 2220 3610 plures⁶
2230 3574 2316 3603 quam
2331 3575 2415 3603 quin-

1362 3619 1463 3647 gentos
1478 3611 1506 3638 in
1520 3609 1650 3639 Maniam
1661 3607 1771 3639 duxerit
1784 3609 1829 3639 vel
1844 3608 1946 3639 miserit
1958 3632 1967 3645 ,
1993 3613 2064 3644 quot
2084 3604 2164 3648 supra
2180 3603 2258 3634 mille
2273 3605 2304 3647 in
2323 3603 2414 3647 ‘Nor-

1362 3649 1522 3685 manniam,
1540 3647 1586 3678 vel
1599 3648 1678 3684 supra
1692 3648 1862 3684 quingentos
1874 3648 1902 3677 in
1918 3646 2046 3676 Maniam
2059 3642 2169 3673 duxerit
2180 3642 2226 3673 vel
2239 3641 2357 3680 miserit,
2374 3641 2412 3672 de

1361 3695 1410 3730 tot*
1419 3687 1471 3716 erit
1486 3687 1595 3724 quietus
1609 3687 1637 3715 in
1651 3686 1783 3729 proximo
1797 3686 1920 3730 sequenti
1932 3683 2041 3714 servitio
2052 3705 2062 3719 ,
2087 3681 2194 3711 horum
2212 3679 2412 3747 duommRserT

1361 3724 1731 3793 ἓὲἓὲἕέὲεὲἑῖἳῗικὲἒῗὲ
1740 3717 2318 3801 {cffissff¹ael3“};¹gdgg¹gqg²geffisffr9ffi{⁵
2323 3727 2412 3787 ..1133

1362 3801 1474 3831 servitio
1487 3802 1516 3830 in
1529 3801 1579 3831 illo
1593 3800 1697 3831 eodem
1712 3800 1817 3838 Anno,
1835 3799 1884 3830 nifi
1898 3799 1983 3835 gratia
1995 3797 2125 3840 amicitiae
2138 3795 2244 3828 fecerit.

1397 3849 1445 3879 23.
1466 3838 1503 3869 Et
1517 3839 1536 3868 si
1549 3838 1659 3869 Comes
1674 3839 1711 3869 R.
1730 3842 1760 3870 in
1781 3837 1957 3876 expeditione
1976 3835 2081 3872 fuerit,
2126 3832 2222 3877 pando
2243 3832 2316 3862 hane
2328 3831 2413 3876 'sum-

1361 3879 1555 3908 monitionem
1572 3878 1701 3908 habuerit
1713 3902 1722 3916 ,
1748 3876 1813 3915 post
1833 3875 1954 3906 reditum
1975 3872 2011 3903 de
2033 3881 2104 3909 expe
2133 3880 2212 3902 tione
2232 3870 2347 3901 habebit
2366 3880 2412 3914 re-

1360 3916 1489 3954 speCmm
1504 3940 1516 3954 ‚
1533 3916 1618 3954 usque
1632 3916 1666 3946 ad
1677 3916 1766 3946 finitas
1778 3922 1833 3945 tres
1847 3910 2054 3949 hebdomadas,
2071 3911 2105 3941 δε
2118 3908 2242 3953 eundem
2253 3909 2414 3953 respeetum

1361 3955 1491 3992 habebit,
1511 3954 1530 3984 fi
1551 3954 1738 3986 summonitus
1758 3953 1841 3984 fuerit
1859 3951 1928 3981 infra
1948 3950 2094 3992 proximos
2106 3948 2178 3978 osto
2191 3946 2250 3992 dies
2261 3946 2327 3985 post
2340 3946 2414 3978 redi-

1362 4001 1424 4023 tum
1449 3992 1486 4022 de
1507 3992 1692 4029 expeditione.
1730 3991 1768 4022 Et
1791 3990 1811 4020 fi
1830 3989 1956 4019 infirmus
1976 3987 2083 4025 fuer1t‚
2115 3986 2230 4018 habebit
2253 3985 2414 4024 respectum

1362 4030 1492 4064 mittendi
1506 4030 1614 4064 Milites
1629 4031 1715 4072 usque
1727 4029 1763 4060 ad
1775 4028 1868 4060 finitos
1885 4034 1917 4059 ις
1938 4025 2002 4057 dies.
2368 4069 2410 4099 24

2451 273 2537 305 ¹103·
