<?xml version="1.0" encoding="UTF-8"?>
<!DOCTYPE html PUBLIC "-//W3C//DTD XHTML 1.0 Transitional//EN"
    "http://www.w3.org/TR/xhtml1/DTD/xhtml1-transitional.dtd">
<html xmlns="http://www.w3.org/1999/xhtml" xml:lang="en" lang="en">
 <head>
  <title>
</title>
<meta http-equiv="Content-Type" content="text/html;charset=utf-8" />
  <meta name='ocr-system' content='tesseract 3.04.00' />
  <meta name='ocr-capabilities' content='ocr_page ocr_carea ocr_par ocr_line ocrx_word'/>
</head>
<body>
  <div class='ocr_page' id='page_1' title='image "./fderaconventione01ryme_0740.png"; bbox 0 0 2570 4261; ppageno 0'>
   <div class='ocr_carea' id='block_1_1' title="bbox 231 152 280 180">
    <p class='ocr_par' dir='ltr' id='par_1_1' title="bbox 231 152 280 180">
     <span class='ocr_line' id='line_1_1' title="bbox 231 152 280 180; baseline 0.02 -1"><span class='ocrx_word' id='word_1_1' title='bbox 231 152 280 180; x_wconf 86' lang='lat'>12</span> 
     </span>
    </p>
   </div>
   <div class='ocr_carea' id='block_1_2' title="bbox 80 212 1323 1754">
    <p class='ocr_par' dir='ltr' id='par_1_2' title="bbox 80 212 1323 1754">
     <span class='ocr_line' id='line_1_2' title="bbox 80 212 1303 266; baseline -0.008 -12"><span class='ocrx_word' id='word_1_2' title='bbox 80 235 158 266; x_wconf 47' lang='lat' dir='ltr'>Am„</span> <span class='ocrx_word' id='word_1_3' title='bbox 173 232 212 263; x_wconf 34' lang='lat' dir='ltr'>D*</span> <span class='ocrx_word' id='word_1_4' title='bbox 262 218 454 252; x_wconf 70' lang='lat' dir='ltr'>Procuratores</span> <span class='ocrx_word' id='word_1_5' title='bbox 466 220 498 251; x_wconf 91' lang='lat'>&amp;</span> <span class='ocrx_word' id='word_1_6' title='bbox 517 218 650 250; x_wconf 83' lang='lat' dir='ltr'>Nuncios</span> <span class='ocrx_word' id='word_1_7' title='bbox 662 216 770 247; x_wconf 90' lang='lat' dir='ltr'>nostros</span> <span class='ocrx_word' id='word_1_8' title='bbox 785 214 819 246; x_wconf 89' lang='lat' dir='ltr'>ad</span> <span class='ocrx_word' id='word_1_9' title='bbox 835 213 936 246; x_wconf 78' lang='lat' dir='ltr'>vestrae</span> <span class='ocrx_word' id='word_1_10' title='bbox 951 213 1109 246; x_wconf 65' lang='lat' dir='ltr'>Sanetitatis</span> <span class='ocrx_word' id='word_1_11' title='bbox 1129 212 1303 252; x_wconf 79' lang='lat' dir='ltr'>praesentiam</span> 
     </span>
     <span class='ocr_line' id='line_1_3' title="bbox 110 260 1307 329; baseline -0.008 0"><span class='ocrx_word' id='word_1_12' title='bbox 110 281 192 312; x_wconf 62' lang='lat'>¹301&#39;</span> <span class='ocrx_word' id='word_1_13' title='bbox 230 260 430 328; x_wconf 50' lang='lat' dir='ltr'>destDlsiiniiisseis</span> <span class='ocrx_word' id='word_1_14' title='bbox 450 296 482 326; x_wconf 73' lang='grc' dir='ltr'>δε</span> <span class='ocrx_word' id='word_1_15' title='bbox 503 291 688 324; x_wconf 82' lang='lat' dir='ltr'>concedimus</span> <span class='ocrx_word' id='word_1_16' title='bbox 708 290 888 329; x_wconf 74' lang='lat' dir='ltr'>generalem,</span> <span class='ocrx_word' id='word_1_17' title='bbox 915 289 1008 321; x_wconf 89' lang='lat' dir='ltr'>lenam</span> <span class='ocrx_word' id='word_1_18' title='bbox 1023 291 1056 322; x_wconf 86' lang='lat'>&amp;</span> <span class='ocrx_word' id='word_1_19' title='bbox 1070 290 1307 329; x_wconf 86' lang='lat' dir='ltr'>liberam,tenore</span> 
     </span>
     <span class='ocr_line' id='line_1_4' title="bbox 233 329 1002 374; baseline -0.01 -8"><span class='ocrx_word' id='word_1_20' title='bbox 233 335 427 374; x_wconf 66' lang='lat' dir='ltr'>praesentium,</span> <span class='ocrx_word' id='word_1_21' title='bbox 443 333 607 372; x_wconf 82' lang='lat' dir='ltr'>potestatem</span> <span class='ocrx_word' id='word_1_22' title='bbox 631 331 664 360; x_wconf 75' lang='grc' dir='ltr'>δε</span> <span class='ocrx_word' id='word_1_23' title='bbox 688 329 804 373; x_wconf 78' lang='lat' dir='ltr'>speciale</span> <span class='ocrx_word' id='word_1_24' title='bbox 819 340 885 359; x_wconf 91' lang='lat' dir='ltr'>man</span> <span class='ocrx_word' id='word_1_25' title='bbox 920 338 1002 372; x_wconf 77' lang='lat' dir='ltr'>turn,</span> 
     </span>
     <span class='ocr_line' id='line_1_5' title="bbox 270 365 1307 411; baseline -0.008 -8"><span class='ocrx_word' id='word_1_26' title='bbox 270 370 540 411; x_wconf 85' lang='lat' dir='ltr'>Petendi,audiendi</span> <span class='ocrx_word' id='word_1_27' title='bbox 569 369 783 406; x_wconf 88' lang='lat' dir='ltr'>recipiendi,&amp;</span> <span class='ocrx_word' id='word_1_28' title='bbox 795 367 959 405; x_wconf 86' lang='lat' dir='ltr'>acceptandi</span> <span class='ocrx_word' id='word_1_29' title='bbox 974 365 1307 408; x_wconf 76' lang='lat' dir='ltr'>complementum‚per-</span> 
     </span>
     <span class='ocr_line' id='line_1_6' title="bbox 82 392 1309 448; baseline -0.007 -7"><span class='ocrx_word' id='word_1_30' title='bbox 82 412 102 433; x_wconf 60' lang='lat'><strong>⁴</strong></span> <span class='ocrx_word' id='word_1_31' title='bbox 112 410 217 447; x_wconf 79' lang='lat' dir='ltr'>IL890.</span> <span class='ocrx_word' id='word_1_32' title='bbox 235 411 408 448; x_wconf 61' lang='lat' dir='ltr'>feetionem,</span> <span class='ocrx_word' id='word_1_33' title='bbox 419 410 478 439; x_wconf 69' lang='lat' dir='ltr'>*ac</span> <span class='ocrx_word' id='word_1_34' title='bbox 492 392 606 438; x_wconf 72' lang='lat' dir='ltr'>totalem</span> <span class='ocrx_word' id='word_1_35' title='bbox 626 405 902 437; x_wconf 86' lang='lat' dir='ltr'>consummationem</span> <span class='ocrx_word' id='word_1_36' title='bbox 921 405 1158 443; x_wconf 79' lang='lat' dir='ltr'>pronunciationis</span> <span class='ocrx_word' id='word_1_37' title='bbox 1173 414 1205 434; x_wconf 90' lang='lat' dir='ltr'>ac</span> <span class='ocrx_word' id='word_1_38' title='bbox 1222 407 1309 434; x_wconf 76' lang='lat' dir='ltr'>retor-</span> 
     </span>
     <span class='ocr_line' id='line_1_7' title="bbox 234 446 1294 487; baseline -0.008 -7"><span class='ocrx_word' id='word_1_39' title='bbox 234 450 364 480; x_wconf 76' lang='lat' dir='ltr'>mationis</span> <span class='ocrx_word' id='word_1_40' title='bbox 377 446 577 487; x_wconf 62' lang='lat' dir='ltr'>praedidiarum</span> <span class='ocrx_word' id='word_1_41' title='bbox 586 467 596 483; x_wconf 96' lang='lat'>,</span> <span class='ocrx_word' id='word_1_42' title='bbox 1029 482 1034 487; x_wconf 92' lang='lat'>.</span> <span class='ocrx_word' id='word_1_43' title='bbox 1169 480 1174 485; x_wconf 84' lang='lat'><em>.</em></span> <span class='ocrx_word' id='word_1_44' title='bbox 1288 479 1294 484; x_wconf 38' lang='grc'><em>.</em></span> 
     </span>
     <span class='ocr_line' id='line_1_8' title="bbox 269 478 1310 521; baseline -0.008 -5"><span class='ocrx_word' id='word_1_45' title='bbox 269 486 304 516; x_wconf 90' lang='lat' dir='ltr'>Et</span> <span class='ocrx_word' id='word_1_46' title='bbox 321 488 418 517; x_wconf 84' lang='lat' dir='ltr'>omnia</span> <span class='ocrx_word' id='word_1_47' title='bbox 437 486 486 515; x_wconf 76' lang='lat' dir='ltr'>alia</span> <span class='ocrx_word' id='word_1_48' title='bbox 504 485 536 514; x_wconf 69' lang='grc' dir='ltr'>ὅ(</span> <span class='ocrx_word' id='word_1_49' title='bbox 556 481 677 521; x_wconf 79' lang='lat' dir='ltr'>singula,</span> <span class='ocrx_word' id='word_1_50' title='bbox 699 491 779 520; x_wconf 86' lang='lat' dir='ltr'>quae,</span> <span class='ocrx_word' id='word_1_51' title='bbox 798 481 875 520; x_wconf 87' lang='lat' dir='ltr'>super</span> <span class='ocrx_word' id='word_1_52' title='bbox 893 480 1092 512; x_wconf 87' lang='lat' dir='ltr'>reformatione</span> <span class='ocrx_word' id='word_1_53' title='bbox 1113 490 1189 518; x_wconf 79' lang='lat' dir='ltr'>paCis</span> <span class='ocrx_word' id='word_1_54' title='bbox 1208 478 1310 517; x_wconf 79' lang='lat' dir='ltr'>praedi-</span> 
     </span>
     <span class='ocr_line' id='line_1_9' title="bbox 234 517 1308 563; baseline -0.007 -8"><span class='ocrx_word' id='word_1_55' title='bbox 234 525 307 563; x_wconf 59' lang='lat' dir='ltr'>(tae,</span> <span class='ocrx_word' id='word_1_56' title='bbox 322 534 354 554; x_wconf 89' lang='lat' dir='ltr'>ac</span> <span class='ocrx_word' id='word_1_57' title='bbox 367 526 453 554; x_wconf 86' lang='lat' dir='ltr'>etiam</span> <span class='ocrx_word' id='word_1_58' title='bbox 466 522 542 560; x_wconf 89' lang='lat' dir='ltr'>super</span> <span class='ocrx_word' id='word_1_59' title='bbox 556 521 690 552; x_wconf 87' lang='lat' dir='ltr'>omnibus</span> <span class='ocrx_word' id='word_1_60' title='bbox 705 521 829 559; x_wconf 81' lang='lat' dir='ltr'>guerris,</span> <span class='ocrx_word' id='word_1_61' title='bbox 848 517 1129 562; x_wconf 77' lang='lat' dir='ltr'>discordiis,litibu5,</span> <span class='ocrx_word' id='word_1_62' title='bbox 1146 526 1308 562; x_wconf 80' lang='lat' dir='ltr'>controver-</span> 
     </span>
     <span class='ocr_line' id='line_1_10' title="bbox 233 556 1310 601; baseline -0.007 -8"><span class='ocrx_word' id='word_1_63' title='bbox 233 563 291 600; x_wconf 89' lang='lat' dir='ltr'>siis,</span> <span class='ocrx_word' id='word_1_64' title='bbox 311 562 394 593; x_wconf 85' lang='lat' dir='ltr'>causis</span> <span class='ocrx_word' id='word_1_65' title='bbox 408 585 418 601; x_wconf 91' lang='lat'>,</span> <span class='ocrx_word' id='word_1_66' title='bbox 444 560 662 599; x_wconf 61' lang='lat' dir='ltr'>quaestionibus,</span> <span class='ocrx_word' id='word_1_67' title='bbox 684 558 813 596; x_wconf 77' lang='lat' dir='ltr'>dampnis</span> <span class='ocrx_word' id='word_1_68' title='bbox 828 581 838 597; x_wconf 92' lang='lat'>,</span> <span class='ocrx_word' id='word_1_69' title='bbox 864 559 897 588; x_wconf 90' lang='lat'>&amp;</span> <span class='ocrx_word' id='word_1_70' title='bbox 919 558 1025 596; x_wconf 88' lang='lat' dir='ltr'>injuriis</span> <span class='ocrx_word' id='word_1_71' title='bbox 1039 580 1048 597; x_wconf 86' lang='lat'>,</span> <span class='ocrx_word' id='word_1_72' title='bbox 1074 557 1254 595; x_wconf 89' lang='lat' dir='ltr'>petitionibus</span> <span class='ocrx_word' id='word_1_73' title='bbox 1276 556 1310 586; x_wconf 89' lang='lat'>&amp;</span> 
     </span>
     <span class='ocr_line' id='line_1_11' title="bbox 230 594 1311 638; baseline -0.006 -7"><span class='ocrx_word' id='word_1_74' title='bbox 230 601 388 631; x_wconf 65' lang='lat' dir='ltr'>afflonibus</span> <span class='ocrx_word' id='word_1_75' title='bbox 396 622 406 637; x_wconf 86' lang='lat'>,</span> <span class='ocrx_word' id='word_1_76' title='bbox 421 600 554 638; x_wconf 83' lang='lat' dir='ltr'>realibus,</span> <span class='ocrx_word' id='word_1_77' title='bbox 568 599 602 630; x_wconf 65' lang='grc' dir='ltr'>ὃς</span> <span class='ocrx_word' id='word_1_78' title='bbox 618 596 821 636; x_wconf 81' lang='lat' dir='ltr'>personalibus,</span> <span class='ocrx_word' id='word_1_79' title='bbox 832 604 914 635; x_wconf 91' lang='lat' dir='ltr'>atque</span> <span class='ocrx_word' id='word_1_80' title='bbox 929 597 1039 634; x_wconf 80' lang='lat' dir='ltr'>mixtis,</span> <span class='ocrx_word' id='word_1_81' title='bbox 1060 605 1124 634; x_wconf 84' lang='lat' dir='ltr'>quae</span> <span class='ocrx_word' id='word_1_82' title='bbox 1133 594 1262 638; x_wconf 69' lang='lat' dir='ltr'>suerunt,</span> <span class='ocrx_word' id='word_1_83' title='bbox 1276 594 1311 624; x_wconf 76' lang='grc' dir='ltr'>ὅτ.</span> 
     </span>
     <span class='ocr_line' id='line_1_12' title="bbox 232 633 1311 677; baseline -0.006 -8"><span class='ocrx_word' id='word_1_84' title='bbox 232 639 307 677; x_wconf 85' lang='lat' dir='ltr'>sunt,</span> <span class='ocrx_word' id='word_1_85' title='bbox 326 639 368 669; x_wconf 88' lang='lat' dir='ltr'>vel</span> <span class='ocrx_word' id='word_1_86' title='bbox 388 637 446 669; x_wconf 87' lang='lat' dir='ltr'>esse</span> <span class='ocrx_word' id='word_1_87' title='bbox 464 637 599 676; x_wconf 86' lang='lat' dir='ltr'>possent,</span> <span class='ocrx_word' id='word_1_88' title='bbox 617 638 687 666; x_wconf 91' lang='lat' dir='ltr'>inter</span> <span class='ocrx_word' id='word_1_89' title='bbox 709 635 881 674; x_wconf 61' lang='lat' dir='ltr'>praedffitum</span> <span class='ocrx_word' id='word_1_90' title='bbox 903 634 1019 671; x_wconf 86' lang='lat' dir='ltr'>Regem</span> <span class='ocrx_word' id='word_1_91' title='bbox 1041 633 1166 664; x_wconf 76' lang='lat' dir='ltr'>FranCiae</span> <span class='ocrx_word' id='word_1_92' title='bbox 1179 634 1223 677; x_wconf 35' lang='grc' dir='ltr'>,δεῖ</span> <span class='ocrx_word' id='word_1_93' title='bbox 1243 642 1311 671; x_wconf 92' lang='lat' dir='ltr'>nos,</span> 
     </span>
     <span class='ocr_line' id='line_1_13' title="bbox 231 671 1294 716; baseline -0.007 -8"><span class='ocrx_word' id='word_1_94' title='bbox 231 677 378 708; x_wconf 71' lang='lat' dir='ltr'>occisione</span> <span class='ocrx_word' id='word_1_95' title='bbox 398 687 594 715; x_wconf 85' lang='lat' dir='ltr'>quacumque,</span> <span class='ocrx_word' id='word_1_96' title='bbox 609 675 642 705; x_wconf 73' lang='grc' dir='ltr'>δε</span> <span class='ocrx_word' id='word_1_97' title='bbox 658 673 800 712; x_wconf 84' lang='lat' dir='ltr'>praemissa</span> <span class='ocrx_word' id='word_1_98' title='bbox 814 683 871 711; x_wconf 91' lang='lat' dir='ltr'>quo</span> <span class='ocrx_word' id='word_1_99' title='bbox 892 683 929 703; x_wconf 92' lang='lat' dir='ltr'>uo</span> <span class='ocrx_word' id='word_1_100' title='bbox 952 671 1041 703; x_wconf 92' lang='lat' dir='ltr'>modo</span> <span class='ocrx_word' id='word_1_101' title='bbox 1061 672 1256 716; x_wconf 79' lang='lat' dir='ltr'>tangentibus,</span> <span class='ocrx_word' id='word_1_102' title='bbox 1289 710 1294 714; x_wconf 34' lang='lat'><em>¹</em></span> 
     </span>
     <span class='ocr_line' id='line_1_14' title="bbox 271 709 1310 754; baseline -0.005 -10"><span class='ocrx_word' id='word_1_103' title='bbox 271 715 368 746; x_wconf 87' lang='lat' dir='ltr'>Vestra</span> <span class='ocrx_word' id='word_1_104' title='bbox 387 715 562 754; x_wconf 88' lang='lat' dir='ltr'>providentia</span> <span class='ocrx_word' id='word_1_105' title='bbox 576 714 682 744; x_wconf 77' lang='lat' dir='ltr'>duxerit</span> <span class='ocrx_word' id='word_1_106' title='bbox 694 712 862 749; x_wconf 86' lang='lat' dir='ltr'>arbitranda,</span> <span class='ocrx_word' id='word_1_107' title='bbox 888 710 1028 748; x_wconf 86' lang='lat' dir='ltr'>audanda,</span> <span class='ocrx_word' id='word_1_108' title='bbox 1043 709 1225 748; x_wconf 87' lang='lat' dir='ltr'>diffinienda,</span> <span class='ocrx_word' id='word_1_109' title='bbox 1237 709 1310 739; x_wconf 87' lang='lat' dir='ltr'>arbi-</span> 
     </span>
     <span class='ocr_line' id='line_1_15' title="bbox 232 748 1311 791; baseline -0.006 -7"><span class='ocrx_word' id='word_1_110' title='bbox 232 753 332 784; x_wconf 86' lang='lat' dir='ltr'>traliter</span> <span class='ocrx_word' id='word_1_111' title='bbox 342 753 546 791; x_wconf 86' lang='lat' dir='ltr'>sententianda,</span> <span class='ocrx_word' id='word_1_112' title='bbox 564 750 769 789; x_wconf 75' lang='lat' dir='ltr'>praecipienda,</span> <span class='ocrx_word' id='word_1_113' title='bbox 782 749 953 787; x_wconf 86' lang='lat' dir='ltr'>ordinanda,</span> <span class='ocrx_word' id='word_1_114' title='bbox 976 748 1164 788; x_wconf 86' lang='lat' dir='ltr'>disponenda,</span> <span class='ocrx_word' id='word_1_115' title='bbox 1187 758 1311 786; x_wconf 89' lang='lat' dir='ltr'>pronun-</span> 
     </span>
     <span class='ocr_line' id='line_1_16' title="bbox 233 786 1312 832; baseline -0.006 -9"><span class='ocrx_word' id='word_1_116' title='bbox 233 792 347 832; x_wconf 86' lang='lat' dir='ltr'>cianda,</span> <span class='ocrx_word' id='word_1_117' title='bbox 363 792 507 830; x_wconf 86' lang='lat' dir='ltr'>addenda,</span> <span class='ocrx_word' id='word_1_118' title='bbox 523 789 692 828; x_wconf 87' lang='lat' dir='ltr'>minuenda,</span> <span class='ocrx_word' id='word_1_119' title='bbox 714 787 898 827; x_wconf 85' lang='lat' dir='ltr'>corrigenda,</span> <span class='ocrx_word' id='word_1_120' title='bbox 917 786 1134 826; x_wconf 87' lang='lat' dir='ltr'>interpretanda,</span> <span class='ocrx_word' id='word_1_121' title='bbox 1155 786 1200 818; x_wconf 89' lang='lat' dir='ltr'>seu</span> <span class='ocrx_word' id='word_1_122' title='bbox 1219 786 1312 817; x_wconf 78' lang='lat' dir='ltr'>decla-</span> 
     </span>
     <span class='ocr_line' id='line_1_17' title="bbox 250 831 320 862; baseline 0 0"><span class='ocrx_word' id='word_1_123' title='bbox 250 831 320 862; x_wconf 88' lang='lat' dir='ltr'>anda</span> 
     </span>
     <span class='ocr_line' id='line_1_18' title="bbox 236 842 1312 904; baseline -0.007 -4"><span class='ocrx_word' id='word_1_124' title='bbox 236 842 249 863; x_wconf 86' lang='lat' dir='ltr'>t</span> <span class='ocrx_word' id='word_1_125' title='bbox 276 870 320 900; x_wconf 88' lang='lat' dir='ltr'>Ac</span> <span class='ocrx_word' id='word_1_126' title='bbox 328 854 366 899; x_wconf 67' lang='lat' dir='ltr'>³ea</span> <span class='ocrx_word' id='word_1_127' title='bbox 379 865 563 904; x_wconf 76' lang='lat' dir='ltr'>omologandi</span> <span class='ocrx_word' id='word_1_128' title='bbox 577 887 587 904; x_wconf 92' lang='lat'>,</span> <span class='ocrx_word' id='word_1_129' title='bbox 607 864 806 896; x_wconf 83' lang='lat' dir='ltr'>roborandi&amp;</span> <span class='ocrx_word' id='word_1_130' title='bbox 823 864 942 895; x_wconf 75' lang='lat' dir='ltr'>vallandi</span> <span class='ocrx_word' id='word_1_131' title='bbox 966 874 1014 902; x_wconf 89' lang='lat' dir='ltr'>per</span> <span class='ocrx_word' id='word_1_132' title='bbox 1032 864 1223 902; x_wconf 89' lang='lat' dir='ltr'>juramentum</span> <span class='ocrx_word' id='word_1_133' title='bbox 1239 886 1250 903; x_wconf 96' lang='lat'>,</span> <span class='ocrx_word' id='word_1_134' title='bbox 1276 864 1312 893; x_wconf 89' lang='lat' dir='ltr'>in</span> 
     </span>
     <span class='ocr_line' id='line_1_19' title="bbox 238 903 722 942; baseline -0.01 -4"><span class='ocrx_word' id='word_1_135' title='bbox 238 909 366 939; x_wconf 85' lang='lat' dir='ltr'>animam</span> <span class='ocrx_word' id='word_1_136' title='bbox 379 905 503 936; x_wconf 76' lang='lat' dir='ltr'>nostram</span> <span class='ocrx_word' id='word_1_137' title='bbox 518 903 722 942; x_wconf 65' lang='lat' dir='ltr'>praestandum,</span> 
     </span>
     <span class='ocr_line' id='line_1_20' title="bbox 277 938 1315 980; baseline -0.006 -4"><span class='ocrx_word' id='word_1_138' title='bbox 277 946 404 976; x_wconf 86' lang='lat' dir='ltr'>Necnon</span> <span class='ocrx_word' id='word_1_139' title='bbox 418 943 568 980; x_wconf 68' lang='lat' dir='ltr'>tractandi,</span> <span class='ocrx_word' id='word_1_140' title='bbox 588 941 762 980; x_wconf 72' lang='lat' dir='ltr'>paciscendi,</span> <span class='ocrx_word' id='word_1_141' title='bbox 778 940 988 979; x_wconf 78' lang='lat' dir='ltr'>concordandi,</span> <span class='ocrx_word' id='word_1_142' title='bbox 1004 940 1038 971; x_wconf 92' lang='lat'>&amp;</span> <span class='ocrx_word' id='word_1_143' title='bbox 1057 941 1143 971; x_wconf 79' lang='lat' dir='ltr'>etiam</span> <span class='ocrx_word' id='word_1_144' title='bbox 1164 938 1315 976; x_wconf 84' lang='lat' dir='ltr'>transigen-</span> 
     </span>
     <span class='ocr_line' id='line_1_21' title="bbox 241 978 1315 1023; baseline -0.006 -9"><span class='ocrx_word' id='word_1_145' title='bbox 241 984 288 1023; x_wconf 87' lang='lat' dir='ltr'>di,</span> <span class='ocrx_word' id='word_1_146' title='bbox 307 985 339 1015; x_wconf 66' lang='grc' dir='ltr'>ὃ(</span> <span class='ocrx_word' id='word_1_147' title='bbox 354 983 453 1013; x_wconf 85' lang='lat' dir='ltr'>omnia</span> <span class='ocrx_word' id='word_1_148' title='bbox 467 981 518 1012; x_wconf 82' lang='lat' dir='ltr'>alia</span> <span class='ocrx_word' id='word_1_149' title='bbox 535 981 568 1013; x_wconf 64' lang='grc' dir='ltr'>ὃς</span> <span class='ocrx_word' id='word_1_150' title='bbox 586 980 691 1017; x_wconf 85' lang='lat' dir='ltr'>singula</span> <span class='ocrx_word' id='word_1_151' title='bbox 703 979 826 1010; x_wconf 82' lang='lat' dir='ltr'>faciendi</span> <span class='ocrx_word' id='word_1_152' title='bbox 847 1003 857 1019; x_wconf 94' lang='lat'>,</span> <span class='ocrx_word' id='word_1_153' title='bbox 895 989 957 1017; x_wconf 63' lang='lat' dir='ltr'>quae</span> <span class='ocrx_word' id='word_1_154' title='bbox 977 978 1010 1009; x_wconf 92' lang='lat' dir='ltr'>ad</span> <span class='ocrx_word' id='word_1_155' title='bbox 1031 978 1143 1017; x_wconf 87' lang='lat' dir='ltr'>plenam</span> <span class='ocrx_word' id='word_1_156' title='bbox 1160 987 1261 1021; x_wconf 78' lang='lat' dir='ltr'>pacem</span> <span class='ocrx_word' id='word_1_157' title='bbox 1280 978 1315 1008; x_wconf 87' lang='lat'>&amp;</span> 
     </span>
     <span class='ocr_line' id='line_1_22' title="bbox 242 1017 1315 1059; baseline -0.006 -7"><span class='ocrx_word' id='word_1_158' title='bbox 242 1022 427 1053; x_wconf 76' lang='lat' dir='ltr'>concordiam</span> <span class='ocrx_word' id='word_1_159' title='bbox 441 1043 452 1059; x_wconf 92' lang='lat'>,</span> <span class='ocrx_word' id='word_1_160' title='bbox 487 1029 520 1050; x_wconf 89' lang='lat' dir='ltr'>ac</span> <span class='ocrx_word' id='word_1_161' title='bbox 544 1020 619 1058; x_wconf 77' lang='lat' dir='ltr'>picis</span> <span class='ocrx_word' id='word_1_162' title='bbox 638 1019 670 1050; x_wconf 72' lang='grc' dir='ltr'>δε</span> <span class='ocrx_word' id='word_1_163' title='bbox 690 1019 854 1049; x_wconf 65' lang='lat' dir='ltr'>concordio:</span> <span class='ocrx_word' id='word_1_164' title='bbox 868 1041 878 1057; x_wconf 88' lang='lat'>,</span> <span class='ocrx_word' id='word_1_165' title='bbox 904 1018 1093 1056; x_wconf 83' lang='lat' dir='ltr'>omniumque</span> <span class='ocrx_word' id='word_1_166' title='bbox 1115 1017 1315 1055; x_wconf 57' lang='lat' dir='ltr'>praedictorum</span> 
     </span>
     <span class='ocr_line' id='line_1_23' title="bbox 241 1055 1317 1099; baseline -0.004 -9"><span class='ocrx_word' id='word_1_167' title='bbox 241 1060 447 1099; x_wconf 60' lang='lat' dir='ltr'>perfectionem</span> <span class='ocrx_word' id='word_1_168' title='bbox 459 1059 492 1089; x_wconf 91' lang='lat'>&amp;</span> <span class='ocrx_word' id='word_1_169' title='bbox 512 1057 804 1096; x_wconf 79' lang='lat' dir='ltr'>consummationem,</span> <span class='ocrx_word' id='word_1_170' title='bbox 820 1066 935 1095; x_wconf 83' lang='lat' dir='ltr'>quoquo</span> <span class='ocrx_word' id='word_1_171' title='bbox 948 1055 1038 1086; x_wconf 90' lang='lat' dir='ltr'>modo</span> <span class='ocrx_word' id='word_1_172' title='bbox 1050 1057 1204 1094; x_wconf 87' lang='lat' dir='ltr'>pertinent,</span> <span class='ocrx_word' id='word_1_173' title='bbox 1217 1055 1250 1086; x_wconf 71' lang='grc' dir='ltr'>ὅ(</span> <span class='ocrx_word' id='word_1_174' title='bbox 1264 1065 1317 1092; x_wconf 89' lang='lat' dir='ltr'>po-</span> 
     </span>
     <span class='ocr_line' id='line_1_24' title="bbox 242 1093 1317 1136; baseline -0.005 -7"><span class='ocrx_word' id='word_1_175' title='bbox 242 1108 331 1129; x_wconf 82' lang='lat' dir='ltr'>terunt</span> <span class='ocrx_word' id='word_1_176' title='bbox 346 1099 480 1136; x_wconf 80' lang='lat' dir='ltr'>pertinere</span> <span class='ocrx_word' id='word_1_177' title='bbox 487 1097 538 1136; x_wconf 88' lang='lat'>,&amp;</span> <span class='ocrx_word' id='word_1_178' title='bbox 556 1107 619 1135; x_wconf 63' lang='lat' dir='ltr'>quae</span> <span class='ocrx_word' id='word_1_179' title='bbox 633 1105 684 1125; x_wconf 90' lang='lat' dir='ltr'>nos</span> <span class='ocrx_word' id='word_1_180' title='bbox 697 1094 866 1134; x_wconf 81' lang='lat' dir='ltr'>faceremus,</span> <span class='ocrx_word' id='word_1_181' title='bbox 881 1094 925 1131; x_wconf 75' lang='lat' dir='ltr'>vel</span> <span class='ocrx_word' id='word_1_182' title='bbox 939 1093 1031 1125; x_wconf 88' lang='lat' dir='ltr'>facere</span> <span class='ocrx_word' id='word_1_183' title='bbox 1046 1094 1204 1132; x_wconf 85' lang='lat' dir='ltr'>possemus,</span> <span class='ocrx_word' id='word_1_184' title='bbox 1213 1093 1231 1123; x_wconf 91' lang='lat' dir='ltr'>si</span> <span class='ocrx_word' id='word_1_185' title='bbox 1245 1103 1317 1131; x_wconf 77' lang='lat' dir='ltr'>prae-</span> 
     </span>
     <span class='ocr_line' id='line_1_25' title="bbox 241 1129 1317 1174; baseline -0.005 -7"><span class='ocrx_word' id='word_1_186' title='bbox 241 1137 327 1168; x_wconf 85' lang='lat' dir='ltr'>sentes</span> <span class='ocrx_word' id='word_1_187' title='bbox 340 1136 476 1174; x_wconf 78' lang='lat' dir='ltr'>essemus,</span> <span class='ocrx_word' id='word_1_188' title='bbox 493 1129 609 1166; x_wconf 71' lang='lat' dir='ltr'>etiamsi</span> <span class='ocrx_word' id='word_1_189' title='bbox 623 1145 653 1164; x_wconf 91' lang='lat' dir='ltr'>ea</span> <span class='ocrx_word' id='word_1_190' title='bbox 662 1157 672 1173; x_wconf 89' lang='lat'>,</span> <span class='ocrx_word' id='word_1_191' title='bbox 685 1134 729 1164; x_wconf 90' lang='lat' dir='ltr'>vel</span> <span class='ocrx_word' id='word_1_192' title='bbox 744 1144 844 1165; x_wconf 89' lang='lat' dir='ltr'>eorum</span> <span class='ocrx_word' id='word_1_193' title='bbox 858 1132 990 1172; x_wconf 84' lang='lat' dir='ltr'>aliquod,</span> <span class='ocrx_word' id='word_1_194' title='bbox 1010 1133 1173 1164; x_wconf 85' lang='lat' dir='ltr'>mandatum</span> <span class='ocrx_word' id='word_1_195' title='bbox 1188 1133 1317 1171; x_wconf 80' lang='lat' dir='ltr'>exigant,</span> 
     </span>
     <span class='ocr_line' id='line_1_26' title="bbox 244 1174 1255 1215; baseline -0.007 -9"><span class='ocrx_word' id='word_1_196' title='bbox 244 1176 290 1206; x_wconf 85' lang='lat' dir='ltr'>vel</span> <span class='ocrx_word' id='word_1_197' title='bbox 304 1177 397 1212; x_wconf 77' lang='lat' dir='ltr'>exigat</span> <span class='ocrx_word' id='word_1_198' title='bbox 411 1174 538 1213; x_wconf 87' lang='lat' dir='ltr'>speciale.</span> <span class='ocrx_word' id='word_1_199' title='bbox 1018 1209 1024 1215; x_wconf 91' lang='lat'><strong>.</strong></span> <span class='ocrx_word' id='word_1_200' title='bbox 1251 1210 1255 1214; x_wconf 37' lang='grc' dir='ltr'>Ι</span> 
     </span>
     <span class='ocr_line' id='line_1_27' title="bbox 280 1208 1319 1250; baseline -0.005 -6"><span class='ocrx_word' id='word_1_201' title='bbox 280 1213 422 1244; x_wconf 85' lang='lat' dir='ltr'>Volumus</span> <span class='ocrx_word' id='word_1_202' title='bbox 437 1211 542 1250; x_wconf 86' lang='lat' dir='ltr'>insuper</span> <span class='ocrx_word' id='word_1_203' title='bbox 556 1211 589 1242; x_wconf 88' lang='lat'>&amp;</span> <span class='ocrx_word' id='word_1_204' title='bbox 611 1209 797 1241; x_wconf 87' lang='lat' dir='ltr'>concedimus</span> <span class='ocrx_word' id='word_1_205' title='bbox 811 1209 887 1249; x_wconf 83' lang='lat' dir='ltr'>quod</span> <span class='ocrx_word' id='word_1_206' title='bbox 901 1218 952 1239; x_wconf 89' lang='lat' dir='ltr'>tres</span> <span class='ocrx_word' id='word_1_207' title='bbox 967 1218 1001 1239; x_wconf 83' lang='lat' dir='ltr'>ex</span> <span class='ocrx_word' id='word_1_208' title='bbox 1016 1209 1077 1248; x_wconf 90' lang='lat' dir='ltr'>ipsis</span> <span class='ocrx_word' id='word_1_209' title='bbox 1093 1209 1102 1243; x_wconf 89' lang='lat'><strong><em>(</em></strong></span> <span class='ocrx_word' id='word_1_210' title='bbox 1113 1209 1131 1239; x_wconf 92' lang='lat' dir='ltr'>si</span> <span class='ocrx_word' id='word_1_211' title='bbox 1147 1208 1234 1240; x_wconf 82' lang='lat' dir='ltr'>forsan</span> <span class='ocrx_word' id='word_1_212' title='bbox 1248 1209 1319 1247; x_wconf 87' lang='lat' dir='ltr'>ipsos</span> 
     </span>
     <span class='ocr_line' id='line_1_28' title="bbox 245 1248 1320 1291; baseline -0.005 -8"><span class='ocrx_word' id='word_1_213' title='bbox 245 1262 361 1291; x_wconf 84' lang='lat' dir='ltr'>quatuor</span> <span class='ocrx_word' id='word_1_214' title='bbox 376 1252 487 1282; x_wconf 81' lang='lat' dir='ltr'>insimul</span> <span class='ocrx_word' id='word_1_215' title='bbox 501 1250 535 1281; x_wconf 87' lang='lat' dir='ltr'>ad</span> <span class='ocrx_word' id='word_1_216' title='bbox 548 1250 604 1280; x_wconf 85' lang='lat' dir='ltr'>hoc</span> <span class='ocrx_word' id='word_1_217' title='bbox 620 1259 788 1280; x_wconf 86' lang='lat' dir='ltr'>concurrere</span> <span class='ocrx_word' id='word_1_218' title='bbox 803 1259 861 1279; x_wconf 92' lang='lat' dir='ltr'>non</span> <span class='ocrx_word' id='word_1_219' title='bbox 878 1248 1042 1286; x_wconf 81' lang='lat' dir='ltr'>contingat)</span> <span class='ocrx_word' id='word_1_220' title='bbox 1061 1248 1172 1286; x_wconf 87' lang='lat' dir='ltr'>plenam</span> <span class='ocrx_word' id='word_1_221' title='bbox 1182 1270 1192 1286; x_wconf 89' lang='lat'>,</span> <span class='ocrx_word' id='word_1_222' title='bbox 1206 1258 1320 1285; x_wconf 85' lang='lat' dir='ltr'>genera-</span> 
     </span>
     <span class='ocr_line' id='line_1_29' title="bbox 245 1286 1320 1325; baseline -0.005 -3"><span class='ocrx_word' id='word_1_223' title='bbox 245 1292 304 1322; x_wconf 90' lang='lat' dir='ltr'>lem</span> <span class='ocrx_word' id='word_1_224' title='bbox 321 1292 353 1322; x_wconf 88' lang='lat'>&amp;</span> <span class='ocrx_word' id='word_1_225' title='bbox 367 1290 484 1320; x_wconf 83' lang='lat' dir='ltr'>liberam</span> <span class='ocrx_word' id='word_1_226' title='bbox 496 1290 613 1319; x_wconf 86' lang='lat' dir='ltr'>habeant</span> <span class='ocrx_word' id='word_1_227' title='bbox 628 1289 657 1317; x_wconf 91' lang='lat' dir='ltr'>in</span> <span class='ocrx_word' id='word_1_228' title='bbox 674 1286 819 1325; x_wconf 80' lang='lat' dir='ltr'>praemissis</span> <span class='ocrx_word' id='word_1_229' title='bbox 831 1287 966 1318; x_wconf 92' lang='lat' dir='ltr'>omnibus</span> <span class='ocrx_word' id='word_1_230' title='bbox 976 1287 1010 1317; x_wconf 89' lang='lat'>&amp;</span> <span class='ocrx_word' id='word_1_231' title='bbox 1023 1286 1134 1324; x_wconf 86' lang='lat' dir='ltr'>singulis</span> <span class='ocrx_word' id='word_1_232' title='bbox 1148 1286 1320 1324; x_wconf 87' lang='lat' dir='ltr'>potestatem.</span> 
     </span>
     <span class='ocr_line' id='line_1_30' title="bbox 284 1324 1320 1364; baseline -0.004 -5"><span class='ocrx_word' id='word_1_233' title='bbox 284 1329 479 1359; x_wconf 90' lang='lat' dir='ltr'>Promittentes</span> <span class='ocrx_word' id='word_1_234' title='bbox 494 1326 696 1358; x_wconf 83' lang='lat' dir='ltr'>nichilominus</span> <span class='ocrx_word' id='word_1_235' title='bbox 710 1335 760 1355; x_wconf 88' lang='lat' dir='ltr'>nos</span> <span class='ocrx_word' id='word_1_236' title='bbox 774 1335 863 1356; x_wconf 89' lang='lat' dir='ltr'>ratum</span> <span class='ocrx_word' id='word_1_237' title='bbox 876 1326 910 1356; x_wconf 89' lang='lat'>&amp;</span> <span class='ocrx_word' id='word_1_238' title='bbox 924 1324 1040 1356; x_wconf 83' lang='lat' dir='ltr'>firmum</span> <span class='ocrx_word' id='word_1_239' title='bbox 1060 1327 1194 1364; x_wconf 78' lang='lat' dir='ltr'>perpetuo</span> <span class='ocrx_word' id='word_1_240' title='bbox 1211 1325 1320 1356; x_wconf 90' lang='lat' dir='ltr'>habitu-</span> 
     </span>
     <span class='ocr_line' id='line_1_31' title="bbox 246 1363 1318 1406; baseline -0.003 -9"><span class='ocrx_word' id='word_1_241' title='bbox 246 1378 308 1405; x_wconf 88' lang='lat' dir='ltr'>ros,</span> <span class='ocrx_word' id='word_1_242' title='bbox 323 1367 458 1406; x_wconf 82' lang='lat' dir='ltr'>quicquid</span> <span class='ocrx_word' id='word_1_243' title='bbox 474 1376 522 1403; x_wconf 85' lang='lat' dir='ltr'>pcr</span> <span class='ocrx_word' id='word_1_244' title='bbox 537 1365 702 1403; x_wconf 69' lang='lat' dir='ltr'>praedictos,</span> <span class='ocrx_word' id='word_1_245' title='bbox 724 1363 915 1403; x_wconf 82' lang='lat' dir='ltr'>Episcopum,</span> <span class='ocrx_word' id='word_1_246' title='bbox 934 1363 1103 1402; x_wconf 82' lang='lat' dir='ltr'>Comitem,</span> <span class='ocrx_word' id='word_1_247' title='bbox 1120 1363 1266 1402; x_wconf 85' lang='lat' dir='ltr'>Militem,</span> <span class='ocrx_word' id='word_1_248' title='bbox 1285 1364 1318 1394; x_wconf 62' lang='grc' dir='ltr'>ὃς</span> 
     </span>
     <span class='ocr_line' id='line_1_32' title="bbox 248 1402 1320 1444; baseline -0.004 -8"><span class='ocrx_word' id='word_1_249' title='bbox 248 1406 491 1437; x_wconf 78' lang='lat' dir='ltr'>Archidiaconum</span> <span class='ocrx_word' id='word_1_250' title='bbox 500 1428 510 1444; x_wconf 83' lang='lat'>,</span> <span class='ocrx_word' id='word_1_251' title='bbox 522 1413 567 1434; x_wconf 86' lang='lat' dir='ltr'>aut</span> <span class='ocrx_word' id='word_1_252' title='bbox 581 1412 633 1434; x_wconf 86' lang='lat' dir='ltr'>tres</span> <span class='ocrx_word' id='word_1_253' title='bbox 648 1412 680 1433; x_wconf 73' lang='lat' dir='ltr'>ex</span> <span class='ocrx_word' id='word_1_254' title='bbox 695 1403 758 1440; x_wconf 84' lang='lat' dir='ltr'>ipsis</span> <span class='ocrx_word' id='word_1_255' title='bbox 773 1403 812 1440; x_wconf 89' lang='lat' dir='ltr'>(si</span> <span class='ocrx_word' id='word_1_256' title='bbox 828 1403 876 1441; x_wconf 88' lang='lat' dir='ltr'>ipsi</span> <span class='ocrx_word' id='word_1_257' title='bbox 892 1411 1007 1441; x_wconf 85' lang='lat' dir='ltr'>quatuor</span> <span class='ocrx_word' id='word_1_258' title='bbox 1020 1402 1054 1433; x_wconf 88' lang='lat' dir='ltr'>ad</span> <span class='ocrx_word' id='word_1_259' title='bbox 1069 1402 1181 1441; x_wconf 92' lang='lat' dir='ltr'>hoc,ut</span> <span class='ocrx_word' id='word_1_260' title='bbox 1195 1403 1320 1441; x_wconf 86' lang='lat' dir='ltr'>praemit-</span> 
     </span>
     <span class='ocr_line' id='line_1_33' title="bbox 249 1441 1319 1483; baseline -0.003 -9"><span class='ocrx_word' id='word_1_261' title='bbox 249 1446 331 1483; x_wconf 85' lang='lat' dir='ltr'>titur,</span> <span class='ocrx_word' id='word_1_262' title='bbox 347 1443 457 1474; x_wconf 82' lang='lat' dir='ltr'>insimul</span> <span class='ocrx_word' id='word_1_263' title='bbox 473 1453 531 1473; x_wconf 88' lang='lat' dir='ltr'>non</span> <span class='ocrx_word' id='word_1_264' title='bbox 549 1442 734 1478; x_wconf 82' lang='lat' dir='ltr'>concurrant)</span> <span class='ocrx_word' id='word_1_265' title='bbox 755 1442 1092 1480; x_wconf 85' lang='lat' dir='ltr'>petitum,acceptatum,</span> <span class='ocrx_word' id='word_1_266' title='bbox 1104 1441 1319 1480; x_wconf 82' lang='lat' dir='ltr'>omologatum,</span> 
     </span>
     <span class='ocr_line' id='line_1_34' title="bbox 248 1479 1321 1521; baseline -0.003 -8"><span class='ocrx_word' id='word_1_267' title='bbox 248 1483 378 1513; x_wconf 74' lang='lat' dir='ltr'>vallatum</span> <span class='ocrx_word' id='word_1_268' title='bbox 388 1490 449 1521; x_wconf 84' lang='lat' dir='ltr'>,aut</span> <span class='ocrx_word' id='word_1_269' title='bbox 456 1482 518 1512; x_wconf 80' lang='lat' dir='ltr'>alias</span> <span class='ocrx_word' id='word_1_270' title='bbox 527 1481 634 1511; x_wconf 62' lang='lat' dir='ltr'>factum</span> <span class='ocrx_word' id='word_1_271' title='bbox 644 1480 724 1510; x_wconf 85' lang='lat' dir='ltr'>fuerit</span> <span class='ocrx_word' id='word_1_272' title='bbox 739 1481 766 1509; x_wconf 90' lang='lat' dir='ltr'>iii</span> <span class='ocrx_word' id='word_1_273' title='bbox 774 1479 957 1517; x_wconf 68' lang='lat' dir='ltr'>praemissis&amp;</span> <span class='ocrx_word' id='word_1_274' title='bbox 966 1479 1090 1518; x_wconf 87' lang='lat' dir='ltr'>quolibet</span> <span class='ocrx_word' id='word_1_275' title='bbox 1103 1479 1321 1518; x_wconf 77' lang='lat' dir='ltr'>praemissorum.</span> 
     </span>
     <span class='ocr_line' id='line_1_35' title="bbox 282 1517 1321 1559; baseline -0.002 -9"><span class='ocrx_word' id='word_1_276' title='bbox 282 1521 369 1559; x_wconf 82' lang='lat' dir='ltr'>Super</span> <span class='ocrx_word' id='word_1_277' title='bbox 385 1521 483 1559; x_wconf 83' lang='lat' dir='ltr'>quibus</span> <span class='ocrx_word' id='word_1_278' title='bbox 498 1521 582 1550; x_wconf 83' lang='lat' dir='ltr'>etiam</span> <span class='ocrx_word' id='word_1_279' title='bbox 631 1529 679 1556; x_wconf 89' lang='lat' dir='ltr'>per</span> <span class='ocrx_word' id='word_1_280' title='bbox 698 1517 801 1549; x_wconf 78' lang='lat' dir='ltr'>nostras</span> <span class='ocrx_word' id='word_1_281' title='bbox 821 1519 920 1549; x_wconf 83' lang='lat' dir='ltr'>litteras</span> <span class='ocrx_word' id='word_1_282' title='bbox 941 1517 1126 1557; x_wconf 83' lang='lat' dir='ltr'>approbandis</span> <span class='ocrx_word' id='word_1_283' title='bbox 1139 1541 1149 1557; x_wconf 87' lang='lat'>,</span> <span class='ocrx_word' id='word_1_284' title='bbox 1180 1518 1321 1557; x_wconf 88' lang='lat' dir='ltr'>tenendis,</span> 
     </span>
     <span class='ocr_line' id='line_1_36' title="bbox 246 1541 1320 1597; baseline -0.002 -7"><span class='ocrx_word' id='word_1_285' title='bbox 246 1559 400 1597; x_wconf 84' lang='lat' dir='ltr'>servandis,</span> <span class='ocrx_word' id='word_1_286' title='bbox 414 1567 495 1597; x_wconf 79' lang='lat' dir='ltr'>atque</span> <span class='ocrx_word' id='word_1_287' title='bbox 508 1541 683 1595; x_wconf 70' lang='lat' dir='ltr'>complendis</span> <span class='ocrx_word' id='word_1_288' title='bbox 692 1567 775 1596; x_wconf 85' lang='lat' dir='ltr'>,nos,</span> <span class='ocrx_word' id='word_1_289' title='bbox 790 1559 823 1588; x_wconf 74' lang='grc' dir='ltr'>δε</span> <span class='ocrx_word' id='word_1_290' title='bbox 838 1557 959 1588; x_wconf 64' lang='lat' dir='ltr'>haeredes</span> <span class='ocrx_word' id='word_1_291' title='bbox 973 1556 1081 1587; x_wconf 78' lang='lat' dir='ltr'>nostros</span> <span class='ocrx_word' id='word_1_292' title='bbox 1091 1557 1143 1595; x_wconf 88' lang='lat'>,&amp;</span> <span class='ocrx_word' id='word_1_293' title='bbox 1157 1558 1255 1588; x_wconf 90' lang='lat' dir='ltr'>omnia</span> <span class='ocrx_word' id='word_1_294' title='bbox 1269 1557 1320 1588; x_wconf 93' lang='lat' dir='ltr'>bo-</span> 
     </span>
     <span class='ocr_line' id='line_1_37' title="bbox 250 1595 745 1635; baseline -0.006 -7"><span class='ocrx_word' id='word_1_295' title='bbox 250 1609 284 1628; x_wconf 88' lang='lat' dir='ltr'>na</span> <span class='ocrx_word' id='word_1_296' title='bbox 303 1597 393 1628; x_wconf 85' lang='lat' dir='ltr'>nostra</span> <span class='ocrx_word' id='word_1_297' title='bbox 407 1596 557 1635; x_wconf 78' lang='lat' dir='ltr'>specialiter</span> <span class='ocrx_word' id='word_1_298' title='bbox 575 1595 745 1631; x_wconf 77' lang='lat' dir='ltr'>obligamus.</span> 
     </span>
     <span class='ocr_line' id='line_1_38' title="bbox 289 1633 1323 1672; baseline -0.002 -5"><span class='ocrx_word' id='word_1_299' title='bbox 289 1636 321 1667; x_wconf 84' lang='lat' dir='ltr'>Et</span> <span class='ocrx_word' id='word_1_300' title='bbox 335 1637 391 1666; x_wconf 84' lang='lat' dir='ltr'>hoc</span> <span class='ocrx_word' id='word_1_301' title='bbox 406 1636 549 1666; x_wconf 63' lang='lat' dir='ltr'>Sanctitati</span> <span class='ocrx_word' id='word_1_302' title='bbox 564 1634 662 1665; x_wconf 80' lang='lat' dir='ltr'>vestrae</span> <span class='ocrx_word' id='word_1_303' title='bbox 678 1633 884 1671; x_wconf 86' lang='lat' dir='ltr'>significamus,</span> <span class='ocrx_word' id='word_1_304' title='bbox 898 1635 935 1665; x_wconf 88' lang='lat'>&amp;</span> <span class='ocrx_word' id='word_1_305' title='bbox 944 1634 1083 1664; x_wconf 83' lang='lat' dir='ltr'>omnibus</span> <span class='ocrx_word' id='word_1_306' title='bbox 1100 1643 1222 1672; x_wconf 88' lang='lat' dir='ltr'>quorum</span> <span class='ocrx_word' id='word_1_307' title='bbox 1237 1634 1323 1665; x_wconf 89' lang='lat' dir='ltr'>inter-</span> 
     </span>
     <span class='ocr_line' id='line_1_39' title="bbox 248 1672 1323 1714; baseline -0.002 -8"><span class='ocrx_word' id='word_1_308' title='bbox 248 1674 305 1714; x_wconf 86' lang='lat' dir='ltr'>est,</span> <span class='ocrx_word' id='word_1_309' title='bbox 320 1675 364 1705; x_wconf 89' lang='lat' dir='ltr'>vel</span> <span class='ocrx_word' id='word_1_310' title='bbox 389 1674 515 1710; x_wconf 79' lang='lat' dir='ltr'>interesse</span> <span class='ocrx_word' id='word_1_311' title='bbox 530 1672 635 1712; x_wconf 85' lang='lat' dir='ltr'>potest,</span> <span class='ocrx_word' id='word_1_312' title='bbox 649 1680 694 1703; x_wconf 86' lang='lat' dir='ltr'>aut</span> <span class='ocrx_word' id='word_1_313' title='bbox 708 1675 808 1710; x_wconf 86' lang='lat' dir='ltr'>poterit</span> <span class='ocrx_word' id='word_1_314' title='bbox 822 1673 852 1703; x_wconf 90' lang='lat' dir='ltr'>in</span> <span class='ocrx_word' id='word_1_315' title='bbox 865 1672 1007 1712; x_wconf 84' lang='lat' dir='ltr'>futurum,</span> <span class='ocrx_word' id='word_1_316' title='bbox 1020 1682 1067 1711; x_wconf 88' lang='lat' dir='ltr'>per</span> <span class='ocrx_word' id='word_1_317' title='bbox 1087 1672 1189 1704; x_wconf 85' lang='lat' dir='ltr'>nostras</span> <span class='ocrx_word' id='word_1_318' title='bbox 1203 1681 1323 1711; x_wconf 81' lang='lat' dir='ltr'>patentes</span> 
     </span>
     <span class='ocr_line' id='line_1_40' title="bbox 247 1711 926 1754; baseline -0.004 -9"><span class='ocrx_word' id='word_1_319' title='bbox 247 1714 362 1754; x_wconf 86' lang='lat' dir='ltr'>litteras,</span> <span class='ocrx_word' id='word_1_320' title='bbox 375 1713 456 1751; x_wconf 80' lang='lat' dir='ltr'>sigilli</span> <span class='ocrx_word' id='word_1_321' title='bbox 469 1711 556 1744; x_wconf 88' lang='lat' dir='ltr'>nostri</span> <span class='ocrx_word' id='word_1_322' title='bbox 572 1712 731 1743; x_wconf 88' lang='lat' dir='ltr'>munimine</span> <span class='ocrx_word' id='word_1_323' title='bbox 744 1711 926 1750; x_wconf 85' lang='lat' dir='ltr'>consignatas.</span> 
     </span>
    </p>
   </div>
   <div class='ocr_carea' id='block_1_3' title="bbox 80 317 184 340">
    <p class='ocr_par' dir='ltr' id='par_1_3' title="bbox 80 317 184 340">
     <span class='ocr_line' id='line_1_41' title="bbox 80 317 184 340; baseline -0.038 0"><span class='ocrx_word' id='word_1_324' title='bbox 80 317 148 340; x_wconf 59' lang='lat' dir='ltr'>law.</span> <span class='ocrx_word' id='word_1_325' title='bbox 162 320 184 336; x_wconf 85' lang='lat' dir='ltr'>i.</span> 
     </span>
    </p>
   </div>
   <div class='ocr_carea' id='block_1_4' title="bbox 252 1790 1323 1865">
    <p class='ocr_par' dir='ltr' id='par_1_4' title="bbox 252 1790 1323 1865">
     <span class='ocr_line' id='line_1_42' title="bbox 286 1790 1323 1833; baseline -0.002 -8"><span class='ocrx_word' id='word_1_326' title='bbox 286 1794 354 1825; x_wconf 80' lang='lat' dir='ltr'>Dat.</span> <span class='ocrx_word' id='word_1_327' title='bbox 372 1807 387 1826; x_wconf 87' lang='lat' dir='ltr'>a</span> <span class='ocrx_word' id='word_1_328' title='bbox 425 1793 443 1824; x_wconf 93' lang='lat' dir='ltr'>d</span> <span class='ocrx_word' id='word_1_329' title='bbox 457 1793 562 1825; x_wconf 86' lang='lat' dir='ltr'>Glascu</span> <span class='ocrx_word' id='word_1_330' title='bbox 577 1802 624 1831; x_wconf 87' lang='lat'>24.</span> <span class='ocrx_word' id='word_1_331' title='bbox 641 1791 690 1822; x_wconf 89' lang='lat' dir='ltr'>die</span> <span class='ocrx_word' id='word_1_332' title='bbox 709 1791 847 1831; x_wconf 82' lang='lat' dir='ltr'>Augusti,</span> <span class='ocrx_word' id='word_1_333' title='bbox 866 1802 942 1823; x_wconf 81' lang='lat' dir='ltr'>anno</span> <span class='ocrx_word' id='word_1_334' title='bbox 964 1790 1089 1823; x_wconf 89' lang='lat' dir='ltr'>Domini</span> <span class='ocrx_word' id='word_1_335' title='bbox 1115 1802 1210 1833; x_wconf 84' lang='lat'>1301,</span> <span class='ocrx_word' id='word_1_336' title='bbox 1225 1791 1323 1831; x_wconf 88' lang='lat' dir='ltr'>Regni</span> 
     </span>
     <span class='ocr_line' id='line_1_43' title="bbox 252 1833 672 1865; baseline -0.012 0"><span class='ocrx_word' id='word_1_337' title='bbox 252 1837 322 1865; x_wconf 76' lang='lat' dir='ltr'>vcro</span> <span class='ocrx_word' id='word_1_338' title='bbox 336 1845 375 1864; x_wconf 92' lang='lat' dir='ltr'>no</span> <span class='ocrx_word' id='word_1_339' title='bbox 412 1834 422 1862; x_wconf 83' lang='lat' dir='ltr'>i</span> <span class='ocrx_word' id='word_1_340' title='bbox 437 1833 572 1864; x_wconf 85' lang='lat' dir='ltr'>vicesimo</span> <span class='ocrx_word' id='word_1_341' title='bbox 587 1841 672 1862; x_wconf 90' lang='lat' dir='ltr'>nono.</span> 
     </span>
    </p>
   </div>
   <div class='ocr_carea' id='block_1_5' title="bbox 250 1911 1325 2032">
    <p class='ocr_par' dir='ltr' id='par_1_5' title="bbox 250 1911 1325 2032">
     <span class='ocr_line' id='line_1_44' title="bbox 288 1911 1325 1952; baseline -0.001 -7"><span class='ocrx_word' id='word_1_342' title='bbox 288 1913 456 1945; x_wconf 77' lang='lat' dir='ltr'>Consimiles</span> <span class='ocrx_word' id='word_1_343' title='bbox 468 1914 566 1944; x_wconf 75' lang='lat' dir='ltr'>litteras</span> <span class='ocrx_word' id='word_1_344' title='bbox 579 1913 731 1944; x_wconf 82' lang='lat' dir='ltr'>habuerunt</span> <span class='ocrx_word' id='word_1_345' title='bbox 746 1912 834 1942; x_wconf 88' lang='lat' dir='ltr'>iidem</span> <span class='ocrx_word' id='word_1_346' title='bbox 851 1911 1024 1950; x_wconf 82' lang='lat' dir='ltr'>Nuncii,de</span> <span class='ocrx_word' id='word_1_347' title='bbox 1037 1913 1126 1943; x_wconf 90' lang='lat' dir='ltr'>verbo</span> <span class='ocrx_word' id='word_1_348' title='bbox 1140 1913 1174 1944; x_wconf 89' lang='lat' dir='ltr'>ad</span> <span class='ocrx_word' id='word_1_349' title='bbox 1186 1914 1325 1952; x_wconf 89' lang='lat' dir='ltr'>verbum,</span> 
     </span>
     <span class='ocr_line' id='line_1_45' title="bbox 250 1951 1323 1992; baseline -0.001 -9"><span class='ocrx_word' id='word_1_350' title='bbox 250 1954 367 1991; x_wconf 54' lang='lat' dir='ltr'>excepta</span> <span class='ocrx_word' id='word_1_351' title='bbox 383 1953 427 1983; x_wconf 70' lang='lat' dir='ltr'>illt&#39;i</span> <span class='ocrx_word' id='word_1_352' title='bbox 444 1952 577 1992; x_wconf 72' lang='lat' dir='ltr'>clausula,</span> <span class='ocrx_word' id='word_1_353' title='bbox 597 1964 697 1983; x_wconf 79' lang='lat' dir='ltr'>necnon</span> <span class='ocrx_word' id='word_1_354' title='bbox 715 1951 875 1990; x_wconf 64' lang='lat' dir='ltr'>traetasidi,</span> <span class='ocrx_word' id='word_1_355' title='bbox 888 1951 1034 1991; x_wconf 54' lang='lat' dir='ltr'>paciscendi</span> <span class='ocrx_word' id='word_1_356' title='bbox 1049 1974 1059 1991; x_wconf 91' lang='lat'>,</span> <span class='ocrx_word' id='word_1_357' title='bbox 1080 1953 1255 1983; x_wconf 72' lang='lat' dir='ltr'>concordandi</span> <span class='ocrx_word' id='word_1_358' title='bbox 1264 1951 1323 1991; x_wconf 59' lang='grc' dir='ltr'>,ῤ’</span> 
     </span>
     <span class='ocr_line' id='line_1_46' title="bbox 255 1991 1222 2032; baseline -0.003 -10"><span class='ocrx_word' id='word_1_359' title='bbox 255 1996 339 2022; x_wconf 76' lang='lat' dir='ltr'>eriam</span> <span class='ocrx_word' id='word_1_360' title='bbox 357 1991 530 2032; x_wconf 74' lang='lat' dir='ltr'>lranfigena&#39;i.</span> <span class='ocrx_word' id='word_1_361' title='bbox 1218 2009 1222 2011; x_wconf 76' lang='lat'><strong><em>—</em></strong></span> 
     </span>
    </p>
   </div>
   <div class='ocr_carea' id='block_1_6' title="bbox 362 2123 1228 2171">
    <p class='ocr_par' dir='ltr' id='par_1_6' title="bbox 362 2123 1228 2171">
     <span class='ocr_line' id='line_1_47' title="bbox 362 2123 1228 2171; baseline 0 -14"><span class='ocrx_word' id='word_1_362' title='bbox 362 2126 468 2157; x_wconf 86' lang='lat' dir='ltr'>Litera</span> <span class='ocrx_word' id='word_1_363' title='bbox 486 2123 521 2170; x_wconf 74' lang='lat' dir='ltr'>de</span> <span class='ocrx_word' id='word_1_364' title='bbox 539 2123 717 2166; x_wconf 68' lang='lat' dir='ltr'>Credwtia,</span> <span class='ocrx_word' id='word_1_365' title='bbox 738 2125 921 2171; x_wconf 16' lang='lat' dir='ltr'>Papaelficper</span> <span class='ocrx_word' id='word_1_366' title='bbox 939 2127 1050 2171; x_wconf 78' lang='lat' dir='ltr'>negotio</span> <span class='ocrx_word' id='word_1_367' title='bbox 1071 2123 1228 2158; x_wconf 68' lang='lat' dir='ltr'>antedillo.</span> 
     </span>
    </p>
   </div>
   <div class='ocr_carea' id='block_1_7' title="bbox 250 2212 1325 3445">
    <p class='ocr_par' dir='ltr' id='par_1_7' title="bbox 296 2212 1110 2252">
     <span class='ocr_line' id='line_1_48' title="bbox 296 2212 1110 2252; baseline 0.002 -10"><span class='ocrx_word' id='word_1_368' title='bbox 296 2212 468 2244; x_wconf 64' lang='lat' dir='ltr'>Andiiffimo</span> <span class='ocrx_word' id='word_1_369' title='bbox 479 2215 509 2244; x_wconf 79' lang='lat' dir='ltr'>in</span> <span class='ocrx_word' id='word_1_370' title='bbox 529 2213 644 2245; x_wconf 88' lang='lat' dir='ltr'>Christo</span> <span class='ocrx_word' id='word_1_371' title='bbox 658 2213 752 2252; x_wconf 88' lang='lat' dir='ltr'>Patri,</span> <span class='ocrx_word' id='word_1_372' title='bbox 768 2213 829 2244; x_wconf 90' lang='lat' dir='ltr'>&amp;c.</span> <span class='ocrx_word' id='word_1_373' title='bbox 864 2212 1015 2244; x_wconf 87' lang='lat' dir='ltr'>Edwardus</span> <span class='ocrx_word' id='word_1_374' title='bbox 1024 2236 1034 2252; x_wconf 85' lang='lat'>,</span> <span class='ocrx_word' id='word_1_375' title='bbox 1048 2214 1110 2245; x_wconf 91' lang='lat' dir='ltr'>&amp;c.</span> 
     </span>
    </p>

    <p class='ocr_par' dir='ltr' id='par_1_8' title="bbox 256 2250 1325 2358">
     <span class='ocr_line' id='line_1_49' title="bbox 335 2250 1325 2290; baseline 0.002 -8"><span class='ocrx_word' id='word_1_376' title='bbox 335 2251 457 2290; x_wconf 76' lang='lat' dir='ltr'>Qiantae</span> <span class='ocrx_word' id='word_1_377' title='bbox 476 2252 690 2283; x_wconf 86' lang='lat' dir='ltr'>mansuetudinis</span> <span class='ocrx_word' id='word_1_378' title='bbox 706 2250 856 2289; x_wconf 70' lang='lat' dir='ltr'>gratia,&amp;</span> <span class='ocrx_word' id='word_1_379' title='bbox 878 2262 935 2290; x_wconf 87' lang='lat' dir='ltr'>quo</span> <span class='ocrx_word' id='word_1_380' title='bbox 956 2250 1122 2283; x_wconf 87' lang='lat' dir='ltr'>liberalitatis</span> <span class='ocrx_word' id='word_1_381' title='bbox 1139 2262 1254 2284; x_wconf 89' lang='lat' dir='ltr'>munere</span> <span class='ocrx_word' id='word_1_382' title='bbox 1273 2263 1325 2284; x_wconf 81' lang='lat' dir='ltr'>nos</span> 
     </span>
     <span class='ocr_line' id='line_1_50' title="bbox 256 2289 1178 2358; baseline 0.001 -37"><span class='ocrx_word' id='word_1_383' title='bbox 256 2289 359 2358; x_wconf 65' lang='lat' dir='ltr'>fueNritis</span> <span class='ocrx_word' id='word_1_384' title='bbox 371 2291 510 2334; x_wconf 22' lang='lat' dir='ltr'>haetenus,</span> <span class='ocrx_word' id='word_1_385' title='bbox 516 2291 668 2330; x_wconf 84' lang='lat' dir='ltr'>prosecuti,</span> <span class='ocrx_word' id='word_1_386' title='bbox 684 2301 742 2321; x_wconf 91' lang='lat' dir='ltr'>iion</span> <span class='ocrx_word' id='word_1_387' title='bbox 756 2289 899 2334; x_wconf 63' lang='lat' dir='ltr'>possumus</span> <span class='ocrx_word' id='word_1_388' title='bbox 911 2289 967 2320; x_wconf 83' lang='lat' dir='ltr'>effe</span> <span class='ocrx_word' id='word_1_389' title='bbox 987 2291 1178 2323; x_wconf 86' lang='lat' dir='ltr'>immemores.</span> 
     </span>
    </p>

    <p class='ocr_par' dir='ltr' id='par_1_9' title="bbox 254 2338 1322 2445">
     <span class='ocr_line' id='line_1_51' title="bbox 324 2338 372 2358; baseline 0 0"><span class='ocrx_word' id='word_1_390' title='bbox 324 2338 372 2358; x_wconf 83' lang='lat' dir='ltr'>am</span> 
     </span>
     <span class='ocr_line' id='line_1_52' title="bbox 255 2365 1322 2406; baseline 0.005 -10"><span class='ocrx_word' id='word_1_391' title='bbox 255 2365 314 2396; x_wconf 90' lang='lat' dir='ltr'>stris</span> <span class='ocrx_word' id='word_1_392' title='bbox 327 2367 384 2397; x_wconf 90' lang='lat' dir='ltr'>inte</span> <span class='ocrx_word' id='word_1_393' title='bbox 404 2367 511 2398; x_wconf 72' lang='lat' dir='ltr'>eetibus</span> <span class='ocrx_word' id='word_1_394' title='bbox 523 2367 599 2399; x_wconf 88' lang='lat' dir='ltr'>altius</span> <span class='ocrx_word' id='word_1_395' title='bbox 613 2367 640 2398; x_wconf 90' lang='lat' dir='ltr'>se</span> <span class='ocrx_word' id='word_1_396' title='bbox 650 2367 772 2406; x_wconf 84' lang='lat' dir='ltr'>extollit,</span> <span class='ocrx_word' id='word_1_397' title='bbox 784 2367 817 2398; x_wconf 75' lang='grc' dir='ltr'>ὃ(</span> <span class='ocrx_word' id='word_1_398' title='bbox 838 2368 868 2397; x_wconf 88' lang='lat' dir='ltr'>in</span> <span class='ocrx_word' id='word_1_399' title='bbox 885 2367 942 2405; x_wconf 87' lang='lat' dir='ltr'>ejus</span> <span class='ocrx_word' id='word_1_400' title='bbox 964 2367 1184 2399; x_wconf 82' lang='lat' dir='ltr'>consideratione</span> <span class='ocrx_word' id='word_1_401' title='bbox 1206 2367 1274 2400; x_wconf 79' lang='lat' dir='ltr'>Deo</span> <span class='ocrx_word' id='word_1_402' title='bbox 1288 2369 1322 2401; x_wconf 88' lang='lat'>&amp;</span> 
     </span>
     <span class='ocr_line' id='line_1_53' title="bbox 254 2405 879 2445; baseline 0.003 -10"><span class='ocrx_word' id='word_1_403' title='bbox 254 2406 335 2435; x_wconf 90' lang='lat' dir='ltr'>vobis</span> <span class='ocrx_word' id='word_1_404' title='bbox 354 2406 454 2436; x_wconf 84' lang='lat' dir='ltr'>exinde</span> <span class='ocrx_word' id='word_1_405' title='bbox 467 2405 559 2437; x_wconf 87' lang='lat' dir='ltr'>laudes</span> <span class='ocrx_word' id='word_1_406' title='bbox 571 2405 716 2437; x_wconf 83' lang='lat' dir='ltr'>referimus</span> <span class='ocrx_word' id='word_1_407' title='bbox 732 2406 879 2445; x_wconf 85' lang='lat' dir='ltr'>pleniores.</span> 
     </span>
    </p>

    <p class='ocr_par' dir='ltr' id='par_1_10' title="bbox 250 2443 1322 2677">
     <span class='ocr_line' id='line_1_54' title="bbox 291 2443 1321 2483; baseline 0.004 -9"><span class='ocrx_word' id='word_1_408' title='bbox 291 2443 373 2474; x_wconf 89' lang='lat' dir='ltr'>Dum</span> <span class='ocrx_word' id='word_1_409' title='bbox 400 2445 492 2483; x_wconf 88' lang='lat' dir='ltr'>itaque</span> <span class='ocrx_word' id='word_1_410' title='bbox 507 2445 539 2475; x_wconf 89' lang='lat' dir='ltr'>in</span> <span class='ocrx_word' id='word_1_411' title='bbox 560 2454 655 2476; x_wconf 88' lang='lat' dir='ltr'>mente</span> <span class='ocrx_word' id='word_1_412' title='bbox 676 2445 859 2476; x_wconf 84' lang='lat' dir='ltr'>revolvimuss</span> <span class='ocrx_word' id='word_1_413' title='bbox 886 2445 1057 2476; x_wconf 89' lang='lat' dir='ltr'>continuatas</span> <span class='ocrx_word' id='word_1_414' title='bbox 1089 2444 1260 2477; x_wconf 65' lang='lat' dir='ltr'>liberalitates</span> <span class='ocrx_word' id='word_1_415' title='bbox 1287 2446 1321 2478; x_wconf 91' lang='lat'>&amp;</span> 
     </span>
     <span class='ocr_line' id='line_1_55' title="bbox 254 2480 1320 2523; baseline 0.003 -10"><span class='ocrx_word' id='word_1_416' title='bbox 254 2483 518 2522; x_wconf 83' lang='lat' dir='ltr'>promptas,qiiibus</span> <span class='ocrx_word' id='word_1_417' title='bbox 533 2493 583 2513; x_wconf 86' lang='lat' dir='ltr'>nos</span> <span class='ocrx_word' id='word_1_418' title='bbox 596 2483 694 2521; x_wconf 90' lang='lat' dir='ltr'>pluries</span> <span class='ocrx_word' id='word_1_419' title='bbox 709 2480 968 2523; x_wconf 74' lang='lat' dir='ltr'>visitastis3&amp;inter</span> <span class='ocrx_word' id='word_1_420' title='bbox 983 2493 1084 2514; x_wconf 90' lang='lat' dir='ltr'>caetera</span> <span class='ocrx_word' id='word_1_421' title='bbox 1096 2483 1320 2516; x_wconf 88' lang='lat' dir='ltr'>munificentiam</span> 
     </span>
     <span class='ocr_line' id='line_1_56' title="bbox 253 2521 1321 2563; baseline 0.003 -12"><span class='ocrx_word' id='word_1_422' title='bbox 253 2521 329 2552; x_wconf 86' lang='lat' dir='ltr'>illam</span> <span class='ocrx_word' id='word_1_423' title='bbox 346 2531 497 2561; x_wconf 83' lang='lat' dir='ltr'>magnam,</span> <span class='ocrx_word' id='word_1_424' title='bbox 512 2532 560 2560; x_wconf 88' lang='lat' dir='ltr'>per</span> <span class='ocrx_word' id='word_1_425' title='bbox 572 2521 872 2563; x_wconf 30' lang='lat' dir='ltr'>dile&amp;um·Clericum</span> <span class='ocrx_word' id='word_1_426' title='bbox 887 2521 1033 2560; x_wconf 88' lang='lat' dir='ltr'>nostrum,</span> <span class='ocrx_word' id='word_1_427' title='bbox 1046 2522 1116 2554; x_wconf 88' lang='lat' dir='ltr'>Ger.</span> <span class='ocrx_word' id='word_1_428' title='bbox 1132 2522 1321 2555; x_wconf 84' lang='lat' dir='ltr'>Archidiaco-</span> 
     </span>
     <span class='ocr_line' id='line_1_57' title="bbox 252 2558 1322 2600; baseline 0.005 -11"><span class='ocrx_word' id='word_1_429' title='bbox 252 2569 323 2590; x_wconf 89' lang='lat' dir='ltr'>num</span> <span class='ocrx_word' id='word_1_430' title='bbox 346 2559 373 2590; x_wconf 90' lang='lat' dir='ltr'>R</span> <span class='ocrx_word' id='word_1_431' title='bbox 386 2561 439 2592; x_wconf 59' lang='lat' dir='ltr'>&#39;clm</span> <span class='ocrx_word' id='word_1_432' title='bbox 453 2561 534 2591; x_wconf 89' lang='lat' dir='ltr'>nobis</span> <span class='ocrx_word' id='word_1_433' title='bbox 548 2571 635 2599; x_wconf 89' lang='lat' dir='ltr'>nuper</span> <span class='ocrx_word' id='word_1_434' title='bbox 648 2571 681 2591; x_wconf 83' lang='lat' dir='ltr'>ex</span> <span class='ocrx_word' id='word_1_435' title='bbox 696 2570 769 2599; x_wconf 90' lang='lat' dir='ltr'>parte</span> <span class='ocrx_word' id='word_1_436' title='bbox 780 2558 870 2591; x_wconf 63' lang='lat' dir='ltr'>vestri</span> <span class='ocrx_word' id='word_1_437' title='bbox 882 2560 1003 2592; x_wconf 83' lang='lat' dir='ltr'>delatam</span> <span class='ocrx_word' id='word_1_438' title='bbox 1021 2561 1097 2600; x_wconf 71' lang='lat' dir='ltr'>(qua</span> <span class='ocrx_word' id='word_1_439' title='bbox 1110 2572 1161 2592; x_wconf 90' lang='lat' dir='ltr'>nos</span> <span class='ocrx_word' id='word_1_440' title='bbox 1175 2561 1322 2594; x_wconf 81' lang='lat' dir='ltr'>liberaliter</span> 
     </span>
     <span class='ocr_line' id='line_1_58' title="bbox 253 2598 1322 2640; baseline 0.002 -11"><span class='ocrx_word' id='word_1_441' title='bbox 253 2598 354 2629; x_wconf 82' lang='lat' dir='ltr'>honor&#39;</span> <span class='ocrx_word' id='word_1_442' title='bbox 388 2599 423 2637; x_wconf 89' lang='lat' dir='ltr'>is)</span> <span class='ocrx_word' id='word_1_443' title='bbox 441 2608 574 2638; x_wconf 86' lang='lat' dir='ltr'>quantum</span> <span class='ocrx_word' id='word_1_444' title='bbox 587 2601 668 2631; x_wconf 87' lang='lat' dir='ltr'>vobis</span> <span class='ocrx_word' id='word_1_445' title='bbox 680 2599 860 2637; x_wconf 80' lang='lat' dir='ltr'>astringimur</span> <span class='ocrx_word' id='word_1_446' title='bbox 872 2600 906 2631; x_wconf 87' lang='lat'>&amp;</span> <span class='ocrx_word' id='word_1_447' title='bbox 919 2608 1062 2639; x_wconf 88' lang='lat' dir='ltr'>tenemur,</span> <span class='ocrx_word' id='word_1_448' title='bbox 1080 2601 1259 2640; x_wconf 86' lang='lat' dir='ltr'>nequivimus</span> <span class='ocrx_word' id='word_1_449' title='bbox 1273 2611 1322 2632; x_wconf 83' lang='lat' dir='ltr'>ex-</span> 
     </span>
     <span class='ocr_line' id='line_1_59' title="bbox 250 2637 1320 2677; baseline 0.005 -11"><span class='ocrx_word' id='word_1_450' title='bbox 250 2646 253 2647; x_wconf 63' lang='grc'>’</span> <span class='ocrx_word' id='word_1_451' title='bbox 275 2637 394 2677; x_wconf 80' lang='lat' dir='ltr'>timere,</span> <span class='ocrx_word' id='word_1_452' title='bbox 406 2648 495 2677; x_wconf 86' lang='lat' dir='ltr'>neque</span> <span class='ocrx_word' id='word_1_453' title='bbox 507 2637 661 2669; x_wconf 85' lang='lat' dir='ltr'>sufficimus</span> <span class='ocrx_word' id='word_1_454' title='bbox 674 2647 703 2669; x_wconf 90' lang='lat' dir='ltr'>ut</span> <span class='ocrx_word' id='word_1_455' title='bbox 717 2637 873 2676; x_wconf 85' lang='lat' dir='ltr'>condignas</span> <span class='ocrx_word' id='word_1_456' title='bbox 885 2637 962 2677; x_wconf 87' lang='lat' dir='ltr'>super</span> <span class='ocrx_word' id='word_1_457' title='bbox 975 2639 1032 2670; x_wconf 89' lang='lat' dir='ltr'>hoc</span> <span class='ocrx_word' id='word_1_458' title='bbox 1053 2640 1136 2670; x_wconf 84' lang='lat' dir='ltr'>vobis</span> <span class='ocrx_word' id='word_1_459' title='bbox 1157 2641 1256 2676; x_wconf 84' lang='lat' dir='ltr'>gratias</span> <span class='ocrx_word' id='word_1_460' title='bbox 1273 2650 1320 2671; x_wconf 87' lang='lat' dir='ltr'>ex-</span> 
     </span>
    </p>

    <p class='ocr_par' dir='ltr' id='par_1_11' title="bbox 254 2675 1323 2755">
     <span class='ocr_line' id='line_1_60' title="bbox 265 2675 1323 2718; baseline 0.005 -13"><span class='ocrx_word' id='word_1_461' title='bbox 265 2675 406 2715; x_wconf 68' lang='lat' dir='ltr'>olvamus,</span> <span class='ocrx_word' id='word_1_462' title='bbox 425 2677 462 2707; x_wconf 91' lang='lat' dir='ltr'>set</span> <span class='ocrx_word' id='word_1_463' title='bbox 482 2687 533 2717; x_wconf 90' lang='lat' dir='ltr'>pro</span> <span class='ocrx_word' id='word_1_464' title='bbox 553 2677 604 2707; x_wconf 91' lang='lat' dir='ltr'>illis</span> <span class='ocrx_word' id='word_1_465' title='bbox 622 2677 735 2718; x_wconf 87' lang='lat' dir='ltr'>superna</span> <span class='ocrx_word' id='word_1_466' title='bbox 750 2676 909 2708; x_wconf 86' lang='lat' dir='ltr'>Clementia</span> <span class='ocrx_word' id='word_1_467' title='bbox 928 2676 1131 2710; x_wconf 75' lang='lat' dir='ltr'>inaestimabilis</span> <span class='ocrx_word' id='word_1_468' title='bbox 1152 2679 1223 2709; x_wconf 90' lang='lat' dir='ltr'>boni</span> <span class='ocrx_word' id='word_1_469' title='bbox 1241 2679 1323 2710; x_wconf 89' lang='lat' dir='ltr'>vobis</span> 
     </span>
     <span class='ocr_line' id='line_1_61' title="bbox 254 2715 627 2755; baseline 0.005 -11"><span class='ocrx_word' id='word_1_470' title='bbox 254 2715 409 2755; x_wconf 79' lang='lat' dir='ltr'>praemium</span> <span class='ocrx_word' id='word_1_471' title='bbox 424 2715 627 2753; x_wconf 85' lang='lat' dir='ltr'>recompenset.</span> 
     </span>
    </p>

    <p class='ocr_par' dir='ltr' id='par_1_12' title="bbox 252 2751 1323 3069">
     <span class='ocr_line' id='line_1_62' title="bbox 290 2751 1323 2795; baseline 0.004 -13"><span class='ocrx_word' id='word_1_472' title='bbox 290 2751 433 2784; x_wconf 76' lang='lat' dir='ltr'>Caeterum</span> <span class='ocrx_word' id='word_1_473' title='bbox 445 2753 533 2784; x_wconf 85' lang='lat' dir='ltr'>finem</span> <span class='ocrx_word' id='word_1_474' title='bbox 548 2755 581 2786; x_wconf 90' lang='lat'>&amp;</span> <span class='ocrx_word' id='word_1_475' title='bbox 598 2755 704 2785; x_wconf 85' lang='lat' dir='ltr'>exitum</span> <span class='ocrx_word' id='word_1_476' title='bbox 716 2754 845 2794; x_wconf 85' lang='lat' dir='ltr'>negotii,</span> <span class='ocrx_word' id='word_1_477' title='bbox 863 2752 1068 2784; x_wconf 85' lang='lat' dir='ltr'>reformationis</span> <span class='ocrx_word' id='word_1_478' title='bbox 1081 2754 1174 2795; x_wconf 84' lang='lat' dir='ltr'>pacis,</span> <span class='ocrx_word' id='word_1_479' title='bbox 1188 2754 1264 2792; x_wconf 90' lang='lat' dir='ltr'>quod</span> <span class='ocrx_word' id='word_1_480' title='bbox 1282 2754 1323 2786; x_wconf 89' lang='lat' dir='ltr'>est</span> 
     </span>
     <span class='ocr_line' id='line_1_63' title="bbox 253 2790 1321 2833; baseline 0.004 -13"><span class='ocrx_word' id='word_1_481' title='bbox 253 2790 325 2821; x_wconf 87' lang='lat' dir='ltr'>inter</span> <span class='ocrx_word' id='word_1_482' title='bbox 346 2791 459 2828; x_wconf 81' lang='lat' dir='ltr'>Regem</span> <span class='ocrx_word' id='word_1_483' title='bbox 479 2792 603 2824; x_wconf 76' lang='lat' dir='ltr'>Franciae</span> <span class='ocrx_word' id='word_1_484' title='bbox 622 2794 656 2824; x_wconf 67' lang='grc' dir='ltr'>ὃς</span> <span class='ocrx_word' id='word_1_485' title='bbox 672 2803 738 2832; x_wconf 84' lang='lat' dir='ltr'>nOS,</span> <span class='ocrx_word' id='word_1_486' title='bbox 759 2791 834 2830; x_wconf 88' lang='lat' dir='ltr'>quod</span> <span class='ocrx_word' id='word_1_487' title='bbox 853 2791 945 2822; x_wconf 82' lang='lat' dir='ltr'>adhuc</span> <span class='ocrx_word' id='word_1_488' title='bbox 963 2792 1084 2833; x_wconf 86' lang='lat' dir='ltr'>pendere</span> <span class='ocrx_word' id='word_1_489' title='bbox 1102 2792 1256 2824; x_wconf 85' lang='lat' dir='ltr'>dinoscitur</span> <span class='ocrx_word' id='word_1_490' title='bbox 1271 2804 1321 2824; x_wconf 91' lang='lat' dir='ltr'>co-</span> 
     </span>
     <span class='ocr_line' id='line_1_64' title="bbox 253 2830 1320 2872; baseline 0.004 -13"><span class='ocrx_word' id='word_1_491' title='bbox 253 2838 313 2872; x_wconf 81' lang='lat' dir='ltr'>ram</span> <span class='ocrx_word' id='word_1_492' title='bbox 330 2831 411 2860; x_wconf 89' lang='lat' dir='ltr'>vobis</span> <span class='ocrx_word' id='word_1_493' title='bbox 430 2830 499 2872; x_wconf 89' lang='lat' dir='ltr'>(pro</span> <span class='ocrx_word' id='word_1_494' title='bbox 518 2842 574 2870; x_wconf 84' lang='lat' dir='ltr'>quo</span> <span class='ocrx_word' id='word_1_495' title='bbox 592 2832 658 2862; x_wconf 86' lang='lat' dir='ltr'>alios</span> <span class='ocrx_word' id='word_1_496' title='bbox 676 2831 831 2871; x_wconf 87' lang='lat' dir='ltr'>solempnes</span> <span class='ocrx_word' id='word_1_497' title='bbox 853 2830 987 2861; x_wconf 82' lang='lat' dir='ltr'>Nimcios</span> <span class='ocrx_word' id='word_1_498' title='bbox 1012 2830 1119 2862; x_wconf 80' lang='lat' dir='ltr'>nostros</span> <span class='ocrx_word' id='word_1_499' title='bbox 1146 2832 1180 2862; x_wconf 92' lang='lat' dir='ltr'>ad</span> <span class='ocrx_word' id='word_1_500' title='bbox 1204 2831 1320 2872; x_wconf 82' lang='lat' dir='ltr'>praesen-</span> 
     </span>
     <span class='ocr_line' id='line_1_65' title="bbox 252 2868 1322 2907; baseline 0.005 -10"><span class='ocrx_word' id='word_1_501' title='bbox 252 2875 320 2898; x_wconf 82' lang='lat' dir='ltr'>tiam</span> <span class='ocrx_word' id='word_1_502' title='bbox 340 2868 461 2899; x_wconf 78' lang='lat' dir='ltr'>vestram</span> <span class='ocrx_word' id='word_1_503' title='bbox 479 2869 674 2900; x_wconf 79' lang='lat' dir='ltr'>transmisimus</span> <span class='ocrx_word' id='word_1_504' title='bbox 689 2879 694 2898; x_wconf 90' lang='lat'>:</span> <span class='ocrx_word' id='word_1_505' title='bbox 721 2870 755 2900; x_wconf 91' lang='lat'>&amp;</span> <span class='ocrx_word' id='word_1_506' title='bbox 782 2879 833 2907; x_wconf 87' lang='lat' dir='ltr'>pro</span> <span class='ocrx_word' id='word_1_507' title='bbox 850 2879 907 2907; x_wconf 88' lang='lat' dir='ltr'>quo</span> <span class='ocrx_word' id='word_1_508' title='bbox 924 2871 1010 2899; x_wconf 86' lang='lat' dir='ltr'>etiam</span> <span class='ocrx_word' id='word_1_509' title='bbox 1027 2869 1146 2901; x_wconf 65' lang='lat' dir='ltr'>dilectos</span> <span class='ocrx_word' id='word_1_510' title='bbox 1174 2871 1207 2901; x_wconf 73' lang='grc' dir='ltr'>δε</span> <span class='ocrx_word' id='word_1_511' title='bbox 1230 2870 1322 2902; x_wconf 86' lang='lat' dir='ltr'>fideles</span> 
     </span>
     <span class='ocr_line' id='line_1_66' title="bbox 253 2905 1318 2949; baseline 0.005 -14"><span class='ocrx_word' id='word_1_512' title='bbox 253 2905 374 2949; x_wconf 81' lang='lat' dir='ltr'>nosti-os,</span> <span class='ocrx_word' id='word_1_513' title='bbox 386 2907 546 2938; x_wconf 84' lang='lat' dir='ltr'>Walterum</span> <span class='ocrx_word' id='word_1_514' title='bbox 564 2907 698 2939; x_wconf 88' lang='lat' dir='ltr'>Coventr.</span> <span class='ocrx_word' id='word_1_515' title='bbox 713 2908 747 2938; x_wconf 69' lang='lat' dir='ltr'>«Sc</span> <span class='ocrx_word' id='word_1_516' title='bbox 769 2907 859 2949; x_wconf 85' lang='lat' dir='ltr'>Lych.</span> <span class='ocrx_word' id='word_1_517' title='bbox 876 2907 978 2947; x_wconf 88' lang='lat' dir='ltr'>Episco</span> <span class='ocrx_word' id='word_1_518' title='bbox 999 2919 1066 2947; x_wconf 90' lang='lat' dir='ltr'>um,</span> <span class='ocrx_word' id='word_1_519' title='bbox 1082 2908 1242 2940; x_wconf 88' lang='lat' dir='ltr'>Amadeum</span> <span class='ocrx_word' id='word_1_520' title='bbox 1258 2909 1318 2940; x_wconf 90' lang='lat' dir='ltr'>Co-</span> 
     </span>
     <span class='ocr_line' id='line_1_67' title="bbox 256 2945 1319 2987; baseline 0.005 -14"><span class='ocrx_word' id='word_1_521' title='bbox 256 2953 357 2975; x_wconf 88' lang='lat' dir='ltr'>mitem</span> <span class='ocrx_word' id='word_1_522' title='bbox 369 2946 512 2977; x_wconf 72' lang='lat' dir='ltr'>Sabaudiae</span> <span class='ocrx_word' id='word_1_523' title='bbox 521 2947 678 2986; x_wconf 86' lang='lat' dir='ltr'>,Ottonem</span> <span class='ocrx_word' id='word_1_524' title='bbox 692 2945 728 2976; x_wconf 91' lang='lat' dir='ltr'>dc</span> <span class='ocrx_word' id='word_1_525' title='bbox 743 2945 935 2977; x_wconf 86' lang='lat' dir='ltr'>Grandissono</span> <span class='ocrx_word' id='word_1_526' title='bbox 990 2947 1077 2978; x_wconf 89' lang='lat' dir='ltr'>ilitem</span> <span class='ocrx_word' id='word_1_527' title='bbox 1103 2948 1137 2978; x_wconf 69' lang='grc' dir='ltr'>ὃ(</span> <span class='ocrx_word' id='word_1_528' title='bbox 1150 2948 1319 2987; x_wconf 69' lang='lat' dir='ltr'>praedie&#39;tum</span> 
     </span>
     <span class='ocr_line' id='line_1_68' title="bbox 256 2982 1320 3024; baseline 0.007 -13"><span class='ocrx_word' id='word_1_529' title='bbox 256 2982 486 3024; x_wconf 73' lang='lat' dir='ltr'>Archidaconum</span> <span class='ocrx_word' id='word_1_530' title='bbox 496 3008 506 3023; x_wconf 90' lang='lat'>,</span> <span class='ocrx_word' id='word_1_531' title='bbox 524 2985 712 3016; x_wconf 76' lang='lat' dir='ltr'>Procuratores</span> <span class='ocrx_word' id='word_1_532' title='bbox 731 2985 764 3015; x_wconf 89' lang='lat'>&amp;</span> <span class='ocrx_word' id='word_1_533' title='bbox 784 2983 917 3023; x_wconf 85' lang='lat' dir='ltr'>Nuncios</span> <span class='ocrx_word' id='word_1_534' title='bbox 936 2984 1044 3018; x_wconf 91' lang='lat' dir='ltr'>nostros</span> <span class='ocrx_word' id='word_1_535' title='bbox 1061 2997 1076 3017; x_wconf 89' lang='lat' dir='ltr'>a</span> <span class='ocrx_word' id='word_1_536' title='bbox 1116 2996 1167 3017; x_wconf 88' lang='lat' dir='ltr'>vos</span> <span class='ocrx_word' id='word_1_537' title='bbox 1182 2987 1320 3019; x_wconf 83' lang='lat' dir='ltr'>mittimus</span> 
     </span>
     <span class='ocr_line' id='line_1_69' title="bbox 256 3023 801 3069; baseline 0.007 -20"><span class='ocrx_word' id='word_1_538' title='bbox 256 3023 367 3057; x_wconf 84' lang='lat' dir='ltr'>iterato)</span> <span class='ocrx_word' id='word_1_539' title='bbox 386 3023 595 3054; x_wconf 80' lang='lat' dir='ltr'>desiderabiliter</span> <span class='ocrx_word' id='word_1_540' title='bbox 607 3023 780 3069; x_wconf 65' lang='lat' dir='ltr'>expectantes</span> <span class='ocrx_word' id='word_1_541' title='bbox 792 3035 801 3061; x_wconf 80' lang='lat'>3</span> 
     </span>
    </p>

    <p class='ocr_par' dir='ltr' id='par_1_13' title="bbox 254 3058 1320 3293">
     <span class='ocr_line' id='line_1_70' title="bbox 296 3058 1320 3107; baseline 0.005 -18"><span class='ocrx_word' id='word_1_542' title='bbox 296 3058 437 3101; x_wconf 58' lang='lat' dir='ltr'>Santiitati</span> <span class='ocrx_word' id='word_1_543' title='bbox 455 3061 551 3092; x_wconf 82' lang='lat' dir='ltr'>vestrae</span> <span class='ocrx_word' id='word_1_544' title='bbox 569 3073 649 3092; x_wconf 86' lang='lat' dir='ltr'>omni</span> <span class='ocrx_word' id='word_1_545' title='bbox 660 3085 669 3101; x_wconf 91' lang='lat'>,</span> <span class='ocrx_word' id='word_1_546' title='bbox 684 3061 739 3101; x_wconf 77' lang='lat' dir='ltr'>qua</span> <span class='ocrx_word' id='word_1_547' title='bbox 756 3061 898 3102; x_wconf 71' lang='lat' dir='ltr'>possumus</span> <span class='ocrx_word' id='word_1_548' title='bbox 911 3086 922 3107; x_wconf 81' lang='lat'>,</span> <span class='ocrx_word' id='word_1_549' title='bbox 942 3062 1126 3104; x_wconf 85' lang='lat' dir='ltr'>supplicamus</span> <span class='ocrx_word' id='word_1_550' title='bbox 1173 3062 1320 3104; x_wconf 71' lang='lat' dir='ltr'>instantia,</span> 
     </span>
     <span class='ocr_line' id='line_1_71' title="bbox 254 3085 1320 3141; baseline 0.007 -15"><span class='ocrx_word' id='word_1_551' title='bbox 254 3099 521 3141; x_wconf 33' lang='lat' dir='ltr'>quatinuskeosdem</span> <span class='ocrx_word' id='word_1_552' title='bbox 536 3101 669 3131; x_wconf 75' lang='lat' dir='ltr'>Nuncios</span> <span class='ocrx_word' id='word_1_553' title='bbox 689 3101 806 3137; x_wconf 85' lang='lat' dir='ltr'>paternis</span> <span class='ocrx_word' id='word_1_554' title='bbox 823 3100 970 3132; x_wconf 71' lang='lat' dir='ltr'>affechbus</span> <span class='ocrx_word' id='word_1_555' title='bbox 987 3085 1201 3132; x_wconf 84' lang='lat' dir='ltr'>recomend&#39;atos</span> <span class='ocrx_word' id='word_1_556' title='bbox 1215 3102 1320 3133; x_wconf 91' lang='lat' dir='ltr'>haben-</span> 
     </span>
     <span class='ocr_line' id='line_1_72' title="bbox 256 3137 1320 3207; baseline 0.008 -44"><span class='ocrx_word' id='word_1_557' title='bbox 256 3142 311 3173; x_wconf 86' lang='lat' dir='ltr'>tes,</span> <span class='ocrx_word' id='word_1_558' title='bbox 326 3138 413 3179; x_wconf 34' lang='lat' dir='ltr'>iic,-1i</span> <span class='ocrx_word' id='word_1_559' title='bbox 430 3137 541 3177; x_wconf 84' lang='lat' dir='ltr'>placet,</span> <span class='ocrx_word' id='word_1_560' title='bbox 561 3140 636 3169; x_wconf 83' lang='lat' dir='ltr'>circa</span> <span class='ocrx_word' id='word_1_561' title='bbox 657 3138 864 3207; x_wconf 52' lang='lat' dir='ltr'>c&gt;ipeditionem</span> <span class='ocrx_word' id='word_1_562' title='bbox 890 3139 1000 3170; x_wconf 85' lang='lat' dir='ltr'>finalem</span> <span class='ocrx_word' id='word_1_563' title='bbox 1014 3163 1024 3178; x_wconf 90' lang='lat'>,</span> <span class='ocrx_word' id='word_1_564' title='bbox 1048 3140 1081 3170; x_wconf 69' lang='grc' dir='ltr'>ὅ(</span> <span class='ocrx_word' id='word_1_565' title='bbox 1099 3140 1320 3172; x_wconf 79' lang='lat' dir='ltr'>consummatio-</span> 
     </span>
     <span class='ocr_line' id='line_1_73' title="bbox 254 3177 1320 3221; baseline 0.008 -18"><span class='ocrx_word' id='word_1_566' title='bbox 254 3182 322 3203; x_wconf 88' lang='lat' dir='ltr'>nem</span> <span class='ocrx_word' id='word_1_567' title='bbox 340 3178 420 3213; x_wconf 76' lang='lat' dir='ltr'>ipsius</span> <span class='ocrx_word' id='word_1_568' title='bbox 438 3178 547 3212; x_wconf 77' lang='lat' dir='ltr'>negotii</span> <span class='ocrx_word' id='word_1_569' title='bbox 564 3187 659 3207; x_wconf 88' lang='lat' dir='ltr'>curam</span> <span class='ocrx_word' id='word_1_570' title='bbox 688 3177 786 3207; x_wconf 86' lang='lat' dir='ltr'>olitam</span> <span class='ocrx_word' id='word_1_571' title='bbox 809 3177 970 3215; x_wconf 83' lang='lat' dir='ltr'>dignemini</span> <span class='ocrx_word' id='word_1_572' title='bbox 988 3179 1135 3217; x_wconf 83' lang='lat' dir='ltr'>adhibere,</span> <span class='ocrx_word' id='word_1_573' title='bbox 1154 3180 1248 3218; x_wconf 87' lang='lat' dir='ltr'>quod,</span> <span class='ocrx_word' id='word_1_574' title='bbox 1267 3190 1320 3221; x_wconf 87' lang='lat' dir='ltr'>pro</span> 
     </span>
     <span class='ocr_line' id='line_1_74' title="bbox 255 3211 1319 3256; baseline 0.008 -16"><span class='ocrx_word' id='word_1_575' title='bbox 255 3211 333 3241; x_wconf 91' lang='lat' dir='ltr'>bono</span> <span class='ocrx_word' id='word_1_576' title='bbox 348 3214 381 3244; x_wconf 64' lang='grc' dir='ltr'>ὃς</span> <span class='ocrx_word' id='word_1_577' title='bbox 395 3213 509 3244; x_wconf 85' lang='lat' dir='ltr'>utilitate</span> <span class='ocrx_word' id='word_1_578' title='bbox 521 3216 602 3245; x_wconf 82' lang='lat' dir='ltr'>totius</span> <span class='ocrx_word' id='word_1_579' title='bbox 617 3216 778 3252; x_wconf 77' lang='lat' dir='ltr'>reipublicae</span> <span class='ocrx_word' id='word_1_580' title='bbox 792 3214 1017 3256; x_wconf 83' lang='lat' dir='ltr'>Christianae,ad</span> <span class='ocrx_word' id='word_1_581' title='bbox 1044 3216 1203 3255; x_wconf 88' lang='lat' dir='ltr'>prosperum</span> <span class='ocrx_word' id='word_1_582' title='bbox 1218 3220 1252 3249; x_wconf 67' lang='grc' dir='ltr'>ὃς</span> <span class='ocrx_word' id='word_1_583' title='bbox 1266 3229 1319 3256; x_wconf 89' lang='lat' dir='ltr'>op-</span> 
     </span>
     <span class='ocr_line' id='line_1_75' title="bbox 254 3251 1213 3293; baseline 0.006 -14"><span class='ocrx_word' id='word_1_584' title='bbox 254 3258 361 3289; x_wconf 81' lang='lat' dir='ltr'>tatum,</span> <span class='ocrx_word' id='word_1_585' title='bbox 381 3251 479 3282; x_wconf 57' lang='lat' dir='ltr'>divin&amp;</span> <span class='ocrx_word' id='word_1_586' title='bbox 491 3262 657 3293; x_wconf 83' lang='lat' dir='ltr'>cooperante</span> <span class='ocrx_word' id='word_1_587' title='bbox 673 3253 850 3292; x_wconf 68' lang='lat' dir='ltr'>Clementia,</span> <span class='ocrx_word' id='word_1_588' title='bbox 869 3255 1052 3293; x_wconf 83' lang='lat' dir='ltr'>perducantur</span> <span class='ocrx_word' id='word_1_589' title='bbox 1068 3255 1213 3286; x_wconf 67' lang='lat' dir='ltr'>effitc&#39;tum.</span> 
     </span>
    </p>

    <p class='ocr_par' dir='ltr' id='par_1_14' title="bbox 252 3288 1319 3398">
     <span class='ocr_line' id='line_1_76' title="bbox 294 3288 1319 3335; baseline 0.004 -16"><span class='ocrx_word' id='word_1_590' title='bbox 294 3288 445 3321; x_wconf 87' lang='lat' dir='ltr'>Credentes</span> <span class='ocrx_word' id='word_1_591' title='bbox 464 3292 541 3330; x_wconf 81' lang='lat' dir='ltr'>ea,si</span> <span class='ocrx_word' id='word_1_592' title='bbox 559 3292 665 3330; x_wconf 88' lang='lat' dir='ltr'>placet,</span> <span class='ocrx_word' id='word_1_593' title='bbox 679 3302 741 3330; x_wconf 66' lang='lat' dir='ltr'>qli-„e</span> <span class='ocrx_word' id='word_1_594' title='bbox 759 3292 863 3335; x_wconf 63' lang='lat' dir='ltr'>praefati</span> <span class='ocrx_word' id='word_1_595' title='bbox 885 3295 903 3312; x_wconf 69' lang='lat'>*¹²</span> <span class='ocrx_word' id='word_1_596' title='bbox 923 3294 1052 3333; x_wconf 88' lang='lat' dir='ltr'>Nuncii,</span> <span class='ocrx_word' id='word_1_597' title='bbox 1070 3294 1115 3324; x_wconf 85' lang='lat' dir='ltr'>vel</span> <span class='ocrx_word' id='word_1_598' title='bbox 1132 3302 1182 3324; x_wconf 84' lang='lat' dir='ltr'>tres</span> <span class='ocrx_word' id='word_1_599' title='bbox 1198 3303 1231 3324; x_wconf 82' lang='lat' dir='ltr'>ex</span> <span class='ocrx_word' id='word_1_600' title='bbox 1247 3293 1319 3334; x_wconf 87' lang='lat' dir='ltr'>ipsis,</span> 
     </span>
     <span class='ocr_line' id='line_1_77' title="bbox 252 3328 1317 3373; baseline 0.005 -16"><span class='ocrx_word' id='word_1_601' title='bbox 252 3336 285 3371; x_wconf 83' lang='lat' dir='ltr'>ex</span> <span class='ocrx_word' id='word_1_602' title='bbox 303 3337 378 3367; x_wconf 79' lang='lat' dir='ltr'>parte</span> <span class='ocrx_word' id='word_1_603' title='bbox 391 3328 506 3373; x_wconf 65' lang='lat' dir='ltr'>nostrai,</span> <span class='ocrx_word' id='word_1_604' title='bbox 522 3329 620 3361; x_wconf 73' lang='lat' dir='ltr'>vestrae</span> <span class='ocrx_word' id='word_1_605' title='bbox 637 3330 802 3361; x_wconf 70' lang='lat' dir='ltr'>Bmtitudini</span> <span class='ocrx_word' id='word_1_606' title='bbox 819 3330 887 3361; x_wconf 70' lang='lat' dir='ltr'>viva</span> <span class='ocrx_word' id='word_1_607' title='bbox 904 3342 977 3362; x_wconf 91' lang='lat' dir='ltr'>voce</span> <span class='ocrx_word' id='word_1_608' title='bbox 1001 3332 1164 3371; x_wconf 86' lang='lat' dir='ltr'>exponenda</span> <span class='ocrx_word' id='word_1_609' title='bbox 1188 3332 1317 3363; x_wconf 79' lang='lat' dir='ltr'>diurerint</span> 
     </span>
     <span class='ocr_line' id='line_1_78' title="bbox 253 3366 451 3398; baseline 0.01 -2"><span class='ocrx_word' id='word_1_610' title='bbox 253 3377 282 3396; x_wconf 90' lang='lat' dir='ltr'>in</span> <span class='ocrx_word' id='word_1_611' title='bbox 317 3366 451 3398; x_wconf 82' lang='lat' dir='ltr'>raemiffis.</span> 
     </span>
    </p>

    <p class='ocr_par' dir='ltr' id='par_1_15' title="bbox 337 3405 536 3445">
     <span class='ocr_line' id='line_1_79' title="bbox 337 3405 536 3445; baseline 0.015 -11"><span class='ocrx_word' id='word_1_612' title='bbox 337 3405 458 3445; x_wconf 89' lang='lat' dir='ltr'>nservet,</span> <span class='ocrx_word' id='word_1_613' title='bbox 475 3407 536 3437; x_wconf 84' lang='lat' dir='ltr'>&amp;c.</span> 
     </span>
    </p>
   </div>
   <div class='ocr_carea' id='block_1_8' title="bbox 289 3442 1045 3486">
    <p class='ocr_par' dir='ltr' id='par_1_16' title="bbox 289 3442 1045 3486">
     <span class='ocr_line' id='line_1_80' title="bbox 289 3442 1045 3486; baseline 0.007 -13"><span class='ocrx_word' id='word_1_614' title='bbox 289 3442 355 3474; x_wconf 89' lang='lat' dir='ltr'>Dat.</span> <span class='ocrx_word' id='word_1_615' title='bbox 373 3445 445 3482; x_wconf 89' lang='lat' dir='ltr'>apud</span> <span class='ocrx_word' id='word_1_616' title='bbox 464 3445 571 3483; x_wconf 86' lang='lat' dir='ltr'>Glasgu</span> <span class='ocrx_word' id='word_1_617' title='bbox 586 3444 723 3477; x_wconf 86' lang='lat' dir='ltr'>vicesimo</span> <span class='ocrx_word' id='word_1_618' title='bbox 738 3456 834 3486; x_wconf 84' lang='lat' dir='ltr'>quarto</span> <span class='ocrx_word' id='word_1_619' title='bbox 852 3447 899 3477; x_wconf 89' lang='lat' dir='ltr'>die</span> <span class='ocrx_word' id='word_1_620' title='bbox 916 3446 1045 3485; x_wconf 87' lang='lat' dir='ltr'>Augusti.</span> 
     </span>
    </p>
   </div>
   <div class='ocr_carea' id='block_1_9' title="bbox 101 2230 235 2375">
    <p class='ocr_par' dir='ltr' id='par_1_17' title="bbox 102 2230 235 2265">
     <span class='ocr_line' id='line_1_81' title="bbox 102 2230 235 2265; baseline -0.023 0"><span class='ocrx_word' id='word_1_621' title='bbox 102 2231 179 2265; x_wconf 77' lang='lat' dir='ltr'>Ann.</span> <span class='ocrx_word' id='word_1_622' title='bbox 194 2230 235 2263; x_wconf 92' lang='lat' dir='ltr'>D.</span> 
     </span>
    </p>

    <p class='ocr_par' dir='ltr' id='par_1_18' title="bbox 101 2280 219 2375">
     <span class='ocr_line' id='line_1_82' title="bbox 127 2280 213 2310; baseline 0 -9"><span class='ocrx_word' id='word_1_623' title='bbox 127 2280 213 2310; x_wconf 78' lang='lat'>1301.</span> 
     </span>
     <span class='ocr_line' id='line_1_83' title="bbox 101 2315 219 2346; baseline 0.008 -9"><span class='ocrx_word' id='word_1_624' title='bbox 101 2315 156 2337; x_wconf 69' lang='lat' dir='ltr'>Aa.</span> <span class='ocrx_word' id='word_1_625' title='bbox 173 2319 219 2346; x_wconf 81' lang='lat'>29.</span> 
     </span>
     <span class='ocr_line' id='line_1_84' title="bbox 102 2351 172 2375; baseline 0.014 -1"><span class='ocrx_word' id='word_1_626' title='bbox 102 2351 132 2375; x_wconf 81' lang='grc' dir='ltr'>Ε.</span> <span class='ocrx_word' id='word_1_627' title='bbox 148 2357 172 2375; x_wconf 88' lang='grc' dir='ltr'>ι.</span> 
     </span>
    </p>
   </div>
   <div class='ocr_carea' id='block_1_10' title="bbox 101 2407 234 2538">
    <p class='ocr_par' dir='ltr' id='par_1_19' title="bbox 101 2407 234 2538">
     <span class='ocr_line' id='line_1_85' title="bbox 101 2407 192 2461; baseline 0.011 -11"><span class='ocrx_word' id='word_1_628' title='bbox 101 2407 192 2461; x_wconf 73' lang='lat' dir='ltr'>Claics.</span> 
     </span>
     <span class='ocr_line' id='line_1_86' title="bbox 105 2466 234 2496; baseline 0 -6"><span class='ocrx_word' id='word_1_629' title='bbox 105 2471 151 2496; x_wconf 85' lang='lat'>29.</span> <span class='ocrx_word' id='word_1_630' title='bbox 160 2466 190 2490; x_wconf 73' lang='lat' dir='ltr'>f..</span> <span class='ocrx_word' id='word_1_631' title='bbox 212 2472 234 2490; x_wconf 88' lang='lat' dir='ltr'>i.</span> 
     </span>
     <span class='ocr_line' id='line_1_87' title="bbox 102 2500 206 2538; baseline 0 -10"><span class='ocrx_word' id='word_1_632' title='bbox 102 2500 206 2538; x_wconf 81' lang='lat' dir='ltr'>m.3.d.</span> 
     </span>
    </p>
   </div>
   <div class='ocr_carea' id='block_1_11' title="bbox 105 3307 240 3345">
    <p class='ocr_par' dir='ltr' id='par_1_20' title="bbox 105 3307 240 3345">
     <span class='ocr_line' id='line_1_88' title="bbox 105 3307 240 3345; baseline 0.015 -8"><span class='ocrx_word' id='word_1_633' title='bbox 105 3307 240 3345; x_wconf 73' lang='lat'>⁸11.891:</span> 
     </span>
    </p>
   </div>
   <div class='ocr_carea' id='block_1_12' title="bbox 256 3573 1316 3668">
    <p class='ocr_par' dir='ltr' id='par_1_21' title="bbox 256 3573 1316 3668">
     <span class='ocr_line' id='line_1_89' title="bbox 256 3573 1316 3625; baseline 0.007 -22"><span class='ocrx_word' id='word_1_634' title='bbox 256 3573 365 3616; x_wconf 66' lang='lat' dir='ltr'>Bulla,</span> <span class='ocrx_word' id='word_1_635' title='bbox 387 3586 439 3620; x_wconf 83' lang='lat' dir='ltr'>pro</span> <span class='ocrx_word' id='word_1_636' title='bbox 458 3576 625 3615; x_wconf 84' lang='lat' dir='ltr'>nonnullis,</span> <span class='ocrx_word' id='word_1_637' title='bbox 642 3576 678 3609; x_wconf 73' lang='lat' dir='ltr'>de</span> <span class='ocrx_word' id='word_1_638' title='bbox 686 3577 828 3622; x_wconf 74' lang='lat' dir='ltr'>societate</span> <span class='ocrx_word' id='word_1_639' title='bbox 848 3583 1006 3625; x_wconf 77' lang='lat' dir='ltr'>Spinorum</span> <span class='ocrx_word' id='word_1_640' title='bbox 1028 3578 1167 3622; x_wconf 82' lang='lat' dir='ltr'>occasione</span> <span class='ocrx_word' id='word_1_641' title='bbox 1191 3575 1316 3610; x_wconf 83' lang='lat' dir='ltr'>homici-</span> 
     </span>
     <span class='ocr_line' id='line_1_90' title="bbox 547 3623 1012 3668; baseline 0.011 -11"><span class='ocrx_word' id='word_1_642' title='bbox 547 3623 593 3657; x_wconf 85' lang='lat' dir='ltr'>dii</span> <span class='ocrx_word' id='word_1_643' title='bbox 608 3624 777 3668; x_wconf 49' lang='lat' dir='ltr'>anastasis,</span> <span class='ocrx_word' id='word_1_644' title='bbox 803 3626 1012 3662; x_wconf 77' lang='lat' dir='ltr'>deliberandis.</span> 
     </span>
    </p>
   </div>
   <div class='ocr_carea' id='block_1_13' title="bbox 106 3707 1315 3819">
    <p class='ocr_par' dir='ltr' id='par_1_22' title="bbox 106 3707 1315 3819">
     <span class='ocr_line' id='line_1_91' title="bbox 106 3707 1315 3775; baseline -0.012 -18"><span class='ocrx_word' id='word_1_645' title='bbox 106 3726 180 3758; x_wconf 82' lang='lat' dir='ltr'>Arm.</span> <span class='ocrx_word' id='word_1_646' title='bbox 196 3726 238 3758; x_wconf 90' lang='lat' dir='ltr'>D.</span> <span class='ocrx_word' id='word_1_647' title='bbox 252 3707 448 3775; x_wconf 47' lang='lat' dir='ltr'>Bcgfflfacius</span> <span class='ocrx_word' id='word_1_648' title='bbox 466 3713 618 3752; x_wconf 87' lang='lat' dir='ltr'>Episcopus</span> <span class='ocrx_word' id='word_1_649' title='bbox 624 3713 732 3758; x_wconf 72' lang='lat' dir='ltr'>,servus</span> <span class='ocrx_word' id='word_1_650' title='bbox 739 3715 889 3760; x_wconf 24' lang='lat' dir='ltr'>*serv-omm-</span> <span class='ocrx_word' id='word_1_651' title='bbox 905 3716 980 3755; x_wconf 90' lang='lat' dir='ltr'>Dei,</span> <span class='ocrx_word' id='word_1_652' title='bbox 994 3717 1135 3748; x_wconf 87' lang='lat' dir='ltr'>carissimo</span> <span class='ocrx_word' id='word_1_653' title='bbox 1155 3716 1185 3745; x_wconf 90' lang='lat' dir='ltr'>in</span> <span class='ocrx_word' id='word_1_654' title='bbox 1199 3712 1315 3757; x_wconf 81' lang='lat' dir='ltr'>Christo</span> 
     </span>
     <span class='ocr_line' id='line_1_92' title="bbox 139 3750 1314 3819; baseline -0.002 -6"><span class='ocrx_word' id='word_1_655' title='bbox 139 3775 221 3804; x_wconf 77' lang='lat'>¹30¹·</span> <span class='ocrx_word' id='word_1_656' title='bbox 257 3750 541 3819; x_wconf 42' lang='lat' dir='ltr'>benedffifiogzigardo</span> <span class='ocrx_word' id='word_1_657' title='bbox 562 3753 638 3790; x_wconf 47' lang='lat' dir='ltr'>Regi</span> <span class='ocrx_word' id='word_1_658' title='bbox 657 3753 773 3791; x_wconf 72' lang='lat' dir='ltr'>Anghae</span> <span class='ocrx_word' id='word_1_659' title='bbox 797 3754 892 3786; x_wconf 54' lang='lat' dir='ltr'>IHUstn</span> <span class='ocrx_word' id='word_1_660' title='bbox 905 3778 916 3795; x_wconf 76' lang='lat'><strong><em>³</em></strong></span> <span class='ocrx_word' id='word_1_661' title='bbox 947 3755 1060 3787; x_wconf 85' lang='lat' dir='ltr'>salutem</span> <span class='ocrx_word' id='word_1_662' title='bbox 1078 3757 1112 3788; x_wconf 82' lang='lat'>&amp;</span> <span class='ocrx_word' id='word_1_663' title='bbox 1131 3751 1314 3793; x_wconf 60' lang='lat' dir='ltr'>apostoncam</span> 
     </span>
    </p>
   </div>
   <div class='ocr_carea' id='block_1_14' title="bbox 107 3807 1314 3982">
    <p class='ocr_par' dir='ltr' id='par_1_23' title="bbox 107 3807 1314 3871">
     <span class='ocr_line' id='line_1_93' title="bbox 107 3807 1314 3871; baseline 0.011 -23"><span class='ocrx_word' id='word_1_664' title='bbox 107 3807 214 3868; x_wconf 33' lang='grc' dir='ltr'>ἔξω</span> <span class='ocrx_word' id='word_1_665' title='bbox 288 3821 416 3866; x_wconf 55' lang='lat' dir='ltr'>⁴Zelantes</span> <span class='ocrx_word' id='word_1_666' title='bbox 430 3826 463 3868; x_wconf 81' lang='lat' dir='ltr'>ab</span> <span class='ocrx_word' id='word_1_667' title='bbox 477 3828 582 3870; x_wconf 81' lang='lat' dir='ltr'>intimis</span> <span class='ocrx_word' id='word_1_668' title='bbox 593 3837 648 3858; x_wconf 87' lang='lat' dir='ltr'>tuae</span> <span class='ocrx_word' id='word_1_669' title='bbox 667 3828 842 3861; x_wconf 82' lang='lat' dir='ltr'>Cellitudinis</span> <span class='ocrx_word' id='word_1_670' title='bbox 864 3830 1088 3871; x_wconf 85' lang='lat' dir='ltr'>incrementum,</span> <span class='ocrx_word' id='word_1_671' title='bbox 1103 3840 1130 3863; x_wconf 91' lang='lat' dir='ltr'>te</span> <span class='ocrx_word' id='word_1_672' title='bbox 1141 3831 1175 3862; x_wconf 92' lang='lat' dir='ltr'>ad</span> <span class='ocrx_word' id='word_1_673' title='bbox 1188 3841 1219 3861; x_wconf 92' lang='lat' dir='ltr'>ea</span> <span class='ocrx_word' id='word_1_674' title='bbox 1249 3841 1314 3869; x_wconf 87' lang='lat' dir='ltr'>quae</span> 
     </span>
    </p>

    <p class='ocr_par' dir='ltr' id='par_1_24' title="bbox 108 3854 1314 3910">
     <span class='ocr_line' id='line_1_94' title="bbox 108 3854 1314 3910; baseline 0.014 -24"><span class='ocrx_word' id='word_1_675' title='bbox 108 3883 147 3905; x_wconf 66' lang='lat' dir='ltr'>Ex</span> <span class='ocrx_word' id='word_1_676' title='bbox 160 3882 217 3907; x_wconf 76' lang='lat' dir='ltr'>Au·</span> <span class='ocrx_word' id='word_1_677' title='bbox 255 3866 295 3888; x_wconf 82' lang='lat' dir='ltr'>tui</span> <span class='ocrx_word' id='word_1_678' title='bbox 311 3860 421 3904; x_wconf 72' lang='lat' dir='ltr'>honoris</span> <span class='ocrx_word' id='word_1_679' title='bbox 439 3865 539 3903; x_wconf 83' lang='lat' dir='ltr'>titulis,</span> <span class='ocrx_word' id='word_1_680' title='bbox 556 3875 664 3910; x_wconf 71' lang='lat' dir='ltr'>tuaeque</span> <span class='ocrx_word' id='word_1_681' title='bbox 687 3867 762 3898; x_wconf 84' lang='lat' dir='ltr'>saluti</span> <span class='ocrx_word' id='word_1_682' title='bbox 783 3867 956 3908; x_wconf 87' lang='lat' dir='ltr'>expediunt,</span> <span class='ocrx_word' id='word_1_683' title='bbox 979 3872 1115 3909; x_wconf 87' lang='lat' dir='ltr'>promptis</span> <span class='ocrx_word' id='word_1_684' title='bbox 1135 3871 1169 3901; x_wconf 91' lang='lat'>&amp;</span> <span class='ocrx_word' id='word_1_685' title='bbox 1189 3854 1314 3899; x_wconf 80' lang='lat' dir='ltr'>sollicitis</span> 
     </span>
    </p>

    <p class='ocr_par' dir='ltr' id='par_1_25' title="bbox 107 3895 1313 3982">
     <span class='ocr_line' id='line_1_95' title="bbox 107 3895 1313 3948; baseline 0 -10"><span class='ocrx_word' id='word_1_686' title='bbox 107 3923 169 3944; x_wconf 69' lang='lat' dir='ltr'>tarr.</span> <span class='ocrx_word' id='word_1_687' title='bbox 256 3895 351 3938; x_wconf 80' lang='lat' dir='ltr'>studiis</span> <span class='ocrx_word' id='word_1_688' title='bbox 362 3907 563 3945; x_wconf 71' lang='lat' dir='ltr'>excitamus,ut</span> <span class='ocrx_word' id='word_1_689' title='bbox 577 3905 680 3942; x_wconf 87' lang='lat' dir='ltr'>nichil,</span> <span class='ocrx_word' id='word_1_690' title='bbox 695 3906 770 3944; x_wconf 89' lang='lat' dir='ltr'>quod</span> <span class='ocrx_word' id='word_1_691' title='bbox 783 3907 950 3938; x_wconf 87' lang='lat' dir='ltr'>indecentiae</span> <span class='ocrx_word' id='word_1_692' title='bbox 967 3908 1012 3940; x_wconf 91' lang='lat' dir='ltr'>vel</span> <span class='ocrx_word' id='word_1_693' title='bbox 1030 3908 1231 3948; x_wconf 88' lang='lat' dir='ltr'>reprehensioni</span> <span class='ocrx_word' id='word_1_694' title='bbox 1249 3907 1313 3939; x_wconf 86' lang='lat' dir='ltr'>sub-</span> 
     </span>
     <span class='ocr_line' id='line_1_96' title="bbox 129 3932 892 3982; baseline 0.021 -22"><span class='ocrx_word' id='word_1_695' title='bbox 129 3932 144 3953; x_wconf 62' lang='grc' dir='ltr'><strong>ὸ</strong></span> <span class='ocrx_word' id='word_1_696' title='bbox 252 3943 357 3973; x_wconf 74' lang='lat' dir='ltr'>jaceat,</span> <span class='ocrx_word' id='word_1_697' title='bbox 372 3946 501 3973; x_wconf 86' lang='lat' dir='ltr'>imputari</span> <span class='ocrx_word' id='word_1_698' title='bbox 512 3941 563 3969; x_wconf 86' lang='lat' dir='ltr'>tibi</span> <span class='ocrx_word' id='word_1_699' title='bbox 583 3943 686 3980; x_wconf 82' lang='lat' dir='ltr'>valeat,</span> <span class='ocrx_word' id='word_1_700' title='bbox 701 3944 746 3974; x_wconf 89' lang='lat' dir='ltr'>vel</span> <span class='ocrx_word' id='word_1_701' title='bbox 757 3945 892 3982; x_wconf 83' lang='lat' dir='ltr'>impingi.</span> 
     </span>
    </p>
   </div>
   <div class='ocr_carea' id='block_1_15' title="bbox 291 3972 1312 4023">
    <p class='ocr_par' dir='ltr' id='par_1_26' title="bbox 291 3972 1312 4023">
     <span class='ocr_line' id='line_1_97' title="bbox 291 3972 1312 4023; baseline 0.012 -23"><span class='ocrx_word' id='word_1_702' title='bbox 291 3972 333 4001; x_wconf 79' lang='lat' dir='ltr'>Ex</span> <span class='ocrx_word' id='word_1_703' title='bbox 351 3972 478 4004; x_wconf 86' lang='lat' dir='ltr'>relatione</span> <span class='ocrx_word' id='word_1_704' title='bbox 498 3977 632 4015; x_wconf 84' lang='lat' dir='ltr'>siquidem</span> <span class='ocrx_word' id='word_1_705' title='bbox 648 3981 817 4013; x_wconf 70' lang='lat' dir='ltr'>dilectorum</span> <span class='ocrx_word' id='word_1_706' title='bbox 842 3982 981 4023; x_wconf 88' lang='lat' dir='ltr'>filiorum,</span> <span class='ocrx_word' id='word_1_707' title='bbox 1002 3984 1196 4015; x_wconf 80' lang='lat' dir='ltr'>Mercatorum</span> <span class='ocrx_word' id='word_1_708' title='bbox 1215 3982 1251 4013; x_wconf 88' lang='lat' dir='ltr'>de</span> <span class='ocrx_word' id='word_1_709' title='bbox 1268 3981 1312 4012; x_wconf 93' lang='lat' dir='ltr'>so-</span> 
     </span>
    </p>
   </div>
   <div class='ocr_carea' id='block_1_16' title="bbox 255 4010 2016 4063">
    <p class='ocr_par' dir='ltr' id='par_1_27' title="bbox 255 4010 2016 4063">
     <span class='ocr_line' id='line_1_98' title="bbox 255 4010 2016 4063; baseline 0.003 -21"><span class='ocrx_word' id='word_1_710' title='bbox 255 4010 354 4044; x_wconf 81' lang='lat' dir='ltr'>cietate</span> <span class='ocrx_word' id='word_1_711' title='bbox 373 4010 524 4051; x_wconf 70' lang='lat' dir='ltr'>spinosum</span> <span class='ocrx_word' id='word_1_712' title='bbox 538 4037 548 4054; x_wconf 84' lang='grc'>,</span> <span class='ocrx_word' id='word_1_713' title='bbox 572 4016 607 4048; x_wconf 89' lang='lat' dir='ltr'>de</span> <span class='ocrx_word' id='word_1_714' title='bbox 625 4018 780 4060; x_wconf 60' lang='lat' dir='ltr'>florentia,</span> <span class='ocrx_word' id='word_1_715' title='bbox 795 4021 844 4060; x_wconf 83' lang='lat' dir='ltr'>qui</span> <span class='ocrx_word' id='word_1_716' title='bbox 863 4020 965 4054; x_wconf 82' lang='lat' dir='ltr'>nostrae</span> <span class='ocrx_word' id='word_1_717' title='bbox 989 4020 1120 4054; x_wconf 84' lang='lat' dir='ltr'>Camerae</span> <span class='ocrx_word' id='word_1_718' title='bbox 1139 4020 1312 4053; x_wconf 66' lang='lat' dir='ltr'>Mercatore:</span> <span class='ocrx_word' id='word_1_719' title='bbox 1350 4031 1421 4063; x_wconf 83' lang='lat' dir='ltr'>gem</span> <span class='ocrx_word' id='word_1_720' title='bbox 1437 4021 1561 4056; x_wconf 74' lang='lat' dir='ltr'>Franciae</span> <span class='ocrx_word' id='word_1_721' title='bbox 1579 4021 1716 4057; x_wconf 76' lang='lat' dir='ltr'>Illustretn</span> <span class='ocrx_word' id='word_1_722' title='bbox 1729 4020 1859 4054; x_wconf 80' lang='lat' dir='ltr'>duximus</span> <span class='ocrx_word' id='word_1_723' title='bbox 1873 4013 2016 4048; x_wconf 81' lang='lat' dir='ltr'>deffinand</span> 
     </span>
    </p>
   </div>
   <div class='ocr_carea' id='block_1_17' title="bbox 384 2329 1360 2397">
    <p class='ocr_par' dir='ltr' id='par_1_28' title="bbox 384 2329 1360 2397">
     <span class='ocr_line' id='line_1_99' title="bbox 384 2329 1360 2397; baseline 0.002 -38"><span class='ocrx_word' id='word_1_724' title='bbox 384 2338 489 2397; x_wconf 63' lang='lat' dir='ltr'>fiuanto</span> <span class='ocrx_word' id='word_1_725' title='bbox 502 2329 569 2360; x_wconf 84' lang='lat' dir='ltr'>illud</span> <span class='ocrx_word' id='word_1_726' title='bbox 584 2329 778 2368; x_wconf 82' lang='lat' dir='ltr'>perspicaciori</span> <span class='ocrx_word' id='word_1_727' title='bbox 794 2329 894 2359; x_wconf 77' lang='lat' dir='ltr'>intuitu</span> <span class='ocrx_word' id='word_1_728' title='bbox 915 2329 1159 2368; x_wconf 88' lang='lat' dir='ltr'>contemplamur,</span> <span class='ocrx_word' id='word_1_729' title='bbox 1181 2337 1258 2360; x_wconf 88' lang='lat' dir='ltr'>tanto</span> <span class='ocrx_word' id='word_1_730' title='bbox 1270 2341 1322 2361; x_wconf 91' lang='lat' dir='ltr'>no-</span> <span class='ocrx_word' id='word_1_731' title='bbox 1356 2347 1360 2350; x_wconf 52' lang='lat'><strong>⁴</strong></span> 
     </span>
    </p>
   </div>
   <div class='ocr_carea' id='block_1_18' title="bbox 655 108 1914 178">
    <p class='ocr_par' dir='ltr' id='par_1_29' title="bbox 655 108 1914 178">
     <span class='ocr_line' id='line_1_100' title="bbox 655 108 1914 178; baseline -0.006 -4"><span class='ocrx_word' id='word_1_732' title='bbox 655 108 1914 178; x_wconf 75' lang='lat' dir='ltr'>coNvENTioNES‚L1TERAE‚</span> 
     </span>
    </p>
   </div>
   <div class='ocr_carea' id='block_1_19' title="bbox 1344 205 2569 1711">
    <p class='ocr_par' dir='ltr' id='par_1_30' title="bbox 1344 205 2569 366">
     <span class='ocr_line' id='line_1_101' title="bbox 1344 205 2569 250; baseline 0.001 -9"><span class='ocrx_word' id='word_1_733' title='bbox 1344 210 1463 242; x_wconf 77' lang='lat' dir='ltr'>existunt</span> <span class='ocrx_word' id='word_1_734' title='bbox 1470 234 1481 250; x_wconf 89' lang='lat'>,</span> <span class='ocrx_word' id='word_1_735' title='bbox 1500 220 1588 249; x_wconf 87' lang='lat' dir='ltr'>nuper</span> <span class='ocrx_word' id='word_1_736' title='bbox 1605 212 1769 249; x_wconf 84' lang='lat' dir='ltr'>accepimus</span> <span class='ocrx_word' id='word_1_737' title='bbox 1783 233 1793 249; x_wconf 83' lang='lat'>,</span> <span class='ocrx_word' id='word_1_738' title='bbox 1819 211 1911 250; x_wconf 86' lang='lat' dir='ltr'>quod,</span> <span class='ocrx_word' id='word_1_739' title='bbox 1925 208 2075 241; x_wconf 79' lang='lat' dir='ltr'>occasione</span> <span class='ocrx_word' id='word_1_740' title='bbox 2087 207 2229 248; x_wconf 75' lang='lat' dir='ltr'>cujusdam</span> <span class='ocrx_word' id='word_1_741' title='bbox 2242 210 2328 250; x_wconf 87' lang='lat' dir='ltr'>rixae,</span> <span class='ocrx_word' id='word_1_742' title='bbox 2342 212 2413 244; x_wconf 86' lang='lat' dir='ltr'>inter</span> <span class='ocrx_word' id='word_1_743' title='bbox 2433 209 2508 243; x_wconf 75' lang='lat' dir='ltr'>Am·</span> <span class='ocrx_word' id='word_1_744' title='bbox 2519 205 2569 247; x_wconf 61' lang='grc' dir='ltr'>ΒΛ</span> 
     </span>
     <span class='ocr_line' id='line_1_102' title="bbox 1344 248 2538 290; baseline 0.002 -10"><span class='ocrx_word' id='word_1_745' title='bbox 1344 249 1509 289; x_wconf 88' lang='lat' dir='ltr'>familiares,</span> <span class='ocrx_word' id='word_1_746' title='bbox 1531 249 1721 288; x_wconf 87' lang='lat' dir='ltr'>quorumdam</span> <span class='ocrx_word' id='word_1_747' title='bbox 1738 249 1890 280; x_wconf 88' lang='lat' dir='ltr'>Sociorum</span> <span class='ocrx_word' id='word_1_748' title='bbox 1910 248 1955 279; x_wconf 90' lang='lat' dir='ltr'>seu</span> <span class='ocrx_word' id='word_1_749' title='bbox 1974 248 2188 279; x_wconf 79' lang='lat' dir='ltr'>procuratorum</span> <span class='ocrx_word' id='word_1_750' title='bbox 2206 248 2293 280; x_wconf 65' lang='lat' dir='ltr'>dietae</span> <span class='ocrx_word' id='word_1_751' title='bbox 2315 250 2414 282; x_wconf 90' lang='lat' dir='ltr'>Socie-</span> <span class='ocrx_word' id='word_1_752' title='bbox 2454 254 2538 290; x_wconf 67' lang='lat'>1301‘.</span> 
     </span>
     <span class='ocr_line' id='line_1_103' title="bbox 1344 286 2556 328; baseline -0.001 -10"><span class='ocrx_word' id='word_1_753' title='bbox 1344 289 1424 326; x_wconf 89' lang='lat' dir='ltr'>tatis,</span> <span class='ocrx_word' id='word_1_754' title='bbox 1446 289 1475 317; x_wconf 90' lang='lat' dir='ltr'>in</span> <span class='ocrx_word' id='word_1_755' title='bbox 1497 297 1547 318; x_wconf 89' lang='lat' dir='ltr'>tuo</span> <span class='ocrx_word' id='word_1_756' title='bbox 1562 287 1669 325; x_wconf 85' lang='lat' dir='ltr'>Regno</span> <span class='ocrx_word' id='word_1_757' title='bbox 1687 289 1878 326; x_wconf 86' lang='lat' dir='ltr'>morantium,</span> <span class='ocrx_word' id='word_1_758' title='bbox 1896 288 1926 317; x_wconf 92' lang='lat' dir='ltr'>in</span> <span class='ocrx_word' id='word_1_759' title='bbox 1947 286 2070 317; x_wconf 89' lang='lat' dir='ltr'>Civitate</span> <span class='ocrx_word' id='word_1_760' title='bbox 2091 286 2199 318; x_wconf 88' lang='lat' dir='ltr'>scilicet</span> <span class='ocrx_word' id='word_1_761' title='bbox 2222 287 2412 320; x_wconf 87' lang='lat' dir='ltr'>Londonienfi</span> <span class='ocrx_word' id='word_1_762' title='bbox 2433 293 2500 318; x_wconf 72' lang='lat' dir='ltr'>Eav.</span> <span class='ocrx_word' id='word_1_763' title='bbox 2512 301 2556 328; x_wconf 57' lang='lat' dir='ltr'>ty*</span> 
     </span>
     <span class='ocr_line' id='line_1_104' title="bbox 1344 325 2415 366; baseline 0.003 -10"><span class='ocrx_word' id='word_1_764' title='bbox 1344 326 1466 365; x_wconf 86' lang='lat' dir='ltr'>habitae,</span> <span class='ocrx_word' id='word_1_765' title='bbox 1481 327 1511 356; x_wconf 92' lang='lat' dir='ltr'>in</span> <span class='ocrx_word' id='word_1_766' title='bbox 1524 336 1576 364; x_wconf 85' lang='lat' dir='ltr'>qua</span> <span class='ocrx_word' id='word_1_767' title='bbox 1591 326 1707 364; x_wconf 87' lang='lat' dir='ltr'>quidem</span> <span class='ocrx_word' id='word_1_768' title='bbox 1723 326 1782 356; x_wconf 65' lang='lat' dir='ltr'>ruta</span> <span class='ocrx_word' id='word_1_769' title='bbox 1796 336 1866 356; x_wconf 87' lang='lat' dir='ltr'>unus</span> <span class='ocrx_word' id='word_1_770' title='bbox 1882 326 1919 356; x_wconf 89' lang='lat' dir='ltr'>de</span> <span class='ocrx_word' id='word_1_771' title='bbox 1936 326 1999 363; x_wconf 89' lang='lat' dir='ltr'>ipsis</span> <span class='ocrx_word' id='word_1_772' title='bbox 2017 325 2197 356; x_wconf 83' lang='lat' dir='ltr'>familiaribus</span> <span class='ocrx_word' id='word_1_773' title='bbox 2214 325 2370 366; x_wconf 83' lang='lat' dir='ltr'>casualiter,</span> <span class='ocrx_word' id='word_1_774' title='bbox 2384 337 2415 359; x_wconf 95' lang='lat' dir='ltr'>ut</span> 
     </span>
    </p>

    <p class='ocr_par' dir='ltr' id='par_1_31' title="bbox 1345 364 2415 403">
     <span class='ocr_line' id='line_1_105' title="bbox 1345 364 2415 403; baseline 0.004 -9"><span class='ocrx_word' id='word_1_775' title='bbox 1345 365 1467 403; x_wconf 86' lang='lat' dir='ltr'>dicitur,</span> <span class='ocrx_word' id='word_1_776' title='bbox 1486 364 1645 403; x_wconf 86' lang='lat' dir='ltr'>percussus,</span> <span class='ocrx_word' id='word_1_777' title='bbox 1659 366 1692 395; x_wconf 88' lang='lat'>&amp;</span> <span class='ocrx_word' id='word_1_778' title='bbox 1707 373 1742 394; x_wconf 82' lang='lat' dir='ltr'>ex</span> <span class='ocrx_word' id='word_1_779' title='bbox 1764 364 1925 403; x_wconf 85' lang='lat' dir='ltr'>hujusmodi</span> <span class='ocrx_word' id='word_1_780' title='bbox 1939 364 2112 402; x_wconf 77' lang='lat' dir='ltr'>percussione</span> <span class='ocrx_word' id='word_1_781' title='bbox 2130 364 2249 403; x_wconf 89' lang='lat' dir='ltr'>interiit,</span> <span class='ocrx_word' id='word_1_782' title='bbox 2268 364 2415 398; x_wconf 72' lang='lat' dir='ltr'>officiales</span> 
     </span>
    </p>

    <p class='ocr_par' dir='ltr' id='par_1_32' title="bbox 1345 401 2415 512">
     <span class='ocr_line' id='line_1_106' title="bbox 1345 401 2412 442; baseline 0.004 -10"><span class='ocrx_word' id='word_1_783' title='bbox 1345 402 1390 433; x_wconf 91' lang='lat' dir='ltr'>seu</span> <span class='ocrx_word' id='word_1_784' title='bbox 1402 402 1545 441; x_wconf 74' lang='lat' dir='ltr'>justitiarii</span> <span class='ocrx_word' id='word_1_785' title='bbox 1560 403 1601 433; x_wconf 91' lang='lat' dir='ltr'>tui</span> <span class='ocrx_word' id='word_1_786' title='bbox 1615 413 1673 432; x_wconf 92' lang='lat' dir='ltr'>non</span> <span class='ocrx_word' id='word_1_787' title='bbox 1693 401 1783 433; x_wconf 88' lang='lat' dir='ltr'>solum</span> <span class='ocrx_word' id='word_1_788' title='bbox 1805 411 1902 433; x_wconf 86' lang='lat' dir='ltr'>contra</span> <span class='ocrx_word' id='word_1_789' title='bbox 1916 402 2106 440; x_wconf 80' lang='lat' dir='ltr'>percussorem</span> <span class='ocrx_word' id='word_1_790' title='bbox 2120 401 2298 442; x_wconf 83' lang='lat' dir='ltr'>hujusmodi,</span> <span class='ocrx_word' id='word_1_791' title='bbox 2319 405 2370 442; x_wconf 45' lang='lat' dir='ltr'>qui*</span> <span class='ocrx_word' id='word_1_792' title='bbox 2385 404 2412 436; x_wconf 81' lang='lat' dir='ltr'>se&#39;</span> 
     </span>
     <span class='ocr_line' id='line_1_107' title="bbox 1346 440 2415 512; baseline 0.004 -4"><span class='ocrx_word' id='word_1_793' title='bbox 1346 440 1724 509; x_wconf 52' lang='lat' dir='ltr'>§iff‘ssscigfflsmliffiae</span> <span class='ocrx_word' id='word_1_794' title='bbox 1738 440 2159 510; x_wconf 50' lang='lat' dir='ltr'>Qsi‘imissms’ibie‘ffmrsss‘iis‘?</span> <span class='ocrx_word' id='word_1_795' title='bbox 2165 450 2230 510; x_wconf 61' lang='lat'>{315¹</span> <span class='ocrx_word' id='word_1_796' title='bbox 2231 449 2270 472; x_wconf 67' lang='lat'>“³</span> <span class='ocrx_word' id='word_1_797' title='bbox 2290 443 2415 512; x_wconf 55' lang='lat' dir='ltr'>Pess⁰i2¹³⁵</span> 
     </span>
    </p>

    <p class='ocr_par' dir='ltr' id='par_1_33' title="bbox 1347 489 2414 561">
     <span class='ocr_line' id='line_1_108' title="bbox 1347 489 2414 561; baseline 0.005 -15"><span class='ocrx_word' id='word_1_798' title='bbox 1347 517 1450 547; x_wconf 87' lang='lat' dir='ltr'>bebant</span> <span class='ocrx_word' id='word_1_799' title='bbox 1464 516 1573 547; x_wconf 90' lang='lat' dir='ltr'>ibidem</span> <span class='ocrx_word' id='word_1_800' title='bbox 1580 489 1729 561; x_wconf 54' lang='lat' dir='ltr'>,ejindebitgt⁸</span> <span class='ocrx_word' id='word_1_801' title='bbox 1741 490 1923 555; x_wconf 49' lang='lat' dir='ltr'>procidentes</span> <span class='ocrx_word' id='word_1_802' title='bbox 1931 541 1941 556; x_wconf 94' lang='lat'>,</span> <span class='ocrx_word' id='word_1_803' title='bbox 1953 489 2078 557; x_wconf 57' lang='grc' dir='ltr'>ρέῑῶξιεε</span> <span class='ocrx_word' id='word_1_804' title='bbox 2091 516 2158 557; x_wconf 86' lang='lat' dir='ltr'>ipsas</span> <span class='ocrx_word' id='word_1_805' title='bbox 2180 490 2414 561; x_wconf 44' lang='grc' dir='ltr'>νίοιῗέητέἳῖερὲ</span> 
     </span>
    </p>

    <p class='ocr_par' dir='ltr' id='par_1_34' title="bbox 1347 555 2416 599">
     <span class='ocr_line' id='line_1_109' title="bbox 1347 555 2416 599; baseline 0.004 -14"><span class='ocrx_word' id='word_1_806' title='bbox 1347 563 1423 585; x_wconf 82' lang='lat' dir='ltr'>runt:</span> <span class='ocrx_word' id='word_1_807' title='bbox 1436 564 1470 599; x_wconf 77' lang='lat' dir='ltr'>ac</span> <span class='ocrx_word' id='word_1_808' title='bbox 1488 565 1529 585; x_wconf 71' lang='lat' dir='ltr'>res</span> <span class='ocrx_word' id='word_1_809' title='bbox 1546 556 1579 586; x_wconf 78' lang='grc' dir='ltr'>δε</span> <span class='ocrx_word' id='word_1_810' title='bbox 1597 556 1672 586; x_wconf 91' lang='lat' dir='ltr'>bona</span> <span class='ocrx_word' id='word_1_811' title='bbox 1682 555 1860 595; x_wconf 80' lang='lat' dir='ltr'>hujusmodi,</span> <span class='ocrx_word' id='word_1_812' title='bbox 1876 555 1926 586; x_wconf 92' lang='lat' dir='ltr'>sub</span> <span class='ocrx_word' id='word_1_813' title='bbox 1938 566 2037 586; x_wconf 88' lang='lat' dir='ltr'>eorum</span> <span class='ocrx_word' id='word_1_814' title='bbox 2052 555 2154 592; x_wconf 85' lang='lat' dir='ltr'>signata</span> <span class='ocrx_word' id='word_1_815' title='bbox 2174 555 2285 596; x_wconf 85' lang='lat' dir='ltr'>sigillis,</span> <span class='ocrx_word' id='word_1_816' title='bbox 2302 559 2416 590; x_wconf 67' lang='lat' dir='ltr'>arresta-</span> 
     </span>
    </p>

    <p class='ocr_par' dir='ltr' id='par_1_35' title="bbox 1347 593 2415 635">
     <span class='ocr_line' id='line_1_110' title="bbox 1347 593 2415 635; baseline 0.005 -12"><span class='ocrx_word' id='word_1_817' title='bbox 1347 602 1425 624; x_wconf 81' lang='lat' dir='ltr'>runt:</span> <span class='ocrx_word' id='word_1_818' title='bbox 1444 593 1544 632; x_wconf 86' lang='lat' dir='ltr'>illaque</span> <span class='ocrx_word' id='word_1_819' title='bbox 1557 593 1695 632; x_wconf 86' lang='lat' dir='ltr'>arrestata,</span> <span class='ocrx_word' id='word_1_820' title='bbox 1713 595 1746 625; x_wconf 89' lang='lat'>&amp;</span> <span class='ocrx_word' id='word_1_821' title='bbox 1762 594 1887 635; x_wconf 87' lang='lat' dir='ltr'>personas</span> <span class='ocrx_word' id='word_1_822' title='bbox 1903 594 2048 632; x_wconf 61' lang='lat' dir='ltr'>praediffis</span> <span class='ocrx_word' id='word_1_823' title='bbox 2060 594 2186 624; x_wconf 85' lang='lat' dir='ltr'>detinent</span> <span class='ocrx_word' id='word_1_824' title='bbox 2198 595 2337 627; x_wconf 86' lang='lat' dir='ltr'>arrestata:</span> <span class='ocrx_word' id='word_1_825' title='bbox 2352 597 2415 628; x_wconf 93' lang='lat' dir='ltr'>De-</span> 
     </span>
    </p>

    <p class='ocr_par' dir='ltr' id='par_1_36' title="bbox 1348 631 2416 672">
     <span class='ocr_line' id='line_1_111' title="bbox 1348 631 2416 672; baseline 0.006 -11"><span class='ocrx_word' id='word_1_826' title='bbox 1348 632 1437 662; x_wconf 89' lang='lat' dir='ltr'>cimas</span> <span class='ocrx_word' id='word_1_827' title='bbox 1452 641 1563 670; x_wconf 83' lang='lat' dir='ltr'>quoque</span> <span class='ocrx_word' id='word_1_828' title='bbox 1576 632 1613 662; x_wconf 93' lang='lat' dir='ltr'>de</span> <span class='ocrx_word' id='word_1_829' title='bbox 1623 631 1719 662; x_wconf 90' lang='lat' dir='ltr'>nostro</span> <span class='ocrx_word' id='word_1_830' title='bbox 1733 633 1865 663; x_wconf 87' lang='lat' dir='ltr'>mandato</span> <span class='ocrx_word' id='word_1_831' title='bbox 1877 633 1911 664; x_wconf 74' lang='grc' dir='ltr'>δε</span> <span class='ocrx_word' id='word_1_832' title='bbox 1925 634 2101 672; x_wconf 60' lang='grc' dir='ltr'><strong>ευᾶοτίῐετε,</strong></span> <span class='ocrx_word' id='word_1_833' title='bbox 2125 641 2173 670; x_wconf 87' lang='lat' dir='ltr'>per</span> <span class='ocrx_word' id='word_1_834' title='bbox 2193 631 2368 666; x_wconf 62' lang='lat' dir='ltr'>Conectores</span> <span class='ocrx_word' id='word_1_835' title='bbox 2380 636 2416 667; x_wconf 89' lang='lat' dir='ltr'>ad</span> 
     </span>
    </p>

    <p class='ocr_par' dir='ltr' id='par_1_37' title="bbox 1347 669 2417 750">
     <span class='ocr_line' id='line_1_112' title="bbox 1347 669 2417 712; baseline 0.004 -12"><span class='ocrx_word' id='word_1_836' title='bbox 1347 670 1405 700; x_wconf 91' lang='lat' dir='ltr'>hoc</span> <span class='ocrx_word' id='word_1_837' title='bbox 1418 669 1572 710; x_wconf 87' lang='lat' dir='ltr'>specialiter</span> <span class='ocrx_word' id='word_1_838' title='bbox 1584 670 1726 708; x_wconf 87' lang='lat' dir='ltr'>deputatos</span> <span class='ocrx_word' id='word_1_839' title='bbox 1737 693 1748 709; x_wconf 90' lang='lat'>,</span> <span class='ocrx_word' id='word_1_840' title='bbox 1774 671 1791 701; x_wconf 70' lang='lat' dir='ltr'>a</span> <span class='ocrx_word' id='word_1_841' title='bbox 1812 672 1893 702; x_wconf 88' lang='lat' dir='ltr'>nobis</span> <span class='ocrx_word' id='word_1_842' title='bbox 1909 672 1939 701; x_wconf 90' lang='lat' dir='ltr'>in</span> <span class='ocrx_word' id='word_1_843' title='bbox 1958 671 2067 702; x_wconf 88' lang='lat' dir='ltr'>Ibernia</span> <span class='ocrx_word' id='word_1_844' title='bbox 2082 670 2242 702; x_wconf 62' lang='lat' dir='ltr'>recollectas</span> <span class='ocrx_word' id='word_1_845' title='bbox 2255 694 2266 710; x_wconf 92' lang='lat'>,</span> <span class='ocrx_word' id='word_1_846' title='bbox 2293 672 2328 703; x_wconf 90' lang='lat'>&amp;</span> <span class='ocrx_word' id='word_1_847' title='bbox 2342 675 2417 712; x_wconf 88' lang='lat' dir='ltr'>apud</span> 
     </span>
     <span class='ocr_line' id='line_1_113' title="bbox 1350 708 2416 750; baseline 0.003 -12"><span class='ocrx_word' id='word_1_848' title='bbox 1350 708 1524 739; x_wconf 59' lang='lat' dir='ltr'>Mercator&amp;</span> <span class='ocrx_word' id='word_1_849' title='bbox 1535 708 1643 739; x_wconf 89' lang='lat' dir='ltr'>nostros</span> <span class='ocrx_word' id='word_1_850' title='bbox 1654 709 1691 739; x_wconf 92' lang='lat' dir='ltr'>de</span> <span class='ocrx_word' id='word_1_851' title='bbox 1705 709 1844 740; x_wconf 88' lang='lat' dir='ltr'>Societate</span> <span class='ocrx_word' id='word_1_852' title='bbox 1856 709 1992 748; x_wconf 68' lang='lat' dir='ltr'>praedieta</span> <span class='ocrx_word' id='word_1_853' title='bbox 2006 710 2139 748; x_wconf 83' lang='lat' dir='ltr'>depositas</span> <span class='ocrx_word' id='word_1_854' title='bbox 2148 721 2153 726; x_wconf 90' lang='lat'>·</span> <span class='ocrx_word' id='word_1_855' title='bbox 2161 719 2275 740; x_wconf 91' lang='lat' dir='ltr'>necnon</span> <span class='ocrx_word' id='word_1_856' title='bbox 2289 711 2323 741; x_wconf 71' lang='grc' dir='ltr'>δε</span> <span class='ocrx_word' id='word_1_857' title='bbox 2337 722 2416 750; x_wconf 86' lang='lat' dir='ltr'>quas-</span> 
     </span>
    </p>

    <p class='ocr_par' dir='ltr' id='par_1_38' title="bbox 1348 733 2415 790">
     <span class='ocr_line' id='line_1_114' title="bbox 1348 733 2415 790; baseline 0.003 -13"><span class='ocrx_word' id='word_1_858' title='bbox 1348 747 1416 777; x_wconf 88' lang='lat' dir='ltr'>dam</span> <span class='ocrx_word' id='word_1_859' title='bbox 1436 746 1567 786; x_wconf 86' lang='lat' dir='ltr'>Merces,</span> <span class='ocrx_word' id='word_1_860' title='bbox 1580 757 1613 778; x_wconf 85' lang='lat' dir='ltr'>ex</span> <span class='ocrx_word' id='word_1_861' title='bbox 1628 747 1758 790; x_wconf 40' lang='lat' dir='ltr'>pecunia·</span> <span class='ocrx_word' id='word_1_862' title='bbox 1771 747 1830 785; x_wconf 73' lang='lat' dir='ltr'>ipsa</span> <span class='ocrx_word' id='word_1_863' title='bbox 1850 756 1974 786; x_wconf 88' lang='lat' dir='ltr'>emptas,</span> <span class='ocrx_word' id='word_1_864' title='bbox 1990 748 2082 779; x_wconf 89' lang='lat' dir='ltr'>Sociis</span> <span class='ocrx_word' id='word_1_865' title='bbox 2100 733 2267 780; x_wconf 62' lang='lat' dir='ltr'>abdulerunt</span> <span class='ocrx_word' id='word_1_866' title='bbox 2287 749 2392 781; x_wconf 90' lang='lat' dir='ltr'>eisdem</span> <span class='ocrx_word' id='word_1_867' title='bbox 2407 761 2415 781; x_wconf 90' lang='lat'>:</span> 
     </span>
    </p>

    <p class='ocr_par' dir='ltr' id='par_1_39' title="bbox 1348 785 2417 826">
     <span class='ocr_line' id='line_1_115' title="bbox 1348 785 2417 826; baseline 0.004 -10"><span class='ocrx_word' id='word_1_868' title='bbox 1348 795 1382 816; x_wconf 90' lang='lat' dir='ltr'>ac</span> <span class='ocrx_word' id='word_1_869' title='bbox 1398 786 1549 823; x_wconf 87' lang='lat' dir='ltr'>pecuniam</span> <span class='ocrx_word' id='word_1_870' title='bbox 1563 786 1598 817; x_wconf 74' lang='grc' dir='ltr'>δε</span> <span class='ocrx_word' id='word_1_871' title='bbox 1620 785 1733 816; x_wconf 88' lang='lat' dir='ltr'>Merces</span> <span class='ocrx_word' id='word_1_872' title='bbox 1750 786 1817 824; x_wconf 83' lang='lat' dir='ltr'>ipsas</span> <span class='ocrx_word' id='word_1_873' title='bbox 1833 787 1860 816; x_wconf 91' lang='lat' dir='ltr'>ei</span> <span class='ocrx_word' id='word_1_874' title='bbox 1877 786 2015 817; x_wconf 89' lang='lat' dir='ltr'>restituere</span> <span class='ocrx_word' id='word_1_875' title='bbox 2038 787 2252 826; x_wconf 62' lang='lat' dir='ltr'>contradicunt,</span> <span class='ocrx_word' id='word_1_876' title='bbox 2273 788 2417 826; x_wconf 88' lang='lat' dir='ltr'>Apostoli-</span> 
     </span>
    </p>

    <p class='ocr_par' dir='ltr' id='par_1_40' title="bbox 1350 823 2091 862">
     <span class='ocr_line' id='line_1_116' title="bbox 1350 823 2091 862; baseline 0.003 -8"><span class='ocrx_word' id='word_1_877' title='bbox 1350 834 1394 854; x_wconf 82' lang='lat' dir='ltr'>cae</span> <span class='ocrx_word' id='word_1_878' title='bbox 1408 823 1477 854; x_wconf 85' lang='lat' dir='ltr'>sedis</span> <span class='ocrx_word' id='word_1_879' title='bbox 1492 825 1578 854; x_wconf 89' lang='lat' dir='ltr'>etiam</span> <span class='ocrx_word' id='word_1_880' title='bbox 1597 823 1674 861; x_wconf 87' lang='lat' dir='ltr'>super</span> <span class='ocrx_word' id='word_1_881' title='bbox 1688 824 1746 854; x_wconf 87' lang='lat' dir='ltr'>hoc</span> <span class='ocrx_word' id='word_1_882' title='bbox 1763 824 1909 862; x_wconf 87' lang='lat' dir='ltr'>dispendio</span> <span class='ocrx_word' id='word_1_883' title='bbox 1925 834 1983 854; x_wconf 90' lang='lat' dir='ltr'>non</span> <span class='ocrx_word' id='word_1_884' title='bbox 1997 824 2091 856; x_wconf 89' lang='lat' dir='ltr'>vitato.</span> 
     </span>
    </p>

    <p class='ocr_par' dir='ltr' id='par_1_41' title="bbox 1350 861 2421 1020">
     <span class='ocr_line' id='line_1_117' title="bbox 1387 861 2420 904; baseline 0.006 -13"><span class='ocrx_word' id='word_1_885' title='bbox 1387 861 1467 892; x_wconf 90' lang='lat' dir='ltr'>Cum</span> <span class='ocrx_word' id='word_1_886' title='bbox 1479 862 1565 898; x_wconf 82' lang='lat' dir='ltr'>igitur</span> <span class='ocrx_word' id='word_1_887' title='bbox 1579 863 1678 892; x_wconf 90' lang='lat' dir='ltr'>eadem</span> <span class='ocrx_word' id='word_1_888' title='bbox 1691 861 1783 902; x_wconf 90' lang='lat' dir='ltr'>sedes,</span> <span class='ocrx_word' id='word_1_889' title='bbox 1799 862 1906 893; x_wconf 84' lang='lat' dir='ltr'>nedum</span> <span class='ocrx_word' id='word_1_890' title='bbox 1920 863 1949 892; x_wconf 91' lang='lat' dir='ltr'>in</span> <span class='ocrx_word' id='word_1_891' title='bbox 1965 861 2065 903; x_wconf 86' lang='lat' dir='ltr'>seipsa,</span> <span class='ocrx_word' id='word_1_892' title='bbox 2085 864 2118 895; x_wconf 92' lang='lat'>&amp;</span> <span class='ocrx_word' id='word_1_893' title='bbox 2133 864 2163 893; x_wconf 92' lang='lat' dir='ltr'>in</span> <span class='ocrx_word' id='word_1_894' title='bbox 2185 863 2347 903; x_wconf 82' lang='lat' dir='ltr'>specialibus</span> <span class='ocrx_word' id='word_1_895' title='bbox 2361 866 2420 904; x_wconf 85' lang='lat' dir='ltr'>ejus</span> 
     </span>
     <span class='ocr_line' id='line_1_118' title="bbox 1350 900 2421 978; baseline 0.005 -9"><span class='ocrx_word' id='word_1_896' title='bbox 1350 900 2342 978; x_wconf 50' lang='lat' dir='ltr'>arandissigaeisaeaeaiasbsagifltrissant?igi}</span> <span class='ocrx_word' id='word_1_897' title='bbox 2357 906 2421 974; x_wconf 58' lang='lat' dir='ltr'>a?</span> 
     </span>
     <span class='ocr_line' id='line_1_119' title="bbox 1352 952 2349 1020; baseline 0.003 -12"><span class='ocrx_word' id='word_1_898' title='bbox 1352 976 1512 1008; x_wconf 90' lang='lat' dir='ltr'>cellentiam</span> <span class='ocrx_word' id='word_1_899' title='bbox 1525 977 1673 1016; x_wconf 83' lang='lat' dir='ltr'>honorari,</span> <span class='ocrx_word' id='word_1_900' title='bbox 1689 976 1794 1016; x_wconf 83' lang='lat' dir='ltr'>sibique</span> <span class='ocrx_word' id='word_1_901' title='bbox 1806 977 1907 1008; x_wconf 88' lang='lat' dir='ltr'>deferri</span> <span class='ocrx_word' id='word_1_902' title='bbox 1921 963 2006 1016; x_wconf 64' lang='lat' dir='ltr'>spe&#39;ret</span> <span class='ocrx_word' id='word_1_903' title='bbox 2029 977 2170 1009; x_wconf 89' lang='lat' dir='ltr'>favoribus</span> <span class='ocrx_word' id='word_1_904' title='bbox 2189 952 2349 1020; x_wconf 51' lang='lat' dir='ltr'>opOigtunis,</span> 
     </span>
    </p>

    <p class='ocr_par' dir='ltr' id='par_1_42' title="bbox 1352 1014 2429 1547">
     <span class='ocr_line' id='line_1_120' title="bbox 1390 1014 2423 1060; baseline 0.005 -14"><span class='ocrx_word' id='word_1_905' title='bbox 1390 1014 1593 1046; x_wconf 87' lang='lat' dir='ltr'>Celsitudinem</span> <span class='ocrx_word' id='word_1_906' title='bbox 1616 1014 1741 1053; x_wconf 88' lang='lat' dir='ltr'>Regiam</span> <span class='ocrx_word' id='word_1_907' title='bbox 1762 1026 1895 1054; x_wconf 86' lang='lat' dir='ltr'>rogamus</span> <span class='ocrx_word' id='word_1_908' title='bbox 1916 1016 1949 1047; x_wconf 90' lang='lat'>&amp;</span> <span class='ocrx_word' id='word_1_909' title='bbox 1970 1016 2113 1048; x_wconf 89' lang='lat' dir='ltr'>hortamur</span> <span class='ocrx_word' id='word_1_910' title='bbox 2132 1019 2235 1047; x_wconf 80' lang='lat' dir='ltr'>attente</span> <span class='ocrx_word' id='word_1_911' title='bbox 2250 1040 2260 1056; x_wconf 88' lang='lat'>,</span> <span class='ocrx_word' id='word_1_912' title='bbox 2279 1021 2423 1060; x_wconf 88' lang='lat' dir='ltr'>quatinus,</span> 
     </span>
     <span class='ocr_line' id='line_1_121' title="bbox 1353 1053 2420 1096; baseline 0.005 -12"><span class='ocrx_word' id='word_1_913' title='bbox 1353 1054 1500 1092; x_wconf 86' lang='lat' dir='ltr'>prudenter</span> <span class='ocrx_word' id='word_1_914' title='bbox 1512 1053 1669 1092; x_wconf 86' lang='lat' dir='ltr'>attendens,</span> <span class='ocrx_word' id='word_1_915' title='bbox 1685 1054 1718 1084; x_wconf 92' lang='lat'>&amp;</span> <span class='ocrx_word' id='word_1_916' title='bbox 1732 1054 1858 1092; x_wconf 78' lang='lat' dir='ltr'>benigne</span> <span class='ocrx_word' id='word_1_917' title='bbox 1871 1054 2044 1086; x_wconf 86' lang='lat' dir='ltr'>considerans</span> <span class='ocrx_word' id='word_1_918' title='bbox 2077 1055 2137 1086; x_wconf 76' lang='lat' dir='ltr'>uod</span> <span class='ocrx_word' id='word_1_919' title='bbox 2151 1063 2209 1086; x_wconf 88' lang='lat' dir='ltr'>tam</span> <span class='ocrx_word' id='word_1_920' title='bbox 2230 1056 2336 1095; x_wconf 83' lang='lat' dir='ltr'>ratione</span> <span class='ocrx_word' id='word_1_921' title='bbox 2348 1069 2420 1096; x_wconf 86' lang='lat' dir='ltr'>prae-</span> 
     </span>
     <span class='ocr_line' id='line_1_122' title="bbox 1353 1092 2421 1134; baseline 0.003 -12"><span class='ocrx_word' id='word_1_922' title='bbox 1353 1092 1497 1124; x_wconf 64' lang='lat' dir='ltr'>didiorum</span> <span class='ocrx_word' id='word_1_923' title='bbox 1521 1092 1716 1123; x_wconf 84' lang='lat' dir='ltr'>Mercatorum</span> <span class='ocrx_word' id='word_1_924' title='bbox 1726 1115 1736 1131; x_wconf 88' lang='lat'>,</span> <span class='ocrx_word' id='word_1_925' title='bbox 1759 1094 1845 1131; x_wconf 64' lang='lat' dir='ltr'>quhm</span> <span class='ocrx_word' id='word_1_926' title='bbox 1867 1093 1992 1123; x_wconf 79' lang='lat' dir='ltr'>decimae</span> <span class='ocrx_word' id='word_1_927' title='bbox 2018 1103 2075 1131; x_wconf 71' lang='lat' dir='ltr'>prae</span> <span class='ocrx_word' id='word_1_928' title='bbox 2087 1093 2186 1134; x_wconf 83' lang='lat' dir='ltr'>ibatae,</span> <span class='ocrx_word' id='word_1_929' title='bbox 2210 1093 2305 1125; x_wconf 90' lang='lat' dir='ltr'>sedem</span> <span class='ocrx_word' id='word_1_930' title='bbox 2335 1096 2421 1134; x_wconf 81' lang='lat' dir='ltr'>ipsam</span> 
     </span>
     <span class='ocr_line' id='line_1_123' title="bbox 1355 1131 2424 1171; baseline 0.003 -9"><span class='ocrx_word' id='word_1_931' title='bbox 1355 1131 1496 1169; x_wconf 75' lang='lat' dir='ltr'>praemissa</span> <span class='ocrx_word' id='word_1_932' title='bbox 1510 1132 1695 1168; x_wconf 85' lang='lat' dir='ltr'>contingunt:</span> <span class='ocrx_word' id='word_1_933' title='bbox 1717 1132 1847 1170; x_wconf 86' lang='lat' dir='ltr'>quodque</span> <span class='ocrx_word' id='word_1_934' title='bbox 1862 1131 2034 1162; x_wconf 54' lang='lat' dir='ltr'>Mercatore</span> <span class='ocrx_word' id='word_1_935' title='bbox 2047 1131 2135 1162; x_wconf 88' lang='lat' dir='ltr'>iidem</span> <span class='ocrx_word' id='word_1_936' title='bbox 2145 1155 2154 1170; x_wconf 91' lang='lat'>,</span> <span class='ocrx_word' id='word_1_937' title='bbox 2169 1133 2237 1164; x_wconf 80' lang='lat' dir='ltr'>sicut</span> <span class='ocrx_word' id='word_1_938' title='bbox 2249 1134 2424 1171; x_wconf 84' lang='lat' dir='ltr'>experimen-</span> 
     </span>
     <span class='ocr_line' id='line_1_124' title="bbox 1355 1168 2424 1209; baseline 0.004 -9"><span class='ocrx_word' id='word_1_939' title='bbox 1355 1178 1386 1200; x_wconf 92' lang='lat' dir='ltr'>to</span> <span class='ocrx_word' id='word_1_940' title='bbox 1405 1171 1612 1209; x_wconf 87' lang='lat' dir='ltr'>cognovimus,</span> <span class='ocrx_word' id='word_1_941' title='bbox 1628 1168 1854 1207; x_wconf 80' lang='lat' dir='ltr'>Magnificentiae</span> <span class='ocrx_word' id='word_1_942' title='bbox 1869 1178 1924 1201; x_wconf 79' lang='lat' dir='ltr'>tuae</span> <span class='ocrx_word' id='word_1_943' title='bbox 1937 1170 2033 1200; x_wconf 90' lang='lat' dir='ltr'>devoti</span> <span class='ocrx_word' id='word_1_944' title='bbox 2047 1170 2080 1201; x_wconf 90' lang='lat'>&amp;</span> <span class='ocrx_word' id='word_1_945' title='bbox 2094 1169 2186 1201; x_wconf 67' lang='lat' dir='ltr'>fideles</span> <span class='ocrx_word' id='word_1_946' title='bbox 2199 1170 2309 1202; x_wconf 86' lang='lat' dir='ltr'>fuerunt</span> <span class='ocrx_word' id='word_1_947' title='bbox 2330 1171 2424 1204; x_wconf 56' lang='lat' dir='ltr'>badic-</span> 
     </span>
     <span class='ocr_line' id='line_1_125' title="bbox 1355 1208 2429 1249; baseline 0.004 -11"><span class='ocrx_word' id='word_1_948' title='bbox 1355 1218 1405 1238; x_wconf 91' lang='lat' dir='ltr'>nus</span> <span class='ocrx_word' id='word_1_949' title='bbox 1419 1210 1452 1240; x_wconf 90' lang='lat'>&amp;</span> <span class='ocrx_word' id='word_1_950' title='bbox 1464 1208 1600 1247; x_wconf 85' lang='lat' dir='ltr'>existunt,</span> <span class='ocrx_word' id='word_1_951' title='bbox 1614 1218 1648 1238; x_wconf 83' lang='lat' dir='ltr'>ac</span> <span class='ocrx_word' id='word_1_952' title='bbox 1669 1208 1703 1238; x_wconf 92' lang='lat' dir='ltr'>ad</span> <span class='ocrx_word' id='word_1_953' title='bbox 1719 1218 1749 1239; x_wconf 89' lang='lat' dir='ltr'>ea</span> <span class='ocrx_word' id='word_1_954' title='bbox 1763 1210 1889 1249; x_wconf 84' lang='lat' dir='ltr'>prompti</span> <span class='ocrx_word' id='word_1_955' title='bbox 1902 1209 1935 1239; x_wconf 89' lang='lat'>&amp;</span> <span class='ocrx_word' id='word_1_956' title='bbox 1957 1208 2079 1246; x_wconf 88' lang='lat' dir='ltr'>dispositi</span> <span class='ocrx_word' id='word_1_957' title='bbox 2098 1208 2277 1241; x_wconf 87' lang='lat' dir='ltr'>dinoscuntur</span> <span class='ocrx_word' id='word_1_958' title='bbox 2296 1221 2360 1249; x_wconf 89' lang='lat' dir='ltr'>quae</span> <span class='ocrx_word' id='word_1_959' title='bbox 2374 1213 2429 1242; x_wconf 87' lang='lat' dir='ltr'>tuis</span> 
     </span>
     <span class='ocr_line' id='line_1_126' title="bbox 1356 1246 2428 1287; baseline 0.004 -10"><span class='ocrx_word' id='word_1_960' title='bbox 1356 1247 1509 1278; x_wconf 91' lang='lat' dir='ltr'>honoribus</span> <span class='ocrx_word' id='word_1_961' title='bbox 1523 1248 1556 1278; x_wconf 71' lang='grc' dir='ltr'>δε</span> <span class='ocrx_word' id='word_1_962' title='bbox 1570 1246 1750 1285; x_wconf 86' lang='lat' dir='ltr'>beneplacitis</span> <span class='ocrx_word' id='word_1_963' title='bbox 1763 1247 1970 1286; x_wconf 81' lang='lat' dir='ltr'>obsecundent,</span> <span class='ocrx_word' id='word_1_964' title='bbox 1987 1257 2038 1285; x_wconf 87' lang='lat' dir='ltr'>pro</span> <span class='ocrx_word' id='word_1_965' title='bbox 2052 1247 2143 1279; x_wconf 89' lang='lat' dir='ltr'>nostra</span> <span class='ocrx_word' id='word_1_966' title='bbox 2159 1249 2192 1279; x_wconf 89' lang='lat'>&amp;</span> <span class='ocrx_word' id='word_1_967' title='bbox 2215 1249 2338 1287; x_wconf 83' lang='lat' dir='ltr'>praefatae</span> <span class='ocrx_word' id='word_1_968' title='bbox 2357 1249 2428 1281; x_wconf 87' lang='lat' dir='ltr'>sedis</span> 
     </span>
     <span class='ocr_line' id='line_1_127' title="bbox 1356 1285 2426 1326; baseline 0.004 -10"><span class='ocrx_word' id='word_1_969' title='bbox 1356 1287 1524 1324; x_wconf 87' lang='lat' dir='ltr'>reverentia,</span> <span class='ocrx_word' id='word_1_970' title='bbox 1528 1286 1624 1324; x_wconf 87' lang='lat' dir='ltr'>jubeas</span> <span class='ocrx_word' id='word_1_971' title='bbox 1635 1287 1668 1317; x_wconf 87' lang='lat'>&amp;</span> <span class='ocrx_word' id='word_1_972' title='bbox 1681 1285 1766 1316; x_wconf 89' lang='lat' dir='ltr'>facias</span> <span class='ocrx_word' id='word_1_973' title='bbox 1777 1287 1814 1317; x_wconf 88' lang='lat' dir='ltr'>ab</span> <span class='ocrx_word' id='word_1_974' title='bbox 1835 1286 1940 1317; x_wconf 89' lang='lat' dir='ltr'>eisdem</span> <span class='ocrx_word' id='word_1_975' title='bbox 1956 1286 2137 1317; x_wconf 87' lang='lat' dir='ltr'>Officialibus</span> <span class='ocrx_word' id='word_1_976' title='bbox 2157 1288 2209 1318; x_wconf 88' lang='lat' dir='ltr'>tuis</span> <span class='ocrx_word' id='word_1_977' title='bbox 2228 1287 2355 1326; x_wconf 87' lang='lat' dir='ltr'>personas</span> <span class='ocrx_word' id='word_1_978' title='bbox 2373 1290 2426 1320; x_wconf 91' lang='lat' dir='ltr'>hu-</span> 
     </span>
     <span class='ocr_line' id='line_1_128' title="bbox 1352 1323 2428 1366; baseline 0.003 -11"><span class='ocrx_word' id='word_1_979' title='bbox 1352 1323 1495 1363; x_wconf 92' lang='lat' dir='ltr'>jusmodi,</span> <span class='ocrx_word' id='word_1_980' title='bbox 1510 1325 1547 1355; x_wconf 90' lang='lat' dir='ltr'>sic</span> <span class='ocrx_word' id='word_1_981' title='bbox 1562 1324 1699 1363; x_wconf 85' lang='lat' dir='ltr'>detentas,</span> <span class='ocrx_word' id='word_1_982' title='bbox 1722 1323 1824 1362; x_wconf 88' lang='lat' dir='ltr'>Regali</span> <span class='ocrx_word' id='word_1_983' title='bbox 1846 1324 2022 1363; x_wconf 70' lang='lat' dir='ltr'>providentia</span> <span class='ocrx_word' id='word_1_984' title='bbox 2044 1324 2176 1364; x_wconf 75' lang='lat' dir='ltr'>liberari,</span> <span class='ocrx_word' id='word_1_985' title='bbox 2200 1336 2234 1356; x_wconf 88' lang='lat' dir='ltr'>ac</span> <span class='ocrx_word' id='word_1_986' title='bbox 2255 1328 2428 1366; x_wconf 85' lang='lat' dir='ltr'>pecuniam,</span> 
     </span>
     <span class='ocr_line' id='line_1_129' title="bbox 1356 1362 2429 1404; baseline 0.004 -11"><span class='ocrx_word' id='word_1_987' title='bbox 1356 1373 1414 1402; x_wconf 73' lang='lat' dir='ltr'>res,</span> <span class='ocrx_word' id='word_1_988' title='bbox 1430 1363 1522 1402; x_wconf 88' lang='lat' dir='ltr'>bona,</span> <span class='ocrx_word' id='word_1_989' title='bbox 1541 1363 1576 1394; x_wconf 89' lang='lat'>&amp;</span> <span class='ocrx_word' id='word_1_990' title='bbox 1594 1373 1701 1393; x_wconf 87' lang='lat' dir='ltr'>merces</span> <span class='ocrx_word' id='word_1_991' title='bbox 1722 1362 1808 1394; x_wconf 89' lang='lat' dir='ltr'>taliter</span> <span class='ocrx_word' id='word_1_992' title='bbox 1829 1363 1916 1394; x_wconf 89' lang='lat' dir='ltr'>ablata</span> <span class='ocrx_word' id='word_1_993' title='bbox 1934 1364 1968 1394; x_wconf 89' lang='lat'>&amp;</span> <span class='ocrx_word' id='word_1_994' title='bbox 1984 1362 2124 1403; x_wconf 83' lang='lat' dir='ltr'>arrestata,</span> <span class='ocrx_word' id='word_1_995' title='bbox 2149 1364 2194 1394; x_wconf 91' lang='lat' dir='ltr'>vel</span> <span class='ocrx_word' id='word_1_996' title='bbox 2212 1365 2429 1404; x_wconf 87' lang='lat' dir='ltr'>quomodolibet</span> 
     </span>
     <span class='ocr_line' id='line_1_130' title="bbox 1357 1400 2428 1440; baseline 0.003 -8"><span class='ocrx_word' id='word_1_997' title='bbox 1357 1410 1510 1440; x_wconf 86' lang='lat' dir='ltr'>occupata,</span> <span class='ocrx_word' id='word_1_998' title='bbox 1524 1400 1642 1439; x_wconf 81' lang='lat' dir='ltr'>praefatis</span> <span class='ocrx_word' id='word_1_999' title='bbox 1657 1401 1863 1433; x_wconf 86' lang='lat' dir='ltr'>Mercatoribus</span> <span class='ocrx_word' id='word_1_1000' title='bbox 1872 1425 1881 1440; x_wconf 85' lang='lat'>,</span> <span class='ocrx_word' id='word_1_1001' title='bbox 1895 1402 1940 1432; x_wconf 90' lang='lat' dir='ltr'>vel</span> <span class='ocrx_word' id='word_1_1002' title='bbox 1956 1401 2182 1433; x_wconf 77' lang='lat' dir='ltr'>Procuratonbus</span> <span class='ocrx_word' id='word_1_1003' title='bbox 2201 1403 2370 1434; x_wconf 88' lang='lat' dir='ltr'>eorumdem</span> <span class='ocrx_word' id='word_1_1004' title='bbox 2388 1405 2428 1435; x_wconf 84' lang='lat' dir='ltr'>fic</span> 
     </span>
     <span class='ocr_line' id='line_1_131' title="bbox 1357 1438 2429 1482; baseline 0.003 -12"><span class='ocrx_word' id='word_1_1005' title='bbox 1357 1439 1460 1471; x_wconf 90' lang='lat' dir='ltr'>restitui</span> <span class='ocrx_word' id='word_1_1006' title='bbox 1473 1450 1542 1471; x_wconf 84' lang='lat' dir='ltr'>curri</span> <span class='ocrx_word' id='word_1_1007' title='bbox 1557 1438 1679 1478; x_wconf 65' lang='lat' dir='ltr'>effectu,</span> <span class='ocrx_word' id='word_1_1008' title='bbox 1697 1440 1773 1478; x_wconf 89' lang='lat' dir='ltr'>quod</span> <span class='ocrx_word' id='word_1_1009' title='bbox 1787 1440 1824 1470; x_wconf 92' lang='lat' dir='ltr'>de</span> <span class='ocrx_word' id='word_1_1010' title='bbox 1837 1440 1944 1477; x_wconf 81' lang='lat' dir='ltr'>Regno</span> <span class='ocrx_word' id='word_1_1011' title='bbox 1956 1439 2016 1478; x_wconf 87' lang='lat' dir='ltr'>ipso</span> <span class='ocrx_word' id='word_1_1012' title='bbox 2031 1440 2135 1470; x_wconf 81' lang='lat' dir='ltr'>extrahi</span> <span class='ocrx_word' id='word_1_1013' title='bbox 2146 1440 2234 1472; x_wconf 81' lang='lat' dir='ltr'>libere</span> <span class='ocrx_word' id='word_1_1014' title='bbox 2245 1441 2370 1482; x_wconf 83' lang='lat' dir='ltr'>valeant,</span> <span class='ocrx_word' id='word_1_1015' title='bbox 2382 1443 2429 1474; x_wconf 88' lang='lat' dir='ltr'>vel</span> 
     </span>
     <span class='ocr_line' id='line_1_132' title="bbox 1358 1478 2429 1547; baseline 0.003 -38"><span class='ocrx_word' id='word_1_1016' title='bbox 1358 1478 1535 1547; x_wconf 47' lang='lat' dir='ltr'>pdffiucimec</span> <span class='ocrx_word' id='word_1_1017' title='bbox 1549 1479 1690 1517; x_wconf 86' lang='lat' dir='ltr'>permittas</span> <span class='ocrx_word' id='word_1_1018' title='bbox 1704 1487 1752 1508; x_wconf 87' lang='lat' dir='ltr'>eos</span> <span class='ocrx_word' id='word_1_1019' title='bbox 1765 1479 1926 1517; x_wconf 87' lang='lat' dir='ltr'>hujusmodi</span> <span class='ocrx_word' id='word_1_1020' title='bbox 1939 1478 2089 1510; x_wconf 84' lang='lat' dir='ltr'>occasione</span> <span class='ocrx_word' id='word_1_1021' title='bbox 2103 1478 2212 1511; x_wconf 86' lang='lat' dir='ltr'>ulterius</span> <span class='ocrx_word' id='word_1_1022' title='bbox 2226 1480 2351 1512; x_wconf 81' lang='lat' dir='ltr'>indebite</span> <span class='ocrx_word' id='word_1_1023' title='bbox 2364 1491 2429 1512; x_wconf 91' lang='lat' dir='ltr'>mo-</span> 
     </span>
    </p>

    <p class='ocr_par' dir='ltr' id='par_1_43' title="bbox 1369 1527 1455 1548">
     <span class='ocr_line' id='line_1_133' title="bbox 1369 1527 1455 1548; baseline 0 0"><span class='ocrx_word' id='word_1_1024' title='bbox 1369 1527 1384 1548; x_wconf 92' lang='lat' dir='ltr'>e</span> <span class='ocrx_word' id='word_1_1025' title='bbox 1410 1528 1455 1548; x_wconf 87' lang='lat' dir='ltr'>ari.</span> 
     </span>
    </p>

    <p class='ocr_par' dir='ltr' id='par_1_44' title="bbox 1359 1552 2433 1702">
     <span class='ocr_line' id='line_1_134' title="bbox 1394 1552 2433 1594; baseline 0.003 -8"><span class='ocrx_word' id='word_1_1026' title='bbox 1394 1556 1457 1594; x_wconf 87' lang='lat' dir='ltr'>Te,</span> <span class='ocrx_word' id='word_1_1027' title='bbox 1475 1554 1532 1594; x_wconf 85' lang='lat' dir='ltr'>fili,</span> <span class='ocrx_word' id='word_1_1028' title='bbox 1547 1552 1624 1593; x_wconf 84' lang='lat' dir='ltr'>super</span> <span class='ocrx_word' id='word_1_1029' title='bbox 1639 1555 1693 1586; x_wconf 89' lang='lat' dir='ltr'>hiis</span> <span class='ocrx_word' id='word_1_1030' title='bbox 1704 1554 1792 1586; x_wconf 87' lang='lat' dir='ltr'>taliter</span> <span class='ocrx_word' id='word_1_1031' title='bbox 1812 1555 1970 1594; x_wconf 88' lang='lat' dir='ltr'>habiturus,</span> <span class='ocrx_word' id='word_1_1032' title='bbox 1993 1556 2069 1594; x_wconf 84' lang='lat' dir='ltr'>quod</span> <span class='ocrx_word' id='word_1_1033' title='bbox 2094 1554 2162 1585; x_wconf 91' lang='lat' dir='ltr'>Deo</span> <span class='ocrx_word' id='word_1_1034' title='bbox 2182 1556 2282 1588; x_wconf 84' lang='lat' dir='ltr'>exinde</span> <span class='ocrx_word' id='word_1_1035' title='bbox 2305 1567 2373 1588; x_wconf 91' lang='lat' dir='ltr'>com</span> <span class='ocrx_word' id='word_1_1036' title='bbox 2394 1558 2433 1590; x_wconf 91' lang='lat' dir='ltr'>la-</span> 
     </span>
     <span class='ocr_line' id='line_1_135' title="bbox 1359 1593 2429 1634; baseline 0.003 -10"><span class='ocrx_word' id='word_1_1037' title='bbox 1359 1604 1438 1634; x_wconf 68' lang='lat' dir='ltr'>coes,</span> <span class='ocrx_word' id='word_1_1038' title='bbox 1452 1604 1485 1625; x_wconf 89' lang='lat' dir='ltr'>ac</span> <span class='ocrx_word' id='word_1_1039' title='bbox 1501 1593 1575 1624; x_wconf 88' lang='lat' dir='ltr'>sedes</span> <span class='ocrx_word' id='word_1_1040' title='bbox 1588 1593 1688 1625; x_wconf 70' lang='lat' dir='ltr'>eadem</span> <span class='ocrx_word' id='word_1_1041' title='bbox 1705 1595 1758 1624; x_wconf 89' lang='lat' dir='ltr'>tibi</span> <span class='ocrx_word' id='word_1_1042' title='bbox 1772 1594 1800 1625; x_wconf 94' lang='lat' dir='ltr'>su</span> <span class='ocrx_word' id='word_1_1043' title='bbox 1837 1604 1849 1624; x_wconf 91' lang='lat' dir='ltr'>r</span> <span class='ocrx_word' id='word_1_1044' title='bbox 1863 1595 1921 1625; x_wconf 91' lang='lat' dir='ltr'>hoc</span> <span class='ocrx_word' id='word_1_1045' title='bbox 1936 1594 2047 1625; x_wconf 88' lang='lat' dir='ltr'>titulum</span> <span class='ocrx_word' id='word_1_1046' title='bbox 2071 1594 2327 1626; x_wconf 84' lang='lat' dir='ltr'>commendationis</span> <span class='ocrx_word' id='word_1_1047' title='bbox 2374 1598 2429 1627; x_wconf 89' lang='lat' dir='ltr'>cri-</span> 
     </span>
     <span class='ocr_line' id='line_1_136' title="bbox 1359 1632 2432 1702; baseline 0.002 -38"><span class='ocrx_word' id='word_1_1048' title='bbox 1359 1634 1425 1702; x_wconf 72' lang='lat' dir='ltr'>1bat,</span> <span class='ocrx_word' id='word_1_1049' title='bbox 1438 1633 1471 1664; x_wconf 69' lang='grc' dir='ltr'>ὃ(</span> <span class='ocrx_word' id='word_1_1050' title='bbox 1484 1632 1591 1671; x_wconf 84' lang='lat' dir='ltr'>praefati</span> <span class='ocrx_word' id='word_1_1051' title='bbox 1606 1632 1779 1664; x_wconf 57' lang='lat' dir='ltr'>Mercator&amp;</span> <span class='ocrx_word' id='word_1_1052' title='bbox 1809 1634 1958 1664; x_wconf 87' lang='lat' dir='ltr'>erventiori</span> <span class='ocrx_word' id='word_1_1053' title='bbox 1982 1633 2047 1664; x_wconf 86' lang='lat' dir='ltr'>zelo</span> <span class='ocrx_word' id='word_1_1054' title='bbox 2063 1632 2156 1670; x_wconf 90' lang='lat' dir='ltr'>Regia</span> <span class='ocrx_word' id='word_1_1055' title='bbox 2175 1633 2346 1672; x_wconf 87' lang='lat' dir='ltr'>beneplacita</span> <span class='ocrx_word' id='word_1_1056' title='bbox 2367 1645 2432 1673; x_wconf 86' lang='lat' dir='ltr'>pro-</span> 
     </span>
    </p>

    <p class='ocr_par' dir='ltr' id='par_1_45' title="bbox 1371 1680 1511 1711">
     <span class='ocr_line' id='line_1_137' title="bbox 1371 1680 1511 1711; baseline 0 -9"><span class='ocrx_word' id='word_1_1057' title='bbox 1371 1680 1511 1711; x_wconf 87' lang='lat' dir='ltr'>equantur.</span> 
     </span>
    </p>
   </div>
   <div class='ocr_carea' id='block_1_20' title="bbox 1399 1750 2434 1793">
    <p class='ocr_par' dir='ltr' id='par_1_46' title="bbox 1399 1750 2434 1793">
     <span class='ocr_line' id='line_1_138' title="bbox 1399 1750 2434 1793; baseline 0.003 -9"><span class='ocrx_word' id='word_1_1058' title='bbox 1399 1751 1467 1784; x_wconf 88' lang='lat' dir='ltr'>Dat.</span> <span class='ocrx_word' id='word_1_1059' title='bbox 1480 1752 1619 1790; x_wconf 84' lang='lat' dir='ltr'>Anagniae</span> <span class='ocrx_word' id='word_1_1060' title='bbox 1634 1751 1660 1783; x_wconf 85' lang='lat'>8.</span> <span class='ocrx_word' id='word_1_1061' title='bbox 1677 1750 1740 1782; x_wconf 88' lang='lat' dir='ltr'>Kal.</span> <span class='ocrx_word' id='word_1_1062' title='bbox 1755 1750 1909 1791; x_wconf 72' lang='lat' dir='ltr'>Oc‘Jtobris,</span> <span class='ocrx_word' id='word_1_1063' title='bbox 1918 1750 2102 1784; x_wconf 68' lang='lat' dir='ltr'>Pontificatsis</span> <span class='ocrx_word' id='word_1_1064' title='bbox 2114 1750 2202 1783; x_wconf 89' lang='lat' dir='ltr'>nostri</span> <span class='ocrx_word' id='word_1_1065' title='bbox 2215 1763 2289 1785; x_wconf 89' lang='lat' dir='ltr'>anno</span> <span class='ocrx_word' id='word_1_1066' title='bbox 2304 1753 2434 1793; x_wconf 89' lang='lat' dir='ltr'>septimo.</span> 
     </span>
    </p>
   </div>
   <div class='ocr_carea' id='block_1_21' title="bbox 1362 1834 2433 2122">
    <p class='ocr_par' dir='ltr' id='par_1_47' title="bbox 1362 1834 2433 2122">
     <span class='ocr_line' id='line_1_139' title="bbox 2298 1834 2433 1873; baseline 0.015 -8"><span class='ocrx_word' id='word_1_1067' title='bbox 2298 1834 2348 1873; x_wconf 87' lang='lat' dir='ltr'>Jo.</span> <span class='ocrx_word' id='word_1_1068' title='bbox 2366 1837 2433 1867; x_wconf 75' lang='lat' dir='ltr'>Pan.</span> 
     </span>
     <span class='ocr_line' id='line_1_140' title="bbox 1362 1964 2429 2016; baseline 0.001 -15"><span class='ocrx_word' id='word_1_1069' title='bbox 1362 1968 1412 2001; x_wconf 89' lang='lat' dir='ltr'>De</span> <span class='ocrx_word' id='word_1_1070' title='bbox 1428 1965 1587 2001; x_wconf 68' lang='lat' dir='ltr'>traflando</span> <span class='ocrx_word' id='word_1_1071' title='bbox 1598 1966 1690 2014; x_wconf 71' lang='lat' dir='ltr'>fitper</span> <span class='ocrx_word' id='word_1_1072' title='bbox 1705 1964 1861 2012; x_wconf 74' lang='lat' dir='ltr'>distordiis</span> <span class='ocrx_word' id='word_1_1073' title='bbox 1879 1970 1956 1999; x_wconf 84' lang='lat' dir='ltr'>inter</span> <span class='ocrx_word' id='word_1_1074' title='bbox 1978 1968 2088 2013; x_wconf 86' lang='lat' dir='ltr'>Regem</span> <span class='ocrx_word' id='word_1_1075' title='bbox 2105 1966 2222 2013; x_wconf 60' lang='lat' dir='ltr'>Anglii:</span> <span class='ocrx_word' id='word_1_1076' title='bbox 2251 1969 2288 2006; x_wconf 67' lang='grc' dir='ltr'>ὠ·</span> <span class='ocrx_word' id='word_1_1077' title='bbox 2319 1970 2429 2016; x_wconf 78' lang='lat' dir='ltr'>Regem</span> 
     </span>
     <span class='ocr_line' id='line_1_141' title="bbox 1436 2081 1666 2122; baseline -0.004 -8"><span class='ocrx_word' id='word_1_1078' title='bbox 1436 2081 1499 2114; x_wconf 89' lang='lat' dir='ltr'>EX</span> <span class='ocrx_word' id='word_1_1079' title='bbox 1517 2083 1666 2122; x_wconf 88' lang='lat' dir='ltr'>omnibus,</span> 
     </span>
    </p>
   </div>
   <div class='ocr_carea' id='block_1_22' title="bbox 1362 2017 2556 2197">
    <p class='ocr_par' dir='ltr' id='par_1_48' title="bbox 1362 2017 2556 2197">
     <span class='ocr_line' id='line_1_142' title="bbox 1826 2017 1971 2048; baseline 0 -1"><span class='ocrx_word' id='word_1_1080' title='bbox 1826 2017 1971 2048; x_wconf 82' lang='lat' dir='ltr'>Franciae.</span> 
     </span>
     <span class='ocr_line' id='line_1_143' title="bbox 1362 2087 1634 2154; baseline 0.007 -4"><span class='ocrx_word' id='word_1_1081' title='bbox 1362 2087 1427 2154; x_wconf 84' lang='lat' dir='ltr'>R</span> <span class='ocrx_word' id='word_1_1082' title='bbox 1447 2122 1477 2151; x_wconf 86' lang='lat' dir='ltr'>in</span> <span class='ocrx_word' id='word_1_1083' title='bbox 1493 2120 1634 2152; x_wconf 90' lang='lat' dir='ltr'>Domino.</span> 
     </span>
     <span class='ocr_line' id='line_1_144' title="bbox 1402 2156 2556 2197; baseline -0.003 -7"><span class='ocrx_word' id='word_1_1084' title='bbox 1402 2159 1526 2190; x_wconf 90' lang='lat' dir='ltr'>Noverit</span> <span class='ocrx_word' id='word_1_1085' title='bbox 1543 2159 1715 2191; x_wconf 87' lang='lat' dir='ltr'>Universitas</span> <span class='ocrx_word' id='word_1_1086' title='bbox 1728 2158 1816 2190; x_wconf 89' lang='lat' dir='ltr'>vestra</span> <span class='ocrx_word' id='word_1_1087' title='bbox 1829 2157 1906 2197; x_wconf 90' lang='lat' dir='ltr'>quod</span> <span class='ocrx_word' id='word_1_1088' title='bbox 1923 2169 1991 2197; x_wconf 88' lang='lat' dir='ltr'>nos,</span> <span class='ocrx_word' id='word_1_1089' title='bbox 2472 2156 2483 2176; x_wconf 86' lang='lat'>¹</span> <span class='ocrx_word' id='word_1_1090' title='bbox 2494 2157 2556 2187; x_wconf 82' lang='lat'><em>301—</em></span> 
     </span>
    </p>
   </div>
   <div class='ocr_carea' id='block_1_23' title="bbox 1360 2189 2564 2275">
    <p class='ocr_par' dir='ltr' id='par_1_49' title="bbox 1360 2189 2564 2275">
     <span class='ocr_line' id='line_1_145' title="bbox 1360 2189 2564 2267; baseline 0.006 -41"><span class='ocrx_word' id='word_1_1091' title='bbox 1360 2197 1446 2267; x_wconf 52' lang='lat' dir='ltr'>rmige</span> <span class='ocrx_word' id='word_1_1092' title='bbox 1462 2197 1591 2229; x_wconf 85' lang='lat' dir='ltr'>fidelitate</span> <span class='ocrx_word' id='word_1_1093' title='bbox 1609 2199 1643 2230; x_wconf 91' lang='lat'>&amp;</span> <span class='ocrx_word' id='word_1_1094' title='bbox 1661 2198 1916 2237; x_wconf 71' lang='lat' dir='ltr'>circunispeffione</span> <span class='ocrx_word' id='word_1_1095' title='bbox 1928 2197 2097 2230; x_wconf 59' lang='lat' dir='ltr'>dilectorum</span> <span class='ocrx_word' id='word_1_1096' title='bbox 2119 2199 2153 2230; x_wconf 62' lang='grc' dir='ltr'>ὃς</span> <span class='ocrx_word' id='word_1_1097' title='bbox 2177 2196 2301 2229; x_wconf 82' lang='lat' dir='ltr'>fidelium</span> <span class='ocrx_word' id='word_1_1098' title='bbox 2321 2196 2430 2230; x_wconf 89' lang='lat' dir='ltr'>nostro·</span> <span class='ocrx_word' id='word_1_1099' title='bbox 2449 2189 2564 2251; x_wconf 38' lang='lat' dir='ltr'>{ni-²⁹⁶</span> 
     </span>
     <span class='ocr_line' id='line_1_146' title="bbox 1431 2258 1442 2275; baseline 0 0"><span class='ocrx_word' id='word_1_1100' title='bbox 1431 2258 1442 2275; x_wconf 72' lang='lat'><strong><em>³</em></strong></span> 
     </span>
    </p>
   </div>
   <div class='ocr_carea' id='block_1_24' title="bbox 1685 2074 2570 2141">
    <p class='ocr_par' dir='ltr' id='par_1_50' title="bbox 1685 2074 2570 2141">
     <span class='ocr_line' id='line_1_147' title="bbox 1685 2074 2570 2141; baseline 0.002 -28"><span class='ocrx_word' id='word_1_1101' title='bbox 1685 2082 1720 2114; x_wconf 92' lang='lat' dir='ltr'>ad</span> <span class='ocrx_word' id='word_1_1102' title='bbox 1739 2091 1809 2121; x_wconf 80' lang='lat' dir='ltr'>quos</span> <span class='ocrx_word' id='word_1_1103' title='bbox 1825 2074 1911 2112; x_wconf 88' lang='lat' dir='ltr'>literae</span> <span class='ocrx_word' id='word_1_1104' title='bbox 1929 2082 2072 2119; x_wconf 83' lang='lat' dir='ltr'>praesentes</span> <span class='ocrx_word' id='word_1_1105' title='bbox 2100 2083 2296 2122; x_wconf 86' lang='lat' dir='ltr'>pervenerint,</span> <span class='ocrx_word' id='word_1_1106' title='bbox 2322 2082 2435 2116; x_wconf 83' lang='lat' dir='ltr'>salutem</span> <span class='ocrx_word' id='word_1_1107' title='bbox 2452 2105 2527 2139; x_wconf 34' lang='lat' dir='ltr'>Ann-</span> <span class='ocrx_word' id='word_1_1108' title='bbox 2542 2107 2570 2141; x_wconf 80' lang='lat' dir='ltr'>D</span> 
     </span>
    </p>
   </div>
   <div class='ocr_carea' id='block_1_25' title="bbox 2449 2265 2563 2298">
    <p class='ocr_par' dir='ltr' id='par_1_51' title="bbox 2449 2265 2563 2298">
     <span class='ocr_line' id='line_1_148' title="bbox 2449 2265 2563 2298; baseline 0.009 -10"><span class='ocrx_word' id='word_1_1109' title='bbox 2449 2265 2509 2289; x_wconf 71' lang='lat' dir='ltr'>Par.</span> <span class='ocrx_word' id='word_1_1110' title='bbox 2518 2272 2563 2298; x_wconf 84' lang='lat'>29.</span> 
     </span>
    </p>
   </div>
   <div class='ocr_carea' id='block_1_26' title="bbox 1396 2304 2570 2540">
    <p class='ocr_par' dir='ltr' id='par_1_52' title="bbox 1396 2304 2570 2540">
     <span class='ocr_line' id='line_1_149' title="bbox 1396 2304 2567 2355; baseline -0.006 -8"><span class='ocrx_word' id='word_1_1111' title='bbox 1396 2316 1508 2347; x_wconf 72' lang='lat' dir='ltr'>usalteri</span> <span class='ocrx_word' id='word_1_1112' title='bbox 1523 2321 1654 2350; x_wconf 84' lang='lat' dir='ltr'>Coventr.</span> <span class='ocrx_word' id='word_1_1113' title='bbox 1678 2318 1716 2351; x_wconf 82' lang='lat'><em>&amp;</em></span> <span class='ocrx_word' id='word_1_1114' title='bbox 1736 2316 1816 2347; x_wconf 85' lang='lat' dir='ltr'>Lich.</span> <span class='ocrx_word' id='word_1_1115' title='bbox 1836 2315 1976 2355; x_wconf 60' lang='lat' dir='ltr'>Episcopi.-</span> <span class='ocrx_word' id='word_1_1116' title='bbox 2449 2304 2567 2330; x_wconf 72' lang='lat' dir='ltr'>E.i.m,1</span> 
     </span>
     <span class='ocr_line' id='line_1_150' title="bbox 1398 2354 1753 2393; baseline -0.008 -7"><span class='ocrx_word' id='word_1_1117' title='bbox 1398 2357 1520 2386; x_wconf 80' lang='lat' dir='ltr'>Amadei</span> <span class='ocrx_word' id='word_1_1118' title='bbox 1534 2355 1677 2385; x_wconf 78' lang='lat' dir='ltr'>Sabaudiae</span> <span class='ocrx_word' id='word_1_1119' title='bbox 1687 2377 1696 2393; x_wconf 86' lang='lat'>,</span> <span class='ocrx_word' id='word_1_1120' title='bbox 1715 2354 1753 2390; x_wconf 75' lang='lat'>&amp;¹</span> 
     </span>
     <span class='ocr_line' id='line_1_151' title="bbox 1397 2393 1999 2435; baseline -0.007 -11"><span class='ocrx_word' id='word_1_1121' title='bbox 1397 2397 1512 2424; x_wconf 79' lang='lat' dir='ltr'>Henrici</span> <span class='ocrx_word' id='word_1_1122' title='bbox 1526 2395 1558 2424; x_wconf 78' lang='lat' dir='ltr'>de</span> <span class='ocrx_word' id='word_1_1123' title='bbox 1576 2397 1653 2435; x_wconf 84' lang='lat' dir='ltr'>Lacy</span> <span class='ocrx_word' id='word_1_1124' title='bbox 1668 2393 1835 2431; x_wconf 71' lang='lat' dir='ltr'>Lincolniae,</span> <span class='ocrx_word' id='word_1_1125' title='bbox 1849 2395 1981 2422; x_wconf 83' lang='lat' dir='ltr'>Comitum</span> <span class='ocrx_word' id='word_1_1126' title='bbox 1990 2403 1999 2420; x_wconf 89' lang='lat'><em>:</em></span> 
     </span>
     <span class='ocr_line' id='line_1_152' title="bbox 1396 2428 2019 2469; baseline -0.003 -7"><span class='ocrx_word' id='word_1_1127' title='bbox 1396 2433 1515 2464; x_wconf 79' lang='lat' dir='ltr'>Gerardi</span> <span class='ocrx_word' id='word_1_1128' title='bbox 1534 2432 1731 2463; x_wconf 81' lang='lat' dir='ltr'>Archidiaconi</span> <span class='ocrx_word' id='word_1_1129' title='bbox 1754 2431 1969 2469; x_wconf 79' lang='lat' dir='ltr'>Richemundiae,</span> <span class='ocrx_word' id='word_1_1130' title='bbox 1980 2428 2019 2465; x_wconf 83' lang='lat'><em>&amp;</em></span> 
     </span>
     <span class='ocr_line' id='line_1_153' title="bbox 1397 2468 2532 2533; baseline -0.006 -30"><span class='ocrx_word' id='word_1_1131' title='bbox 1397 2472 1416 2491; x_wconf 74' lang='lat'>*²</span> <span class='ocrx_word' id='word_1_1132' title='bbox 1432 2472 1575 2511; x_wconf 81' lang='lat' dir='ltr'>Johannis</span> <span class='ocrx_word' id='word_1_1133' title='bbox 1590 2473 1622 2503; x_wconf 86' lang='lat' dir='ltr'>de</span> <span class='ocrx_word' id='word_1_1134' title='bbox 1635 2471 1770 2512; x_wconf 80' lang='lat' dir='ltr'>Berewyk</span> <span class='ocrx_word' id='word_1_1135' title='bbox 1786 2473 1912 2501; x_wconf 85' lang='lat' dir='ltr'>Canonici</span> <span class='ocrx_word' id='word_1_1136' title='bbox 1927 2468 2047 2500; x_wconf 82' lang='lat' dir='ltr'>Eborum</span> <span class='ocrx_word' id='word_1_1137' title='bbox 2054 2478 2065 2507; x_wconf 88' lang='lat'>,·</span> <span class='ocrx_word' id='word_1_1138' title='bbox 2448 2502 2468 2523; x_wconf 39' lang='grc' dir='ltr'>*ζ</span> <span class='ocrx_word' id='word_1_1139' title='bbox 2478 2505 2504 2533; x_wconf 73' lang='lat' dir='ltr'>H</span> <span class='ocrx_word' id='word_1_1140' title='bbox 2517 2503 2532 2531; x_wconf 79' lang='lat'>8</span> 
     </span>
     <span class='ocr_line' id='line_1_154' title="bbox 2509 2513 2570 2540; baseline 0 -8"><span class='ocrx_word' id='word_1_1141' title='bbox 2509 2525 2514 2532; x_wconf 88' lang='lat'><strong>.</strong></span> <span class='ocrx_word' id='word_1_1142' title='bbox 2534 2513 2570 2540; x_wconf 87' lang='lat'>9²</span> 
     </span>
    </p>
   </div>
   <div class='ocr_carea' id='block_1_27' title="bbox 1358 2551 2429 3094">
    <p class='ocr_par' dir='ltr' id='par_1_53' title="bbox 1398 2551 2337 2595">
     <span class='ocr_line' id='line_1_155' title="bbox 1398 2551 2337 2595; baseline -0.003 -12"><span class='ocrx_word' id='word_1_1143' title='bbox 1398 2551 1508 2585; x_wconf 87' lang='lat' dir='ltr'>Plenius</span> <span class='ocrx_word' id='word_1_1144' title='bbox 1527 2552 1699 2585; x_wconf 78' lang='lat' dir='ltr'>confidentes</span> <span class='ocrx_word' id='word_1_1145' title='bbox 1709 2576 1719 2593; x_wconf 96' lang='lat'>,</span> <span class='ocrx_word' id='word_1_1146' title='bbox 2109 2588 2115 2594; x_wconf 41' lang='lat'><strong>·</strong></span> <span class='ocrx_word' id='word_1_1147' title='bbox 2158 2589 2163 2595; x_wconf 88' lang='lat'>.</span> <span class='ocrx_word' id='word_1_1148' title='bbox 2311 2588 2316 2594; x_wconf 90' lang='lat'>.</span> <span class='ocrx_word' id='word_1_1149' title='bbox 2331 2590 2337 2595; x_wconf 37' lang='grc'><em>,</em></span> 
     </span>
    </p>

    <p class='ocr_par' dir='ltr' id='par_1_54' title="bbox 1361 2587 2429 2667">
     <span class='ocr_line' id='line_1_156' title="bbox 1398 2587 2429 2630; baseline -0.001 -8"><span class='ocrx_word' id='word_1_1150' title='bbox 1398 2591 1472 2630; x_wconf 89' lang='lat' dir='ltr'>Ipsos</span> <span class='ocrx_word' id='word_1_1151' title='bbox 1493 2592 1627 2624; x_wconf 89' lang='lat' dir='ltr'>Nuncios</span> <span class='ocrx_word' id='word_1_1152' title='bbox 1652 2592 1759 2622; x_wconf 75' lang='lat' dir='ltr'>nostros</span> <span class='ocrx_word' id='word_1_1153' title='bbox 1782 2590 1816 2621; x_wconf 91' lang='lat' dir='ltr'>ad</span> <span class='ocrx_word' id='word_1_1154' title='bbox 1850 2588 2043 2628; x_wconf 83' lang='lat' dir='ltr'>Magnificum</span> <span class='ocrx_word' id='word_1_1155' title='bbox 2070 2587 2233 2628; x_wconf 83' lang='lat' dir='ltr'>Principem</span> <span class='ocrx_word' id='word_1_1156' title='bbox 2264 2587 2429 2628; x_wconf 85' lang='lat' dir='ltr'>Philippum</span> 
     </span>
     <span class='ocr_line' id='line_1_157' title="bbox 1361 2626 2114 2667; baseline -0.004 -7"><span class='ocrx_word' id='word_1_1157' title='bbox 1361 2629 1478 2667; x_wconf 84' lang='lat' dir='ltr'>Regem</span> <span class='ocrx_word' id='word_1_1158' title='bbox 1491 2631 1617 2663; x_wconf 85' lang='lat' dir='ltr'>Franciae</span> <span class='ocrx_word' id='word_1_1159' title='bbox 1631 2630 1767 2661; x_wconf 89' lang='lat' dir='ltr'>illustrem</span> <span class='ocrx_word' id='word_1_1160' title='bbox 1779 2629 1911 2660; x_wconf 85' lang='lat' dir='ltr'>duximus</span> <span class='ocrx_word' id='word_1_1161' title='bbox 1924 2626 2114 2659; x_wconf 89' lang='lat' dir='ltr'>destinandos:</span> 
     </span>
    </p>

    <p class='ocr_par' dir='ltr' id='par_1_55' title="bbox 1432 2663 2425 2709">
     <span class='ocr_line' id='line_1_158' title="bbox 1432 2663 2425 2709; baseline -0.005 -8"><span class='ocrx_word' id='word_1_1162' title='bbox 1432 2671 1511 2700; x_wconf 88' lang='lat' dir='ltr'>uibus</span> <span class='ocrx_word' id='word_1_1163' title='bbox 1526 2671 1559 2701; x_wconf 74' lang='grc' dir='ltr'>δε</span> <span class='ocrx_word' id='word_1_1164' title='bbox 1580 2678 1712 2709; x_wconf 79' lang='lat' dir='ltr'>quatuor,</span> <span class='ocrx_word' id='word_1_1165' title='bbox 1724 2679 1758 2700; x_wconf 92' lang='lat' dir='ltr'>ac</span> <span class='ocrx_word' id='word_1_1166' title='bbox 1779 2669 1865 2699; x_wconf 86' lang='lat' dir='ltr'>tribus</span> <span class='ocrx_word' id='word_1_1167' title='bbox 1885 2667 1997 2697; x_wconf 90' lang='lat' dir='ltr'>illorum</span> <span class='ocrx_word' id='word_1_1168' title='bbox 2048 2666 2161 2704; x_wconf 89' lang='lat' dir='ltr'>plenam</span> <span class='ocrx_word' id='word_1_1169' title='bbox 2178 2663 2281 2708; x_wconf 31' lang='lat' dir='ltr'>‘damus</span> <span class='ocrx_word' id='word_1_1170' title='bbox 2295 2688 2305 2704; x_wconf 92' lang='lat'>,</span> <span class='ocrx_word' id='word_1_1171' title='bbox 2329 2674 2425 2698; x_wconf 87' lang='lat' dir='ltr'>tenore</span> 
     </span>
    </p>

    <p class='ocr_par' dir='ltr' id='par_1_56' title="bbox 1359 2689 2426 2940">
     <span class='ocr_line' id='line_1_159' title="bbox 1359 2689 2424 2749; baseline -0.002 -12"><span class='ocrx_word' id='word_1_1172' title='bbox 1359 2717 1392 2745; x_wconf 89' lang='lat' dir='ltr'>pr</span> <span class='ocrx_word' id='word_1_1173' title='bbox 1429 2709 1554 2749; x_wconf 89' lang='lat' dir='ltr'>entium,</span> <span class='ocrx_word' id='word_1_1174' title='bbox 1563 2707 1727 2747; x_wconf 88' lang='lat' dir='ltr'>potestatem</span> <span class='ocrx_word' id='word_1_1175' title='bbox 1739 2707 1816 2746; x_wconf 85' lang='lat' dir='ltr'>super</span> <span class='ocrx_word' id='word_1_1176' title='bbox 1826 2706 1959 2737; x_wconf 90' lang='lat' dir='ltr'>omnibus</span> <span class='ocrx_word' id='word_1_1177' title='bbox 1971 2689 2133 2748; x_wconf 50' lang='lat' dir='ltr'>distordiis,</span> <span class='ocrx_word' id='word_1_1178' title='bbox 2143 2703 2253 2747; x_wconf 70' lang='lat' dir='ltr'>litibus,</span> <span class='ocrx_word' id='word_1_1179' title='bbox 2261 2713 2424 2735; x_wconf 83' lang='lat' dir='ltr'>controver-</span> 
     </span>
     <span class='ocr_line' id='line_1_160' title="bbox 1360 2741 2426 2786; baseline -0.006 -7"><span class='ocrx_word' id='word_1_1180' title='bbox 1360 2747 1419 2785; x_wconf 85' lang='lat' dir='ltr'>fiis,</span> <span class='ocrx_word' id='word_1_1181' title='bbox 1435 2746 1536 2786; x_wconf 83' lang='lat' dir='ltr'>caufis‚</span> <span class='ocrx_word' id='word_1_1182' title='bbox 1552 2746 1767 2786; x_wconf 86' lang='lat' dir='ltr'>quaestionibus‚</span> <span class='ocrx_word' id='word_1_1183' title='bbox 1780 2745 1909 2782; x_wconf 87' lang='lat' dir='ltr'>dampnis</span> <span class='ocrx_word' id='word_1_1184' title='bbox 1922 2744 1956 2774; x_wconf 88' lang='lat'>&amp;</span> <span class='ocrx_word' id='word_1_1185' title='bbox 1971 2753 2076 2778; x_wconf 76' lang='lat' dir='ltr'>inlunis</span> <span class='ocrx_word' id='word_1_1186' title='bbox 2089 2765 2099 2781; x_wconf 92' lang='lat'>,</span> <span class='ocrx_word' id='word_1_1187' title='bbox 2120 2741 2235 2786; x_wconf 66' lang='lat' dir='ltr'>realibus</span> <span class='ocrx_word' id='word_1_1188' title='bbox 2249 2763 2260 2786; x_wconf 78' lang='lat'>³.</span> <span class='ocrx_word' id='word_1_1189' title='bbox 2283 2743 2316 2772; x_wconf 90' lang='lat'>&amp;</span> <span class='ocrx_word' id='word_1_1190' title='bbox 2335 2743 2426 2780; x_wconf 90' lang='lat' dir='ltr'>perso-</span> 
     </span>
     <span class='ocr_line' id='line_1_161' title="bbox 1359 2779 2425 2824; baseline -0.003 -10"><span class='ocrx_word' id='word_1_1191' title='bbox 1359 2785 1482 2824; x_wconf 83' lang='lat' dir='ltr'>nalibus,</span> <span class='ocrx_word' id='word_1_1192' title='bbox 1501 2796 1566 2824; x_wconf 87' lang='lat' dir='ltr'>quae</span> <span class='ocrx_word' id='word_1_1193' title='bbox 1582 2785 1707 2823; x_wconf 88' lang='lat' dir='ltr'>fuerunt,</span> <span class='ocrx_word' id='word_1_1194' title='bbox 1722 2785 1756 2815; x_wconf 88' lang='lat'>&amp;</span> <span class='ocrx_word' id='word_1_1195' title='bbox 1773 2783 1848 2821; x_wconf 85' lang='lat' dir='ltr'>sunt,</span> <span class='ocrx_word' id='word_1_1196' title='bbox 1863 2782 1908 2812; x_wconf 93' lang='lat' dir='ltr'>vel</span> <span class='ocrx_word' id='word_1_1197' title='bbox 1925 2780 1983 2812; x_wconf 88' lang='lat' dir='ltr'>esse</span> <span class='ocrx_word' id='word_1_1198' title='bbox 2000 2781 2129 2820; x_wconf 78' lang='lat' dir='ltr'>possunt,</span> <span class='ocrx_word' id='word_1_1199' title='bbox 2144 2787 2215 2810; x_wconf 90' lang='lat' dir='ltr'>mter</span> <span class='ocrx_word' id='word_1_1200' title='bbox 2232 2779 2344 2824; x_wconf 58' lang='lat' dir='ltr'>diesuna</span> <span class='ocrx_word' id='word_1_1201' title='bbox 2365 2781 2425 2812; x_wconf 87' lang='lat' dir='ltr'>Re-</span> 
     </span>
     <span class='ocr_line' id='line_1_162' title="bbox 1359 2817 2426 2861; baseline -0.005 -6"><span class='ocrx_word' id='word_1_1202' title='bbox 1359 2833 1429 2859; x_wconf 88' lang='lat' dir='ltr'>gem</span> <span class='ocrx_word' id='word_1_1203' title='bbox 1446 2824 1572 2855; x_wconf 82' lang='lat' dir='ltr'>Franciae</span> <span class='ocrx_word' id='word_1_1204' title='bbox 1590 2825 1623 2855; x_wconf 91' lang='lat'>&amp;</span> <span class='ocrx_word' id='word_1_1205' title='bbox 1638 2833 1690 2853; x_wconf 89' lang='lat' dir='ltr'>nos</span> <span class='ocrx_word' id='word_1_1206' title='bbox 1702 2845 1712 2861; x_wconf 96' lang='lat'>,</span> <span class='ocrx_word' id='word_1_1207' title='bbox 1732 2822 1879 2853; x_wconf 90' lang='lat' dir='ltr'>occasione</span> <span class='ocrx_word' id='word_1_1208' title='bbox 1900 2829 2095 2859; x_wconf 86' lang='lat' dir='ltr'>quacumque,</span> <span class='ocrx_word' id='word_1_1209' title='bbox 2115 2817 2250 2849; x_wconf 65' lang='lat' dir='ltr'>tractandi</span> <span class='ocrx_word' id='word_1_1210' title='bbox 2264 2841 2275 2857; x_wconf 92' lang='lat'>,</span> <span class='ocrx_word' id='word_1_1211' title='bbox 2300 2818 2378 2849; x_wconf 90' lang='lat' dir='ltr'>diem</span> <span class='ocrx_word' id='word_1_1212' title='bbox 2395 2821 2426 2850; x_wconf 88' lang='lat' dir='ltr'>in</span> 
     </span>
     <span class='ocr_line' id='line_1_163' title="bbox 1359 2855 2426 2901; baseline -0.005 -8"><span class='ocrx_word' id='word_1_1213' title='bbox 1359 2862 1412 2892; x_wconf 85' lang='lat' dir='ltr'>hiis</span> <span class='ocrx_word' id='word_1_1214' title='bbox 1425 2862 1578 2900; x_wconf 88' lang='lat' dir='ltr'>recipiendi</span> <span class='ocrx_word' id='word_1_1215' title='bbox 1590 2885 1601 2901; x_wconf 88' lang='lat'>,</span> <span class='ocrx_word' id='word_1_1216' title='bbox 1625 2862 1660 2892; x_wconf 89' lang='lat'>&amp;</span> <span class='ocrx_word' id='word_1_1217' title='bbox 1675 2863 1773 2892; x_wconf 90' lang='lat' dir='ltr'>omnia</span> <span class='ocrx_word' id='word_1_1218' title='bbox 1789 2861 1823 2892; x_wconf 70' lang='grc' dir='ltr'>ὅ(</span> <span class='ocrx_word' id='word_1_1219' title='bbox 1844 2858 1948 2896; x_wconf 87' lang='lat' dir='ltr'>singula</span> <span class='ocrx_word' id='word_1_1220' title='bbox 1972 2857 2095 2888; x_wconf 87' lang='lat' dir='ltr'>faciendi</span> <span class='ocrx_word' id='word_1_1221' title='bbox 2110 2879 2121 2896; x_wconf 88' lang='lat'>,</span> <span class='ocrx_word' id='word_1_1222' title='bbox 2144 2867 2207 2895; x_wconf 87' lang='lat' dir='ltr'>quae</span> <span class='ocrx_word' id='word_1_1223' title='bbox 2226 2855 2286 2901; x_wconf 80' lang='lat' dir='ltr'>sunt</span> <span class='ocrx_word' id='word_1_1224' title='bbox 2302 2858 2378 2896; x_wconf 86' lang='lat' dir='ltr'>pacis</span> <span class='ocrx_word' id='word_1_1225' title='bbox 2392 2859 2426 2890; x_wconf 88' lang='lat'>&amp;</span> 
     </span>
     <span class='ocr_line' id='line_1_164' title="bbox 1359 2896 2309 2940; baseline -0.006 -9"><span class='ocrx_word' id='word_1_1226' title='bbox 1359 2901 1541 2939; x_wconf 87' lang='lat' dir='ltr'>concordiae,</span> <span class='ocrx_word' id='word_1_1227' title='bbox 1561 2901 1595 2932; x_wconf 90' lang='lat'>&amp;</span> <span class='ocrx_word' id='word_1_1228' title='bbox 1613 2900 1648 2931; x_wconf 89' lang='lat' dir='ltr'>ad</span> <span class='ocrx_word' id='word_1_1229' title='bbox 1668 2910 1769 2938; x_wconf 88' lang='lat' dir='ltr'>pacem</span> <span class='ocrx_word' id='word_1_1230' title='bbox 1786 2899 1820 2930; x_wconf 88' lang='lat'>&amp;</span> <span class='ocrx_word' id='word_1_1231' title='bbox 1836 2897 2023 2928; x_wconf 83' lang='lat' dir='ltr'>concordiam</span> <span class='ocrx_word' id='word_1_1232' title='bbox 2041 2896 2149 2940; x_wconf 83' lang='lat' dir='ltr'>valeant</span> <span class='ocrx_word' id='word_1_1233' title='bbox 2166 2903 2309 2933; x_wconf 81' lang='lat' dir='ltr'>pertinere.</span> 
     </span>
    </p>

    <p class='ocr_par' dir='ltr' id='par_1_57' title="bbox 1358 2933 2424 3056">
     <span class='ocr_line' id='line_1_165' title="bbox 1395 2933 2422 2978; baseline -0.004 -8"><span class='ocrx_word' id='word_1_1234' title='bbox 1395 2939 1501 2970; x_wconf 77' lang='lat' dir='ltr'>Rarum</span> <span class='ocrx_word' id='word_1_1235' title='bbox 1520 2939 1640 2970; x_wconf 88' lang='lat' dir='ltr'>habituri</span> <span class='ocrx_word' id='word_1_1236' title='bbox 1654 2939 1688 2970; x_wconf 77' lang='grc' dir='ltr'>δι</span> <span class='ocrx_word' id='word_1_1237' title='bbox 1705 2937 1820 2969; x_wconf 86' lang='lat' dir='ltr'>firmum</span> <span class='ocrx_word' id='word_1_1238' title='bbox 1838 2936 2044 2975; x_wconf 87' lang='lat' dir='ltr'>quicquid,per</span> <span class='ocrx_word' id='word_1_1239' title='bbox 2062 2934 2212 2978; x_wconf 63' lang='lat' dir='ltr'>praedietos</span> <span class='ocrx_word' id='word_1_1240' title='bbox 2224 2933 2357 2965; x_wconf 90' lang='lat' dir='ltr'>Nuncios</span> <span class='ocrx_word' id='word_1_1241' title='bbox 2369 2945 2422 2966; x_wconf 89' lang='lat' dir='ltr'>no-</span> 
     </span>
     <span class='ocr_line' id='line_1_166' title="bbox 1358 2972 2424 3017; baseline -0.003 -9"><span class='ocrx_word' id='word_1_1242' title='bbox 1358 2977 1443 3017; x_wconf 86' lang='lat' dir='ltr'>stros,</span> <span class='ocrx_word' id='word_1_1243' title='bbox 1460 2977 1505 3008; x_wconf 90' lang='lat' dir='ltr'>seu</span> <span class='ocrx_word' id='word_1_1244' title='bbox 1523 2978 1661 3016; x_wconf 85' lang='lat' dir='ltr'>majorem</span> <span class='ocrx_word' id='word_1_1245' title='bbox 1679 2985 1785 3015; x_wconf 86' lang='lat' dir='ltr'>partem</span> <span class='ocrx_word' id='word_1_1246' title='bbox 1800 2975 1931 3013; x_wconf 88' lang='lat' dir='ltr'>illorum,</span> <span class='ocrx_word' id='word_1_1247' title='bbox 1950 2974 2118 3013; x_wconf 59' lang='lat' dir='ltr'>castarum,</span> <span class='ocrx_word' id='word_1_1248' title='bbox 2139 2972 2299 3004; x_wconf 85' lang='lat' dir='ltr'>ordinatum</span> <span class='ocrx_word' id='word_1_1249' title='bbox 2326 2974 2360 3005; x_wconf 92' lang='lat'>&amp;</span> <span class='ocrx_word' id='word_1_1250' title='bbox 2382 2973 2424 3005; x_wconf 85' lang='lat' dir='ltr'>fa-</span> 
     </span>
     <span class='ocr_line' id='line_1_167' title="bbox 1358 3015 2195 3056; baseline -0.006 -8"><span class='ocrx_word' id='word_1_1251' title='bbox 1358 3018 1439 3048; x_wconf 73' lang='lat' dir='ltr'>ecum</span> <span class='ocrx_word' id='word_1_1252' title='bbox 1451 3015 1533 3048; x_wconf 89' lang='lat' dir='ltr'>fuerit</span> <span class='ocrx_word' id='word_1_1253' title='bbox 1547 3017 1577 3047; x_wconf 92' lang='lat' dir='ltr'>in</span> <span class='ocrx_word' id='word_1_1254' title='bbox 1592 3015 1746 3055; x_wconf 82' lang='lat' dir='ltr'>praemiffis.</span> <span class='ocrx_word' id='word_1_1255' title='bbox 2190 3050 2195 3056; x_wconf 33' lang='lat'>²</span> 
     </span>
    </p>

    <p class='ocr_par' dir='ltr' id='par_1_58' title="bbox 1394 3049 2422 3094">
     <span class='ocr_line' id='line_1_168' title="bbox 1394 3049 2422 3094; baseline -0.005 -8"><span class='ocrx_word' id='word_1_1256' title='bbox 1394 3055 1427 3086; x_wconf 92' lang='lat' dir='ltr'>In</span> <span class='ocrx_word' id='word_1_1257' title='bbox 1443 3055 1520 3094; x_wconf 88' lang='lat' dir='ltr'>cujus</span> <span class='ocrx_word' id='word_1_1258' title='bbox 1533 3055 1572 3086; x_wconf 90' lang='lat' dir='ltr'>rei</span> <span class='ocrx_word' id='word_1_1259' title='bbox 1584 3054 1777 3087; x_wconf 85' lang='lat' dir='ltr'>testimonium</span> <span class='ocrx_word' id='word_1_1260' title='bbox 1785 3050 1916 3091; x_wconf 89' lang='lat' dir='ltr'>Sigillum</span> <span class='ocrx_word' id='word_1_1261' title='bbox 1929 3050 2057 3082; x_wconf 90' lang='lat' dir='ltr'>nostrum</span> <span class='ocrx_word' id='word_1_1262' title='bbox 2072 3049 2249 3090; x_wconf 80' lang='lat' dir='ltr'>praesentibus</span> <span class='ocrx_word' id='word_1_1263' title='bbox 2262 3049 2304 3081; x_wconf 86' lang='lat' dir='ltr'>est</span> <span class='ocrx_word' id='word_1_1264' title='bbox 2318 3059 2422 3090; x_wconf 86' lang='lat' dir='ltr'>appen-</span> 
     </span>
    </p>
   </div>
   <div class='ocr_carea' id='block_1_28' title="bbox 1356 3094 1986 3214">
    <p class='ocr_par' dir='ltr' id='par_1_59' title="bbox 1356 3094 1986 3214">
     <span class='ocr_line' id='line_1_169' title="bbox 1356 3094 1427 3126; baseline -0.014 0"><span class='ocrx_word' id='word_1_1265' title='bbox 1356 3094 1427 3126; x_wconf 88' lang='lat' dir='ltr'>sum.</span> 
     </span>
     <span class='ocr_line' id='line_1_170' title="bbox 1392 3171 1986 3214; baseline -0.007 -8"><span class='ocrx_word' id='word_1_1266' title='bbox 1392 3173 1460 3206; x_wconf 90' lang='lat' dir='ltr'>Dat.</span> <span class='ocrx_word' id='word_1_1267' title='bbox 1475 3173 1548 3212; x_wconf 87' lang='lat' dir='ltr'>apud</span> <span class='ocrx_word' id='word_1_1268' title='bbox 1563 3173 1698 3214; x_wconf 88' lang='lat' dir='ltr'>Donypas</span> <span class='ocrx_word' id='word_1_1269' title='bbox 1718 3181 1763 3213; x_wconf 86' lang='lat'>14.</span> <span class='ocrx_word' id='word_1_1270' title='bbox 1781 3172 1827 3203; x_wconf 90' lang='lat' dir='ltr'>die</span> <span class='ocrx_word' id='word_1_1271' title='bbox 1843 3171 1986 3204; x_wconf 67' lang='lat' dir='ltr'>octobris.</span> 
     </span>
    </p>
   </div>
   <div class='ocr_carea' id='block_1_29' title="bbox 1355 3247 2419 3335">
    <p class='ocr_par' dir='ltr' id='par_1_60' title="bbox 1355 3247 2419 3335">
     <span class='ocr_line' id='line_1_171' title="bbox 1393 3247 2419 3286; baseline -0.007 0"><span class='ocrx_word' id='word_1_1272' title='bbox 1393 3255 1556 3286; x_wconf 84' lang='lat' dir='ltr'>Consimilis</span> <span class='ocrx_word' id='word_1_1273' title='bbox 1581 3254 1668 3284; x_wconf 87' lang='lat' dir='ltr'>littera</span> <span class='ocrx_word' id='word_1_1274' title='bbox 1689 3253 1760 3283; x_wconf 60' lang='lat' dir='ltr'>fatita</span> <span class='ocrx_word' id='word_1_1275' title='bbox 1780 3252 1831 3284; x_wconf 91' lang='lat' dir='ltr'>fuit</span> <span class='ocrx_word' id='word_1_1276' title='bbox 1860 3252 1916 3285; x_wconf 88' lang='lat' dir='ltr'>sine</span> <span class='ocrx_word' id='word_1_1277' title='bbox 1937 3251 2056 3283; x_wconf 90' lang='lat' dir='ltr'>nomine</span> <span class='ocrx_word' id='word_1_1278' title='bbox 2068 3275 2075 3282; x_wconf 90' lang='lat'>.</span> <span class='ocrx_word' id='word_1_1279' title='bbox 2093 3254 2102 3282; x_wconf 76' lang='grc' dir='ltr'>ἰ</span> <span class='ocrx_word' id='word_1_1280' title='bbox 2119 3254 2128 3281; x_wconf 79' lang='lat'>2</span> <span class='ocrx_word' id='word_1_1281' title='bbox 2144 3274 2152 3282; x_wconf 86' lang='lat'><strong><em>.</em></strong></span> <span class='ocrx_word' id='word_1_1282' title='bbox 2169 3248 2294 3281; x_wconf 88' lang='lat' dir='ltr'>Comitis</span> <span class='ocrx_word' id='word_1_1283' title='bbox 2315 3247 2419 3280; x_wconf 85' lang='lat' dir='ltr'>Sabau-</span> 
     </span>
     <span class='ocr_line' id='line_1_172' title="bbox 1355 3287 2305 3335; baseline -0.009 -9"><span class='ocrx_word' id='word_1_1284' title='bbox 1355 3296 1429 3335; x_wconf 78' lang='lat' dir='ltr'>diae,</span> <span class='ocrx_word' id='word_1_1285' title='bbox 1445 3296 1478 3326; x_wconf 90' lang='lat'>&amp;</span> <span class='ocrx_word' id='word_1_1286' title='bbox 1494 3294 1541 3324; x_wconf 76' lang='lat' dir='ltr'>illa</span> <span class='ocrx_word' id='word_1_1287' title='bbox 1555 3292 1658 3324; x_wconf 88' lang='lat' dir='ltr'>dicitur</span> <span class='ocrx_word' id='word_1_1288' title='bbox 1672 3291 1766 3333; x_wconf 82' lang='lat' dir='ltr'>quibus</span> <span class='ocrx_word' id='word_1_1289' title='bbox 1784 3291 1823 3328; x_wconf 62' lang='grc' dir='ltr'>ὠ·</span> <span class='ocrx_word' id='word_1_1290' title='bbox 1842 3292 1929 3323; x_wconf 81' lang='lat' dir='ltr'>tribus</span> <span class='ocrx_word' id='word_1_1291' title='bbox 1945 3290 2072 3330; x_wconf 87' lang='lat' dir='ltr'>illorum,</span> <span class='ocrx_word' id='word_1_1292' title='bbox 2085 3288 2147 3326; x_wconf 81' lang='lat' dir='ltr'>&amp;c.</span> <span class='ocrx_word' id='word_1_1293' title='bbox 2164 3296 2197 3319; x_wconf 85' lang='lat' dir='ltr'>ut</span> <span class='ocrx_word' id='word_1_1294' title='bbox 2209 3287 2305 3329; x_wconf 73' lang='lat' dir='ltr'>prra.</span> 
     </span>
    </p>
   </div>
   <div class='ocr_carea' id='block_1_30' title="bbox 1485 3418 2284 3472">
    <p class='ocr_par' dir='ltr' id='par_1_61' title="bbox 1485 3418 2284 3472">
     <span class='ocr_line' id='line_1_173' title="bbox 1485 3418 2284 3472; baseline -0.009 -12"><span class='ocrx_word' id='word_1_1295' title='bbox 1485 3428 1731 3461; x_wconf 71' lang='lat' dir='ltr'>Procuratorium</span> <span class='ocrx_word' id='word_1_1296' title='bbox 1738 3424 1830 3472; x_wconf 78' lang='lat' dir='ltr'>fhper</span> <span class='ocrx_word' id='word_1_1297' title='bbox 1847 3427 1960 3472; x_wconf 85' lang='lat' dir='ltr'>treugis</span> <span class='ocrx_word' id='word_1_1298' title='bbox 1976 3425 2070 3457; x_wconf 83' lang='lat' dir='ltr'>Scotis</span> <span class='ocrx_word' id='word_1_1299' title='bbox 2085 3418 2284 3456; x_wconf 82' lang='lat' dir='ltr'>concedendis.</span> 
     </span>
    </p>
   </div>
   <div class='ocr_carea' id='block_1_31' title="bbox 1354 3510 2418 3629">
    <p class='ocr_par' dir='ltr' id='par_1_62' title="bbox 1354 3510 2418 3629">
     <span class='ocr_line' id='line_1_174' title="bbox 1428 3510 2220 3553; baseline -0.009 -5"><span class='ocrx_word' id='word_1_1300' title='bbox 1428 3515 1493 3548; x_wconf 89' lang='lat' dir='ltr'>EX</span> <span class='ocrx_word' id='word_1_1301' title='bbox 1512 3513 1663 3553; x_wconf 83' lang='lat' dir='ltr'>omnibus,</span> <span class='ocrx_word' id='word_1_1302' title='bbox 1676 3514 1711 3545; x_wconf 90' lang='lat' dir='ltr'>ad</span> <span class='ocrx_word' id='word_1_1303' title='bbox 1726 3524 1813 3553; x_wconf 72' lang='lat' dir='ltr'>qum,</span> <span class='ocrx_word' id='word_1_1304' title='bbox 1828 3514 1891 3545; x_wconf 72' lang='grc' dir='ltr'>διε.</span> <span class='ocrx_word' id='word_1_1305' title='bbox 1908 3512 2021 3544; x_wconf 74' lang='lat' dir='ltr'>fiilutem</span> <span class='ocrx_word' id='word_1_1306' title='bbox 2035 3512 2065 3542; x_wconf 88' lang='lat' dir='ltr'>in</span> <span class='ocrx_word' id='word_1_1307' title='bbox 2078 3510 2220 3542; x_wconf 88' lang='lat' dir='ltr'>Domino.</span> 
     </span>
     <span class='ocr_line' id='line_1_175' title="bbox 1354 3524 2238 3593; baseline -0.005 -8"><span class='ocrx_word' id='word_1_1308' title='bbox 1354 3524 1419 3588; x_wconf 82' lang='lat' dir='ltr'>R</span> <span class='ocrx_word' id='word_1_1309' title='bbox 1457 3553 1581 3585; x_wconf 91' lang='lat' dir='ltr'>Noverit</span> <span class='ocrx_word' id='word_1_1310' title='bbox 1602 3551 1774 3583; x_wconf 88' lang='lat' dir='ltr'>Universitas</span> <span class='ocrx_word' id='word_1_1311' title='bbox 1786 3552 1873 3583; x_wconf 88' lang='lat' dir='ltr'>vestra</span> <span class='ocrx_word' id='word_1_1312' title='bbox 1886 3551 1961 3590; x_wconf 89' lang='lat' dir='ltr'>quod</span> <span class='ocrx_word' id='word_1_1313' title='bbox 1974 3560 2043 3589; x_wconf 68' lang='lat' dir='ltr'>noa,</span> <span class='ocrx_word' id='word_1_1314' title='bbox 2232 3586 2238 3593; x_wconf 22' lang='grc' dir='ltr'><strong><em>ἢ</em></strong></span> 
     </span>
     <span class='ocr_line' id='line_1_176' title="bbox 1390 3581 2418 3629; baseline -0.008 -5"><span class='ocrx_word' id='word_1_1315' title='bbox 1390 3595 1439 3625; x_wconf 90' lang='lat' dir='ltr'>De</span> <span class='ocrx_word' id='word_1_1316' title='bbox 1452 3592 1580 3624; x_wconf 80' lang='lat' dir='ltr'>fidelitate</span> <span class='ocrx_word' id='word_1_1317' title='bbox 1591 3591 1624 3621; x_wconf 87' lang='lat'>&amp;</span> <span class='ocrx_word' id='word_1_1318' title='bbox 1641 3591 1897 3629; x_wconf 69' lang='lat' dir='ltr'>circumspectione</span> <span class='ocrx_word' id='word_1_1319' title='bbox 1916 3589 2087 3621; x_wconf 68' lang='lat' dir='ltr'>dile&amp;orum</span> <span class='ocrx_word' id='word_1_1320' title='bbox 2108 3587 2144 3620; x_wconf 83' lang='lat'>&amp;</span> <span class='ocrx_word' id='word_1_1321' title='bbox 2165 3585 2291 3618; x_wconf 80' lang='lat' dir='ltr'>fidelium</span> <span class='ocrx_word' id='word_1_1322' title='bbox 2309 3581 2418 3615; x_wconf 74' lang='lat' dir='ltr'>noſtro·</span> 
     </span>
    </p>
   </div>
   <div class='ocr_carea' id='block_1_32' title="bbox 1357 3644 1440 3671">
    <p class='ocr_par' dir='ltr' id='par_1_63' title="bbox 1357 3644 1440 3671">
     <span class='ocr_line' id='line_1_177' title="bbox 1357 3644 1440 3671; baseline -0.012 -6"><span class='ocrx_word' id='word_1_1323' title='bbox 1357 3644 1440 3671; x_wconf 83' lang='lat' dir='ltr'>rum,</span> 
     </span>
    </p>
   </div>
   <div class='ocr_carea' id='block_1_33' title="bbox 1389 3708 2033 3942">
    <p class='ocr_par' dir='ltr' id='par_1_64' title="bbox 1389 3708 1963 3787">
     <span class='ocr_line' id='line_1_178' title="bbox 1392 3708 1963 3748; baseline -0.005 -7"><span class='ocrx_word' id='word_1_1324' title='bbox 1392 3710 1511 3745; x_wconf 79' lang='lat' dir='ltr'>Walteri</span> <span class='ocrx_word' id='word_1_1325' title='bbox 1525 3714 1656 3741; x_wconf 80' lang='lat' dir='ltr'>coventr.</span> <span class='ocrx_word' id='word_1_1326' title='bbox 1672 3710 1710 3747; x_wconf 59' lang='grc' dir='ltr'><strong><em>ὠ</em></strong></span> <span class='ocrx_word' id='word_1_1327' title='bbox 1726 3710 1808 3740; x_wconf 89' lang='lat' dir='ltr'>Lich.</span> <span class='ocrx_word' id='word_1_1328' title='bbox 1826 3708 1963 3748; x_wconf 83' lang='lat' dir='ltr'>Epifiopi:</span> 
     </span>
     <span class='ocr_line' id='line_1_179' title="bbox 1389 3749 1778 3787; baseline -0.008 -6"><span class='ocrx_word' id='word_1_1329' title='bbox 1389 3750 1511 3781; x_wconf 77' lang='lat' dir='ltr'>Amadei</span> <span class='ocrx_word' id='word_1_1330' title='bbox 1524 3750 1557 3779; x_wconf 74' lang='lat' dir='ltr'>do</span> <span class='ocrx_word' id='word_1_1331' title='bbox 1569 3749 1721 3787; x_wconf 65' lang='lat' dir='ltr'>Sabaubid,</span> <span class='ocrx_word' id='word_1_1332' title='bbox 1739 3749 1778 3784; x_wconf 65' lang='grc' dir='ltr'>ὠ·</span> 
     </span>
    </p>

    <p class='ocr_par' dir='ltr' id='par_1_65' title="bbox 1390 3788 2033 3942">
     <span class='ocr_line' id='line_1_180' title="bbox 1391 3788 1996 3828; baseline -0.008 -9"><span class='ocrx_word' id='word_1_1333' title='bbox 1391 3791 1504 3819; x_wconf 77' lang='lat' dir='ltr'>Henrici</span> <span class='ocrx_word' id='word_1_1334' title='bbox 1518 3788 1549 3817; x_wconf 79' lang='lat' dir='ltr'>de</span> <span class='ocrx_word' id='word_1_1335' title='bbox 1564 3791 1640 3828; x_wconf 86' lang='lat' dir='ltr'>Lacy</span> <span class='ocrx_word' id='word_1_1336' title='bbox 1656 3788 1825 3825; x_wconf 84' lang='lat' dir='ltr'>Lincolniae,</span> <span class='ocrx_word' id='word_1_1337' title='bbox 1846 3789 1978 3816; x_wconf 85' lang='lat' dir='ltr'>Comitum</span> <span class='ocrx_word' id='word_1_1338' title='bbox 1987 3796 1996 3814; x_wconf 90' lang='lat'><em>:</em></span> 
     </span>
     <span class='ocr_line' id='line_1_181' title="bbox 1390 3822 2000 3861; baseline -0.01 -3"><span class='ocrx_word' id='word_1_1339' title='bbox 1390 3826 1507 3858; x_wconf 80' lang='lat' dir='ltr'>Gerardi</span> <span class='ocrx_word' id='word_1_1340' title='bbox 1520 3827 1716 3857; x_wconf 84' lang='lat' dir='ltr'>Archidiaconi</span> <span class='ocrx_word' id='word_1_1341' title='bbox 1733 3824 1946 3861; x_wconf 78' lang='lat' dir='ltr'>Richemundiae,</span> <span class='ocrx_word' id='word_1_1342' title='bbox 1961 3822 2000 3857; x_wconf 61' lang='grc' dir='ltr'><strong><em>ὠ</em></strong></span> 
     </span>
     <span class='ocr_line' id='line_1_182' title="bbox 1390 3862 2033 3905; baseline -0.008 -11"><span class='ocrx_word' id='word_1_1343' title='bbox 1390 3866 1528 3898; x_wconf 65' lang='lat' dir='ltr'>‘iohannis</span> <span class='ocrx_word' id='word_1_1344' title='bbox 1547 3866 1578 3894; x_wconf 85' lang='lat' dir='ltr'>de</span> <span class='ocrx_word' id='word_1_1345' title='bbox 1599 3865 1732 3905; x_wconf 81' lang='lat' dir='ltr'>Berewyk</span> <span class='ocrx_word' id='word_1_1346' title='bbox 1753 3866 1880 3896; x_wconf 74' lang='lat' dir='ltr'>canonici</span> <span class='ocrx_word' id='word_1_1347' title='bbox 1894 3862 2033 3897; x_wconf 72' lang='lat' dir='ltr'>Ebornm5</span> 
     </span>
     <span class='ocr_line' id='line_1_183' title="bbox 1390 3902 1710 3942; baseline -0.003 -7"><span class='ocrx_word' id='word_1_1348' title='bbox 1390 3903 1501 3935; x_wconf 88' lang='lat' dir='ltr'>Plenius</span> <span class='ocrx_word' id='word_1_1349' title='bbox 1524 3902 1710 3942; x_wconf 82' lang='lat' dir='ltr'>confidentes,</span> 
     </span>
    </p>
   </div>
   <div class='ocr_carea' id='block_1_34' title="bbox 1385 3970 2417 4088">
    <p class='ocr_par' dir='ltr' id='par_1_66' title="bbox 1385 3970 2417 4088">
     <span class='ocr_line' id='line_1_184' title="bbox 1385 3970 2417 4022; baseline -0.013 -7"><span class='ocrx_word' id='word_1_1350' title='bbox 1385 3983 1460 4022; x_wconf 90' lang='lat' dir='ltr'>Ipsos</span> <span class='ocrx_word' id='word_1_1351' title='bbox 1474 3982 1606 4014; x_wconf 90' lang='lat' dir='ltr'>Nuncios</span> <span class='ocrx_word' id='word_1_1352' title='bbox 1614 3983 1721 4014; x_wconf 87' lang='lat' dir='ltr'>nostros</span> <span class='ocrx_word' id='word_1_1353' title='bbox 1732 3982 1768 4014; x_wconf 83' lang='lat' dir='ltr'>ad</span> <span class='ocrx_word' id='word_1_1354' title='bbox 1784 3978 1971 4018; x_wconf 86' lang='lat' dir='ltr'>magnificum</span> <span class='ocrx_word' id='word_1_1355' title='bbox 1983 3974 2150 4014; x_wconf 85' lang='lat' dir='ltr'>Principem</span> <span class='ocrx_word' id='word_1_1356' title='bbox 2169 3971 2335 4014; x_wconf 82' lang='lat' dir='ltr'>Philippum</span> <span class='ocrx_word' id='word_1_1357' title='bbox 2356 3970 2417 4003; x_wconf 63' lang='lat' dir='ltr'>Re</span> 
     </span>
     <span class='ocr_line' id='line_1_185' title="bbox 2340 4047 2417 4088; baseline -0.013 0"><span class='ocrx_word' id='word_1_1358' title='bbox 2340 4047 2417 4088; x_wconf 65' lang='lat' dir='ltr'>Qui-</span> 
     </span>
    </p>
   </div>
   <div class='ocr_carea' id='block_1_35' title="bbox 2016 4023 2055 4044">
    <p class='ocr_par' dir='ltr' id='par_1_67' title="bbox 2016 4023 2055 4044">
     <span class='ocr_line' id='line_1_186' title="bbox 2016 4023 2055 4044; baseline 0 0"><span class='ocrx_word' id='word_1_1359' title='bbox 2016 4023 2055 4044; x_wconf 75' lang='lat' dir='ltr'>OS.</span> 
     </span>
    </p>
   </div>
  </div>
 </body>
</html>
