2570 4261
56 187 131 218 Ami.
148 186 189 217 D.

76 235 161 264 ¹250·

57 268 118 292 Hen.
135 275 160 301 3.

64 2010 81 2029 ⁶
93 2013 119 2042 1·
133 2017 200 2050 454-

204 114 281 150 160

203 194 378 232 temporibus
390 194 426 224 de
439 200 617 230 paganorum
632 191 761 221 manibus
772 191 903 222 liberetur
912 214 922 230 ,
939 192 987 222 vix
1005 193 1107 232 poterit
1120 191 1217 230 postea
1232 190 1267 221 de

204 234 286 271 iplius
299 241 508 270 recuperatione
523 230 631 270 sperari.

240 271 384 301 Attendite
398 272 488 306 itaque
502 268 619 298 universi
627 266 768 297 Catholici
784 269 870 305 quam
884 268 1110 304 ignominiosum
1125 268 1156 298 sit
1170 268 1268 298 locum

202 308 300 347 illurn,
318 310 405 339 salutis
418 307 521 337 nostra:
537 305 724 343 primordium
737 329 747 344 ,
768 308 944 346 coinquinari
965 306 1172 346 spurcitiis?.&
1190 316 1268 336 tanto

202 356 332 385 tempore
346 348 381 376 ab
396 344 622 375 iminundilsimis
642 345 772 383 gentibus
786 346 957 375 coiitredtati
972 347 983 375 ?
1011 344 1169 375 consideret
1185 344 1269 381 quili-

202 387 252 416 bet
266 387 350 424 quam
364 383 526 413 detestabile
545 383 576 412 sit
598 383 723 419 largitori
744 385 876 413 omnium
891 384 1022 414 claudere
1041 383 1181 413 dextetam
1196 383 1207 411 ?
1235 384 1269 411 δε

204 433 266 454 non
281 423 437 452 succurrere
452 421 603 452 salvatori?
629 423 661 452 &
676 423 819 460 apparebit
839 423 934 459 aperte
956 421 1034 459 quod
1052 432 1106 451 nec
1125 421 1157 450 ad
1173 419 1271 462 profli-

225 461 328 491 andum
341 459 504 497 hujusmodi
517 456 687 504 obprobria,
706 470 759 491 nec
774 461 808 490 ad
830 460 1017 497 impendenda
1031 461 1057 490 ei
1070 483 1079 497 ,
1103 461 1151 497 qui
1172 468 1272 488 omnia

232 510 244 529 r
264 499 315 528 itur
330 498 446 537 auxilia,
464 498 505 528 est
520 500 601 536 iplius
617 497 741 528 fidelibus
752 498 959 528 dormiendum.
1254 535 1258 540 ,

281 546 358 566 onne
372 539 491 567 crimine
509 537 579 567 laesae
601 536 749 575 majestatis
765 537 919 566 involvitur
935 537 984 573 qui
1006 536 1152 575 temporali
1167 534 1276 564 Domi-

208 585 265 613 no,
283 576 352 604 inter
367 575 501 606 inimicos
514 576 624 616 posito,
643 584 725 614 negat
736 575 871 606 auxilium
885 575 897 605 ?
923 575 1032 613 ejusque
1045 583 1146 605 terram
1160 574 1196 604 ab
1210 573 1275 603 hos-

209 615 283 645 tibus
295 623 356 643 non
369 613 513 644 defendit?

249 651 354 690 Unde,
373 662 441 684 cum
460 652 521 692 plus
541 651 573 681 sit
587 650 712 682 divinam
729 674 739 689 ,
764 652 850 689 quam
863 651 1017 682 humanam
1034 650 1134 681 laedere
1149 649 1276 689 majesta-

208 699 267 721 tem
278 713 287 728 ,
305 701 364 721 non
380 692 465 722 debet
477 691 573 730 aliquis
586 690 620 720 ad
633 690 854 720 succurrendum
870 689 936 719 Deo
956 691 1025 720 vivo
1042 691 1075 720 ὅ(
1091 699 1160 719 vero
1177 712 1185 727 ,
1211 689 1277 719 Do-

208 730 292 760 mino
302 728 378 767 Jehu
391 728 508 761 Christo
521 752 530 766 ,
557 729 699 759 excitantis
714 729 791 758 tubae
804 728 928 758 sonitum
944 751 953 767 ,
977 728 1023 758 vel
1045 728 1179 758 hortantis
1197 729 1279 758 vocis

209 769 387 808 praeconium
401 768 563 805 expectaie3
582 766 620 797 set
635 766 692 796 sine
706 767 925 805 interpellatione
937 776 1049 797 currere
1064 790 1074 805 ,
1100 775 1203 796 utnon
1217 767 1277 796 tam

209 816 328 874 poppam
344 805 480 844 effiigiat,
499 806 584 845 quam
599 805 698 843 Regni
717 805 835 836 caelestis
849 814 988 836 merentur
1003 804 1061 835 fieri
1076 806 1229 844 particeps,
1243 805 1278 836 &

209 855 249 876 co
269 853 344 875 aeres.

249 882 422 921 Consurgite
437 883 541 914 strenui
556 882 671 920 Angli-ae
685 882 795 920 pugiles
805 907 815 920 ,
841 881 964 914 Domini
979 883 1090 914 athletae
1105 883 1194 914 divini
1211 905 1222 922 ,
1245 892 1279 913 ac

213 922 315 954 milites
329 923 535 960 redemptores,
553 923 586 953 &
604 922 638 953 ad
653 930 712 952 tam
733 922 860 952 sanetum
879 922 912 952 ὃς
932 922 1066 953 laudabile
1077 931 1148 960 opus
1163 945 1173 960 ,
1195 931 1279 952 more

211 960 431 1001 Progenitorum
447 960 605 991 vestrorum
619 983 629 999 ,
654 961 701 999 qui
716 959 897 991 ferventiores
911 960 940 991 in
961 960 1166 992 necessitatibus
1181 960 1280 990 existe—

212 999 282 1030 bant
299 1023 309 1037 ,
333 1001 437 1031 virium
458 999 612 1030 vestrarum
633 1008 756 1029 extrema
776 999 932 1030 conflantes
947 1023 957 1038 ,
982 998 1135 1030 armemini
1155 1000 1280 1037 protinus

212 1039 304 1069 crucis
316 1039 389 1077 galea
405 1048 506 1068 contra
519 1048 568 1068 eos
582 1061 592 1076 ,
615 1039 662 1078 qui
676 1037 769 1067 taneta
783 1037 942 1068 sanctorum
962 1039 1164 1078 coinquinant,
1182 1039 1215 1069 &
1231 1039 1281 1068 ab-

213 1076 423 1108 hominationes
437 1079 465 1107 in
480 1087 511 1107 ea
525 1077 559 1108 &
574 1077 766 1106 immunditias
782 1077 974 1108 introducunt.

254 1114 409 1154 Festinate,
423 1115 492 1146 dum
505 1124 616 1153 tempus
630 1115 754 1153 habetis,
771 1116 804 1145 δε
817 1113 859 1145 est
878 1125 975 1145 manus
991 1115 1115 1146 Domini
1135 1123 1234 1145 contra
1249 1114 1281 1145 il-

215 1155 257 1184 los
270 1177 280 1192 ,
305 1164 341 1185 ne
361 1156 434 1186 forte
448 1163 586 1185 avertatur
602 1154 637 1183 ab
651 1155 688 1183 eis
708 1164 755 1191 per
779 1152 904 1184 fidelium
918 1154 1066 1191 segnitiem
1080 1177 1090 1192 ,
1116 1153 1193 1183 furor
1210 1155 1281 1191 ejus;

215 1194 279 1232 quia
295 1201 362 1224 tunc
378 1203 437 1223 non
453 1193 520 1224 esset
533 1201 625 1224 tutum
640 1201 708 1223 cum
723 1194 760 1223 eis
774 1193 927 1233 congredi,
945 1202 998 1224 nec
1013 1202 1082 1224 cum
1100 1200 1173 1223 tanta
1187 1193 1282 1223 multi-

216 1232 315 1262 tudine
328 1231 471 1262 dimicare.

255 1269 438 1302 Considerate
451 1271 622 1310 quaesumus,
641 1279 674 1302 ut
689 1271 741 1302 sitis
758 1273 789 1302 in
813 1269 971 1310 hujusmodi
987 1272 1104 1310 negotio
1125 1281 1207 1311 prom
1230 1271 1283 1302 tio-

216 1318 259 1339 res
274 1332 283 1347 ,
307 1310 383 1347 quod
398 1309 551 1340 carissimus
566 1311 595 1340 in
616 1309 732 1340 Christo
748 1311 817 1341 silius
831 1310 924 1340 noster
947 1309 1011 1340 Reii
1033 1311 1142 1349 Angliae
1156 1311 1215 1340 illul
1232 1311 1283 1348 ris,

215 1348 283 1379 zelo
297 1347 359 1378 fidei
375 1359 407 1379 ac
420 1349 582 1379 devotionis
596 1349 742 1388 accensus,
756 1349 897 1393 assumpto
914 1350 1006 1379 crucis
1026 1349 1185 1389 signaculo,
1204 1347 1283 1386 post-

213 1387 311 1424 positis
326 1388 461 1426 regalibus
474 1388 575 1426 opibus
589 1388 622 1418 &
644 1386 705 1417 fasti
727 1388 758 1418 iis
778 1387 947 1426 dignitatum
962 1409 972 1426 ,
996 1387 1030 1417 ad
1051 1387 1282 1418 transfretandum

213 1427 245 1454 iri
266 1425 386 1455 Terram
410 1425 532 1456 audiam
558 1434 686 1463 potenter
704 1397 737 1458 ἓ(
763 1425 913 1466 magnifice
927 1450 938 1464 ,
963 1434 1047 1464 prout
1068 1427 1150 1457 decet
1172 1435 1281 1457 tantum

213 1461 398 1503 Principem,
417 1464 442 1493 se
455 1466 587 1503 accingit.

254 1501 362 1539 Unde,
380 1510 410 1531 ut
423 1503 476 1532 sitis
491 1513 546 1532 una
567 1512 635 1532 cum
656 1513 691 1533 eo
712 1502 867 1540 huiusmodi
882 1504 1074 1533 momentanei
1088 1503 1186 1533 laboris
1202 1504 1284 1541 parti-

216 1540 310 1580 cipeS,
325 1542 357 1571 &c
373 1541 469 1570 aeterni
481 1542 591 1579 praemii
607 1551 664 1571 non
680 1551 820 1581 experteS,
836 1543 963 1580 exurgite
975 1542 1108 1578 viriliter,
1127 1543 1282 1581 apprehen-

216 1580 313 1609 dentes
327 1589 403 1609 arma
417 1580 448 1610 ὅ(
464 1578 574 1609 scutum
590 1603 599 1618 ,
623 1580 657 1610 ad
678 1580 869 1611 ulciscendum
892 1580 962 1610 illius
974 1582 1102 1617 injuriam
1120 1583 1167 1620 qui
1182 1582 1283 1618 probra

216 1616 313 1648 nostra
333 1618 412 1648 diluit
424 1641 434 1657 ,
460 1618 576 1656 leiplum
597 1619 626 1648 in
644 1628 730 1649 cruce
748 1629 800 1659 pro
819 1620 902 1650 nobis
922 1620 1015 1650 vivam
1038 1619 1160 1649 hostiam
1179 1621 1284 1650 immo-

215 1655 291 1686 lavit.

255 1694 310 1730 Et,
329 1703 358 1726 ut
371 1696 405 1726 ad
420 1695 447 1726 id
458 1706 494 1725 eo
507 1695 637 1726 libentius
651 1695 684 1726 δε
699 1696 848 1726 animosius
862 1696 1025 1734 intendatis,
1044 1706 1103 1734 quo
1116 1696 1216 1727 exinde
1231 1697 1285 1727 bo—

216 1743 252 1763 na
267 1734 410 1771 spiritualia
425 1759 434 1772 ,
460 1745 524 1772 quie
539 1735 736 1774 temporalibus
756 1735 928 1773 pneferenda
943 1735 1021 1772 sunt,
1039 1737 1217 1775 perceperitis
1230 1746 1284 1774 po-

218 1772 307 1810 tiora,
327 1783 396 1811 nos,
413 1774 448 1803 de
462 1774 666 1812 omnipotentis
687 1772 745 1804 Dei
763 1774 952 1804 misericordia
965 1797 974 1812 ,
997 1775 1030 1805 δε
1047 1775 1194 1805 beatorum
1208 1774 1283 1805 Petri

217 1811 251 1841 &
267 1808 347 1841 Pauli
364 1811 566 1849 Apostolorum
584 1813 640 1850 ejus
654 1834 663 1849 ‚
687 1813 851 1843 auctoritate
869 1812 984 1849 confisi,
1003 1814 1037 1844 &
1051 1813 1112 1852 illa,
1131 1823 1216 1852 quam
1231 1823 1283 1843 no-

219 1849 263 1880 bis
278 1849 373 1889 Deus,
391 1851 455 1880 licet
472 1849 606 1889 indignis,
626 1851 726 1890 ligandi
739 1860 821 1890 atque
835 1851 960 1882 solvendi
973 1852 1110 1890 contulit,
1128 1852 1280 1890 potestate,

220 1888 353 1919 omnibus
366 1890 414 1927 qui
432 1890 558 1919 laborem
574 1888 657 1918 istum
671 1891 698 1919 in
715 1891 832 1927 propriis
847 1890 968 1927 perionis
987 1890 1118 1921 subierint
1132 1891 1166 1922 δι’
1178 1901 1284 1928 expen-

220 1927 269 1964 sis,
288 1927 365 1966 plena
416 1927 529 1958 suorum
551 1929 752 1966 peccaminum
774 1930 884 1959 veniam
902 1929 1076 1969 indulgemus
1088 1952 1097 1967 ,
1115 1930 1149 1960 &
1163 1930 1192 1960 in
1205 1931 1284 1960 retri-

220 1966 337 1996 butione
349 1967 381 2005 ju
408 1976 492 1997 orum
508 1967 597 1997 salutis
610 1975 723 1996 aetemae
737 1968 906 2007 pollicemur
917 1977 1115 2007 augmentum:

260 2004 280 2023 ³¹²
293 2003 342 2035 Eis
356 2014 449 2036 autern
465 2028 475 2044 ,
498 2006 545 2044 qui
562 2015 621 2035 non
644 2006 674 2036 iri
692 2007 809 2044 propriis
827 2006 948 2044 personis
963 2007 1029 2036 illuc
1043 2006 1227 2045 accesserint,
1246 2006 1283 2037 set

220 2044 250 2073 in
264 2043 314 2073 suis
329 2042 470 2074 dumtaxat
485 2044 625 2083 expensis,
643 2045 716 2081 juxta
731 2045 890 2085 qualitatem
906 2046 938 2077 ὅ(
954 2045 1114 2077 facultatem
1127 2046 1218 2084 suam,
1238 2046 1283 2076 vi·

218 2093 265 2114 ros
280 2082 396 2113 idoneos
411 2082 590 2120 destinarint,

254 2120 292 2152 Et
306 2121 357 2152 illis
369 2121 507 2160 similiter,
522 2123 587 2161 qui,
607 2121 671 2153 licet
686 2123 714 2152 in
733 2122 826 2153 alienis
841 2123 964 2163 expensis
975 2146 986 2162 ‚
1013 2124 1041 2154 in
1056 2123 1174 2164 propriis
1188 2131 1283 2155 tamen

218 2161 342 2201 personis
357 2161 535 2197 accefferirit3

258 2198 293 2228 Et
307 2200 361 2236 eis,
383 2201 430 2236 qui
448 2208 573 2236 quartam
587 2198 631 2230 seu
645 2201 781 2237 majorem
796 2209 902 2238 partem
916 2209 1106 2240 proventuum
1124 2200 1157 2230 ὅ(
1173 2200 1284 2230 obven-

215 2238 328 2268 tionum
354 2238 389 2268 de
410 2237 560 2268 redditibus
577 2238 626 2268 suis
647 2249 699 2278 pro
720 2238 840 2269 sublidio
860 2239 947 2269 dieta:
971 2248 1050 2269 terrae
1073 2239 1167 2270 eidem
1190 2239 1281 2278 Regi,

217 2285 285 2307 cum
303 2277 354 2306 iter
367 2276 578 2307 transmarinum
594 2278 736 2314 arripuerit
752 2301 761 2314 ,
781 2278 825 2308 vel
847 2278 1047 2308 collectoribus
1061 2300 1070 2315 ,
1093 2278 1230 2315 deputatis
1247 2278 1282 2308 ad

215 2325 288 2352 opus
299 2316 397 2354 ipsius,
416 2317 607 2355 erogaverint,
625 2316 735 2354 plenam
756 2316 871 2347 suorum
886 2317 1071 2348 concedimus
1087 2317 1198 2347 veniam
1213 2326 1280 2355 pec-

216 2362 357 2386 catorum.

254 2392 348 2431 Hujus
363 2403 478 2432 quoque
491 2394 657 2425 remissionis
678 2394 811 2426 volumus
831 2395 864 2426 &
886 2394 1072 2426 concedimus
1092 2394 1146 2426 esse
1169 2395 1283 2433 partici-

215 2439 281 2469 pes,
297 2434 374 2470 juxta
389 2435 572 2471 quantitatem
588 2433 718 2472 subsidii,
745 2434 777 2464 ὃ(
791 2434 952 2464 devotionis
965 2434 1098 2465 affeffum
1115 2444 1214 2464 omnes
1232 2435 1281 2474 qui

216 2469 251 2500 ad
265 2470 480 2501 subventionem
495 2473 575 2512 ipsius
589 2481 669 2502 terrae
682 2472 718 2502 de
734 2473 817 2502 bonis
835 2473 884 2503 suis
895 2473 1054 2510 decimam,
1070 2473 1113 2503 vel
1126 2473 1207 2503 aliam
1220 2482 1283 2512 par-

216 2517 277 2538 tem
293 2509 373 2540 dicto
386 2510 433 2540 Re
453 2512 476 2549 i,
495 2520 622 2548 tempore
639 2511 677 2541 sui
690 2510 819 2549 passagii,
839 2512 884 2541 vel
900 2535 909 2550 ,
934 2512 967 2542 ad
988 2522 1060 2551 opus
1078 2511 1175 2549 ipsiuS,
1192 2511 1280 2542 colle-

216 2547 342 2578 ctoribus
354 2549 422 2578 mini
451 2550 550 2586 rarint,
569 2558 617 2579 aut
630 2551 705 2580 circa
721 2550 853 2588 praedit-'ta
867 2550 1013 2581 conlilium
1029 2552 1062 2581 &
1076 2550 1210 2580 auxilium
1225 2551 1281 2580 im-

217 2585 364 2624 penderint
377 2597 568 2625 oportunum,
586 2589 619 2619 &
634 2590 680 2627 qui
695 2598 747 2628 pro
767 2589 870 2620 eodem
887 2590 1005 2629 negotio
1021 2611 1030 2625 ,
1045 2589 1209 2620 aritstoritate
1230 2598 1283 2619 no-

218 2623 272 2654 stra
308 2625 520 2661 praedicaverint
534 2627 654 2657 verbum
666 2628 764 2657 crucis.

260 2648 398 2693 Volumus
419 2666 502 2694 etiam
531 2665 734 2705 crucesignatos
755 2665 804 2695 illo
830 2667 977 2706 privilegio
995 2676 1081 2704 eaque
1105 2667 1283 2696 immunitate

217 2700 337 2740 gaudere
353 2725 362 2740 ,
385 2712 448 2742 quae
466 2726 476 2741 ,
500 2704 530 2733 in
550 2705 670 2743 generali
690 2705 944 2744 crucelignatoruni
966 2705 1136 2744 indulgentia
1152 2705 1284 2735 contine-

219 2747 274 2770 tur.

257 2777 286 2808 Si
300 2779 346 2817 qui
361 2789 430 2809 vero
446 2779 683 2817 proficiscentium
699 2781 764 2811 illuc
781 2781 814 2812 ad
836 2781 1001 2819 praestandas
1021 2781 1110 2812 usuras
1123 2782 1284 2819 juramento

219 2823 348 2847 tenentur
362 2817 464 2848 astriffi
475 2842 484 2854 ,
500 2818 653 2849 creditores
668 2820 790 2858 ipsorum
799 2843 808 2857 ,
827 2829 855 2850 ut
869 2822 1012 2851 remittant
1026 2822 1064 2851 eis
1076 2820 1230 2859 praestitum
1244 2822 1286 2857 jii-

219 2865 377 2896 rametitum
389 2879 398 2892 ,
416 2858 449 2888 &
464 2858 499 2887 ab
515 2857 658 2887 usurarum
678 2859 825 2888 exadtione
839 2859 984 2897 dciistaiit,
1002 2859 1038 2889 de
1054 2860 1155 2897 plano,
1175 2860 1208 2889 &
1222 2859 1284 2889 abs—

220 2903 277 2935 que
291 2894 427 2936 iolempni
442 2894 556 2934 strepitu
571 2919 580 2934 ,
604 2897 720 2927 veritate
740 2897 855 2937 cognita
870 2921 879 2937 ,
904 2897 1087 2929 ecclesiastica
1106 2899 1286 2937 praecipimus

221 2931 395 2962 districlione
410 2936 553 2976 compelli.

261 2970 368 3007 Qiod,
387 2972 405 3000 si
419 2974 562 3012 quitquam
579 2973 752 3004 creditorum
770 2984 818 3004 eos
837 2974 872 3004 ad
893 2974 1061 3006 soliinonem
1083 2976 1209 3009 coegerit
1222 2975 1287 3005 usu-

221 3017 417 3052 raru1m,·eum
439 3010 472 3039 ad
494 3011 700 3042 restitutionem
715 3023 810 3043 earum
823 3036 834 3051 ,
861 3013 909 3044 sub
925 3014 1017 3044 forma
1036 3014 1188 3055 praedicta,
1204 3013 1285 3044 simili

222 3055 288 3077 cour
303 3047 541 3079 animadverfione
557 3050 729 3081 mandamus.

246 3070 373 3129 judicos
387 3096 473 3132 vero,
489 3087 522 3117 ad
538 3087 715 3119 restituendas
730 3089 835 3126 usuras,
854 3090 885 3120 esi
903 3114 912 3129 ,
936 3091 992 3130 qua
1014 3092 1168 3128 convenit,
1187 3092 1287 3130 pecci-

219 3133 318 3161 pimus
336 3124 449 3168 censura
471 3126 629 3165 compelli,
655 3128 688 3158 &
711 3127 805 3159 donec
828 3129 884 3159 illas
907 3129 1080 3168 remiserint,
1105 3129 1230 3160 fidelium
1249 3130 1288 3159 eis

221 3171 396 3192 communio
408 3163 568 3202 denegetur,

260 3200 428 3243 Presbyteris
440 3211 533 3244 autem
550 3203 582 3233 &
598 3201 718 3233 Clericis
734 3205 779 3242 qui
795 3228 804 3243 ,
830 3203 972 3247 assumpto
986 3206 1030 3237 vel
1044 3205 1210 3237 assumendo
1224 3216 1289 3237 ctu-

225 3239 265 3270 cis
277 3240 418 3278 signaculo
428 3263 436 3277 ,
456 3245 516 3271 lunt
529 3241 704 3279 personaliter
736 3243 888 3279 rofec‘turi3

262 3276 299 3308 Et
315 3278 451 3320 Clericis,
470 3280 638 3316 parochiales
660 3279 720 3310 Ecc
733 3282 795 3311 esias
813 3282 981 3312 habentibus
996 3305 1006 3320 ,
1030 3284 1077 3321 qui
1092 3282 1208 3313 fideliter
1227 3291 1288 3314 tari-

224 3323 287 3346 tum
303 3316 500 3347 transmiserint
512 3328 562 3358 pei·
579 3318 722 3348 bellatores
737 3319 853 3349 idoneos
866 3343 876 3358 ,
902 3330 1042 3358 quantum
1060 3321 1249 3359 expenderent
1266 3322 1286 3352 si

223 3354 401 3392 personaliter
417 3356 481 3385 illuc
497 3358 582 3391 irent,
600 3357 776 3394 praeientiiim
791 3358 954 3389 auc‘toritate
974 3359 1159 3390 concedimus
1173 3370 1204 3390 ut
1221 3370 1287 3398 pro-

225 3400 329 3435 ventus.
342 3394 545 3425 beneficiorum
569 3398 681 3425 luorum
696 3419 705 3434 ,
733 3406 804 3434 quos
826 3399 1000 3435 perciperent
1022 3407 1151 3436 tempore
1175 3399 1286 3438 paflagii

228 3429 275 3458 vel
292 3431 427 3475 missionis
440 3456 448 3470 ,
475 3433 622 3463 cotidianis
642 3433 883 3465 distributionibus
903 3436 1045 3466 dumtaxat
1059 3438 1198 3474 exceptis,
1218 3439 1289 3467 inte-

228 3475 279 3533 gre
294 3472 447 3506 percipiant
460 3482 506 3512 per
521 3473 690 3510 triennium,
709 3483 740 3503 ac
758 3473 776 3503 si
791 3474 967 3511 personaliter
980 3473 1163 3514 inEcclesiis,
1181 3477 1210 3506 iii
1225 3476 1288 3515 qui-

253 3515 282 3533 us
294 3507 428 3549 beneficia
445 3511 497 3546 ipla
511 3512 660 3549 obtinent,
679 3511 841 3550 residerent,

268 3542 317 3585 Et,
336 3549 354 3573 11
368 3548 480 3590 necesse
491 3548 588 3586 fuerit,
608 3559 654 3579 eos
667 3572 676 3586 ,
695 3560 745 3589 per
761 3550 837 3580 idem
852 3559 961 3590 tempus
975 3575 984 3589 ,
1010 3551 1150 3590 vendere,
1167 3551 1213 3581 vel
1227 3552 1289 3592 pig-

228 3589 291 3610 nori
306 3582 410 3626 valeant
423 3586 565 3623 obligare,
584 3597 642 3616 non
657 3589 788 3618 obstante
805 3591 941 3619 contraria
964 3589 1084 3628 ipsarum
1100 3590 1287 3621 Ecclesiamm

230 3617 446 3661 consuetudine,
464 3625 507 3653 vel
524 3624 642 3662 statut0,
659 3627 819 3663 juramento
833 3651 842 3665 ,
869 3628 914 3657 vel
934 3629 1149 3659 confirmatione
1169 3628 1235 3658 sedis
1247 3629 1289 3658 A-

229 3656 393 3699 postolicae,
412 3669 644 3704 :itit-quacumque
658 3664 786 3695 firmitate
798 3666 863 3703 alia,
884 3667 1035 3705 roboraris,
1051 3668 1096 3698 vel
1108 3667 1236 3697 litterisA
1256 3676 1290 3696 o-

230 3692 354 3737 st01‚¹C¹S>
372 3695 406 3739 d?
422 3700 677 3744 <1¹11busjpecigilem
701 3704 733 3734 ὃ(
749 3705 901 3740 exprellatn
919 3714 1047 3743 oporteat
1067 3707 1096 3735 in
1112 3705 1237 3743 praesenti
1260 3715 1290 3734 us

231 3731 292 3775 fieri
308 3741 500 3777 mentionem,
519 3740 562 3767 leu
577 3748 660 3769 etiam
675 3741 752 3778 quod
768 3742 892 3781 ipsorum
906 3743 987 3781 aliqui
1008 3744 1043 3774 de
1057 3754 1117 3774 non
1137 3744 1291 3783 impetran-

230 3770 272 3812 dis
285 3769 422 3808 aliquibus
439 3773 629 3816 indulgentiis,
647 3779 691 3808 vel
707 3789 766 3809 non
781 3781 888 3810 utendis
904 3782 1057 3820 impetratis
1075 3790 1121 3813 aut
1134 3780 1288 3819 concessis,

227 3816 390 3853 juramento
406 3810 527 3851 pi-iel'tito
544 3815 736 3849 promiserunt,

249 3885 253 3889 Ι
270 3845 305 3876 Et
318 3855 377 3875 tam
393 3855 609 3891 crucelignatos,
628 3856 713 3891 quam
729 3856 960 3894 crucefignandos
975 3881 985 3895 ,
1010 3858 1073 3896 post
1094 3868 1157 3888 uam
1179 3868 1293 3896 recepe-

231 3893 287 3913 rint
301 3884 409 3925 s1g¹}ur¹³
423 3895 533 3929 Cfflcb‘i·
547 3898 614 3931 cum
630 3894 778 3929 uxoribus,
798 3894 926 3932 familiis,
945 3897 978 3926 &
1000 3869 1133 3927 omniiius
1152 3897 1235 3927 bonis
1249 3898 1293 3934 ip-

232 3921 325 3964 sorum
341 3923 389 3966 iub
405 3923 579 3963 Apostolicae
593 3929 658 3958 ledis
672 3932 851 3967 proteestione
871 3933 1047 3973 suscipimus,
1065 3935 1156 3973 eisque
1171 3935 1293 3965 nichilo-

232 3968 325 4003 minus
341 3960 517 4004 indulgemus
531 3971 561 3992 ut
577 3974 651 3995 eXtra
660 3969 716 3997 suas
731 3969 863 3999 diocaeses
876 3972 1039 4003 auctoritate
1053 3974 1196 4004 literarum
1210 3973 1292 4010 Apo-

233 3996 433 4039 stolicaeledis,
453 4001 497 4032 vel
514 4000 685 4040 Legatotuiri
701 4006 775 4045 ejus,
792 4017 932 4045 nequeant
952 4010 985 4041 ad
997 4010 1138 4048 judicium
1157 4013 1291 4050 evocari3

651 102 1459 155 CONvssnrtoNE&

1521 103 1912 157 LITERAE,

1311 189 1458 220 statuentes
1472 198 1503 220 iit
1516 190 1594 220 bona
1609 190 1733 228 ipsorum
1748 200 1857 221 extunc
1869 191 1975 229 integra
1997 198 2129 225 maneant
2146 191 2181 222 &
2200 192 2311 231 quieta,
2327 191 2384 223 do-
2401 187 2480 220 Ann.
2493 188 2570 234 Di„

1311 239 1365 259 nec
1380 229 1415 258 de
1430 229 1552 268 ipsorum
1569 229 1658 259 reditu
1671 229 1716 259 vel
1730 231 1809 260 obitu
1826 228 1978 260 certissime
1993 230 2189 268 cognoscatur.

2390 255 2394 259 .
2425 237 2511 267 1250.
2535 231 2541 239 ⁴

1352 266 1565 306 Archiepilcopi
1579 277 1649 297 vero
1664 267 1696 297 δε
1721 267 1855 308 Episcopi
1873 268 2013 298 diocesani
2035 268 2203 299 eorumdem
2225 277 2311 299 cruce
2332 254 2387 310 fig·-
2403 272 2468 297 Hen.
2482 277 2510 305 32
2535 291 2543 314 ἰ

1313 314 1462 343 natorum,
1481 315 1535 335 nec
1555 315 1615 336 non
1637 306 1671 336 δε
1690 305 1892 337 Archidiaconi
1910 328 1921 344 ,
1941 306 1975 336 &
1992 316 2095 337 'eorum
2111 306 2268 345 officiales,
2293 306 2395 346 nostra,

1313 344 1377 373 freti
1391 344 1556 373 auctoritate
1571 366 1581 381 ,
1607 354 1669 375 non
1683 344 1847 382 permittant
1863 344 2012 384 praedie‘tos
2031 347 2236 385 cruceligiiatos
2251 367 2261 384 ,
2285 355 2386 377 contra

1315 382 1501 421 proteeiion'is
1514 381 1547 411 &
1561 381 1743 421 indulgentiae
1758 379 1863 413 nostrae
1879 392 2008 413 tenorem
2023 406 2034 422 ,
2060 385 2095 414 ab
2109 385 2144 415 ali
2166 385 2246 415 uibus
2259 384 2386 416 indebite

1316 420 1478 449 molestari:
1507 419 1706 451 Molestatores
1728 421 1887 458 hujusmodi
1906 431 1954 459 per
1976 422 2122 453 censuram
2171 423 2387 462 ccleiiasticam,

1315 469 1350 496 ap
1387 459 1501 488 llatione
1516 457 1684 498 postposita,
1701 460 1922 500 compescendo.
2136 497 2139 500 ‚

1381 504 1493 527 taeterea
1508 497 1637 528 volumus
1651 520 1660 535 ,
1685 498 1718 528 &
1737 499 1917 536 praesentium
1937 498 2102 530 au&oritate
2119 497 2303 531 concedimus
2316 523 2326 538 ,
2352 508 2385 532 ut

1318 533 1471 566 Clerici&
1488 534 1583 573 Laici,
1603 537 1786 575 crucesignati
1800 539 1833 568 ὅ(
1854 538 2081 577 crucesignandi,
2098 538 2195 577 Regni
2210 538 2320 577 Angliae
2335 540 2387 570 de·-

1319 574 1423 610 cimas,
1439 583 1500 603 non
1515 573 1836 614 rationeEcclefiarutn,
1853 575 1970 615 pacifice
1985 577 2155 613 detinentes,
2173 576 2278 606 fructus
2289 587 2387 608 earum

1321 612 1455 642 hneienus
1469 621 1632 651 perceptos,
1648 613 1678 643 in
1692 612 1793 645 Terrae
1807 613 1908 644 sandiae
1923 613 2073 645 subsidium
2095 623 2262 645 convertere
2276 615 2387 647 valeant

1321 660 1370 688 per
1385 650 1495 689 seipsos,
1513 650 1557 680 vel
1571 651 1665 681 eidem
1673 651 1765 692 Regi,
1779 662 1848 683 cum
1863 653 2035 684 transfretare
2049 654 2171 684 voluerit
2180 675 2189 691 ,
2207 654 2302 684 secura
2314 663 2388 684 con-

1320 689 1434 719 scientia
1444 689 1584 719 exhibere.

1358 726 1507 767 Qioeirca
1526 727 1685 760 discretioni
1707 729 1807 761 vestrae
1827 739 1876 768 per
1900 730 2066 769 Apostolica
2087 731 2187 772 scripta
2206 729 2387 769 mandamus,

1320 769 1448 804 quatinus
1461 776 1527 805 vos,
1547 767 1640 798 fratres
1654 768 1866 810 Archiepiscopi
1879 770 1912 800 &
1927 769 2134 810 Episcopi,per
2147 769 2249 800 vestras
2261 770 2389 800 civitates

1322 806 1356 836 ὃ(
1370 805 1500 836 diocaeses
1514 815 1547 835 ac
1563 804 1741 846 Provincias,
1759 809 1792 838 &
1805 816 1897 838 toturn
1912 807 2048 848 Regnum
2062 809 2193 848 Angliae,
2212 809 2390 853 proponatiS,

1321 844 1355 875 &
1370 845 1493 882 proponi
1507 843 1611 874 faciatis
1660 855 1673 875 r
1692 846 1775 885 alios,
1792 855 1862 885 quos
1879 846 1913 876 ad
1935 847 1992 878 hoc
2014 847 2133 878 idoneos
2147 848 2283 878 noveritis
2297 869 2306 884 ,
2322 856 2388 877 ver-

1323 883 1395 913 bum
1410 884 1519 920 crucis;
1537 890 1586 913 eos
1648 882 1693 922 id,
1708 885 1729 915 fi
1743 885 1854 915 necesle
1866 885 1964 924 fuerit,
1982 895 2032 924 per
2048 886 2192 917 censuram
2213 885 2388 916 Ecclesiasti-

1322 931 1404 959 cam,
1422 922 1607 962 appellatione
1605 920 1792 991 gostlposita,
1809 924 2018 961 compellendo.

1364 960 1400 991 Et
1414 983 1423 997 ‚
1446 969 1477 991 ut
1497 960 1590 991 fideles
1635 960 1678 991 hri
1705 962 1714 991 i
1732 962 1843 992 liberius
1864 963 1898 993 ὅτ
1917 962 2070 994 ferventius
2091 973 2204 994 currant
2218 963 2253 995 ad
2267 964 2390 995 verbum

1323 998 1448 1029 Domini
1463 999 1653 1039 audiendum,
1669 1001 1817 1038 omnibus,
1829 1002 1897 1031 vere
1910 1001 2117 1040 poenitentibus
2128 1003 2162 1034 &
2177 1002 2325 1042 confeffis,
2339 1003 2391 1043 qui

1323 1038 1357 1068 ad
1374 1037 1494 1068 vestram
1510 1038 1543 1069 ὅ(
1556 1037 1688 1077 illorum,
1706 1039 1807 1077 quibus
1825 1038 1853 1069 id
1873 1039 2066 1071 commiseritis
2080 1064 2089 1078 ,
2111 1041 2297 1080 sollempnem
2317 1050 2391 1080 prae-

1322 1077 1498 1107 dicationem
1511 1078 1694 1116 accelserint,
1712 1079 1741 1108 in
1761 1075 1884 1117 qualibet
1903 1076 2046 1117 Civitate‚
2063 1077 2136 1109 Villa
2150 1102 2159 1118 ,
2184 1081 2230 1110 vel
2252 1079 2282 1109 O
2303 1080 2391 1119 pido,

1324 1116 1355 1146 in
1369 1116 1490 1153 qualibet
1504 1117 1732 1153 convocatione,
1750 1116 1794 1146 seu
1809 1115 1944 1155 statione,
1959 1116 2077 1156 decem,
2096 1118 2140 1148 vel
2152 1118 2269 1157 viginti,
2282 1089 2327 1149 iri-u
2342 1120 2393 1149 tri-

1322 1156 1415 1193 ginta,
1433 1155 1478 1184 vel
1493 1155 1593 1194 quadra
1614 1156 1671 1186 inta
1684 1178 1694 1194 ‚
1718 1155 1738 1174 *²
1759 1154 1804 1185 seu
1821 1154 1960 1193 sexaginta
1979 1155 2090 1186 dierum
2114 1156 2191 1187 indul
2212 1158 2317 1186 entiam
2339 1167 2393 1190 v.os

1325 1194 1358 1224 &
1374 1193 1427 1230 illi,
1441 1194 1543 1232 quibus
1555 1203 1576 1224 o
1611 1194 1689 1224 cium
1703 1192 1913 1233 praedicationis
1925 1193 2168 1226 committendum
2200 1195 2328 1234 uirentis,
2340 1195 2394 1226 lar-

1328 1232 1462 1270 giamini,
1482 1241 1566 1269 prout
1582 1232 1707 1263 videritis
1721 1233 1861 1271 expedire.

1361 1266 1396 1300 U
1399 1280 1409 1301 t
1421 1279 1515 1301 autem
1528 1271 1617 1301 nichil
1630 1272 1753 1302 omnino
1765 1272 1832 1302 desit
1844 1271 1879 1303 ad
1891 1272 2078 1303 commistum
2089 1273 2171 1305 vobis
2181 1272 2313 1305 officium
2329 1283 2394 1305 exe-

1326 1309 1489 1347 quendum,
1509 1309 1689 1349 absolvendi,
1703 1310 1782 1349 juxta
1797 1311 1922 1341 formam
1942 1310 2094 1350 Ecclesiae,
2114 1323 2250 1343 manuum
2271 1313 2395 1351 inje&o-

1326 1358 1368 1378 res
1381 1349 1408 1378 in
1423 1346 1552 1379 Clericos
1566 1348 1697 1380 seculares
1711 1349 1744 1380 &
1759 1349 1889 1388 personas
1910 1350 2049 1389 religiosas
2083 1361 2116 1381 ac
2132 1351 2338 1391 incendiarios,
2357 1352 2393 1383 &

1327 1388 1590 1419 excommunicatos
1604 1397 1657 1428 pro
1670 1388 1781 1418 decima
1801 1389 1846 1419 vel
1863 1389 1994 1420 vicesima
2006 1412 2016 1427 ,
2041 1373 2172 1429 deputata
2185 1391 2260 1430 pacis
2273 1391 2307 1421 &
2325 1390 2393 1421 fidei

1325 1436 1358 1456 ac
1375 1426 1496 1464 ejusdem
1510 1434 1592 1457 terrae
1610 1428 1743 1466 negotio,
1761 1437 1823 1457 non
1843 1427 1946 1465 soluta,
1966 1437 2081 1458 necnon
2096 1428 2172 1460 sacril
2208 1438 2240 1459 os
2254 1452 2264 1468 ,
2286 1429 2391 1460 sortile-

1323 1473 1391 1503 gos,
1410 1465 1443 1497 &
1456 1475 1522 1502 eos,
1539 1467 1586 1504 qui
1600 1474 1699 1496 contra
1713 1465 1940 1503 prohibitionem
1960 1465 2137 1504 Apostolicae
2150 1467 2176 1498 se
2231 1490 2243 1506 ,
2267 1468 2315 1499 vel
2332 1467 2390 1499 Le-

1324 1511 1456 1542 gatorum
1472 1504 1570 1542 ipfius,
1586 1503 1762 1542 sepulchrum
1775 1503 1899 1534 Domini
1911 1504 2069 1542 visitarunt,

1368 1540 1431 1572 Illos
1444 1552 1560 1580 quoque
1572 1544 1619 1581 qui
1635 1543 1664 1572 in
1679 1542 1802 1581 partibus
1816 1542 2012 1581 Albigerilibus
2026 1543 2162 1574 haereticis
2180 1553 2279 1575 contra
2294 1544 2395 1575 catho-

1326 1580 1396 1610 licos
1409 1581 1543 1611 auxilium
1566 1581 1766 1620 impenderunt
1786 1580 1965 1618 (dummodo
1980 1581 2122 1620 haeretici,
2147 1581 2192 1612 vel
2211 1592 2311 1613 eorum
2330 1593 2394 1614 cre-

1326 1619 1421 1650 dentes
1435 1629 1494 1650 non
1509 1619 1578 1656 sint)
1597 1629 1630 1649 ac
1645 1627 1693 1649 eos
1706 1643 1716 1658 ,
1743 1621 1792 1659 qui
1811 1628 1993 1660 portaverunt
2012 1620 2136 1659 ferrum,
2154 1630 2230 1651 arma
2267 1622 2394 1660 lignami-

1327 1668 1378 1696 na,
1397 1659 1430 1688 &
1445 1667 1552 1689 merces
1564 1658 1705 1700 prohibita
1718 1657 1889 1697 sarracenis,
1905 1658 1952 1688 vel
1966 1659 2030 1690 alias
2044 1669 2146 1690 contra
2153 1644 2331 1691 Christianos
2343 1660 2393 1692 de-

1327 1696 1429 1727 derunt
1445 1698 1483 1727 eis
1495 1696 1661 1736 consilium,
1679 1697 1810 1728 auxilium
1820 1719 1830 1736 ,
1847 1697 1893 1728 vel
1905 1696 2051 1736 favorem3
2288 1722 2291 1724 .
2364 1723 2366 1727 ,

1369 1734 1438 1765 Nec
1454 1746 1513 1765 non
1536 1734 1665 1766 Clericos
1677 1759 1687 1774 ,
1734 1737 1761 1765 ui
1782 1737 2085 1767 excommunicationis
2103 1735 2247 1768 sententias
2266 1738 2393 1768 incurre-

1326 1783 1408 1811 runt,
1428 1784 1476 1812 per
1494 1774 1615 1813 Legatos
1628 1773 1698 1805 sedis
1742 1773 1892 1812 postolicae
1906 1775 1935 1805 in
1955 1776 2175 1806 concubinarios
2187 1776 2395 1815 promulgatas;

1325 1813 1358 1842 ὅ(
1372 1813 1433 1843 illos
1445 1812 1591 1850 Clericos,
1610 1813 1639 1842 in
1653 1813 1822 1853 praelaturis,
1836 1813 2033 1852 dignitatibus,
2051 1814 2095 1844 vel
2117 1813 2306 1852 personatibus
2318 1824 2393 1846 con·

1325 1850 1437 1882 stitutos
1450 1875 1460 1890 ,
1485 1852 1518 1882 &
1532 1849 1720 1882 Ecclesiamm
1741 1850 1882 1883 Reoores
1894 1875 1904 1890 ,
1930 1853 1963 1883 &
1985 1852 2126 1897 religiosos
2139 1852 2279 1892 quossibet
2296 1876 2305 1891 ,
2325 1853 2393 1893 qui,

1325 1899 1424 1921 contra
1440 1890 1660 1921 constitutiones
1675 1889 1828 1929 Ecclesiae,
1845 1890 1917 1930 leges
1931 1890 1977 1922 vel
1991 1891 2125 1932 philicam
2142 1890 2307 1930 audierunt,

1360 1928 1406 1959 Ac
1418 1928 1589 1968 dispensandi
1603 1938 1673 1959 cum
1686 1929 1896 1969 irregularibus,
1914 1939 1984 1969 quos
1997 1929 2136 1969 praemissa
2149 1929 2315 1968 occasione,
2330 1929 2396 1970 vel,

1324 1975 1378 2005 pro
1387 1975 1424 1999 eo
1438 1969 1515 2008 quod
1531 1967 1605 1998 forte
1619 1969 1859 2000 excommunicati
1874 1968 1920 1999 vel
1933 1968 2050 2009 suspensi
2065 1969 2145 2007 alias,
2163 1969 2394 2009 irregularitatem

1327 2007 1360 2037 ali
1383 2017 1447 2037 uam
1463 2008 1658 2047 incurrerunt·,

1394 2056 1443 2076 um
1457 2055 1550 2076 tamen
1564 2054 1651 2077 cruce
1665 2046 1760 2087 signati
1781 2046 1895 2079 existant
1908 2071 1918 2087 ,
1945 2047 1990 2079 vel
2007 2048 2143 2089 recipiant
2163 2046 2272 2086 signum
2285 2047 2392 2085 crucis;

1325 2083 1371 2114 vel
1387 2086 1504 2122 propriis
1519 2085 1641 2124 expensis
1655 2086 1723 2116 alios
1738 2097 1790 2124 pro
1804 2087 1830 2117 se
1846 2087 1969 2118 miserint
1984 2088 2129 2118 bellatores
2143 2097 2153 2123 3
2180 2086 2224 2116 vel
2234 2087 2311 2124 juxta
2322 2096 2392 2125 qua-

1325 2123 1430 2154 litatem
1443 2124 1552 2162 culpae,
1567 2123 1600 2154 &
1621 2124 1762 2155 facultates
1779 2127 1834 2156 suas
1851 2135 2020 2165 congruam,
2035 2126 2070 2156 ad
2085 2124 2233 2155 arbitrium
2246 2123 2392 2163 vestrum,

1324 2162 1361 2192 de
1384 2162 1560 2193 facultatibus
1583 2164 1702 2202 propriis
1726 2164 1850 2194 miserint
1872 2165 2035 2201 portionem
2048 2187 2059 2203 ,
2080 2164 2131 2195 nifi
2151 2162 2222 2193 adeo
2247 2164 2337 2203 gravis
2355 2163 2391 2194 &

1324 2202 1448 2232 enormis
1461 2201 1585 2232 exceffus
1597 2202 1680 2232 fuerit
1695 2211 1833 2233 manuum
1847 2202 2035 2241 injectorum,
2055 2203 2132 2241 quod
2152 2202 2255 2232 merito
2270 2201 2392 2233 debeant

1324 2240 1357 2270 ad
1371 2239 1461 2270 sedem
1475 2239 1659 2279 apostolicam
1674 2240 1819 2279 destinari,

1362 2278 1407 2310 Ac
1428 2278 1630 2310 reconciliandi
1649 2280 1838 2320 poenitentes,
1864 2278 2026 2310 dummodo
2045 2277 2097 2310 sint
2117 2278 2318 2318 crucesignati,
2340 2276 2389 2310 vel

1325 2319 1459 2356 recipiant
1474 2318 1583 2358 signum
1595 2319 1700 2356 crucis;

1360 2355 1397 2386 Et
1412 2357 1462 2387 alia
1477 2365 1544 2387 vota
1555 2356 1781 2396 peregrinationis
1793 2357 1827 2387 &
1841 2355 2018 2387 abstinentiae
2030 2356 2227 2387 commutandi
2243 2357 2272 2386 iri
2286 2363 2390 2387 votum

1323 2394 1484 2431 huiusmodi
1498 2396 1620 2434 pietatis,
1638 2395 1671 2426 &
1685 2395 1860 2435 dispensandi
1872 2405 1940 2425 cum
1955 2394 2075 2425 Clericis
2091 2396 2157 2434 qui,
2175 2394 2324 2426 occasione
2337 2393 2390 2425 hu-

1322 2433 1463 2472 jusmodi,
1480 2435 1516 2464 irr
1572 2434 1706 2465 latitarem
1719 2434 1840 2472 aliquam
1853 2434 2048 2471 incurrerunt,

1363 2472 1481 2503 Plenam
1491 2483 1530 2504 vo
1553 2474 1573 2503 is
1587 2473 1771 2504 concedimus
1782 2472 1942 2502 facultatem
1956 2482 1962 2501 z
1987 2471 2106 2502 Proviso
2120 2480 2217 2502 namen
2231 2471 2307 2511 quod
2322 2481 2395 2510 prae-

1324 2511 1411 2549 dieti,
1430 2521 1564 2542 manuum
1579 2511 1727 2549 injezstores
1738 2511 1772 2542 &
1785 2510 1969 2549 incendiarii,
1989 2511 2118 2548 injuriam
2131 2510 2165 2540 &
2178 2510 2300 2550 dampna
2315 2511 2395 2548 passis

1325 2550 1487 2581 satisfaciant
1501 2559 1714 2590 competenter,
1724 2549 1758 2581 &
1772 2548 1913 2581 debitores
1925 2548 2046 2581 decimae
2062 2558 2096 2581 ac
2110 2549 2252 2581 vicesimae
2265 2549 2392 2581 debitam

1325 2588 1539 2619 satisfactionem
1553 2589 1727 2627 impendant.

1363 2627 1392 2658 Si
1411 2638 1481 2658 vero
1494 2628 1577 2668 aliqui
1591 2628 1758 2658 eorumdem
1772 2627 1901 2666 legitimo
1919 2627 2021 2658 fuerint
2043 2627 2251 2666 impedimento
2268 2627 2391 2666 detenti,

1326 2667 1364 2696 eis
1377 2665 1531 2696 redimendi
1546 2674 1647 2696 votum
1660 2667 1768 2703 crucis,
1790 2667 1823 2697 ὅ(
1842 2666 1923 2696 vobis
1940 2667 2093 2705 recipiendi
2107 2665 2268 2704 hujusmodi
2280 2666 2391 2696 redem-

1326 2705 1454 2750 ptiones,
1473 2705 1591 2734 nomine
1606 2704 1722 2742 ipliusR
1761 2705 1838 2742 is,ac
1848 2704 2007 2734 absolvendi
2022 2713 2070 2733 eos
2081 2714 2096 2733 a
2110 2713 2180 2734 voto
2189 2703 2343 2741 praedicto,
2357 2704 2394 2735 ὃς

1326 2742 1468 2773 indicendi
1481 2743 1559 2773 terias
1569 2742 1667 2772 diebus
1678 2752 1734 2782 prae
1757 2743 1896 2779 icationis,
1914 2742 1990 2779 juxta
2010 2741 2110 2772 vestrae
2129 2741 2303 2773 discretionis
2318 2743 2390 2773 arbi-

1326 2783 1412 2812 trium
1422 2804 1431 2819 ,
1451 2781 1536 2811 libera
1551 2781 1581 2811 sit
1593 2781 1628 2811 de
1644 2779 1739 2810 nostra
1752 2779 1934 2819 permissione
1948 2780 2068 2810 facultas.

1365 2820 1504 2851 Volumus
1518 2820 1602 2850 etiam
1610 2842 1620 2858 ,
1635 2819 1669 2849 &
1682 2820 1846 2850 mandamus
1865 2827 1896 2848 ut
1913 2820 2046 2856 pecunia,
2060 2827 2109 2855 per
2128 2827 2195 2855 vos,
2215 2818 2249 2849 ὃ(
2263 2818 2331 2848 alios
2342 2817 2391 2848 de-

1326 2858 1462 2897 putandos
1477 2869 1492 2889 a
1506 2857 1602 2896 vobis,
1620 2858 1660 2888 ob
1672 2858 1762 2888 causas
1781 2857 1944 2896 praedictas,
1961 2857 2122 2887 audioritate
2135 2856 2203 2886 sedis
2216 2856 2391 2897 Apostolicae

1326 2897 1504 2935 recipienda,
1530 2896 1577 2928 vel
1602 2897 1759 2937 colligenda
1778 2895 1963 2933 imposterum
1976 2918 1986 2934 ,
2008 2895 2102 2925 eidem
2123 2894 2200 2934 Regi
2213 2917 2223 2933 ,
2246 2905 2315 2925 cum
2338 2896 2392 2925 iter

1326 2936 1538 2967 transmarinum
1560 2937 1676 2973 arripere
1692 2935 1813 2965 voluerit
1826 2957 1836 2973 ,
1862 2934 1908 2964 vel
1924 2933 2056 2964 mandato
2075 2933 2155 2972 ipsius
2169 2956 2179 2971 ,
2202 2943 2256 2972 pro
2271 2933 2393 2965 subsidio

1326 2975 1425 3005 Tcrrae
1439 2973 1538 3012 saetae,
1556 2975 1597 3004 int
1647 2984 1663 3004 e
1677 2973 1842 3013 assignetur,
1859 2972 2020 3003 dummodo
2032 2982 2091 3002 non
2110 2972 2143 3002 sit
2157 2972 2215 3002 alio
2229 2972 2393 3004 au&ontate

1326 3014 1397 3045 sedis
1410 3011 1586 3050 Apostolicae
1621 3021 1739 3051 eputata.

1365 3051 1471 3089 Erilli,
1489 3052 1537 3090 qui
1551 3053 1699 3089 pecuniam
1719 3050 1880 3089 hujusmodi
1895 3049 2075 3089 promiserint
2095 3049 2200 3081 solvere
2213 3072 2223 3087 ,
2247 3049 2293 3079 vel
2308 3050 2394 3080 etiam

1326 3091 1496 3121 tenebuntur
1507 3089 1541 3119 ad
1559 3090 1729 3120 solutionem
1743 3090 1824 3127 ipsius
1838 3112 1847 3128 ,
1873 3099 1922 3127 per
1940 3089 2084 3120 censuram
2098 3086 2323 3119 Ecclesiasticam
2341 3097 2393 3128 per

1329 3140 1398 3166 VOS,
1415 3128 1461 3159 vel
1474 3138 1523 3168 per
1535 3128 1602 3159 alios
1616 3139 1685 3159 com
1732 3127 1829 3158 lanrur.

1367 3167 1515 3198 Caeterum
1530 3177 1581 3197 vos
1592 3190 1601 3205 ‚
1625 3168 1659 3198 ὃς
1677 3167 1717 3197 ili
1784 3167 1864 3197 uibus
1884 3167 2007 3198 verbum
2022 3165 2181 3205 hujusmodi
2196 3165 2394 3197 commiseritis

1329 3205 1557 3247 praedicandum,
1576 3205 1695 3236 rectores
1709 3176 1897 3236 E⁵cc5eiiarum
1910 3205 2006 3246 Regni
2027 3204 2151 3243 ejusdem
2163 3228 2173 3243 ,
2196 3205 2230 3236 &
2246 3204 2394 3248 praediffi-

1328 3255 1391 3276 rum
1406 3244 1580 3281 Civitatum,
1600 3245 1634 3276 &
1647 3244 1812 3274 diocaefiiim
1827 3245 1962 3275 moneatis
1976 3243 2123 3283 diligenter
2137 3243 2171 3274 &
2184 3241 2338 3273 efficaciter
2349 3243 2395 3273 iri-

1329 3284 1432 3314 ducatis
1447 3293 1495 3312 eos
1530 3282 1564 3313 ad
1579 3281 1624 3321 id,
1643 3283 1662 3313 si
1678 3283 1786 3313 necesse
1806 3283 1888 3313 fuerit
1902 3306 1912 3320 ,
1934 3293 1983 3320 pet
2002 3282 2148 3313 censuram
2169 3280 2393 3312 Ecclesiasticam

1331 3305 1530 3361 compellendo
1544 3343 1554 3359 ‚
1579 3329 1609 3351 ut
1628 3322 1676 3359 ipfi
1691 3345 1700 3359 ,
1726 3332 1793 3352 cum
1810 3322 1984 3359 parochianis
1998 3320 2070 3358 suis,
2092 3321 2126 3351 ad
2145 3319 2315 3363 audiendum
2329 3329 2395 3350 ver-

1328 3362 1401 3390 bum
1418 3360 1509 3390 crucis
1522 3359 1624 3389 devote
1644 3370 1677 3390 ac
1700 3370 1857 3390 reverenter
1877 3359 2030 3398 accedant·²
2049 3360 2083 3390 &
2098 3360 2128 3389 in
2141 3358 2203 3397 ipsis
2214 3357 2393 3396 praedicatio-

1328 3400 1409 3430 nibus
1422 3397 1534 3435 vestris,
1552 3398 1601 3427 ubi
1616 3399 1745 3436 expedire
1764 3399 1886 3429 videritis
1900 3422 1909 3437 ,
1935 3399 2035 3429 harum
2048 3398 2188 3428 literarum
2203 3405 2334 3428 tenorem
2351 3395 2392 3426 le-

1329 3438 1412 3479 gatis,
1430 3437 1463 3467 &
1478 3436 1582 3466 faciatis
1598 3435 1669 3476 legi,
1688 3447 1755 3467 curn
1769 3437 1860 3467 debita
1874 3438 2045 3474 reverentia,
2062 3436 2097 3466 &
2109 3435 2221 3474 exponi.

1366 3475 1531 3512 Caeterum,
1548 3475 1628 3512 quia,
1644 3476 1713 3505 sicut
1727 3477 1903 3514 accepimus,
1922 3474 2129 3517 medicationis
2141 3471 2274 3503 officium
2310 3468 2390 3514 quod

1328 3524 1383 3552 pro
1395 3515 1449 3550 iam
1464 3512 1543 3543 dieto
1558 3514 1674 3552 negotio
1695 3515 1867 3554 imponimus
1881 3515 1963 3544 vobis
1984 3514 2017 3544 δε
2035 3512 2093 3542 aliis
2127 3520 2189 3579 sper
2209 3494 2392 3554 quaestuarios

1329 3553 1480 3590 impeditur
1494 3573 1504 3589 ,
1528 3561 1564 3581 ne
1579 3552 1627 3590 ipsi
1640 3554 1756 3591 negotio
1769 3553 2005 3591 impedimentum
2026 3550 2070 3580 vel
2084 3533 2125 3578 ob
2151 3549 2262 3593 aculum
2276 3547 2389 3586 aliquod

1332 3593 1488 3630 ingemuit,
1507 3589 1675 3627 quaestuariis
1689 3592 1818 3622 universis
1833 3615 1842 3630 ,
1870 3592 1889 3622 fi
1907 3591 1955 3628 qui
1970 3588 2114 3627 praesentes
2136 3587 2238 3618 fuerint
2253 3608 2264 3624 ,
2284 3595 2389 3629 propo-

1331 3629 1417 3659 nendi
1433 3628 1534 3667 aliquid
1550 3629 1672 3666 populo,
1690 3629 1760 3659 dum
1777 3641 1793 3661 a
1809 3631 1891 3660 vobis
1909 3627 2086 3669 proponitur·
2097 3627 2216 3655 verbum
2233 3633 2340 3662 crucis,
2358 3624 2391 3668 Ιιἶ

1331 3668 1454 3698 centiam
1476 3667 1582 3706 penitus
1604 3667 1768 3698 interdicere
1786 3668 1938 3708 procuretis
1951 3689 1960 3703 ,
1989 3672 2174 3694 temeritatem
2191 3672 2291 3692 eorum
2306 3684 2316 3700 ,
2342 3672 2391 3700 qui

1335 3715 1436 3736 contra
1450 3705 1684 3744 praesumpserint,
1702 3717 1750 3744 per
1761 3707 1906 3738 censuram
1921 3703 2059 3742 eandem,
2076 3702 2258 3740 appellatione
2274 3700 2392 3738 postpo-

1334 3744 1399 3781 sita,
1419 3743 1634 3782 compescendo.
2232 3778 2247 3783 ..
2303 3778 2308 3783 η

1371 3782 1424 3812 Ne
1438 3792 1507 3812 vero
1522 3791 1553 3811 os
1568 3783 1635 3813 bovi
1648 3784 1784 3815 trituranti
1797 3782 1954 3819 claudatur,
1973 3781 2054 3812 liceat
2072 3779 2153 3822 vobis
2165 3801 2174 3816 ,
2200 3777 2248 3821 filii
2264 3776 2343 3822 Prior
2357 3779 2391 3810 &

1334 3819 1489 3856 Minister,
1507 3820 1535 3850 in
1553 3821 1655 3851 eodem
1668 3821 1769 3852 officio
1783 3821 1988 3857 laborantibus,
2007 3820 2025 3850 si
2039 3816 2170 3855 expedire
2184 3817 2322 3859 Videritis,
2340 3826 2394 3856 pro

1334 3859 1459 3897 quinque
1472 3858 1681 3898 eveffionibus,
1700 3861 1732 3890 ὃς
1749 3860 1869 3890 totidem
1883 3858 2002 3897 personis
2015 3856 2048 3887 ad
2063 3857 2120 3886 hoc
2142 3854 2309 3889 necessariis,
2327 3865 2395 3893 pro-

1335 3898 1493 3928 curationes
1508 3898 1566 3928 reci
1587 3908 1633 3929 ere
1647 3899 1818 3935 moderatas3
1837 3896 2058 3928 contradictores
2072 3903 2122 3933 per
2136 3893 2280 3925 censuram
2294 3893 2396 3924 Eccle-

1334 3935 1468 3966 fiasticam
1483 3936 1667 3974 appelatione
1682 3936 1831 3976 postposita
1845 3933 2051 3974 compellendo.

1374 3973 1558 4013 Praecipimus
1572 3983 1667 4006 autem
1681 3985 1710 4006 ut
1724 3977 1782 4006 tam
1798 3984 1865 4011 VOS,
1883 3973 1968 4012 quam
1983 3971 2042 4009 illi,
2059 3971 2158 4009 quibus
2178 3970 2338 4010 hujusmodi
2351 3970 2399 4013 of-

1335 4011 1436 4044 ficium
1453 4012 1645 4046 commiseritis
1659 4036 1670 4053 ,
1687 4013 1735 4052 qui
1757 4011 1907 4045 vobiscum
1925 4009 2087 4042 auctoritate
2106 4009 2272 4051 fungantur,
2293 4011 2331 4055 ita
2349 4010 2400 4077 lips

2215 4054 2220 4058 ”
2266 4057 2364 4079 univer
2376 4058 2403 4084 i,

2412 1161 2462 1190 ¹¹1·
2475 1168 2547 1199 4552
