<?xml version="1.0" encoding="UTF-8"?>
<!DOCTYPE html PUBLIC "-//W3C//DTD XHTML 1.0 Transitional//EN"
    "http://www.w3.org/TR/xhtml1/DTD/xhtml1-transitional.dtd">
<html xmlns="http://www.w3.org/1999/xhtml" xml:lang="en" lang="en">
 <head>
  <title>
</title>
<meta http-equiv="Content-Type" content="text/html;charset=utf-8" />
  <meta name='ocr-system' content='tesseract 3.04.00' />
  <meta name='ocr-capabilities' content='ocr_page ocr_carea ocr_par ocr_line ocrx_word'/>
</head>
<body>
  <div class='ocr_page' id='page_1' title='image "./fderaconventione01ryme_0251.png"; bbox 0 0 2570 4261; ppageno 0'>
   <div class='ocr_carea' id='block_1_1' title="bbox 712 183 1166 226">
    <p class='ocr_par' dir='ltr' id='par_1_1' title="bbox 712 183 1166 226">
     <span class='ocr_line' id='line_1_1' title="bbox 712 183 1166 226; baseline -0.002 -2"><span class='ocrx_word' id='word_1_1' title='bbox 712 185 820 225; x_wconf 91' lang='lat' dir='ltr'><strong>ET</strong></span> <span class='ocrx_word' id='word_1_2' title='bbox 905 183 1166 226; x_wconf 90' lang='lat' dir='ltr'><strong>ACTA</strong></span> 
     </span>
    </p>
   </div>
   <div class='ocr_carea' id='block_1_2' title="bbox 15 261 1183 314">
    <p class='ocr_par' dir='ltr' id='par_1_2' title="bbox 15 261 1183 314">
     <span class='ocr_line' id='line_1_2' title="bbox 15 261 1183 314; baseline 0.003 -20"><span class='ocrx_word' id='word_1_3' title='bbox 15 272 61 294; x_wconf 89' lang='lat' dir='ltr'><strong>nn.</strong></span> <span class='ocrx_word' id='word_1_4' title='bbox 77 261 119 294; x_wconf 91' lang='lat' dir='ltr'><strong>D.</strong></span> <span class='ocrx_word' id='word_1_5' title='bbox 134 269 265 304; x_wconf 78' lang='lat' dir='ltr'>pecunias</span> <span class='ocrx_word' id='word_1_6' title='bbox 280 268 425 299; x_wconf 85' lang='lat' dir='ltr'>Dominus</span> <span class='ocrx_word' id='word_1_7' title='bbox 446 268 512 299; x_wconf 89' lang='lat' dir='ltr'><strong>Rex</strong></span> <span class='ocrx_word' id='word_1_8' title='bbox 526 269 642 299; x_wconf 83' lang='lat' dir='ltr'><strong>solverat</strong></span> <span class='ocrx_word' id='word_1_9' title='bbox 662 268 821 300; x_wconf 87' lang='lat' dir='ltr'><strong>Eschivaco</strong></span> <span class='ocrx_word' id='word_1_10' title='bbox 839 270 989 314; x_wconf 64' lang='lat' dir='ltr'><strong>praedieto)</strong></span> <span class='ocrx_word' id='word_1_11' title='bbox 1004 272 1037 302; x_wconf 89' lang='lat'>&amp;</span> <span class='ocrx_word' id='word_1_12' title='bbox 1050 268 1183 310; x_wconf 88' lang='lat' dir='ltr'><strong>quicquid</strong></span> 
     </span>
    </p>
   </div>
   <div class='ocr_carea' id='block_1_3' title="bbox 13 309 90 340">
    <p class='ocr_par' dir='ltr' id='par_1_3' title="bbox 13 309 90 340">
     <span class='ocr_line' id='line_1_3' title="bbox 13 309 90 340; baseline 0 -9"><span class='ocrx_word' id='word_1_13' title='bbox 13 309 90 340; x_wconf 79' lang='lat'><em>¹254-</em></span> 
     </span>
    </p>
   </div>
   <div class='ocr_carea' id='block_1_4' title="bbox 0 350 95 377">
    <p class='ocr_par' dir='ltr' id='par_1_4' title="bbox 0 350 95 377">
     <span class='ocr_line' id='line_1_4' title="bbox 0 350 95 377; baseline -0.011 -8"><span class='ocrx_word' id='word_1_14' title='bbox 0 351 49 369; x_wconf 53' lang='lat' dir='ltr'><strong>*en-</strong></span> <span class='ocrx_word' id='word_1_15' title='bbox 69 350 95 377; x_wconf 84' lang='lat'><strong>3.</strong></span> 
     </span>
    </p>
   </div>
   <div class='ocr_carea' id='block_1_5' title="bbox 0 1651 120 1689">
    <p class='ocr_par' dir='ltr' id='par_1_5' title="bbox 0 1651 120 1689">
     <span class='ocr_line' id='line_1_5' title="bbox 0 1651 120 1689; baseline -0.017 -8"><span class='ocrx_word' id='word_1_16' title='bbox 0 1651 42 1681; x_wconf 65' lang='lat'><strong>²1.</strong></span> <span class='ocrx_word' id='word_1_17' title='bbox 55 1652 120 1689; x_wconf 83' lang='lat'>526.</span> 
     </span>
    </p>
   </div>
   <div class='ocr_carea' id='block_1_6' title="bbox 0 3111 128 3191">
    <p class='ocr_par' dir='ltr' id='par_1_6' title="bbox 0 3111 128 3191">
     <span class='ocr_line' id='line_1_6' title="bbox 0 3111 128 3145; baseline -0.016 0"><span class='ocrx_word' id='word_1_18' title='bbox 0 3113 73 3145; x_wconf 73' lang='lat' dir='ltr'><strong>Ann.</strong></span> <span class='ocrx_word' id='word_1_19' title='bbox 85 3111 128 3143; x_wconf 87' lang='lat' dir='ltr'><strong>D.</strong></span> 
     </span>
     <span class='ocr_line' id='line_1_7' title="bbox 20 3161 104 3191; baseline -0.012 -9"><span class='ocrx_word' id='word_1_20' title='bbox 20 3161 104 3191; x_wconf 85' lang='lat'>1254.</span> 
     </span>
    </p>
   </div>
   <div class='ocr_carea' id='block_1_7' title="bbox 0 3192 110 3340">
    <p class='ocr_par' dir='ltr' id='par_1_7' title="bbox 0 3192 110 3265">
     <span class='ocr_line' id='line_1_8' title="bbox 0 3192 110 3227; baseline 0.009 -9"><span class='ocrx_word' id='word_1_21' title='bbox 0 3195 46 3218; x_wconf 71' lang='lat' dir='ltr'><strong>dn.</strong></span> <span class='ocrx_word' id='word_1_22' title='bbox 67 3192 110 3227; x_wconf 84' lang='lat'><strong>38.</strong></span> 
     </span>
     <span class='ocr_line' id='line_1_9' title="bbox 0 3234 76 3265; baseline -0.013 -8"><span class='ocrx_word' id='word_1_23' title='bbox 0 3234 30 3257; x_wconf 79' lang='lat' dir='ltr'><strong>H.</strong></span> <span class='ocrx_word' id='word_1_24' title='bbox 52 3239 76 3265; x_wconf 85' lang='lat'><strong>3.</strong></span> 
     </span>
    </p>

    <p class='ocr_par' dir='ltr' id='par_1_8' title="bbox 0 3266 110 3340">
     <span class='ocr_line' id='line_1_10' title="bbox 0 3266 110 3303; baseline -0.009 -8"><span class='ocrx_word' id='word_1_25' title='bbox 0 3271 28 3295; x_wconf 82' lang='grc' dir='ltr'><strong>ι.</strong></span> <span class='ocrx_word' id='word_1_26' title='bbox 43 3266 110 3303; x_wconf 64' lang='lat' dir='ltr'><strong>ss.</strong></span> 
     </span>
     <span class='ocr_line' id='line_1_11' title="bbox 0 3306 103 3340; baseline -0.01 -8"><span class='ocrx_word' id='word_1_27' title='bbox 0 3314 62 3340; x_wconf 83' lang='lat'><em>²¹5-</em></span> <span class='ocrx_word' id='word_1_28' title='bbox 77 3306 103 3332; x_wconf 87' lang='lat' dir='ltr'><strong>b.</strong></span> 
     </span>
    </p>
   </div>
   <div class='ocr_carea' id='block_1_8' title="bbox 0 3346 128 3371">
    <p class='ocr_par' dir='ltr' id='par_1_9' title="bbox 0 3346 128 3371">
     <span class='ocr_line' id='line_1_12' title="bbox 0 3346 128 3371; baseline 0.008 -1"><span class='ocrx_word' id='word_1_29' title='bbox 0 3346 67 3371; x_wconf 81' lang='lat' dir='ltr'><em>Penes</em></span> <span class='ocrx_word' id='word_1_30' title='bbox 76 3347 128 3371; x_wconf 76' lang='lat' dir='ltr'><strong>Ca-</strong></span> 
     </span>
    </p>
   </div>
   <div class='ocr_carea' id='block_1_9' title="bbox 0 3390 112 3449">
    <p class='ocr_par' dir='ltr' id='par_1_10' title="bbox 0 3390 112 3449">
     <span class='ocr_line' id='line_1_13' title="bbox 0 3390 89 3408; baseline 0 0"><span class='ocrx_word' id='word_1_31' title='bbox 0 3390 89 3408; x_wconf 66' lang='lat' dir='ltr'><strong>merar.</strong></span> 
     </span>
     <span class='ocr_line' id='line_1_14' title="bbox 0 3423 112 3449; baseline 0.018 -3"><span class='ocrx_word' id='word_1_32' title='bbox 0 3423 112 3449; x_wconf 62' lang='grc' dir='ltr'><strong>δεῆσαν.</strong></span> 
     </span>
    </p>
   </div>
   <div class='ocr_carea' id='block_1_10' title="bbox 125 305 1204 2728">
    <p class='ocr_par' dir='ltr' id='par_1_11' title="bbox 129 305 1183 384">
     <span class='ocr_line' id='line_1_15' title="bbox 131 305 1183 347; baseline 0.003 -13"><span class='ocrx_word' id='word_1_33' title='bbox 131 305 222 336; x_wconf 70' lang='lat' dir='ltr'><strong>dictus</strong></span> <span class='ocrx_word' id='word_1_34' title='bbox 238 307 380 338; x_wconf 82' lang='lat' dir='ltr'><strong>Dominus</strong></span> <span class='ocrx_word' id='word_1_35' title='bbox 397 309 459 338; x_wconf 82' lang='lat' dir='ltr'><strong>Rex</strong></span> <span class='ocrx_word' id='word_1_36' title='bbox 473 317 579 346; x_wconf 79' lang='lat' dir='ltr'><strong>poterat</strong></span> <span class='ocrx_word' id='word_1_37' title='bbox 592 331 601 345; x_wconf 93' lang='lat'><strong>,</strong></span> <span class='ocrx_word' id='word_1_38' title='bbox 625 309 730 338; x_wconf 87' lang='lat' dir='ltr'><strong>ratione</strong></span> <span class='ocrx_word' id='word_1_39' title='bbox 744 312 921 346; x_wconf 86' lang='lat' dir='ltr'><strong>expensarum</strong></span> <span class='ocrx_word' id='word_1_40' title='bbox 935 309 1085 347; x_wconf 65' lang='lat' dir='ltr'><strong>factarum,</strong></span> <span class='ocrx_word' id='word_1_41' title='bbox 1102 317 1183 345; x_wconf 87' lang='lat' dir='ltr'><strong>repe-</strong></span> 
     </span>
     <span class='ocr_line' id='line_1_16' title="bbox 129 345 1048 384; baseline 0.003 -10"><span class='ocrx_word' id='word_1_42' title='bbox 129 351 187 374; x_wconf 88' lang='lat' dir='ltr'><strong>tere</strong></span> <span class='ocrx_word' id='word_1_43' title='bbox 202 355 216 374; x_wconf 92' lang='lat' dir='ltr'><strong>a</strong></span> <span class='ocrx_word' id='word_1_44' title='bbox 229 345 308 376; x_wconf 67' lang='lat' dir='ltr'><strong>dieto</strong></span> <span class='ocrx_word' id='word_1_45' title='bbox 321 346 457 383; x_wconf 88' lang='lat' dir='ltr'><strong>Giraldo,</strong></span> <span class='ocrx_word' id='word_1_46' title='bbox 475 347 518 375; x_wconf 92' lang='lat' dir='ltr'><strong>vel</strong></span> <span class='ocrx_word' id='word_1_47' title='bbox 533 345 702 384; x_wconf 67' lang='lat' dir='ltr'><strong>haeredibus,</strong></span> <span class='ocrx_word' id='word_1_48' title='bbox 720 347 765 375; x_wconf 87' lang='lat' dir='ltr'><strong>vel</strong></span> <span class='ocrx_word' id='word_1_49' title='bbox 780 347 977 377; x_wconf 66' lang='lat' dir='ltr'><strong>successoribus</strong></span> <span class='ocrx_word' id='word_1_50' title='bbox 990 347 1048 377; x_wconf 87' lang='lat' dir='ltr'><strong>suis.</strong></span> 
     </span>
    </p>

    <p class='ocr_par' dir='ltr' id='par_1_12' title="bbox 125 382 1182 616">
     <span class='ocr_line' id='line_1_17' title="bbox 166 382 1182 423; baseline 0 -10"><span class='ocrx_word' id='word_1_51' title='bbox 166 382 270 414; x_wconf 65' lang='lat' dir='ltr'><strong>Dictus</strong></span> <span class='ocrx_word' id='word_1_52' title='bbox 291 387 361 422; x_wconf 71' lang='lat' dir='ltr'><strong>verb</strong></span> <span class='ocrx_word' id='word_1_53' title='bbox 380 384 510 414; x_wconf 87' lang='lat' dir='ltr'><strong>Giraldus</strong></span> <span class='ocrx_word' id='word_1_54' title='bbox 523 407 532 422; x_wconf 91' lang='lat'><strong>,</strong></span> <span class='ocrx_word' id='word_1_55' title='bbox 559 394 611 422; x_wconf 83' lang='lat' dir='ltr'><strong>pro</strong></span> <span class='ocrx_word' id='word_1_56' title='bbox 633 385 677 422; x_wconf 83' lang='lat' dir='ltr'><strong>se,</strong></span> <span class='ocrx_word' id='word_1_57' title='bbox 696 386 728 415; x_wconf 62' lang='grc' dir='ltr'><strong>ὃς</strong></span> <span class='ocrx_word' id='word_1_58' title='bbox 744 384 912 423; x_wconf 77' lang='lat' dir='ltr'><strong>haeredibus,</strong></span> <span class='ocrx_word' id='word_1_59' title='bbox 930 387 963 416; x_wconf 85' lang='lat'>&amp;</span> <span class='ocrx_word' id='word_1_60' title='bbox 982 385 1182 416; x_wconf 85' lang='lat' dir='ltr'><strong>successoribus</strong></span> 
     </span>
     <span class='ocr_line' id='line_1_18' title="bbox 128 421 1180 461; baseline 0 -10"><span class='ocrx_word' id='word_1_61' title='bbox 128 421 200 459; x_wconf 68' lang='lat' dir='ltr'><strong>suis,</strong></span> <span class='ocrx_word' id='word_1_62' title='bbox 226 423 349 459; x_wconf 83' lang='lat' dir='ltr'><strong>promisit</strong></span> <span class='ocrx_word' id='word_1_63' title='bbox 364 446 373 459; x_wconf 80' lang='lat'><strong>,</strong></span> <span class='ocrx_word' id='word_1_64' title='bbox 395 422 445 452; x_wconf 86' lang='lat' dir='ltr'><strong>sub</strong></span> <span class='ocrx_word' id='word_1_65' title='bbox 467 423 675 452; x_wconf 87' lang='lat' dir='ltr'><strong>incurramento</strong></span> <span class='ocrx_word' id='word_1_66' title='bbox 694 422 836 453; x_wconf 62' lang='lat' dir='ltr'><strong>dictorum</strong></span> <span class='ocrx_word' id='word_1_67' title='bbox 857 422 1052 454; x_wconf 83' lang='lat' dir='ltr'><strong>Comitatuum</strong></span> <span class='ocrx_word' id='word_1_68' title='bbox 1067 446 1076 461; x_wconf 89' lang='lat'><strong>,</strong></span> <span class='ocrx_word' id='word_1_69' title='bbox 1103 422 1180 460; x_wconf 87' lang='lat' dir='ltr'><strong>quod</strong></span> 
     </span>
     <span class='ocr_line' id='line_1_19' title="bbox 128 460 1180 501; baseline 0 -12"><span class='ocrx_word' id='word_1_70' title='bbox 128 470 272 497; x_wconf 87' lang='lat' dir='ltr'><strong>nunquam</strong></span> <span class='ocrx_word' id='word_1_71' title='bbox 286 461 321 490; x_wconf 89' lang='lat' dir='ltr'><strong>ab</strong></span> <span class='ocrx_word' id='word_1_72' title='bbox 336 461 482 499; x_wconf 81' lang='lat' dir='ltr'><strong>homagio,</strong></span> <span class='ocrx_word' id='word_1_73' title='bbox 501 461 545 490; x_wconf 81' lang='lat' dir='ltr'><strong>seu</strong></span> <span class='ocrx_word' id='word_1_74' title='bbox 561 460 687 491; x_wconf 77' lang='lat' dir='ltr'><strong>fidelitate</strong></span> <span class='ocrx_word' id='word_1_75' title='bbox 708 461 779 490; x_wconf 62' lang='lat' dir='ltr'><strong>disti</strong></span> <span class='ocrx_word' id='word_1_76' title='bbox 801 461 923 491; x_wconf 84' lang='lat' dir='ltr'>Domini</span> <span class='ocrx_word' id='word_1_77' title='bbox 939 461 1043 501; x_wconf 82' lang='lat' dir='ltr'><strong>Regis,</strong></span> <span class='ocrx_word' id='word_1_78' title='bbox 1063 461 1107 492; x_wconf 90' lang='lat' dir='ltr'><strong>vel</strong></span> <span class='ocrx_word' id='word_1_79' title='bbox 1122 461 1180 489; x_wconf 67' lang='lat' dir='ltr'><strong>hae-</strong></span> 
     </span>
     <span class='ocr_line' id='line_1_20' title="bbox 127 497 1179 538; baseline 0.001 -11"><span class='ocrx_word' id='word_1_80' title='bbox 127 497 228 527; x_wconf 83' lang='lat' dir='ltr'>redum</span> <span class='ocrx_word' id='word_1_81' title='bbox 240 498 352 529; x_wconf 83' lang='lat' dir='ltr'><strong>suorum</strong></span> <span class='ocrx_word' id='word_1_82' title='bbox 368 500 489 530; x_wconf 79' lang='lat' dir='ltr'>recedet:</span> <span class='ocrx_word' id='word_1_83' title='bbox 511 499 600 538; x_wconf 56' lang='lat' dir='ltr'><strong>Qiod</strong></span> <span class='ocrx_word' id='word_1_84' title='bbox 616 500 855 530; x_wconf 80' lang='lat' dir='ltr'><strong>incurramentum</strong></span> <span class='ocrx_word' id='word_1_85' title='bbox 874 500 959 530; x_wconf 89' lang='lat' dir='ltr'><strong>latum</strong></span> <span class='ocrx_word' id='word_1_86' title='bbox 972 501 1084 530; x_wconf 90' lang='lat' dir='ltr'><strong>haberet</strong></span> <span class='ocrx_word' id='word_1_87' title='bbox 1098 522 1107 536; x_wconf 88' lang='lat'><strong>,</strong></span> <span class='ocrx_word' id='word_1_88' title='bbox 1130 499 1179 528; x_wconf 81' lang='lat' dir='ltr'><strong>nisi</strong></span> 
     </span>
     <span class='ocr_line' id='line_1_21' title="bbox 126 535 1179 576; baseline 0.002 -11"><span class='ocrx_word' id='word_1_89' title='bbox 126 535 196 566; x_wconf 86' lang='lat' dir='ltr'><strong>infra</strong></span> <span class='ocrx_word' id='word_1_90' title='bbox 216 536 331 574; x_wconf 86' lang='lat' dir='ltr'><strong>spatium</strong></span> <span class='ocrx_word' id='word_1_91' title='bbox 355 538 438 567; x_wconf 88' lang='lat' dir='ltr'><strong>trium</strong></span> <span class='ocrx_word' id='word_1_92' title='bbox 459 538 595 567; x_wconf 81' lang='lat' dir='ltr'><strong>mensium</strong></span> <span class='ocrx_word' id='word_1_93' title='bbox 617 538 874 575; x_wconf 79' lang='lat' dir='ltr'><strong>computandorum</strong></span> <span class='ocrx_word' id='word_1_94' title='bbox 896 548 911 568; x_wconf 90' lang='lat' dir='ltr'><strong>a</strong></span> <span class='ocrx_word' id='word_1_95' title='bbox 929 539 975 568; x_wconf 88' lang='lat' dir='ltr'><strong>die</strong></span> <span class='ocrx_word' id='word_1_96' title='bbox 993 538 1126 576; x_wconf 77' lang='lat' dir='ltr'>recessus,</span> <span class='ocrx_word' id='word_1_97' title='bbox 1144 537 1179 568; x_wconf 89' lang='lat' dir='ltr'><strong>ad</strong></span> 
     </span>
     <span class='ocr_line' id='line_1_22' title="bbox 125 574 756 616; baseline 0.003 -12"><span class='ocrx_word' id='word_1_98' title='bbox 125 574 315 616; x_wconf 78' lang='lat' dir='ltr'><strong>obedientiam</strong></span> <span class='ocrx_word' id='word_1_99' title='bbox 330 576 362 606; x_wconf 67' lang='grc' dir='ltr'><strong>ὃς</strong></span> <span class='ocrx_word' id='word_1_100' title='bbox 377 575 535 606; x_wconf 86' lang='lat' dir='ltr'><strong>fidelitatem</strong></span> <span class='ocrx_word' id='word_1_101' title='bbox 551 576 632 614; x_wconf 79' lang='lat' dir='ltr'><strong>ipsius</strong></span> <span class='ocrx_word' id='word_1_102' title='bbox 647 577 756 606; x_wconf 72' lang='lat' dir='ltr'><strong>rediret.</strong></span> 
     </span>
    </p>

    <p class='ocr_par' dir='ltr' id='par_1_13' title="bbox 128 611 1183 985">
     <span class='ocr_line' id='line_1_23' title="bbox 166 611 1180 652; baseline 0.003 -11"><span class='ocrx_word' id='word_1_103' title='bbox 166 611 204 642; x_wconf 89' lang='lat' dir='ltr'><strong>Et</strong></span> <span class='ocrx_word' id='word_1_104' title='bbox 218 614 377 652; x_wconf 87' lang='lat' dir='ltr'><strong>sciendum,</strong></span> <span class='ocrx_word' id='word_1_105' title='bbox 396 614 471 651; x_wconf 89' lang='lat' dir='ltr'><strong>quod</strong></span> <span class='ocrx_word' id='word_1_106' title='bbox 486 623 585 644; x_wconf 87' lang='lat' dir='ltr'><strong>omnes</strong></span> <span class='ocrx_word' id='word_1_107' title='bbox 606 614 715 644; x_wconf 82' lang='lat' dir='ltr'><strong>Milites</strong></span> <span class='ocrx_word' id='word_1_108' title='bbox 733 614 880 644; x_wconf 86' lang='lat' dir='ltr'><strong>Armanac.</strong></span> <span class='ocrx_word' id='word_1_109' title='bbox 899 616 931 645; x_wconf 69' lang='grc' dir='ltr'><strong>ὃ(</strong></span> <span class='ocrx_word' id='word_1_110' title='bbox 947 614 1059 645; x_wconf 82' lang='lat' dir='ltr'><strong>Fesenc.</strong></span> <span class='ocrx_word' id='word_1_111' title='bbox 1071 615 1180 652; x_wconf 85' lang='lat' dir='ltr'><strong>jurave-</strong></span> 
     </span>
     <span class='ocr_line' id='line_1_24' title="bbox 129 652 1180 692; baseline 0.004 -13"><span class='ocrx_word' id='word_1_112' title='bbox 129 659 194 680; x_wconf 90' lang='lat' dir='ltr'><strong>runt</strong></span> <span class='ocrx_word' id='word_1_113' title='bbox 208 652 241 681; x_wconf 68' lang='grc' dir='ltr'><strong>δε</strong></span> <span class='ocrx_word' id='word_1_114' title='bbox 255 654 455 691; x_wconf 79' lang='lat' dir='ltr'><strong>promiserunt,</strong></span> <span class='ocrx_word' id='word_1_115' title='bbox 473 662 525 692; x_wconf 90' lang='lat' dir='ltr'><strong>pro</strong></span> <span class='ocrx_word' id='word_1_116' title='bbox 538 653 563 682; x_wconf 89' lang='lat' dir='ltr'><strong>se</strong></span> <span class='ocrx_word' id='word_1_117' title='bbox 576 675 585 690; x_wconf 88' lang='lat'><strong>,</strong></span> <span class='ocrx_word' id='word_1_118' title='bbox 608 654 641 683; x_wconf 61' lang='grc' dir='ltr'><strong>ὅς</strong></span> <span class='ocrx_word' id='word_1_119' title='bbox 662 652 830 690; x_wconf 73' lang='lat' dir='ltr'><strong>haeredibus,</strong></span> <span class='ocrx_word' id='word_1_120' title='bbox 850 654 882 683; x_wconf 63' lang='grc' dir='ltr'><strong>ὃς</strong></span> <span class='ocrx_word' id='word_1_121' title='bbox 896 653 1097 683; x_wconf 74' lang='lat' dir='ltr'><strong>successoribus</strong></span> <span class='ocrx_word' id='word_1_122' title='bbox 1112 653 1180 691; x_wconf 82' lang='lat' dir='ltr'><strong>suis,</strong></span> 
     </span>
     <span class='ocr_line' id='line_1_25' title="bbox 128 686 1180 731; baseline 0.004 -14"><span class='ocrx_word' id='word_1_123' title='bbox 128 686 261 731; x_wconf 77' lang='lat' dir='ltr'><strong>Domino</strong></span> <span class='ocrx_word' id='word_1_124' title='bbox 275 690 419 729; x_wconf 89' lang='lat' dir='ltr'><strong>Henrico,</strong></span> <span class='ocrx_word' id='word_1_125' title='bbox 437 700 487 730; x_wconf 84' lang='lat' dir='ltr'><strong>pro</strong></span> <span class='ocrx_word' id='word_1_126' title='bbox 504 690 530 720; x_wconf 93' lang='lat' dir='ltr'><strong>se</strong></span> <span class='ocrx_word' id='word_1_127' title='bbox 543 713 551 726; x_wconf 90' lang='lat'><strong>,</strong></span> <span class='ocrx_word' id='word_1_128' title='bbox 577 691 609 720; x_wconf 73' lang='grc' dir='ltr'><strong>δε</strong></span> <span class='ocrx_word' id='word_1_129' title='bbox 625 691 673 720; x_wconf 86' lang='lat' dir='ltr'><strong>suis</strong></span> <span class='ocrx_word' id='word_1_130' title='bbox 686 714 695 729; x_wconf 90' lang='lat'><strong>,</strong></span> <span class='ocrx_word' id='word_1_131' title='bbox 721 690 786 728; x_wconf 89' lang='lat' dir='ltr'><strong>post</strong></span> <span class='ocrx_word' id='word_1_132' title='bbox 805 691 896 730; x_wconf 83' lang='lat' dir='ltr'><strong>ipsum</strong></span> <span class='ocrx_word' id='word_1_133' title='bbox 909 714 918 730; x_wconf 88' lang='lat'><strong>,</strong></span> <span class='ocrx_word' id='word_1_134' title='bbox 942 692 1035 730; x_wconf 87' lang='lat' dir='ltr'><strong>quod,</strong></span> <span class='ocrx_word' id='word_1_135' title='bbox 1054 692 1072 721; x_wconf 83' lang='lat' dir='ltr'><strong>si</strong></span> <span class='ocrx_word' id='word_1_136' title='bbox 1090 691 1180 721; x_wconf 68' lang='lat' dir='ltr'><strong>dietus</strong></span> 
     </span>
     <span class='ocr_line' id='line_1_26' title="bbox 131 725 1181 766; baseline 0.003 -11"><span class='ocrx_word' id='word_1_137' title='bbox 131 725 262 758; x_wconf 85' lang='lat' dir='ltr'><strong>Giraldus</strong></span> <span class='ocrx_word' id='word_1_138' title='bbox 274 739 288 758; x_wconf 88' lang='lat' dir='ltr'><strong>a</strong></span> <span class='ocrx_word' id='word_1_139' title='bbox 304 728 433 759; x_wconf 82' lang='lat' dir='ltr'><strong>fidelitate</strong></span> <span class='ocrx_word' id='word_1_140' title='bbox 445 728 513 758; x_wconf 64' lang='lat' dir='ltr'><strong>dieti</strong></span> <span class='ocrx_word' id='word_1_141' title='bbox 521 728 642 758; x_wconf 88' lang='lat' dir='ltr'><strong>Domini</strong></span> <span class='ocrx_word' id='word_1_142' title='bbox 657 729 747 766; x_wconf 86' lang='lat' dir='ltr'><strong>Regis</strong></span> <span class='ocrx_word' id='word_1_143' title='bbox 761 729 917 766; x_wconf 79' lang='lat' dir='ltr'><strong>recederet,</strong></span> <span class='ocrx_word' id='word_1_144' title='bbox 935 730 1021 760; x_wconf 78' lang='lat' dir='ltr'><strong>effent</strong></span> <span class='ocrx_word' id='word_1_145' title='bbox 1036 730 1181 760; x_wconf 89' lang='lat' dir='ltr'><strong>intenden-</strong></span> 
     </span>
     <span class='ocr_line' id='line_1_27' title="bbox 130 765 1181 806; baseline 0.003 -12"><span class='ocrx_word' id='word_1_146' title='bbox 130 772 170 794; x_wconf 83' lang='lat' dir='ltr'><strong>tes</strong></span> <span class='ocrx_word' id='word_1_147' title='bbox 184 765 261 796; x_wconf 58' lang='lat' dir='ltr'><strong>dieto</strong></span> <span class='ocrx_word' id='word_1_148' title='bbox 276 767 407 796; x_wconf 89' lang='lat' dir='ltr'><strong>Domino</strong></span> <span class='ocrx_word' id='word_1_149' title='bbox 422 767 510 806; x_wconf 85' lang='lat' dir='ltr'><strong>Regi,</strong></span> <span class='ocrx_word' id='word_1_150' title='bbox 530 767 579 797; x_wconf 87' lang='lat' dir='ltr'><strong>nisi</strong></span> <span class='ocrx_word' id='word_1_151' title='bbox 596 767 686 797; x_wconf 65' lang='lat' dir='ltr'><strong>dietus</strong></span> <span class='ocrx_word' id='word_1_152' title='bbox 699 768 829 798; x_wconf 80' lang='lat' dir='ltr'><strong>Giraldus</strong></span> <span class='ocrx_word' id='word_1_153' title='bbox 842 768 877 798; x_wconf 87' lang='lat' dir='ltr'><strong>ad</strong></span> <span class='ocrx_word' id='word_1_154' title='bbox 892 768 1082 798; x_wconf 80' lang='lat' dir='ltr'><strong>obedientiam</strong></span> <span class='ocrx_word' id='word_1_155' title='bbox 1097 769 1131 798; x_wconf 69' lang='grc' dir='ltr'><strong>ὃς</strong></span> <span class='ocrx_word' id='word_1_156' title='bbox 1149 767 1181 797; x_wconf 81' lang='lat' dir='ltr'><strong>fi-</strong></span> 
     </span>
     <span class='ocr_line' id='line_1_28' title="bbox 129 803 1181 844; baseline 0.001 -11"><span class='ocrx_word' id='word_1_157' title='bbox 129 803 272 834; x_wconf 85' lang='lat' dir='ltr'><strong>delitatem</strong></span> <span class='ocrx_word' id='word_1_158' title='bbox 286 805 354 834; x_wconf 68' lang='lat' dir='ltr'><strong>dieti</strong></span> <span class='ocrx_word' id='word_1_159' title='bbox 370 805 489 835; x_wconf 80' lang='lat' dir='ltr'>Domini</span> <span class='ocrx_word' id='word_1_160' title='bbox 507 804 592 844; x_wconf 87' lang='lat' dir='ltr'><strong>Regis</strong></span> <span class='ocrx_word' id='word_1_161' title='bbox 601 829 609 843; x_wconf 89' lang='lat'><strong>,</strong></span> <span class='ocrx_word' id='word_1_162' title='bbox 628 805 697 836; x_wconf 85' lang='lat' dir='ltr'><strong>infra</strong></span> <span class='ocrx_word' id='word_1_163' title='bbox 709 807 861 836; x_wconf 91' lang='lat' dir='ltr'><strong>terminum</strong></span> <span class='ocrx_word' id='word_1_164' title='bbox 872 806 988 843; x_wconf 85' lang='lat' dir='ltr'><strong>superius</strong></span> <span class='ocrx_word' id='word_1_165' title='bbox 1002 807 1181 836; x_wconf 85' lang='lat' dir='ltr'><strong>nominatum</strong></span> 
     </span>
     <span class='ocr_line' id='line_1_29' title="bbox 131 842 1182 883; baseline 0.001 -11"><span class='ocrx_word' id='word_1_166' title='bbox 131 842 237 880; x_wconf 72' lang='lat' dir='ltr'><strong>redeat,</strong></span> <span class='ocrx_word' id='word_1_167' title='bbox 256 843 289 873; x_wconf 87' lang='lat'>&amp;</span> <span class='ocrx_word' id='word_1_168' title='bbox 304 843 383 881; x_wconf 84' lang='lat' dir='ltr'><strong>super</strong></span> <span class='ocrx_word' id='word_1_169' title='bbox 396 843 452 873; x_wconf 89' lang='lat' dir='ltr'><strong>hoc</strong></span> <span class='ocrx_word' id='word_1_170' title='bbox 469 844 592 883; x_wconf 62' lang='lat' dir='ltr'><strong>praedicli</strong></span> <span class='ocrx_word' id='word_1_171' title='bbox 614 843 720 874; x_wconf 84' lang='lat' dir='ltr'><strong>Milites</strong></span> <span class='ocrx_word' id='word_1_172' title='bbox 734 844 868 874; x_wconf 87' lang='lat' dir='ltr'><strong>dederunt</strong></span> <span class='ocrx_word' id='word_1_173' title='bbox 886 845 972 874; x_wconf 79' lang='lat' dir='ltr'><strong>literas</strong></span> <span class='ocrx_word' id='word_1_174' title='bbox 988 844 1044 874; x_wconf 84' lang='lat' dir='ltr'><strong>suas</strong></span> <span class='ocrx_word' id='word_1_175' title='bbox 1058 852 1182 881; x_wconf 84' lang='lat' dir='ltr'><strong>patentes</strong></span> 
     </span>
     <span class='ocr_line' id='line_1_30' title="bbox 128 880 1182 923; baseline 0.001 -14"><span class='ocrx_word' id='word_1_176' title='bbox 128 880 209 909; x_wconf 71' lang='lat' dir='ltr'><strong>dieto</strong></span> <span class='ocrx_word' id='word_1_177' title='bbox 230 880 364 911; x_wconf 88' lang='lat' dir='ltr'><strong>Domino</strong></span> <span class='ocrx_word' id='word_1_178' title='bbox 385 881 457 921; x_wconf 82' lang='lat' dir='ltr'><strong>Regi</strong></span> <span class='ocrx_word' id='word_1_179' title='bbox 473 905 483 920; x_wconf 89' lang='lat'><strong>,</strong></span> <span class='ocrx_word' id='word_1_180' title='bbox 508 882 629 921; x_wconf 83' lang='lat' dir='ltr'><strong>sigillatas</strong></span> <span class='ocrx_word' id='word_1_181' title='bbox 641 883 726 921; x_wconf 82' lang='lat' dir='ltr'><strong>sigillo</strong></span> <span class='ocrx_word' id='word_1_182' title='bbox 746 883 818 920; x_wconf 74' lang='lat' dir='ltr'><strong>suo,</strong></span> <span class='ocrx_word' id='word_1_183' title='bbox 844 884 895 921; x_wconf 73' lang='grc' dir='ltr'><strong>δε,</strong></span> <span class='ocrx_word' id='word_1_184' title='bbox 914 885 961 923; x_wconf 89' lang='lat' dir='ltr'><strong>qui</strong></span> <span class='ocrx_word' id='word_1_185' title='bbox 983 883 1102 919; x_wconf 84' lang='lat' dir='ltr'><strong>sigillum</strong></span> <span class='ocrx_word' id='word_1_186' title='bbox 1122 891 1182 911; x_wconf 90' lang='lat' dir='ltr'><strong>non</strong></span> 
     </span>
     <span class='ocr_line' id='line_1_31' title="bbox 128 917 1183 985; baseline 0.002 -38"><span class='ocrx_word' id='word_1_187' title='bbox 128 917 272 985; x_wconf 51' lang='lat' dir='ltr'><strong>{liabebant</strong></span> <span class='ocrx_word' id='word_1_188' title='bbox 285 942 295 956; x_wconf 86' lang='lat'><strong>,</strong></span> <span class='ocrx_word' id='word_1_189' title='bbox 319 919 453 951; x_wconf 86' lang='lat' dir='ltr'><strong>dederunt</strong></span> <span class='ocrx_word' id='word_1_190' title='bbox 477 930 582 951; x_wconf 87' lang='lat' dir='ltr'><strong>cartam</strong></span> <span class='ocrx_word' id='word_1_191' title='bbox 608 921 685 951; x_wconf 87' lang='lat' dir='ltr'><strong>suam</strong></span> <span class='ocrx_word' id='word_1_192' title='bbox 711 921 839 961; x_wconf 79' lang='lat' dir='ltr'><strong>scriptam</strong></span> <span class='ocrx_word' id='word_1_193' title='bbox 866 931 914 961; x_wconf 86' lang='lat' dir='ltr'><strong>per</strong></span> <span class='ocrx_word' id='word_1_194' title='bbox 938 930 1055 951; x_wconf 89' lang='lat' dir='ltr'><strong>manum</strong></span> <span class='ocrx_word' id='word_1_195' title='bbox 1077 919 1183 950; x_wconf 87' lang='lat' dir='ltr'><strong>Tabel-</strong></span> 
     </span>
    </p>

    <p class='ocr_par' dir='ltr' id='par_1_14' title="bbox 148 966 226 994">
     <span class='ocr_line' id='line_1_32' title="bbox 148 966 226 994; baseline 0.013 -9"><span class='ocrx_word' id='word_1_196' title='bbox 148 966 226 994; x_wconf 84' lang='lat' dir='ltr'><strong>onis;</strong></span> 
     </span>
    </p>

    <p class='ocr_par' dir='ltr' id='par_1_15' title="bbox 131 994 1183 1075">
     <span class='ocr_line' id='line_1_33' title="bbox 169 994 1183 1038; baseline 0 -13"><span class='ocrx_word' id='word_1_197' title='bbox 169 994 287 1038; x_wconf 26' lang='lat' dir='ltr'><strong>Et‘hoc</strong></span> <span class='ocrx_word' id='word_1_198' title='bbox 306 996 380 1026; x_wconf 89' lang='lat' dir='ltr'><strong>idem</strong></span> <span class='ocrx_word' id='word_1_199' title='bbox 394 998 496 1036; x_wconf 84' lang='lat' dir='ltr'><strong>juravit</strong></span> <span class='ocrx_word' id='word_1_200' title='bbox 518 997 716 1028; x_wconf 83' lang='lat' dir='ltr'><strong>Communitas</strong></span> <span class='ocrx_word' id='word_1_201' title='bbox 735 998 771 1028; x_wconf 90' lang='lat' dir='ltr'><strong>de</strong></span> <span class='ocrx_word' id='word_1_202' title='bbox 790 998 942 1036; x_wconf 88' lang='lat' dir='ltr'><strong>Nogerall.</strong></span> <span class='ocrx_word' id='word_1_203' title='bbox 961 998 995 1029; x_wconf 91' lang='lat'>&amp;</span> <span class='ocrx_word' id='word_1_204' title='bbox 1010 996 1088 1026; x_wconf 85' lang='lat' dir='ltr'><strong>dedit</strong></span> <span class='ocrx_word' id='word_1_205' title='bbox 1104 995 1183 1034; x_wconf 87' lang='lat' dir='ltr'><strong>super</strong></span> 
     </span>
     <span class='ocr_line' id='line_1_34' title="bbox 131 1032 808 1075; baseline 0.007 -13"><span class='ocrx_word' id='word_1_206' title='bbox 131 1032 188 1063; x_wconf 90' lang='lat' dir='ltr'><strong>hoc</strong></span> <span class='ocrx_word' id='word_1_207' title='bbox 203 1033 303 1064; x_wconf 79' lang='lat' dir='ltr'><strong>litteras</strong></span> <span class='ocrx_word' id='word_1_208' title='bbox 316 1034 389 1073; x_wconf 88' lang='lat' dir='ltr'><strong>suas,</strong></span> <span class='ocrx_word' id='word_1_209' title='bbox 407 1036 528 1075; x_wconf 83' lang='lat' dir='ltr'><strong>sigillatas</strong></span> <span class='ocrx_word' id='word_1_210' title='bbox 542 1037 632 1073; x_wconf 84' lang='lat' dir='ltr'><strong>sigillo</strong></span> <span class='ocrx_word' id='word_1_211' title='bbox 648 1038 808 1067; x_wconf 82' lang='lat' dir='ltr'><strong>communi.</strong></span> 
     </span>
    </p>

    <p class='ocr_par' dir='ltr' id='par_1_16' title="bbox 133 1070 1184 1153">
     <span class='ocr_line' id='line_1_35' title="bbox 170 1070 1184 1116; baseline 0.002 -15"><span class='ocrx_word' id='word_1_212' title='bbox 170 1070 241 1101; x_wconf 90' lang='lat' dir='ltr'><strong>Hoc</strong></span> <span class='ocrx_word' id='word_1_213' title='bbox 256 1072 329 1116; x_wconf 81' lang='lat' dir='ltr'><strong>idem</strong></span> <span class='ocrx_word' id='word_1_214' title='bbox 344 1074 469 1105; x_wconf 83' lang='lat' dir='ltr'><strong>fecerunt</strong></span> <span class='ocrx_word' id='word_1_215' title='bbox 483 1076 610 1105; x_wconf 86' lang='lat' dir='ltr'><strong>homines</strong></span> <span class='ocrx_word' id='word_1_216' title='bbox 620 1075 746 1105; x_wconf 79' lang='lat' dir='ltr'><strong>Auxitan.</strong></span> <span class='ocrx_word' id='word_1_217' title='bbox 761 1078 793 1107; x_wconf 66' lang='grc' dir='ltr'><strong>ὃς</strong></span> <span class='ocrx_word' id='word_1_218' title='bbox 807 1075 844 1105; x_wconf 90' lang='lat' dir='ltr'><strong>illi</strong></span> <span class='ocrx_word' id='word_1_219' title='bbox 856 1075 893 1105; x_wconf 89' lang='lat' dir='ltr'><strong>de</strong></span> <span class='ocrx_word' id='word_1_220' title='bbox 904 1074 989 1114; x_wconf 89' lang='lat' dir='ltr'><strong>Elya,</strong></span> <span class='ocrx_word' id='word_1_221' title='bbox 1008 1074 1041 1104; x_wconf 89' lang='lat'>&amp;</span> <span class='ocrx_word' id='word_1_222' title='bbox 1055 1073 1184 1111; x_wconf 89' lang='lat' dir='ltr'><strong>Aubiek,</strong></span> 
     </span>
     <span class='ocr_line' id='line_1_36' title="bbox 133 1109 1158 1153; baseline 0.001 -14"><span class='ocrx_word' id='word_1_223' title='bbox 133 1109 167 1140; x_wconf 89' lang='lat'>&amp;</span> <span class='ocrx_word' id='word_1_224' title='bbox 179 1109 214 1140; x_wconf 91' lang='lat' dir='ltr'><strong>de</strong></span> <span class='ocrx_word' id='word_1_225' title='bbox 226 1110 344 1150; x_wconf 80' lang='lat' dir='ltr'><strong>Giguir,</strong></span> <span class='ocrx_word' id='word_1_226' title='bbox 363 1114 396 1143; x_wconf 74' lang='grc' dir='ltr'><strong>δε</strong></span> <span class='ocrx_word' id='word_1_227' title='bbox 412 1114 447 1143; x_wconf 93' lang='lat' dir='ltr'><strong>de</strong></span> <span class='ocrx_word' id='word_1_228' title='bbox 464 1113 520 1143; x_wconf 82' lang='lat' dir='ltr'><strong>ssik.</strong></span> <span class='ocrx_word' id='word_1_229' title='bbox 537 1115 569 1145; x_wconf 67' lang='grc' dir='ltr'><strong>δε</strong></span> <span class='ocrx_word' id='word_1_230' title='bbox 582 1114 617 1143; x_wconf 92' lang='lat' dir='ltr'><strong>de</strong></span> <span class='ocrx_word' id='word_1_231' title='bbox 632 1114 763 1153; x_wconf 75' lang='lat' dir='ltr'><strong>Avnarg,</strong></span> <span class='ocrx_word' id='word_1_232' title='bbox 782 1115 815 1144; x_wconf 61' lang='grc' dir='ltr'><strong>ὃς</strong></span> <span class='ocrx_word' id='word_1_233' title='bbox 830 1114 865 1143; x_wconf 93' lang='lat' dir='ltr'><strong>de</strong></span> <span class='ocrx_word' id='word_1_234' title='bbox 881 1113 984 1151; x_wconf 87' lang='lat' dir='ltr'><strong>Spans,</strong></span> <span class='ocrx_word' id='word_1_235' title='bbox 1002 1114 1036 1143; x_wconf 88' lang='lat'>&amp;</span> <span class='ocrx_word' id='word_1_236' title='bbox 1050 1112 1085 1141; x_wconf 93' lang='lat' dir='ltr'><strong>de</strong></span> <span class='ocrx_word' id='word_1_237' title='bbox 1098 1111 1158 1141; x_wconf 86' lang='lat' dir='ltr'><strong>Bic.</strong></span> 
     </span>
    </p>

    <p class='ocr_par' dir='ltr' id='par_1_17' title="bbox 130 1145 1186 1255">
     <span class='ocr_line' id='line_1_37' title="bbox 155 1145 1185 1192; baseline 0 -14"><span class='ocrx_word' id='word_1_238' title='bbox 155 1148 206 1192; x_wconf 33' lang='lat' dir='ltr'><strong>’Et</strong></span> <span class='ocrx_word' id='word_1_239' title='bbox 221 1149 363 1180; x_wconf 86' lang='lat' dir='ltr'><strong>sciendum</strong></span> <span class='ocrx_word' id='word_1_240' title='bbox 377 1153 453 1190; x_wconf 89' lang='lat' dir='ltr'><strong>quod</strong></span> <span class='ocrx_word' id='word_1_241' title='bbox 468 1163 566 1183; x_wconf 86' lang='lat' dir='ltr'><strong>omnes</strong></span> <span class='ocrx_word' id='word_1_242' title='bbox 587 1145 718 1190; x_wconf 77' lang='lat' dir='ltr'><strong>proximo</strong></span> <span class='ocrx_word' id='word_1_243' title='bbox 732 1150 888 1189; x_wconf 84' lang='lat' dir='ltr'><strong>nominati,</strong></span> <span class='ocrx_word' id='word_1_244' title='bbox 907 1160 1027 1189; x_wconf 87' lang='lat' dir='ltr'><strong>quorum</strong></span> <span class='ocrx_word' id='word_1_245' title='bbox 1041 1148 1185 1179; x_wconf 90' lang='lat' dir='ltr'><strong>Commu-</strong></span> 
     </span>
     <span class='ocr_line' id='line_1_38' title="bbox 130 1187 1186 1254; baseline 0 -37"><span class='ocrx_word' id='word_1_246' title='bbox 130 1196 202 1254; x_wconf 64' lang='lat' dir='ltr'><strong>lquas</strong></span> <span class='ocrx_word' id='word_1_247' title='bbox 221 1198 280 1218; x_wconf 89' lang='lat' dir='ltr'><strong>non</strong></span> <span class='ocrx_word' id='word_1_248' title='bbox 300 1189 417 1221; x_wconf 81' lang='lat' dir='ltr'><strong>habebat</strong></span> <span class='ocrx_word' id='word_1_249' title='bbox 439 1191 554 1230; x_wconf 80' lang='lat' dir='ltr'><strong>sigillum</strong></span> <span class='ocrx_word' id='word_1_250' title='bbox 570 1213 580 1229; x_wconf 85' lang='lat'><strong>,</strong></span> <span class='ocrx_word' id='word_1_251' title='bbox 607 1190 742 1220; x_wconf 85' lang='lat' dir='ltr'><strong>dederunt</strong></span> <span class='ocrx_word' id='word_1_252' title='bbox 761 1191 839 1228; x_wconf 88' lang='lat' dir='ltr'><strong>super</strong></span> <span class='ocrx_word' id='word_1_253' title='bbox 860 1190 917 1220; x_wconf 91' lang='lat' dir='ltr'><strong>hoc</strong></span> <span class='ocrx_word' id='word_1_254' title='bbox 943 1188 1061 1219; x_wconf 82' lang='lat' dir='ltr'><strong>Cartam</strong></span> <span class='ocrx_word' id='word_1_255' title='bbox 1080 1187 1186 1218; x_wconf 85' lang='lat' dir='ltr'><strong>Tabel-</strong></span> 
     </span>
     <span class='ocr_line' id='line_1_39' title="bbox 152 1236 222 1255; baseline -0.014 0"><span class='ocrx_word' id='word_1_256' title='bbox 152 1236 222 1255; x_wconf 83' lang='lat' dir='ltr'><strong>onis.</strong></span> 
     </span>
    </p>

    <p class='ocr_par' dir='ltr' id='par_1_18' title="bbox 133 1263 1191 1525">
     <span class='ocr_line' id='line_1_40' title="bbox 170 1263 1187 1304; baseline -0.001 -10"><span class='ocrx_word' id='word_1_257' title='bbox 170 1263 274 1295; x_wconf 68' lang='lat' dir='ltr'><strong>Dictus</strong></span> <span class='ocrx_word' id='word_1_258' title='bbox 286 1276 356 1296; x_wconf 89' lang='lat' dir='ltr'><strong>vero</strong></span> <span class='ocrx_word' id='word_1_259' title='bbox 370 1266 435 1296; x_wconf 89' lang='lat' dir='ltr'><strong>Rex</strong></span> <span class='ocrx_word' id='word_1_260' title='bbox 450 1275 526 1297; x_wconf 86' lang='lat' dir='ltr'><strong>tenet</strong></span> <span class='ocrx_word' id='word_1_261' title='bbox 540 1268 566 1298; x_wconf 86' lang='lat' dir='ltr'><strong>le</strong></span> <span class='ocrx_word' id='word_1_262' title='bbox 579 1265 738 1303; x_wconf 85' lang='lat' dir='ltr'><strong>Capcosted</strong></span> <span class='ocrx_word' id='word_1_263' title='bbox 752 1288 762 1304; x_wconf 90' lang='lat'><strong>,</strong></span> <span class='ocrx_word' id='word_1_264' title='bbox 785 1275 854 1295; x_wconf 90' lang='lat' dir='ltr'><strong>cum</strong></span> <span class='ocrx_word' id='word_1_265' title='bbox 873 1274 933 1296; x_wconf 86' lang='lat' dir='ltr'><strong>tota</strong></span> <span class='ocrx_word' id='word_1_266' title='bbox 947 1264 1011 1295; x_wconf 83' lang='lat' dir='ltr'><strong>villa</strong></span> <span class='ocrx_word' id='word_1_267' title='bbox 1030 1264 1066 1294; x_wconf 92' lang='lat' dir='ltr'><strong>de</strong></span> <span class='ocrx_word' id='word_1_268' title='bbox 1081 1263 1187 1294; x_wconf 84' lang='lat' dir='ltr'><strong>Laver-</strong></span> 
     </span>
     <span class='ocr_line' id='line_1_41' title="bbox 135 1302 1188 1345; baseline 0 -14"><span class='ocrx_word' id='word_1_269' title='bbox 135 1302 218 1343; x_wconf 88' lang='lat' dir='ltr'><strong>ding,</strong></span> <span class='ocrx_word' id='word_1_270' title='bbox 237 1304 321 1342; x_wconf 83' lang='lat' dir='ltr'><strong>usque</strong></span> <span class='ocrx_word' id='word_1_271' title='bbox 333 1304 365 1334; x_wconf 77' lang='lat' dir='ltr'><strong>ad</strong></span> <span class='ocrx_word' id='word_1_272' title='bbox 378 1306 615 1345; x_wconf 68' lang='lat' dir='ltr'><strong>quinquennium,</strong></span> <span class='ocrx_word' id='word_1_273' title='bbox 638 1315 652 1334; x_wconf 90' lang='lat' dir='ltr'><strong>a</strong></span> <span class='ocrx_word' id='word_1_274' title='bbox 666 1306 710 1334; x_wconf 89' lang='lat' dir='ltr'><strong>die</strong></span> <span class='ocrx_word' id='word_1_275' title='bbox 725 1304 791 1333; x_wconf 55' lang='lat' dir='ltr'><strong>facli</strong></span> <span class='ocrx_word' id='word_1_276' title='bbox 806 1305 933 1340; x_wconf 78' lang='lat' dir='ltr'><strong>homagii</strong></span> <span class='ocrx_word' id='word_1_277' title='bbox 948 1302 1188 1342; x_wconf 86' lang='lat' dir='ltr'><strong>computandum,</strong></span> 
     </span>
     <span class='ocr_line' id='line_1_42' title="bbox 134 1340 1189 1383; baseline 0 -13"><span class='ocrx_word' id='word_1_278' title='bbox 134 1341 167 1371; x_wconf 84' lang='lat' dir='ltr'><strong>ad</strong></span> <span class='ocrx_word' id='word_1_279' title='bbox 182 1343 307 1380; x_wconf 79' lang='lat' dir='ltr'><strong>expensas</strong></span> <span class='ocrx_word' id='word_1_280' title='bbox 319 1345 458 1383; x_wconf 68' lang='lat' dir='ltr'><strong>proprias,</strong></span> <span class='ocrx_word' id='word_1_281' title='bbox 475 1353 533 1382; x_wconf 91' lang='lat' dir='ltr'><strong>quo</strong></span> <span class='ocrx_word' id='word_1_282' title='bbox 550 1343 689 1380; x_wconf 89' lang='lat' dir='ltr'><strong>termino,</strong></span> <span class='ocrx_word' id='word_1_283' title='bbox 705 1342 763 1381; x_wconf 91' lang='lat' dir='ltr'><strong>ipso</strong></span> <span class='ocrx_word' id='word_1_284' title='bbox 777 1341 897 1371; x_wconf 71' lang='lat' dir='ltr'><strong>Giraldo</strong></span> <span class='ocrx_word' id='word_1_285' title='bbox 912 1341 1000 1371; x_wconf 87' lang='lat' dir='ltr'><strong>stante</strong></span> <span class='ocrx_word' id='word_1_286' title='bbox 1014 1342 1042 1370; x_wconf 89' lang='lat' dir='ltr'><strong>in</strong></span> <span class='ocrx_word' id='word_1_287' title='bbox 1058 1340 1189 1370; x_wconf 77' lang='lat' dir='ltr'><strong>fidelitate</strong></span> 
     </span>
     <span class='ocr_line' id='line_1_43' title="bbox 135 1378 1190 1419; baseline -0.001 -10"><span class='ocrx_word' id='word_1_288' title='bbox 135 1378 260 1410; x_wconf 85' lang='lat' dir='ltr'><strong>Domini</strong></span> <span class='ocrx_word' id='word_1_289' title='bbox 277 1381 381 1419; x_wconf 82' lang='lat' dir='ltr'><strong>Regis,</strong></span> <span class='ocrx_word' id='word_1_290' title='bbox 399 1381 487 1411; x_wconf 69' lang='lat' dir='ltr'><strong>dictus</strong></span> <span class='ocrx_word' id='word_1_291' title='bbox 500 1381 643 1411; x_wconf 85' lang='lat' dir='ltr'><strong>Dominus</strong></span> <span class='ocrx_word' id='word_1_292' title='bbox 663 1381 729 1410; x_wconf 85' lang='lat' dir='ltr'><strong>Rex</strong></span> <span class='ocrx_word' id='word_1_293' title='bbox 745 1379 830 1410; x_wconf 85' lang='lat' dir='ltr'><strong>debet</strong></span> <span class='ocrx_word' id='word_1_294' title='bbox 848 1379 962 1409; x_wconf 82' lang='lat' dir='ltr'><strong>reddere</strong></span> <span class='ocrx_word' id='word_1_295' title='bbox 980 1379 1066 1417; x_wconf 78' lang='lat' dir='ltr'><strong>ipsam</strong></span> <span class='ocrx_word' id='word_1_296' title='bbox 1085 1378 1190 1409; x_wconf 88' lang='lat' dir='ltr'><strong>fortali—</strong></span> 
     </span>
     <span class='ocr_line' id='line_1_44' title="bbox 133 1417 1191 1457; baseline -0.001 -10"><span class='ocrx_word' id='word_1_297' title='bbox 133 1419 225 1456; x_wconf 84' lang='lat' dir='ltr'><strong>ciam,</strong></span> <span class='ocrx_word' id='word_1_298' title='bbox 244 1420 298 1449; x_wconf 86' lang='lat' dir='ltr'><strong>sive</strong></span> <span class='ocrx_word' id='word_1_299' title='bbox 310 1420 335 1448; x_wconf 91' lang='lat' dir='ltr'><strong>le</strong></span> <span class='ocrx_word' id='word_1_300' title='bbox 350 1418 529 1457; x_wconf 85' lang='lat' dir='ltr'><strong>Capcosted,</strong></span> <span class='ocrx_word' id='word_1_301' title='bbox 547 1429 614 1449; x_wconf 90' lang='lat' dir='ltr'><strong>cum</strong></span> <span class='ocrx_word' id='word_1_302' title='bbox 628 1419 706 1457; x_wconf 86' lang='lat' dir='ltr'><strong>villa,</strong></span> <span class='ocrx_word' id='word_1_303' title='bbox 725 1428 785 1449; x_wconf 87' lang='lat' dir='ltr'><strong>non</strong></span> <span class='ocrx_word' id='word_1_304' title='bbox 796 1418 987 1449; x_wconf 76' lang='lat' dir='ltr'><strong>deterioratam</strong></span> <span class='ocrx_word' id='word_1_305' title='bbox 1001 1418 1080 1448; x_wconf 66' lang='lat' dir='ltr'><strong>dicto</strong></span> <span class='ocrx_word' id='word_1_306' title='bbox 1095 1417 1191 1447; x_wconf 87' lang='lat' dir='ltr'><strong>Giral-</strong></span> 
     </span>
     <span class='ocr_line' id='line_1_45' title="bbox 134 1455 1190 1525; baseline -0.001 -39"><span class='ocrx_word' id='word_1_307' title='bbox 134 1456 190 1524; x_wconf 47' lang='grc' dir='ltr'><strong>(ἆορ,</strong></span> <span class='ocrx_word' id='word_1_308' title='bbox 208 1467 267 1525; x_wconf 88' lang='lat' dir='ltr'><strong>necl</strong></span> <span class='ocrx_word' id='word_1_309' title='bbox 279 1458 319 1487; x_wconf 86' lang='lat' dir='ltr'><strong>irn</strong></span> <span class='ocrx_word' id='word_1_310' title='bbox 341 1458 427 1525; x_wconf 61' lang='lat' dir='ltr'><strong>utalibit</strong></span> <span class='ocrx_word' id='word_1_311' title='bbox 442 1458 461 1487; x_wconf 85' lang='lat' dir='ltr'><strong>si</strong></span> <span class='ocrx_word' id='word_1_312' title='bbox 476 1467 542 1495; x_wconf 87' lang='lat' dir='ltr'><strong>quas</strong></span> <span class='ocrx_word' id='word_1_313' title='bbox 565 1457 772 1488; x_wconf 74' lang='lat' dir='ltr'><strong>meliorationes</strong></span> <span class='ocrx_word' id='word_1_314' title='bbox 787 1457 885 1488; x_wconf 87' lang='lat' dir='ltr'><strong>fecerit</strong></span> <span class='ocrx_word' id='word_1_315' title='bbox 904 1456 1006 1496; x_wconf 77' lang='lat' dir='ltr'><strong>inipso</strong></span> <span class='ocrx_word' id='word_1_316' title='bbox 1026 1457 1117 1496; x_wconf 80' lang='lat' dir='ltr'><strong>capite</strong></span> <span class='ocrx_word' id='word_1_317' title='bbox 1132 1455 1190 1486; x_wconf 90' lang='lat' dir='ltr'><strong>Ca-</strong></span> 
     </span>
    </p>

    <p class='ocr_par' dir='ltr' id='par_1_19' title="bbox 161 1496 407 1526">
     <span class='ocr_line' id='line_1_46' title="bbox 161 1496 407 1526; baseline 0.004 -3"><span class='ocrx_word' id='word_1_318' title='bbox 161 1504 184 1524; x_wconf 81' lang='lat' dir='ltr'><strong>ri</strong></span> <span class='ocrx_word' id='word_1_319' title='bbox 223 1505 258 1524; x_wconf 89' lang='lat' dir='ltr'><strong>ve</strong></span> <span class='ocrx_word' id='word_1_320' title='bbox 281 1496 311 1525; x_wconf 89' lang='lat' dir='ltr'><strong>in</strong></span> <span class='ocrx_word' id='word_1_321' title='bbox 355 1497 373 1526; x_wconf 90' lang='lat' dir='ltr'><strong>il</strong></span> <span class='ocrx_word' id='word_1_322' title='bbox 384 1506 407 1526; x_wconf 86' lang='lat' dir='ltr'><strong>a.</strong></span> 
     </span>
    </p>

    <p class='ocr_par' dir='ltr' id='par_1_20' title="bbox 135 1516 1192 1728">
     <span class='ocr_line' id='line_1_47' title="bbox 172 1516 1190 1572; baseline 0 -9"><span class='ocrx_word' id='word_1_323' title='bbox 172 1516 209 1562; x_wconf 63' lang='lat' dir='ltr'><strong>E&#39;t</strong></span> <span class='ocrx_word' id='word_1_324' title='bbox 224 1534 368 1564; x_wconf 88' lang='lat' dir='ltr'><strong>sciendum</strong></span> <span class='ocrx_word' id='word_1_325' title='bbox 383 1533 460 1572; x_wconf 89' lang='lat' dir='ltr'><strong>quod</strong></span> <span class='ocrx_word' id='word_1_326' title='bbox 479 1534 623 1565; x_wconf 88' lang='lat' dir='ltr'><strong>Dominus</strong></span> <span class='ocrx_word' id='word_1_327' title='bbox 636 1534 700 1565; x_wconf 88' lang='lat' dir='ltr'><strong>Rex</strong></span> <span class='ocrx_word' id='word_1_328' title='bbox 715 1533 840 1572; x_wconf 82' lang='lat' dir='ltr'><strong>promisit</strong></span> <span class='ocrx_word' id='word_1_329' title='bbox 853 1532 931 1564; x_wconf 64' lang='lat' dir='ltr'><strong>dicto</strong></span> <span class='ocrx_word' id='word_1_330' title='bbox 947 1532 1066 1563; x_wconf 87' lang='lat' dir='ltr'><strong>Giraldo</strong></span> <span class='ocrx_word' id='word_1_331' title='bbox 1079 1556 1089 1571; x_wconf 87' lang='lat'>‚</span> <span class='ocrx_word' id='word_1_332' title='bbox 1112 1533 1190 1572; x_wconf 89' lang='lat' dir='ltr'><strong>quod</strong></span> 
     </span>
     <span class='ocr_line' id='line_1_48' title="bbox 135 1571 1189 1613; baseline 0.001 -13"><span class='ocrx_word' id='word_1_333' title='bbox 135 1571 225 1609; x_wconf 88' lang='lat' dir='ltr'><strong>ipsum</strong></span> <span class='ocrx_word' id='word_1_334' title='bbox 240 1573 345 1608; x_wconf 87' lang='lat' dir='ltr'><strong>juvabit</strong></span> <span class='ocrx_word' id='word_1_335' title='bbox 360 1574 393 1603; x_wconf 69' lang='grc' dir='ltr'><strong>ὅ(</strong></span> <span class='ocrx_word' id='word_1_336' title='bbox 413 1573 566 1613; x_wconf 82' lang='lat' dir='ltr'><strong>defendet,</strong></span> <span class='ocrx_word' id='word_1_337' title='bbox 590 1583 719 1613; x_wconf 86' lang='lat' dir='ltr'><strong>tanquam</strong></span> <span class='ocrx_word' id='word_1_338' title='bbox 740 1573 890 1602; x_wconf 89' lang='lat' dir='ltr'><strong>hominem</strong></span> <span class='ocrx_word' id='word_1_339' title='bbox 911 1571 992 1602; x_wconf 86' lang='lat' dir='ltr'><strong>suum</strong></span> <span class='ocrx_word' id='word_1_340' title='bbox 1015 1571 1113 1610; x_wconf 88' lang='lat' dir='ltr'><strong>ligium</strong></span> <span class='ocrx_word' id='word_1_341' title='bbox 1125 1595 1135 1609; x_wconf 96' lang='lat'><strong>,</strong></span> <span class='ocrx_word' id='word_1_342' title='bbox 1160 1572 1189 1601; x_wconf 88' lang='lat' dir='ltr'><strong>in</strong></span> 
     </span>
     <span class='ocr_line' id='line_1_49' title="bbox 136 1609 1192 1650; baseline 0.002 -11"><span class='ocrx_word' id='word_1_343' title='bbox 136 1609 276 1647; x_wconf 56' lang='lat' dir='ltr'><strong>praediolis</strong></span> <span class='ocrx_word' id='word_1_344' title='bbox 290 1610 498 1650; x_wconf 87' lang='lat' dir='ltr'><strong>Comitatibus,</strong></span> <span class='ocrx_word' id='word_1_345' title='bbox 515 1613 548 1644; x_wconf 72' lang='grc' dir='ltr'><strong>δε</strong></span> <span class='ocrx_word' id='word_1_346' title='bbox 571 1613 627 1642; x_wconf 90' lang='lat' dir='ltr'><strong>aliis</strong></span> <span class='ocrx_word' id='word_1_347' title='bbox 646 1613 734 1642; x_wconf 85' lang='lat' dir='ltr'><strong>feodis</strong></span> <span class='ocrx_word' id='word_1_348' title='bbox 746 1634 756 1649; x_wconf 92' lang='lat'><strong>,</strong></span> <span class='ocrx_word' id='word_1_349' title='bbox 781 1620 845 1648; x_wconf 79' lang='lat' dir='ltr'><strong>quae</strong></span> <span class='ocrx_word' id='word_1_350' title='bbox 863 1618 939 1641; x_wconf 89' lang='lat' dir='ltr'><strong>tenet</strong></span> <span class='ocrx_word' id='word_1_351' title='bbox 959 1611 994 1640; x_wconf 88' lang='lat' dir='ltr'><strong>ab</strong></span> <span class='ocrx_word' id='word_1_352' title='bbox 1011 1620 1048 1640; x_wconf 87' lang='lat' dir='ltr'><strong>eo</strong></span> <span class='ocrx_word' id='word_1_353' title='bbox 1060 1633 1070 1648; x_wconf 91' lang='lat'><strong>,</strong></span> <span class='ocrx_word' id='word_1_354' title='bbox 1093 1619 1192 1641; x_wconf 89' lang='lat' dir='ltr'><strong>contra</strong></span> 
     </span>
     <span class='ocr_line' id='line_1_50' title="bbox 136 1649 1191 1693; baseline 0.002 -16"><span class='ocrx_word' id='word_1_355' title='bbox 136 1657 255 1678; x_wconf 89' lang='lat' dir='ltr'><strong>omnem</strong></span> <span class='ocrx_word' id='word_1_356' title='bbox 275 1649 421 1680; x_wconf 87' lang='lat' dir='ltr'><strong>hominem</strong></span> <span class='ocrx_word' id='word_1_357' title='bbox 433 1673 442 1688; x_wconf 88' lang='lat'><strong>,</strong></span> <span class='ocrx_word' id='word_1_358' title='bbox 466 1650 600 1693; x_wconf 79' lang='lat' dir='ltr'><strong>quamdiu</strong></span> <span class='ocrx_word' id='word_1_359' title='bbox 620 1651 708 1682; x_wconf 60' lang='lat' dir='ltr'><strong>dietus</strong></span> <span class='ocrx_word' id='word_1_360' title='bbox 726 1649 856 1680; x_wconf 85' lang='lat' dir='ltr'><strong>Giraldus</strong></span> <span class='ocrx_word' id='word_1_361' title='bbox 875 1650 928 1679; x_wconf 88' lang='lat' dir='ltr'><strong>erit</strong></span> <span class='ocrx_word' id='word_1_362' title='bbox 948 1649 966 1669; x_wconf 45' lang='grc' dir='ltr'><strong>ἦε</strong></span> <span class='ocrx_word' id='word_1_363' title='bbox 982 1656 1086 1687; x_wconf 82' lang='lat' dir='ltr'><strong>paratus</strong></span> <span class='ocrx_word' id='word_1_364' title='bbox 1101 1650 1191 1679; x_wconf 87' lang='lat' dir='ltr'><strong>facere</strong></span> 
     </span>
     <span class='ocr_line' id='line_1_51' title="bbox 135 1687 960 1728; baseline -0.001 -11"><span class='ocrx_word' id='word_1_365' title='bbox 135 1687 176 1725; x_wconf 85' lang='lat' dir='ltr'><strong>jus</strong></span> <span class='ocrx_word' id='word_1_366' title='bbox 188 1697 288 1717; x_wconf 85' lang='lat' dir='ltr'><strong>coram</strong></span> <span class='ocrx_word' id='word_1_367' title='bbox 299 1688 376 1719; x_wconf 69' lang='lat' dir='ltr'><strong>dic&#39;to</strong></span> <span class='ocrx_word' id='word_1_368' title='bbox 390 1688 521 1719; x_wconf 88' lang='lat' dir='ltr'><strong>Domino</strong></span> <span class='ocrx_word' id='word_1_369' title='bbox 536 1689 633 1728; x_wconf 83' lang='lat' dir='ltr'><strong>Rege,</strong></span> <span class='ocrx_word' id='word_1_370' title='bbox 651 1689 695 1719; x_wconf 89' lang='lat' dir='ltr'><strong>vel</strong></span> <span class='ocrx_word' id='word_1_371' title='bbox 710 1687 842 1718; x_wconf 83' lang='lat' dir='ltr'><strong>mandato</strong></span> <span class='ocrx_word' id='word_1_372' title='bbox 855 1687 945 1725; x_wconf 72' lang='lat' dir='ltr'><strong>ipsius.</strong></span> <span class='ocrx_word' id='word_1_373' title='bbox 958 1706 960 1709; x_wconf 40' lang='lat' dir='ltr'>v</span> 
     </span>
    </p>

    <p class='ocr_par' dir='ltr' id='par_1_21' title="bbox 135 1725 1194 1988">
     <span class='ocr_line' id='line_1_52' title="bbox 172 1725 1193 1765; baseline 0 -10"><span class='ocrx_word' id='word_1_374' title='bbox 172 1725 218 1756; x_wconf 90' lang='lat' dir='ltr'><strong>Ad</strong></span> <span class='ocrx_word' id='word_1_375' title='bbox 233 1727 290 1757; x_wconf 91' lang='lat' dir='ltr'><strong>hoc</strong></span> <span class='ocrx_word' id='word_1_376' title='bbox 307 1726 454 1757; x_wconf 88' lang='lat' dir='ltr'><strong>sciendum</strong></span> <span class='ocrx_word' id='word_1_377' title='bbox 487 1727 544 1758; x_wconf 91' lang='lat' dir='ltr'><strong>uod</strong></span> <span class='ocrx_word' id='word_1_378' title='bbox 559 1727 704 1758; x_wconf 82' lang='lat' dir='ltr'><strong>Dominus</strong></span> <span class='ocrx_word' id='word_1_379' title='bbox 718 1726 798 1764; x_wconf 90' lang='lat' dir='ltr'><strong>Rex,</strong></span> <span class='ocrx_word' id='word_1_380' title='bbox 815 1735 868 1765; x_wconf 89' lang='lat' dir='ltr'><strong>pro</strong></span> <span class='ocrx_word' id='word_1_381' title='bbox 881 1726 975 1764; x_wconf 89' lang='lat' dir='ltr'><strong>aliquo</strong></span> <span class='ocrx_word' id='word_1_382' title='bbox 989 1725 1065 1756; x_wconf 63' lang='lat' dir='ltr'><strong>facto</strong></span> <span class='ocrx_word' id='word_1_383' title='bbox 1080 1733 1193 1763; x_wconf 87' lang='lat' dir='ltr'><strong>praeter-</strong></span> 
     </span>
     <span class='ocr_line' id='line_1_53' title="bbox 137 1763 1192 1805; baseline -0.001 -11"><span class='ocrx_word' id='word_1_384' title='bbox 137 1763 195 1801; x_wconf 81' lang='lat' dir='ltr'><strong>ito,</strong></span> <span class='ocrx_word' id='word_1_385' title='bbox 213 1773 277 1795; x_wconf 89' lang='lat' dir='ltr'><strong>ante</strong></span> <span class='ocrx_word' id='word_1_386' title='bbox 291 1765 365 1795; x_wconf 89' lang='lat' dir='ltr'><strong>diem</strong></span> <span class='ocrx_word' id='word_1_387' title='bbox 389 1764 458 1795; x_wconf 69' lang='lat' dir='ltr'><strong>dieti</strong></span> <span class='ocrx_word' id='word_1_388' title='bbox 499 1767 603 1805; x_wconf 85' lang='lat' dir='ltr'><strong>omagii</strong></span> <span class='ocrx_word' id='word_1_389' title='bbox 617 1789 627 1804; x_wconf 89' lang='lat'><strong>,</strong></span> <span class='ocrx_word' id='word_1_390' title='bbox 649 1776 706 1796; x_wconf 89' lang='lat' dir='ltr'><strong>non</strong></span> <span class='ocrx_word' id='word_1_391' title='bbox 720 1764 803 1795; x_wconf 88' lang='lat' dir='ltr'><strong>debet</strong></span> <span class='ocrx_word' id='word_1_392' title='bbox 823 1765 994 1804; x_wconf 84' lang='lat' dir='ltr'><strong>compellere</strong></span> <span class='ocrx_word' id='word_1_393' title='bbox 1011 1764 1120 1794; x_wconf 67' lang='lat' dir='ltr'><strong>dictum</strong></span> <span class='ocrx_word' id='word_1_394' title='bbox 1135 1764 1192 1794; x_wconf 90' lang='lat' dir='ltr'><strong>Gi-</strong></span> 
     </span>
     <span class='ocr_line' id='line_1_54' title="bbox 136 1802 1192 1843; baseline 0.001 -12"><span class='ocrx_word' id='word_1_395' title='bbox 136 1802 244 1834; x_wconf 91' lang='lat' dir='ltr'><strong>raldum</strong></span> <span class='ocrx_word' id='word_1_396' title='bbox 258 1826 268 1842; x_wconf 88' lang='lat'><strong>,</strong></span> <span class='ocrx_word' id='word_1_397' title='bbox 289 1804 334 1834; x_wconf 89' lang='lat' dir='ltr'><strong>vel</strong></span> <span class='ocrx_word' id='word_1_398' title='bbox 354 1803 473 1843; x_wconf 87' lang='lat' dir='ltr'><strong>aliquem</strong></span> <span class='ocrx_word' id='word_1_399' title='bbox 491 1804 525 1834; x_wconf 87' lang='lat' dir='ltr'><strong>de</strong></span> <span class='ocrx_word' id='word_1_400' title='bbox 546 1804 596 1834; x_wconf 90' lang='lat' dir='ltr'><strong>suis</strong></span> <span class='ocrx_word' id='word_1_401' title='bbox 609 1828 619 1842; x_wconf 88' lang='lat'><strong>,</strong></span> <span class='ocrx_word' id='word_1_402' title='bbox 636 1804 672 1834; x_wconf 89' lang='lat' dir='ltr'><strong>de</strong></span> <span class='ocrx_word' id='word_1_403' title='bbox 692 1803 880 1833; x_wconf 85' lang='lat' dir='ltr'><strong>Comitatibus</strong></span> <span class='ocrx_word' id='word_1_404' title='bbox 900 1802 1040 1843; x_wconf 60' lang='lat' dir='ltr'><strong>praedictis</strong></span> <span class='ocrx_word' id='word_1_405' title='bbox 1052 1826 1062 1841; x_wconf 88' lang='lat'><strong>,</strong></span> <span class='ocrx_word' id='word_1_406' title='bbox 1088 1802 1122 1832; x_wconf 92' lang='lat' dir='ltr'><strong>ad</strong></span> <span class='ocrx_word' id='word_1_407' title='bbox 1149 1812 1192 1832; x_wconf 90' lang='lat' dir='ltr'><strong>re-</strong></span> 
     </span>
     <span class='ocr_line' id='line_1_55' title="bbox 135 1841 1193 1882; baseline -0.001 -11"><span class='ocrx_word' id='word_1_408' title='bbox 135 1841 328 1878; x_wconf 84' lang='lat' dir='ltr'><strong>spondendum</strong></span> <span class='ocrx_word' id='word_1_409' title='bbox 341 1841 389 1872; x_wconf 89' lang='lat' dir='ltr'><strong>suis</strong></span> <span class='ocrx_word' id='word_1_410' title='bbox 402 1843 605 1882; x_wconf 82' lang='lat' dir='ltr'><strong>querelantibus</strong></span> <span class='ocrx_word' id='word_1_411' title='bbox 620 1842 655 1873; x_wconf 90' lang='lat' dir='ltr'><strong>de</strong></span> <span class='ocrx_word' id='word_1_412' title='bbox 669 1843 786 1879; x_wconf 77' lang='lat' dir='ltr'><strong>rapinis,</strong></span> <span class='ocrx_word' id='word_1_413' title='bbox 803 1841 883 1871; x_wconf 68' lang='lat' dir='ltr'><strong>factis</strong></span> <span class='ocrx_word' id='word_1_414' title='bbox 898 1851 962 1872; x_wconf 87' lang='lat' dir='ltr'><strong>ante</strong></span> <span class='ocrx_word' id='word_1_415' title='bbox 975 1841 1051 1871; x_wconf 90' lang='lat' dir='ltr'><strong>diem</strong></span> <span class='ocrx_word' id='word_1_416' title='bbox 1067 1841 1193 1879; x_wconf 78' lang='lat' dir='ltr'><strong>homagii</strong></span> 
     </span>
     <span class='ocr_line' id='line_1_56' title="bbox 139 1879 1194 1920; baseline -0.001 -10"><span class='ocrx_word' id='word_1_417' title='bbox 139 1880 209 1916; x_wconf 82' lang='lat' dir='ltr'><strong>(nisi</strong></span> <span class='ocrx_word' id='word_1_418' title='bbox 228 1880 382 1912; x_wconf 89' lang='lat' dir='ltr'><strong>secundum</strong></span> <span class='ocrx_word' id='word_1_419' title='bbox 401 1881 477 1920; x_wconf 90' lang='lat' dir='ltr'><strong>quod</strong></span> <span class='ocrx_word' id='word_1_420' title='bbox 494 1882 567 1919; x_wconf 85' lang='lat' dir='ltr'><strong>prius</strong></span> <span class='ocrx_word' id='word_1_421' title='bbox 585 1881 698 1911; x_wconf 85' lang='lat' dir='ltr'><strong>deberet</strong></span> <span class='ocrx_word' id='word_1_422' title='bbox 717 1879 876 1919; x_wconf 85' lang='lat' dir='ltr'><strong>distringere</strong></span> <span class='ocrx_word' id='word_1_423' title='bbox 889 1902 898 1918; x_wconf 88' lang='lat'><strong>,</strong></span> <span class='ocrx_word' id='word_1_424' title='bbox 923 1888 1071 1917; x_wconf 81' lang='lat' dir='ltr'><strong>antequam</strong></span> <span class='ocrx_word' id='word_1_425' title='bbox 1087 1881 1194 1910; x_wconf 72' lang='lat' dir='ltr'><strong>feciss&#39;et</strong></span> 
     </span>
     <span class='ocr_line' id='line_1_57' title="bbox 137 1917 1194 1960; baseline 0 -12"><span class='ocrx_word' id='word_1_426' title='bbox 137 1917 315 1958; x_wconf 82' lang='lat' dir='ltr'><strong>homagium)</strong></span> <span class='ocrx_word' id='word_1_427' title='bbox 331 1927 514 1959; x_wconf 81' lang='lat' dir='ltr'><strong>praeterquam</strong></span> <span class='ocrx_word' id='word_1_428' title='bbox 529 1930 580 1960; x_wconf 91' lang='lat' dir='ltr'><strong>pro</strong></span> <span class='ocrx_word' id='word_1_429' title='bbox 599 1919 712 1959; x_wconf 74' lang='lat' dir='ltr'><strong>treuga,</strong></span> <span class='ocrx_word' id='word_1_430' title='bbox 730 1918 797 1949; x_wconf 74' lang='lat' dir='ltr'><strong>inita</strong></span> <span class='ocrx_word' id='word_1_431' title='bbox 811 1920 882 1949; x_wconf 90' lang='lat' dir='ltr'><strong>inter</strong></span> <span class='ocrx_word' id='word_1_432' title='bbox 898 1918 1005 1957; x_wconf 89' lang='lat' dir='ltr'><strong>ipsum,</strong></span> <span class='ocrx_word' id='word_1_433' title='bbox 1022 1919 1055 1949; x_wconf 64' lang='grc' dir='ltr'><strong>ὅς</strong></span> <span class='ocrx_word' id='word_1_434' title='bbox 1069 1918 1194 1949; x_wconf 85' lang='lat' dir='ltr'><strong>Viceco-</strong></span> 
     </span>
     <span class='ocr_line' id='line_1_58' title="bbox 138 1957 394 1988; baseline 0.008 -3"><span class='ocrx_word' id='word_1_435' title='bbox 138 1958 238 1987; x_wconf 89' lang='lat' dir='ltr'><strong>mitem</strong></span> <span class='ocrx_word' id='word_1_436' title='bbox 256 1957 394 1988; x_wconf 87' lang='lat' dir='ltr'><strong>Leoman.</strong></span> 
     </span>
    </p>

    <p class='ocr_par' dir='ltr' id='par_1_22' title="bbox 138 1995 1197 2143">
     <span class='ocr_line' id='line_1_59' title="bbox 174 1995 1195 2034; baseline -0.001 -9"><span class='ocrx_word' id='word_1_437' title='bbox 174 1995 229 2034; x_wconf 86' lang='lat' dir='ltr'><strong>Et,</strong></span> <span class='ocrx_word' id='word_1_438' title='bbox 246 1997 264 2026; x_wconf 79' lang='lat' dir='ltr'><strong>si</strong></span> <span class='ocrx_word' id='word_1_439' title='bbox 280 2007 332 2034; x_wconf 86' lang='lat' dir='ltr'><strong>pro</strong></span> <span class='ocrx_word' id='word_1_440' title='bbox 346 1997 438 2034; x_wconf 85' lang='lat' dir='ltr'><strong>aliquo</strong></span> <span class='ocrx_word' id='word_1_441' title='bbox 453 1997 528 2028; x_wconf 66' lang='lat' dir='ltr'><strong>facto</strong></span> <span class='ocrx_word' id='word_1_442' title='bbox 547 1996 641 2027; x_wconf 88' lang='lat' dir='ltr'><strong>futuro</strong></span> <span class='ocrx_word' id='word_1_443' title='bbox 655 1995 800 2027; x_wconf 79' lang='lat' dir='ltr'><strong>Dominus</strong></span> <span class='ocrx_word' id='word_1_444' title='bbox 821 1995 903 2033; x_wconf 85' lang='lat' dir='ltr'><strong>Rex,</strong></span> <span class='ocrx_word' id='word_1_445' title='bbox 920 1995 964 2026; x_wconf 91' lang='lat' dir='ltr'><strong>vel</strong></span> <span class='ocrx_word' id='word_1_446' title='bbox 982 1995 1049 2025; x_wconf 86' lang='lat' dir='ltr'><strong>alius</strong></span> <span class='ocrx_word' id='word_1_447' title='bbox 1070 2004 1195 2034; x_wconf 88' lang='lat' dir='ltr'><strong>conque-</strong></span> 
     </span>
     <span class='ocr_line' id='line_1_60' title="bbox 139 2033 1195 2075; baseline 0 -12"><span class='ocrx_word' id='word_1_448' title='bbox 139 2042 213 2064; x_wconf 81' lang='lat' dir='ltr'><strong>retur</strong></span> <span class='ocrx_word' id='word_1_449' title='bbox 229 2034 264 2064; x_wconf 89' lang='lat' dir='ltr'><strong>de</strong></span> <span class='ocrx_word' id='word_1_450' title='bbox 275 2035 336 2075; x_wconf 59' lang='lat' dir='ltr'><strong>*ipso</strong></span> <span class='ocrx_word' id='word_1_451' title='bbox 350 2035 471 2066; x_wconf 86' lang='lat' dir='ltr'><strong>Giraldo</strong></span> <span class='ocrx_word' id='word_1_452' title='bbox 483 2059 492 2074; x_wconf 84' lang='lat'><strong>,</strong></span> <span class='ocrx_word' id='word_1_453' title='bbox 518 2036 572 2075; x_wconf 88' lang='lat' dir='ltr'><strong>ipse</strong></span> <span class='ocrx_word' id='word_1_454' title='bbox 585 2034 718 2065; x_wconf 88' lang='lat' dir='ltr'><strong>Giraldus</strong></span> <span class='ocrx_word' id='word_1_455' title='bbox 734 2058 743 2073; x_wconf 90' lang='lat'><strong>,</strong></span> <span class='ocrx_word' id='word_1_456' title='bbox 766 2044 833 2064; x_wconf 88' lang='lat' dir='ltr'><strong>cum</strong></span> <span class='ocrx_word' id='word_1_457' title='bbox 847 2035 878 2064; x_wconf 85' lang='lat' dir='ltr'><strong>sit</strong></span> <span class='ocrx_word' id='word_1_458' title='bbox 888 2034 923 2064; x_wconf 92' lang='lat' dir='ltr'><strong>de</strong></span> <span class='ocrx_word' id='word_1_459' title='bbox 937 2033 1023 2064; x_wconf 86' lang='lat' dir='ltr'><strong>Curia</strong></span> <span class='ocrx_word' id='word_1_460' title='bbox 1038 2034 1132 2064; x_wconf 69' lang='lat' dir='ltr'><strong>Sancti</strong></span> <span class='ocrx_word' id='word_1_461' title='bbox 1147 2034 1195 2063; x_wconf 86' lang='lat' dir='ltr'><strong>Se-</strong></span> 
     </span>
     <span class='ocr_line' id='line_1_61' title="bbox 138 2071 1197 2113; baseline -0.001 -11"><span class='ocrx_word' id='word_1_462' title='bbox 138 2074 214 2111; x_wconf 81' lang='lat' dir='ltr'><strong>veri,</strong></span> <span class='ocrx_word' id='word_1_463' title='bbox 234 2073 315 2103; x_wconf 81' lang='lat' dir='ltr'><strong>faciet</strong></span> <span class='ocrx_word' id='word_1_464' title='bbox 331 2074 408 2112; x_wconf 91' lang='lat' dir='ltr'><strong>quod</strong></span> <span class='ocrx_word' id='word_1_465' title='bbox 429 2074 543 2105; x_wconf 84' lang='lat' dir='ltr'><strong>debebit</strong></span> <span class='ocrx_word' id='word_1_466' title='bbox 561 2074 668 2113; x_wconf 83' lang='lat' dir='ltr'><strong>facere,</strong></span> <span class='ocrx_word' id='word_1_467' title='bbox 687 2073 841 2105; x_wconf 89' lang='lat' dir='ltr'><strong>secundum</strong></span> <span class='ocrx_word' id='word_1_468' title='bbox 859 2073 923 2103; x_wconf 90' lang='lat' dir='ltr'><strong>usus</strong></span> <span class='ocrx_word' id='word_1_469' title='bbox 939 2073 972 2103; x_wconf 75' lang='grc' dir='ltr'><strong>δε</strong></span> <span class='ocrx_word' id='word_1_470' title='bbox 987 2071 1197 2103; x_wconf 88' lang='lat' dir='ltr'><strong>consuetudines</strong></span> 
     </span>
     <span class='ocr_line' id='line_1_62' title="bbox 139 2110 466 2143; baseline 0.009 -3"><span class='ocrx_word' id='word_1_471' title='bbox 139 2110 237 2141; x_wconf 83' lang='lat' dir='ltr'><strong>Curiae</strong></span> <span class='ocrx_word' id='word_1_472' title='bbox 252 2112 346 2142; x_wconf 59' lang='lat' dir='ltr'><strong>Sam-”ti</strong></span> <span class='ocrx_word' id='word_1_473' title='bbox 363 2113 466 2143; x_wconf 81' lang='lat' dir='ltr'><strong>Severi.</strong></span> 
     </span>
    </p>

    <p class='ocr_par' dir='ltr' id='par_1_23' title="bbox 134 2149 1203 2305">
     <span class='ocr_line' id='line_1_63' title="bbox 173 2149 1198 2189; baseline 0 -10"><span class='ocrx_word' id='word_1_474' title='bbox 173 2149 229 2187; x_wconf 89' lang='lat' dir='ltr'><strong>Et,</strong></span> <span class='ocrx_word' id='word_1_475' title='bbox 247 2151 266 2180; x_wconf 82' lang='lat' dir='ltr'><strong>si</strong></span> <span class='ocrx_word' id='word_1_476' title='bbox 283 2151 370 2181; x_wconf 89' lang='lat' dir='ltr'><strong>nollet</strong></span> <span class='ocrx_word' id='word_1_477' title='bbox 383 2151 452 2181; x_wconf 86' lang='lat' dir='ltr'><strong>stare</strong></span> <span class='ocrx_word' id='word_1_478' title='bbox 463 2151 573 2189; x_wconf 83' lang='lat' dir='ltr'><strong>judicio</strong></span> <span class='ocrx_word' id='word_1_479' title='bbox 588 2149 684 2180; x_wconf 74' lang='lat' dir='ltr'><strong>Curiae</strong></span> <span class='ocrx_word' id='word_1_480' title='bbox 701 2149 805 2189; x_wconf 69' lang='lat' dir='ltr'><strong>dietae,</strong></span> <span class='ocrx_word' id='word_1_481' title='bbox 823 2157 892 2180; x_wconf 87' lang='lat' dir='ltr'><strong>tunc</strong></span> <span class='ocrx_word' id='word_1_482' title='bbox 907 2149 1031 2187; x_wconf 85' lang='lat' dir='ltr'><strong>Milites,</strong></span> <span class='ocrx_word' id='word_1_483' title='bbox 1050 2149 1083 2180; x_wconf 88' lang='lat'>&amp;</span> <span class='ocrx_word' id='word_1_484' title='bbox 1097 2158 1198 2179; x_wconf 83' lang='lat' dir='ltr'><strong>omnes</strong></span> 
     </span>
     <span class='ocr_line' id='line_1_64' title="bbox 137 2187 1198 2226; baseline 0 -9"><span class='ocrx_word' id='word_1_485' title='bbox 137 2187 200 2226; x_wconf 81' lang='lat' dir='ltr'><strong>alii,</strong></span> <span class='ocrx_word' id='word_1_486' title='bbox 221 2189 255 2219; x_wconf 89' lang='lat'>&amp;</span> <span class='ocrx_word' id='word_1_487' title='bbox 267 2198 366 2219; x_wconf 85' lang='lat' dir='ltr'><strong>eorum</strong></span> <span class='ocrx_word' id='word_1_488' title='bbox 385 2189 538 2226; x_wconf 82' lang='lat' dir='ltr'><strong>Haeredes,</strong></span> <span class='ocrx_word' id='word_1_489' title='bbox 557 2189 590 2218; x_wconf 90' lang='lat'>&amp;</span> <span class='ocrx_word' id='word_1_490' title='bbox 603 2188 782 2219; x_wconf 74' lang='lat' dir='ltr'><strong>Successores</strong></span> <span class='ocrx_word' id='word_1_491' title='bbox 793 2211 803 2226; x_wconf 96' lang='lat'><strong>,</strong></span> <span class='ocrx_word' id='word_1_492' title='bbox 827 2188 934 2218; x_wconf 91' lang='lat' dir='ltr'><strong>tamdiu</strong></span> <span class='ocrx_word' id='word_1_493' title='bbox 951 2189 1004 2218; x_wconf 81' lang='lat' dir='ltr'><strong>sint</strong></span> <span class='ocrx_word' id='word_1_494' title='bbox 1021 2188 1198 2218; x_wconf 87' lang='lat' dir='ltr'><strong>intendentes</strong></span> 
     </span>
     <span class='ocr_line' id='line_1_65' title="bbox 139 2225 1198 2266; baseline 0 -10"><span class='ocrx_word' id='word_1_495' title='bbox 139 2225 276 2257; x_wconf 88' lang='lat' dir='ltr'><strong>Domino</strong></span> <span class='ocrx_word' id='word_1_496' title='bbox 292 2227 387 2265; x_wconf 73' lang='lat' dir='ltr'><strong>Regi,</strong></span> <span class='ocrx_word' id='word_1_497' title='bbox 402 2229 435 2259; x_wconf 69' lang='grc' dir='ltr'><strong>ὃς</strong></span> <span class='ocrx_word' id='word_1_498' title='bbox 448 2227 618 2258; x_wconf 79' lang='lat' dir='ltr'><strong>Haeredibus</strong></span> <span class='ocrx_word' id='word_1_499' title='bbox 633 2227 701 2266; x_wconf 90' lang='lat' dir='ltr'><strong>suis,</strong></span> <span class='ocrx_word' id='word_1_500' title='bbox 716 2227 811 2258; x_wconf 88' lang='lat' dir='ltr'><strong>donec</strong></span> <span class='ocrx_word' id='word_1_501' title='bbox 831 2227 867 2257; x_wconf 91' lang='lat' dir='ltr'><strong>de</strong></span> <span class='ocrx_word' id='word_1_502' title='bbox 883 2226 1038 2257; x_wconf 76' lang='lat' dir='ltr'><strong>conimiffis</strong></span> <span class='ocrx_word' id='word_1_503' title='bbox 1052 2227 1151 2257; x_wconf 86' lang='lat' dir='ltr'><strong>fecerit</strong></span> <span class='ocrx_word' id='word_1_504' title='bbox 1163 2226 1198 2257; x_wconf 90' lang='lat' dir='ltr'><strong>ad</strong></span> 
     </span>
     <span class='ocr_line' id='line_1_66' title="bbox 134 2265 1203 2305; baseline 0.003 -10"><span class='ocrx_word' id='word_1_505' title='bbox 134 2265 274 2304; x_wconf 88' lang='lat' dir='ltr'><strong>judicium</strong></span> <span class='ocrx_word' id='word_1_506' title='bbox 290 2266 387 2296; x_wconf 75' lang='lat' dir='ltr'><strong>Curiae</strong></span> <span class='ocrx_word' id='word_1_507' title='bbox 400 2266 572 2305; x_wconf 61' lang='lat' dir='ltr'><strong>supradietae.</strong></span> <span class='ocrx_word' id='word_1_508' title='bbox 1200 2289 1203 2291; x_wconf 59' lang='lat'>&gt;</span> 
     </span>
    </p>

    <p class='ocr_par' dir='ltr' id='par_1_24' title="bbox 138 2303 1204 2728">
     <span class='ocr_line' id='line_1_67' title="bbox 176 2303 1199 2345; baseline -0.001 -11"><span class='ocrx_word' id='word_1_509' title='bbox 176 2304 213 2334; x_wconf 89' lang='lat' dir='ltr'><strong>Et</strong></span> <span class='ocrx_word' id='word_1_510' title='bbox 227 2305 373 2335; x_wconf 87' lang='lat' dir='ltr'><strong>sciendum</strong></span> <span class='ocrx_word' id='word_1_511' title='bbox 386 2305 462 2345; x_wconf 88' lang='lat' dir='ltr'><strong>quod</strong></span> <span class='ocrx_word' id='word_1_512' title='bbox 478 2305 534 2343; x_wconf 86' lang='lat' dir='ltr'><strong>ipse</strong></span> <span class='ocrx_word' id='word_1_513' title='bbox 548 2303 678 2335; x_wconf 90' lang='lat' dir='ltr'><strong>Giraldus</strong></span> <span class='ocrx_word' id='word_1_514' title='bbox 693 2304 728 2335; x_wconf 86' lang='lat' dir='ltr'><strong>de</strong></span> <span class='ocrx_word' id='word_1_515' title='bbox 742 2303 905 2334; x_wconf 87' lang='lat' dir='ltr'><strong>Armanaco</strong></span> <span class='ocrx_word' id='word_1_516' title='bbox 917 2305 1103 2344; x_wconf 84' lang='lat' dir='ltr'><strong>recognovit,</strong></span> <span class='ocrx_word' id='word_1_517' title='bbox 1120 2303 1199 2342; x_wconf 90' lang='lat' dir='ltr'><strong>quod</strong></span> 
     </span>
     <span class='ocr_line' id='line_1_68' title="bbox 139 2341 1200 2382; baseline -0.001 -10"><span class='ocrx_word' id='word_1_518' title='bbox 139 2341 248 2373; x_wconf 85' lang='lat' dir='ltr'><strong>Milites</strong></span> <span class='ocrx_word' id='word_1_519' title='bbox 268 2342 434 2374; x_wconf 82' lang='lat' dir='ltr'><strong>Castrorum</strong></span> <span class='ocrx_word' id='word_1_520' title='bbox 457 2345 490 2375; x_wconf 91' lang='lat'>&amp;</span> <span class='ocrx_word' id='word_1_521' title='bbox 511 2343 669 2382; x_wconf 77' lang='lat' dir='ltr'><strong>Bur-gorum</strong></span> <span class='ocrx_word' id='word_1_522' title='bbox 691 2343 838 2372; x_wconf 82' lang='lat' dir='ltr'><strong>Armanac.</strong></span> <span class='ocrx_word' id='word_1_523' title='bbox 858 2344 890 2373; x_wconf 68' lang='grc' dir='ltr'><strong>ὃς</strong></span> <span class='ocrx_word' id='word_1_524' title='bbox 910 2342 1021 2372; x_wconf 85' lang='lat' dir='ltr'><strong>Fesenc.</strong></span> <span class='ocrx_word' id='word_1_525' title='bbox 1037 2343 1073 2373; x_wconf 89' lang='lat' dir='ltr'><strong>de</strong></span> <span class='ocrx_word' id='word_1_526' title='bbox 1091 2342 1200 2381; x_wconf 88' lang='lat' dir='ltr'><strong>speciali</strong></span> 
     </span>
     <span class='ocr_line' id='line_1_69' title="bbox 139 2381 1199 2421; baseline 0 -11"><span class='ocrx_word' id='word_1_527' title='bbox 139 2382 274 2412; x_wconf 81' lang='lat' dir='ltr'><strong>mandato</strong></span> <span class='ocrx_word' id='word_1_528' title='bbox 287 2382 353 2419; x_wconf 90' lang='lat' dir='ltr'><strong>su0,</strong></span> <span class='ocrx_word' id='word_1_529' title='bbox 365 2382 525 2421; x_wconf 81' lang='lat' dir='ltr'><strong>juraverunt</strong></span> <span class='ocrx_word' id='word_1_530' title='bbox 540 2382 673 2412; x_wconf 91' lang='lat' dir='ltr'><strong>Domino</strong></span> <span class='ocrx_word' id='word_1_531' title='bbox 687 2381 763 2420; x_wconf 83' lang='lat' dir='ltr'><strong>Regi</strong></span> <span class='ocrx_word' id='word_1_532' title='bbox 779 2381 906 2420; x_wconf 81' lang='lat' dir='ltr'><strong>Angliae,</strong></span> <span class='ocrx_word' id='word_1_533' title='bbox 930 2382 959 2410; x_wconf 88' lang='lat' dir='ltr'><strong>in</strong></span> <span class='ocrx_word' id='word_1_534' title='bbox 974 2381 1066 2411; x_wconf 74' lang='lat' dir='ltr'><strong>forma</strong></span> <span class='ocrx_word' id='word_1_535' title='bbox 1081 2381 1199 2418; x_wconf 89' lang='lat' dir='ltr'><strong>superius</strong></span> 
     </span>
     <span class='ocr_line' id='line_1_70' title="bbox 138 2419 1199 2459; baseline -0.001 -10"><span class='ocrx_word' id='word_1_536' title='bbox 138 2419 255 2458; x_wconf 67' lang='lat' dir='ltr'><strong>scripta,</strong></span> <span class='ocrx_word' id='word_1_537' title='bbox 272 2421 370 2458; x_wconf 84' lang='lat' dir='ltr'><strong>quibus</strong></span> <span class='ocrx_word' id='word_1_538' title='bbox 383 2421 525 2451; x_wconf 87' lang='lat' dir='ltr'><strong>mandavit</strong></span> <span class='ocrx_word' id='word_1_539' title='bbox 537 2422 571 2451; x_wconf 87' lang='lat'>&amp;</span> <span class='ocrx_word' id='word_1_540' title='bbox 587 2421 704 2457; x_wconf 86' lang='lat' dir='ltr'><strong>injunxit</strong></span> <span class='ocrx_word' id='word_1_541' title='bbox 716 2419 812 2459; x_wconf 88' lang='lat' dir='ltr'><strong>quod,</strong></span> <span class='ocrx_word' id='word_1_542' title='bbox 830 2420 849 2449; x_wconf 79' lang='lat' dir='ltr'><strong>si</strong></span> <span class='ocrx_word' id='word_1_543' title='bbox 864 2421 892 2449; x_wconf 89' lang='lat' dir='ltr'><strong>in</strong></span> <span class='ocrx_word' id='word_1_544' title='bbox 907 2419 1000 2457; x_wconf 84' lang='lat' dir='ltr'><strong>aliquo</strong></span> <span class='ocrx_word' id='word_1_545' title='bbox 1016 2419 1078 2449; x_wconf 82' lang='lat' dir='ltr'><strong>casu</strong></span> <span class='ocrx_word' id='word_1_546' title='bbox 1092 2420 1199 2449; x_wconf 84' lang='lat' dir='ltr'><strong>veniret</strong></span> 
     </span>
     <span class='ocr_line' id='line_1_71' title="bbox 139 2457 1200 2498; baseline 0 -11"><span class='ocrx_word' id='word_1_547' title='bbox 139 2467 237 2488; x_wconf 87' lang='lat' dir='ltr'><strong>contra</strong></span> <span class='ocrx_word' id='word_1_548' title='bbox 252 2458 420 2498; x_wconf 83' lang='lat' dir='ltr'><strong>homagium</strong></span> <span class='ocrx_word' id='word_1_549' title='bbox 434 2459 468 2489; x_wconf 87' lang='lat'>&amp;</span> <span class='ocrx_word' id='word_1_550' title='bbox 481 2458 657 2496; x_wconf 86' lang='lat' dir='ltr'><strong>fidelitatem,</strong></span> <span class='ocrx_word' id='word_1_551' title='bbox 677 2457 812 2488; x_wconf 88' lang='lat' dir='ltr'><strong>Domino</strong></span> <span class='ocrx_word' id='word_1_552' title='bbox 821 2458 912 2496; x_wconf 83' lang='lat' dir='ltr'><strong>Regi,</strong></span> <span class='ocrx_word' id='word_1_553' title='bbox 928 2458 961 2488; x_wconf 70' lang='lat' dir='ltr'><strong>sc</strong></span> <span class='ocrx_word' id='word_1_554' title='bbox 976 2458 1027 2487; x_wconf 90' lang='lat' dir='ltr'><strong>suis</strong></span> <span class='ocrx_word' id='word_1_555' title='bbox 1041 2458 1200 2488; x_wconf 74' lang='lat' dir='ltr'><strong>haeredibus</strong></span> 
     </span>
     <span class='ocr_line' id='line_1_72' title="bbox 139 2495 1201 2535; baseline 0 -10"><span class='ocrx_word' id='word_1_556' title='bbox 139 2496 308 2535; x_wconf 80' lang='lat' dir='ltr'><strong>praestitam,</strong></span> <span class='ocrx_word' id='word_1_557' title='bbox 326 2497 431 2527; x_wconf 79' lang='lat' dir='ltr'><strong>tamdiu</strong></span> <span class='ocrx_word' id='word_1_558' title='bbox 443 2497 531 2527; x_wconf 79' lang='lat' dir='ltr'><strong>essent</strong></span> <span class='ocrx_word' id='word_1_559' title='bbox 546 2497 718 2527; x_wconf 88' lang='lat' dir='ltr'><strong>intendentes</strong></span> <span class='ocrx_word' id='word_1_560' title='bbox 736 2495 870 2526; x_wconf 90' lang='lat' dir='ltr'><strong>Domino</strong></span> <span class='ocrx_word' id='word_1_561' title='bbox 884 2496 977 2535; x_wconf 88' lang='lat' dir='ltr'><strong>Regi,</strong></span> <span class='ocrx_word' id='word_1_562' title='bbox 1000 2496 1095 2526; x_wconf 89' lang='lat' dir='ltr'><strong>donec</strong></span> <span class='ocrx_word' id='word_1_563' title='bbox 1110 2495 1143 2525; x_wconf 85' lang='lat' dir='ltr'><strong>ad</strong></span> <span class='ocrx_word' id='word_1_564' title='bbox 1157 2497 1201 2535; x_wconf 86' lang='lat' dir='ltr'><strong>ip-</strong></span> 
     </span>
     <span class='ocr_line' id='line_1_73' title="bbox 140 2534 1201 2576; baseline -0.001 -12"><span class='ocrx_word' id='word_1_565' title='bbox 140 2534 192 2564; x_wconf 85' lang='lat' dir='ltr'><strong>sius</strong></span> <span class='ocrx_word' id='word_1_566' title='bbox 208 2534 298 2572; x_wconf 87' lang='lat' dir='ltr'><strong>Regis</strong></span> <span class='ocrx_word' id='word_1_567' title='bbox 313 2535 473 2566; x_wconf 76' lang='lat' dir='ltr'><strong>fidelitatem</strong></span> <span class='ocrx_word' id='word_1_568' title='bbox 489 2535 588 2566; x_wconf 83' lang='lat' dir='ltr'><strong>rediret</strong></span> <span class='ocrx_word' id='word_1_569' title='bbox 604 2536 659 2575; x_wconf 88' lang='lat' dir='ltr'><strong>ipse</strong></span> <span class='ocrx_word' id='word_1_570' title='bbox 675 2534 820 2564; x_wconf 84' lang='lat' dir='ltr'><strong>Giraldus:</strong></span> <span class='ocrx_word' id='word_1_571' title='bbox 842 2534 877 2564; x_wconf 91' lang='lat' dir='ltr'><strong>Et</strong></span> <span class='ocrx_word' id='word_1_572' title='bbox 891 2535 948 2564; x_wconf 91' lang='lat' dir='ltr'><strong>hoc</strong></span> <span class='ocrx_word' id='word_1_573' title='bbox 962 2535 1201 2576; x_wconf 37' lang='lat' dir='ltr'><strong>infra-terminum</strong></span> 
     </span>
     <span class='ocr_line' id='line_1_74' title="bbox 139 2572 1204 2611; baseline -0.001 -9"><span class='ocrx_word' id='word_1_574' title='bbox 139 2573 227 2603; x_wconf 85' lang='lat' dir='ltr'><strong>trium</strong></span> <span class='ocrx_word' id='word_1_575' title='bbox 241 2572 381 2604; x_wconf 86' lang='lat' dir='ltr'><strong>mensium</strong></span> <span class='ocrx_word' id='word_1_576' title='bbox 392 2574 511 2611; x_wconf 87' lang='lat' dir='ltr'><strong>superius</strong></span> <span class='ocrx_word' id='word_1_577' title='bbox 532 2575 736 2611; x_wconf 75' lang='lat' dir='ltr'><strong>nominatum,</strong></span> <span class='ocrx_word' id='word_1_578' title='bbox 759 2573 793 2603; x_wconf 90' lang='lat'>&amp;</span> <span class='ocrx_word' id='word_1_579' title='bbox 807 2595 815 2610; x_wconf 89' lang='lat'><strong>,</strong></span> <span class='ocrx_word' id='word_1_580' title='bbox 839 2573 890 2603; x_wconf 85' lang='lat' dir='ltr'><strong>nisi</strong></span> <span class='ocrx_word' id='word_1_581' title='bbox 911 2573 983 2602; x_wconf 85' lang='lat' dir='ltr'><strong>infra</strong></span> <span class='ocrx_word' id='word_1_582' title='bbox 996 2574 1085 2610; x_wconf 88' lang='lat' dir='ltr'><strong>ipsum</strong></span> <span class='ocrx_word' id='word_1_583' title='bbox 1105 2573 1204 2602; x_wconf 88' lang='lat' dir='ltr'><strong>termi-</strong></span> 
     </span>
     <span class='ocr_line' id='line_1_75' title="bbox 140 2610 1203 2652; baseline 0 -12"><span class='ocrx_word' id='word_1_584' title='bbox 140 2621 212 2641; x_wconf 89' lang='lat' dir='ltr'><strong>num</strong></span> <span class='ocrx_word' id='word_1_585' title='bbox 224 2613 325 2643; x_wconf 87' lang='lat' dir='ltr'><strong>rediret</strong></span> <span class='ocrx_word' id='word_1_586' title='bbox 339 2612 373 2642; x_wconf 84' lang='lat' dir='ltr'><strong>ad</strong></span> <span class='ocrx_word' id='word_1_587' title='bbox 386 2613 466 2652; x_wconf 88' lang='lat' dir='ltr'><strong>ipsius</strong></span> <span class='ocrx_word' id='word_1_588' title='bbox 481 2612 658 2650; x_wconf 85' lang='lat' dir='ltr'><strong>fidelitatem,</strong></span> <span class='ocrx_word' id='word_1_589' title='bbox 676 2620 778 2641; x_wconf 84' lang='lat' dir='ltr'><strong>extunc</strong></span> <span class='ocrx_word' id='word_1_590' title='bbox 792 2611 824 2641; x_wconf 88' lang='lat' dir='ltr'><strong>ad</strong></span> <span class='ocrx_word' id='word_1_591' title='bbox 839 2610 1047 2648; x_wconf 83' lang='lat' dir='ltr'><strong>obediendum,</strong></span> <span class='ocrx_word' id='word_1_592' title='bbox 1066 2611 1098 2641; x_wconf 89' lang='lat'>&amp;</span> <span class='ocrx_word' id='word_1_593' title='bbox 1112 2612 1203 2641; x_wconf 89' lang='lat' dir='ltr'><strong>inten-</strong></span> 
     </span>
     <span class='ocr_line' id='line_1_76' title="bbox 140 2648 1202 2689; baseline 0.001 -10"><span class='ocrx_word' id='word_1_594' title='bbox 140 2648 266 2680; x_wconf 88' lang='lat' dir='ltr'><strong>dendum</strong></span> <span class='ocrx_word' id='word_1_595' title='bbox 282 2652 493 2689; x_wconf 78' lang='lat' dir='ltr'><strong>imperpetuum</strong></span> <span class='ocrx_word' id='word_1_596' title='bbox 506 2651 639 2681; x_wconf 90' lang='lat' dir='ltr'><strong>Domino</strong></span> <span class='ocrx_word' id='word_1_597' title='bbox 652 2650 745 2688; x_wconf 85' lang='lat' dir='ltr'><strong>Regi,</strong></span> <span class='ocrx_word' id='word_1_598' title='bbox 760 2650 793 2680; x_wconf 89' lang='lat'>&amp;</span> <span class='ocrx_word' id='word_1_599' title='bbox 808 2650 976 2680; x_wconf 85' lang='lat' dir='ltr'><strong>Haeredibus</strong></span> <span class='ocrx_word' id='word_1_600' title='bbox 987 2649 1045 2687; x_wconf 85' lang='lat' dir='ltr'><strong>ejus</strong></span> <span class='ocrx_word' id='word_1_601' title='bbox 1057 2657 1202 2680; x_wconf 89' lang='lat' dir='ltr'><strong>remanent</strong></span> 
     </span>
     <span class='ocr_line' id='line_1_77' title="bbox 140 2688 797 2728; baseline -0.003 -9"><span class='ocrx_word' id='word_1_602' title='bbox 140 2689 189 2727; x_wconf 84' lang='lat' dir='ltr'><strong>ipsi</strong></span> <span class='ocrx_word' id='word_1_603' title='bbox 195 2713 205 2728; x_wconf 91' lang='lat'><strong>,</strong></span> <span class='ocrx_word' id='word_1_604' title='bbox 223 2690 256 2720; x_wconf 85' lang='lat'>&amp;</span> <span class='ocrx_word' id='word_1_605' title='bbox 269 2688 422 2728; x_wconf 74' lang='lat' dir='ltr'><strong>Haeredes,</strong></span> <span class='ocrx_word' id='word_1_606' title='bbox 438 2690 471 2720; x_wconf 89' lang='lat'>&amp;</span> <span class='ocrx_word' id='word_1_607' title='bbox 486 2689 661 2720; x_wconf 62' lang='lat' dir='ltr'><strong>Successor&amp;</strong></span> <span class='ocrx_word' id='word_1_608' title='bbox 674 2688 797 2725; x_wconf 87' lang='lat' dir='ltr'><strong>obligati.</strong></span> 
     </span>
    </p>
   </div>
   <div class='ocr_carea' id='block_1_11' title="bbox 139 2764 1203 2920">
    <p class='ocr_par' dir='ltr' id='par_1_25' title="bbox 139 2764 1203 2920">
     <span class='ocr_line' id='line_1_78' title="bbox 179 2764 1202 2804; baseline -0.001 -8"><span class='ocrx_word' id='word_1_609' title='bbox 179 2765 219 2796; x_wconf 89' lang='lat' dir='ltr'><strong>Et</strong></span> <span class='ocrx_word' id='word_1_610' title='bbox 233 2767 263 2796; x_wconf 89' lang='lat' dir='ltr'><strong>in</strong></span> <span class='ocrx_word' id='word_1_611' title='bbox 279 2766 475 2796; x_wconf 79' lang='lat' dir='ltr'><strong>testimonium</strong></span> <span class='ocrx_word' id='word_1_612' title='bbox 487 2767 619 2796; x_wconf 85' lang='lat' dir='ltr'><strong>omnium</strong></span> <span class='ocrx_word' id='word_1_613' title='bbox 633 2764 832 2802; x_wconf 75' lang='lat' dir='ltr'><strong>praedictorum</strong></span> <span class='ocrx_word' id='word_1_614' title='bbox 847 2774 901 2794; x_wconf 88' lang='lat' dir='ltr'><strong>nos</strong></span> <span class='ocrx_word' id='word_1_615' title='bbox 913 2764 956 2795; x_wconf 89' lang='lat' dir='ltr'><strong>H.</strong></span> <span class='ocrx_word' id='word_1_616' title='bbox 971 2765 1029 2795; x_wconf 86' lang='lat' dir='ltr'><strong>Dei</strong></span> <span class='ocrx_word' id='word_1_617' title='bbox 1043 2765 1130 2804; x_wconf 85' lang='lat' dir='ltr'><strong>gratia</strong></span> <span class='ocrx_word' id='word_1_618' title='bbox 1136 2764 1202 2795; x_wconf 85' lang='lat' dir='ltr'><strong>Rex</strong></span> 
     </span>
     <span class='ocr_line' id='line_1_79' title="bbox 142 2802 1202 2843; baseline -0.001 -9"><span class='ocrx_word' id='word_1_619' title='bbox 142 2804 253 2843; x_wconf 82' lang='lat' dir='ltr'><strong>Angliae</strong></span> <span class='ocrx_word' id='word_1_620' title='bbox 268 2805 334 2835; x_wconf 88' lang='lat' dir='ltr'><strong>huic</strong></span> <span class='ocrx_word' id='word_1_621' title='bbox 344 2804 470 2843; x_wconf 74' lang='lat' dir='ltr'><strong>scripto,</strong></span> <span class='ocrx_word' id='word_1_622' title='bbox 485 2805 642 2835; x_wconf 86' lang='lat' dir='ltr'><strong>remanenti</strong></span> <span class='ocrx_word' id='word_1_623' title='bbox 657 2813 740 2842; x_wconf 89' lang='lat' dir='ltr'><strong>penes</strong></span> <span class='ocrx_word' id='word_1_624' title='bbox 761 2802 870 2833; x_wconf 68' lang='lat' dir='ltr'><strong>dietum</strong></span> <span class='ocrx_word' id='word_1_625' title='bbox 885 2803 1037 2834; x_wconf 84' lang='lat' dir='ltr'><strong>Giraldum</strong></span> <span class='ocrx_word' id='word_1_626' title='bbox 1051 2803 1086 2833; x_wconf 92' lang='lat' dir='ltr'><strong>de</strong></span> <span class='ocrx_word' id='word_1_627' title='bbox 1101 2804 1202 2834; x_wconf 87' lang='lat' dir='ltr'><strong>Arma-</strong></span> 
     </span>
     <span class='ocr_line' id='line_1_80' title="bbox 141 2841 1203 2882; baseline 0 -9"><span class='ocrx_word' id='word_1_628' title='bbox 141 2853 205 2873; x_wconf 89' lang='lat' dir='ltr'><strong>nac.</strong></span> <span class='ocrx_word' id='word_1_629' title='bbox 221 2844 339 2882; x_wconf 82' lang='lat' dir='ltr'><strong>sigillum</strong></span> <span class='ocrx_word' id='word_1_630' title='bbox 359 2843 489 2873; x_wconf 86' lang='lat' dir='ltr'><strong>nostrum</strong></span> <span class='ocrx_word' id='word_1_631' title='bbox 510 2844 639 2873; x_wconf 82' lang='lat' dir='ltr'><strong>duximus</strong></span> <span class='ocrx_word' id='word_1_632' title='bbox 657 2841 859 2880; x_wconf 80' lang='lat' dir='ltr'><strong>apponendum</strong></span> <span class='ocrx_word' id='word_1_633' title='bbox 874 2863 883 2880; x_wconf 86' lang='lat'><strong>,</strong></span> <span class='ocrx_word' id='word_1_634' title='bbox 906 2842 1022 2873; x_wconf 89' lang='lat' dir='ltr'><strong>decimo</strong></span> <span class='ocrx_word' id='word_1_635' title='bbox 1041 2843 1141 2882; x_wconf 88' lang='lat' dir='ltr'><strong>quinto</strong></span> <span class='ocrx_word' id='word_1_636' title='bbox 1157 2842 1203 2873; x_wconf 88' lang='lat' dir='ltr'><strong>die</strong></span> 
     </span>
     <span class='ocr_line' id='line_1_81' title="bbox 139 2880 918 2920; baseline -0.004 -7"><span class='ocrx_word' id='word_1_637' title='bbox 139 2882 328 2920; x_wconf 83' lang='lat' dir='ltr'><strong>Septembris,</strong></span> <span class='ocrx_word' id='word_1_638' title='bbox 345 2892 421 2912; x_wconf 88' lang='lat' dir='ltr'><strong>anno</strong></span> <span class='ocrx_word' id='word_1_639' title='bbox 435 2881 534 2920; x_wconf 86' lang='lat' dir='ltr'><strong>Regni</strong></span> <span class='ocrx_word' id='word_1_640' title='bbox 546 2881 635 2911; x_wconf 85' lang='lat' dir='ltr'><strong>nostri</strong></span> <span class='ocrx_word' id='word_1_641' title='bbox 649 2880 790 2911; x_wconf 84' lang='lat' dir='ltr'><strong>tricesimo</strong></span> <span class='ocrx_word' id='word_1_642' title='bbox 804 2880 918 2912; x_wconf 65' lang='lat' dir='ltr'><strong>octavo.</strong></span> 
     </span>
    </p>
   </div>
   <div class='ocr_carea' id='block_1_12' title="bbox 246 3015 1094 3065">
    <p class='ocr_par' dir='ltr' id='par_1_26' title="bbox 246 3015 1094 3065">
     <span class='ocr_line' id='line_1_82' title="bbox 246 3015 1094 3065; baseline 0.001 -15"><span class='ocrx_word' id='word_1_643' title='bbox 246 3023 296 3053; x_wconf 76' lang='lat' dir='ltr'><strong>De</strong></span> <span class='ocrx_word' id='word_1_644' title='bbox 312 3015 525 3060; x_wconf 62' lang='lat' dir='ltr'><strong>concessionibus</strong></span> <span class='ocrx_word' id='word_1_645' title='bbox 537 3017 693 3052; x_wconf 83' lang='lat' dir='ltr'><strong>Edvardo.</strong></span> <span class='ocrx_word' id='word_1_646' title='bbox 706 3020 793 3065; x_wconf 84' lang='lat' dir='ltr'><strong>Regis</strong></span> <span class='ocrx_word' id='word_1_647' title='bbox 800 3017 866 3063; x_wconf 85' lang='lat' dir='ltr'><strong>filio</strong></span> <span class='ocrx_word' id='word_1_648' title='bbox 885 3021 916 3050; x_wconf 88' lang='lat' dir='ltr'><strong>in</strong></span> <span class='ocrx_word' id='word_1_649' title='bbox 931 3015 1094 3051; x_wconf 75' lang='lat' dir='ltr'><strong>Hibernia.</strong></span> 
     </span>
    </p>
   </div>
   <div class='ocr_carea' id='block_1_13' title="bbox 136 3110 1201 4103">
    <p class='ocr_par' dir='ltr' id='par_1_27' title="bbox 141 3110 1201 3228">
     <span class='ocr_line' id='line_1_83' title="bbox 141 3110 1201 3173; baseline 0.002 -32"><span class='ocrx_word' id='word_1_650' title='bbox 141 3110 358 3173; x_wconf 60' lang='lat' dir='ltr'><strong>HEnricus‘,</strong></span> <span class='ocrx_word' id='word_1_651' title='bbox 375 3111 433 3141; x_wconf 91' lang='lat' dir='ltr'><strong>Dei</strong></span> <span class='ocrx_word' id='word_1_652' title='bbox 446 3111 548 3151; x_wconf 70' lang='lat' dir='ltr'><strong>gratia,</strong></span> <span class='ocrx_word' id='word_1_653' title='bbox 565 3111 632 3142; x_wconf 85' lang='lat' dir='ltr'><strong>Rex</strong></span> <span class='ocrx_word' id='word_1_654' title='bbox 644 3110 771 3151; x_wconf 78' lang='lat' dir='ltr'><strong>Angliae,</strong></span> <span class='ocrx_word' id='word_1_655' title='bbox 791 3110 934 3143; x_wconf 86' lang='lat' dir='ltr'><strong>Dominus</strong></span> <span class='ocrx_word' id='word_1_656' title='bbox 947 3111 1110 3150; x_wconf 80' lang='lat' dir='ltr'><strong>Hiberniae,</strong></span> <span class='ocrx_word' id='word_1_657' title='bbox 1130 3112 1201 3143; x_wconf 89' lang='lat' dir='ltr'><strong>Dux</strong></span> 
     </span>
     <span class='ocr_line' id='line_1_84' title="bbox 223 3149 1201 3190; baseline 0.002 -11"><span class='ocrx_word' id='word_1_658' title='bbox 223 3150 414 3180; x_wconf 86' lang='lat' dir='ltr'><strong>Normanniae</strong></span> <span class='ocrx_word' id='word_1_659' title='bbox 428 3151 461 3181; x_wconf 88' lang='lat'>&amp;</span> <span class='ocrx_word' id='word_1_660' title='bbox 474 3151 652 3189; x_wconf 81' lang='lat' dir='ltr'><strong>Aquitaniae,</strong></span> <span class='ocrx_word' id='word_1_661' title='bbox 669 3151 703 3182; x_wconf 93' lang='lat'>&amp;</span> <span class='ocrx_word' id='word_1_662' title='bbox 717 3149 825 3180; x_wconf 82' lang='lat' dir='ltr'><strong>Comes</strong></span> <span class='ocrx_word' id='word_1_663' title='bbox 847 3149 1034 3190; x_wconf 80' lang='lat' dir='ltr'><strong>Andegaviae,</strong></span> <span class='ocrx_word' id='word_1_664' title='bbox 1051 3152 1201 3190; x_wconf 86' lang='lat' dir='ltr'><strong>omnibus,</strong></span> 
     </span>
     <span class='ocr_line' id='line_1_85' title="bbox 143 3188 878 3228; baseline 0 -10"><span class='ocrx_word' id='word_1_665' title='bbox 143 3188 177 3218; x_wconf 89' lang='lat' dir='ltr'><strong>ad</strong></span> <span class='ocrx_word' id='word_1_666' title='bbox 193 3198 263 3226; x_wconf 90' lang='lat' dir='ltr'><strong>quos</strong></span> <span class='ocrx_word' id='word_1_667' title='bbox 276 3189 418 3227; x_wconf 78' lang='lat' dir='ltr'><strong>praesentes</strong></span> <span class='ocrx_word' id='word_1_668' title='bbox 432 3189 529 3220; x_wconf 85' lang='lat' dir='ltr'><strong>litterae</strong></span> <span class='ocrx_word' id='word_1_669' title='bbox 541 3190 736 3228; x_wconf 87' lang='lat' dir='ltr'><strong>pervenerint,</strong></span> <span class='ocrx_word' id='word_1_670' title='bbox 754 3188 878 3219; x_wconf 86' lang='lat' dir='ltr'><strong>salutem.</strong></span> 
     </span>
    </p>

    <p class='ocr_par' dir='ltr' id='par_1_28' title="bbox 141 3226 1201 3567">
     <span class='ocr_line' id='line_1_86' title="bbox 180 3226 1200 3264; baseline 0.001 -7"><span class='ocrx_word' id='word_1_671' title='bbox 180 3227 278 3257; x_wconf 87' lang='lat' dir='ltr'><strong>Sciatis</strong></span> <span class='ocrx_word' id='word_1_672' title='bbox 292 3227 367 3264; x_wconf 89' lang='lat' dir='ltr'><strong>quod</strong></span> <span class='ocrx_word' id='word_1_673' title='bbox 380 3226 562 3258; x_wconf 80' lang='lat' dir='ltr'><strong>dedimus&amp;</strong></span> <span class='ocrx_word' id='word_1_674' title='bbox 582 3227 769 3258; x_wconf 69' lang='lat' dir='ltr'><strong>concessimus</strong></span> <span class='ocrx_word' id='word_1_675' title='bbox 788 3226 930 3258; x_wconf 82' lang='lat' dir='ltr'><strong>Edwardo</strong></span> <span class='ocrx_word' id='word_1_676' title='bbox 950 3227 1008 3258; x_wconf 83' lang='lat' dir='ltr'><strong>filio</strong></span> <span class='ocrx_word' id='word_1_677' title='bbox 1023 3227 1121 3258; x_wconf 85' lang='lat' dir='ltr'><strong>nostro</strong></span> <span class='ocrx_word' id='word_1_678' title='bbox 1134 3238 1200 3258; x_wconf 90' lang='lat' dir='ltr'><strong>om-</strong></span> 
     </span>
     <span class='ocr_line' id='line_1_87' title="bbox 144 3265 1200 3305; baseline 0.002 -10"><span class='ocrx_word' id='word_1_679' title='bbox 144 3266 189 3295; x_wconf 88' lang='lat' dir='ltr'><strong>nia</strong></span> <span class='ocrx_word' id='word_1_680' title='bbox 204 3265 313 3303; x_wconf 90' lang='lat' dir='ltr'><strong>debita,</strong></span> <span class='ocrx_word' id='word_1_681' title='bbox 327 3266 361 3296; x_wconf 90' lang='lat'>&amp;</span> <span class='ocrx_word' id='word_1_682' title='bbox 375 3267 504 3305; x_wconf 85' lang='lat' dir='ltr'><strong>arreragia</strong></span> <span class='ocrx_word' id='word_1_683' title='bbox 521 3266 686 3297; x_wconf 87' lang='lat' dir='ltr'><strong>debitorum</strong></span> <span class='ocrx_word' id='word_1_684' title='bbox 705 3274 770 3304; x_wconf 76' lang='lat' dir='ltr'><strong>quae</strong></span> <span class='ocrx_word' id='word_1_685' title='bbox 789 3266 871 3295; x_wconf 91' lang='lat' dir='ltr'><strong>nobis</strong></span> <span class='ocrx_word' id='word_1_686' title='bbox 889 3266 1030 3297; x_wconf 88' lang='lat' dir='ltr'><strong>debentur</strong></span> <span class='ocrx_word' id='word_1_687' title='bbox 1044 3268 1074 3296; x_wconf 92' lang='lat' dir='ltr'><strong>in</strong></span> <span class='ocrx_word' id='word_1_688' title='bbox 1094 3266 1200 3297; x_wconf 86' lang='lat' dir='ltr'><strong>Hiber-</strong></span> 
     </span>
     <span class='ocr_line' id='line_1_88' title="bbox 144 3304 1200 3344; baseline 0.002 -11"><span class='ocrx_word' id='word_1_689' title='bbox 144 3305 206 3342; x_wconf 87' lang='lat' dir='ltr'><strong>nia,</strong></span> <span class='ocrx_word' id='word_1_690' title='bbox 221 3304 253 3334; x_wconf 85' lang='lat'>&amp;</span> <span class='ocrx_word' id='word_1_691' title='bbox 267 3313 329 3342; x_wconf 72' lang='lat' dir='ltr'><strong>quae</strong></span> <span class='ocrx_word' id='word_1_692' title='bbox 349 3313 400 3333; x_wconf 92' lang='lat' dir='ltr'><strong>nos</strong></span> <span class='ocrx_word' id='word_1_693' title='bbox 417 3313 596 3343; x_wconf 87' lang='lat' dir='ltr'><strong>quacumque</strong></span> <span class='ocrx_word' id='word_1_694' title='bbox 616 3305 724 3333; x_wconf 86' lang='lat' dir='ltr'><strong>ratione</strong></span> <span class='ocrx_word' id='word_1_695' title='bbox 743 3304 851 3342; x_wconf 84' lang='lat' dir='ltr'><strong>exigere</strong></span> <span class='ocrx_word' id='word_1_696' title='bbox 867 3304 1011 3344; x_wconf 81' lang='lat' dir='ltr'><strong>poffemus</strong></span> <span class='ocrx_word' id='word_1_697' title='bbox 1025 3316 1041 3335; x_wconf 88' lang='lat' dir='ltr'><strong>a</strong></span> <span class='ocrx_word' id='word_1_698' title='bbox 1059 3315 1200 3343; x_wconf 84' lang='lat' dir='ltr'><strong>quocum-</strong></span> 
     </span>
     <span class='ocr_line' id='line_1_89' title="bbox 144 3341 1199 3410; baseline 0.002 -38"><span class='ocrx_word' id='word_1_699' title='bbox 144 3353 198 3382; x_wconf 87' lang='lat' dir='ltr'><strong>que</strong></span> <span class='ocrx_word' id='word_1_700' title='bbox 217 3351 343 3410; x_wconf 61' lang='lat' dir='ltr'><strong>terlnpore</strong></span> <span class='ocrx_word' id='word_1_701' title='bbox 356 3364 365 3380; x_wconf 88' lang='lat'><strong>,</strong></span> <span class='ocrx_word' id='word_1_702' title='bbox 392 3342 424 3372; x_wconf 87' lang='lat'>&amp;</span> <span class='ocrx_word' id='word_1_703' title='bbox 445 3341 480 3371; x_wconf 90' lang='lat' dir='ltr'><strong>de</strong></span> <span class='ocrx_word' id='word_1_704' title='bbox 496 3342 717 3381; x_wconf 85' lang='lat' dir='ltr'><strong>quibuscumque</strong></span> <span class='ocrx_word' id='word_1_705' title='bbox 736 3342 851 3372; x_wconf 78' lang='lat' dir='ltr'><strong>exitibus</strong></span> <span class='ocrx_word' id='word_1_706' title='bbox 867 3366 877 3380; x_wconf 80' lang='lat'><strong>,</strong></span> <span class='ocrx_word' id='word_1_707' title='bbox 899 3343 944 3373; x_wconf 87' lang='lat' dir='ltr'><strong>seu</strong></span> <span class='ocrx_word' id='word_1_708' title='bbox 966 3345 1147 3382; x_wconf 86' lang='lat' dir='ltr'><strong>proventibus</strong></span> <span class='ocrx_word' id='word_1_709' title='bbox 1165 3345 1199 3374; x_wconf 88' lang='lat' dir='ltr'><strong>ad</strong></span> 
     </span>
     <span class='ocr_line' id='line_1_90' title="bbox 145 3380 1200 3418; baseline 0.001 -7"><span class='ocrx_word' id='word_1_710' title='bbox 145 3391 196 3411; x_wconf 93' lang='lat' dir='ltr'><strong>nos</strong></span> <span class='ocrx_word' id='word_1_711' title='bbox 210 3383 239 3411; x_wconf 90' lang='lat' dir='ltr'><strong>in</strong></span> <span class='ocrx_word' id='word_1_712' title='bbox 286 3381 392 3410; x_wconf 83' lang='lat' dir='ltr'><strong>ibernia</strong></span> <span class='ocrx_word' id='word_1_713' title='bbox 406 3381 621 3418; x_wconf 83' lang='lat' dir='ltr'><strong>pertinentibus·⁷</strong></span> <span class='ocrx_word' id='word_1_714' title='bbox 635 3380 711 3410; x_wconf 89' lang='lat' dir='ltr'><strong>salvis</strong></span> <span class='ocrx_word' id='word_1_715' title='bbox 725 3387 819 3410; x_wconf 84' lang='lat' dir='ltr'><strong>tamen</strong></span> <span class='ocrx_word' id='word_1_716' title='bbox 840 3381 922 3412; x_wconf 91' lang='lat' dir='ltr'><strong>nobis</strong></span> <span class='ocrx_word' id='word_1_717' title='bbox 936 3383 1068 3412; x_wconf 87' lang='lat' dir='ltr'><strong>omnibus</strong></span> <span class='ocrx_word' id='word_1_718' title='bbox 1083 3384 1200 3412; x_wconf 83' lang='lat' dir='ltr'><strong>exitibus</strong></span> 
     </span>
     <span class='ocr_line' id='line_1_91' title="bbox 143 3418 1201 3460; baseline -0.003 -10"><span class='ocrx_word' id='word_1_719' title='bbox 143 3420 370 3460; x_wconf 82' lang='lat' dir='ltr'><strong>provenientibus</strong></span> <span class='ocrx_word' id='word_1_720' title='bbox 392 3419 426 3448; x_wconf 90' lang='lat' dir='ltr'><strong>de</strong></span> <span class='ocrx_word' id='word_1_721' title='bbox 444 3418 577 3448; x_wconf 86' lang='lat' dir='ltr'><strong>custodiis</strong></span> <span class='ocrx_word' id='word_1_722' title='bbox 591 3441 602 3456; x_wconf 90' lang='lat'><strong>,</strong></span> <span class='ocrx_word' id='word_1_723' title='bbox 626 3419 658 3448; x_wconf 89' lang='lat'>&amp;</span> <span class='ocrx_word' id='word_1_724' title='bbox 675 3419 867 3452; x_wconf 82' lang='lat' dir='ltr'><strong>vacationibus</strong></span> <span class='ocrx_word' id='word_1_725' title='bbox 887 3419 1073 3451; x_wconf 84' lang='lat' dir='ltr'><strong>Ecclesiarum</strong></span> <span class='ocrx_word' id='word_1_726' title='bbox 1096 3420 1201 3451; x_wconf 81' lang='lat' dir='ltr'><strong>Cathe-</strong></span> 
     </span>
     <span class='ocr_line' id='line_1_92' title="bbox 143 3456 1198 3499; baseline 0 -10"><span class='ocrx_word' id='word_1_727' title='bbox 143 3459 276 3497; x_wconf 77' lang='lat' dir='ltr'><strong>dralium,</strong></span> <span class='ocrx_word' id='word_1_728' title='bbox 296 3457 473 3488; x_wconf 89' lang='lat' dir='ltr'><strong>Crocearum</strong></span> <span class='ocrx_word' id='word_1_729' title='bbox 486 3457 519 3487; x_wconf 68' lang='grc' dir='ltr'><strong>ὃς</strong></span> <span class='ocrx_word' id='word_1_730' title='bbox 536 3457 720 3487; x_wconf 87' lang='lat' dir='ltr'><strong>Abbatiarum</strong></span> <span class='ocrx_word' id='word_1_731' title='bbox 733 3464 813 3486; x_wconf 87' lang='lat' dir='ltr'><strong>terrae</strong></span> <span class='ocrx_word' id='word_1_732' title='bbox 825 3456 990 3496; x_wconf 74' lang='lat' dir='ltr'><strong>Hiberniae,</strong></span> <span class='ocrx_word' id='word_1_733' title='bbox 1008 3469 1078 3499; x_wconf 90' lang='lat' dir='ltr'><strong>quos</strong></span> <span class='ocrx_word' id='word_1_734' title='bbox 1091 3460 1121 3489; x_wconf 90' lang='lat' dir='ltr'><strong>in</strong></span> <span class='ocrx_word' id='word_1_735' title='bbox 1138 3469 1198 3490; x_wconf 88' lang='lat' dir='ltr'><strong>ma-</strong></span> 
     </span>
     <span class='ocr_line' id='line_1_93' title="bbox 143 3493 1197 3535; baseline 0 -7"><span class='ocrx_word' id='word_1_736' title='bbox 143 3508 183 3528; x_wconf 89' lang='lat' dir='ltr'><strong>nu</strong></span> <span class='ocrx_word' id='word_1_737' title='bbox 195 3497 291 3528; x_wconf 90' lang='lat' dir='ltr'><strong>nostra</strong></span> <span class='ocrx_word' id='word_1_738' title='bbox 303 3497 484 3534; x_wconf 81' lang='lat' dir='ltr'><strong>retinuimus,</strong></span> <span class='ocrx_word' id='word_1_739' title='bbox 501 3495 615 3533; x_wconf 89' lang='lat' dir='ltr'><strong>quando</strong></span> <span class='ocrx_word' id='word_1_740' title='bbox 627 3494 720 3524; x_wconf 89' lang='lat' dir='ltr'><strong>eidem</strong></span> <span class='ocrx_word' id='word_1_741' title='bbox 738 3493 878 3527; x_wconf 81' lang='lat' dir='ltr'><strong>Edwardo</strong></span> <span class='ocrx_word' id='word_1_742' title='bbox 893 3496 1018 3528; x_wconf 90' lang='lat' dir='ltr'><strong>dedimus</strong></span> <span class='ocrx_word' id='word_1_743' title='bbox 1031 3498 1197 3535; x_wconf 57' lang='lat' dir='ltr'><strong>praedictam</strong></span> 
     </span>
     <span class='ocr_line' id='line_1_94' title="bbox 141 3536 417 3567; baseline -0.007 -1"><span class='ocrx_word' id='word_1_744' title='bbox 141 3545 244 3567; x_wconf 86' lang='lat' dir='ltr'><strong>terram</strong></span> <span class='ocrx_word' id='word_1_745' title='bbox 258 3536 417 3566; x_wconf 78' lang='lat' dir='ltr'><strong>Hiberniae.</strong></span> 
     </span>
    </p>

    <p class='ocr_par' dir='ltr' id='par_1_29' title="bbox 140 3570 1198 3804">
     <span class='ocr_line' id='line_1_95' title="bbox 178 3570 1197 3614; baseline -0.002 -9"><span class='ocrx_word' id='word_1_746' title='bbox 178 3573 320 3605; x_wconf 88' lang='lat' dir='ltr'><strong>Dedimus</strong></span> <span class='ocrx_word' id='word_1_747' title='bbox 338 3575 421 3604; x_wconf 86' lang='lat' dir='ltr'><strong>etiam</strong></span> <span class='ocrx_word' id='word_1_748' title='bbox 442 3573 475 3604; x_wconf 67' lang='grc' dir='ltr'><strong>ὃς</strong></span> <span class='ocrx_word' id='word_1_749' title='bbox 494 3571 681 3603; x_wconf 75' lang='lat' dir='ltr'><strong>concessimus</strong></span> <span class='ocrx_word' id='word_1_750' title='bbox 703 3570 795 3602; x_wconf 82' lang='lat' dir='ltr'><strong>eidem</strong></span> <span class='ocrx_word' id='word_1_751' title='bbox 815 3572 958 3605; x_wconf 85' lang='lat' dir='ltr'><strong>Edwardo</strong></span> <span class='ocrx_word' id='word_1_752' title='bbox 978 3584 1079 3605; x_wconf 90' lang='lat' dir='ltr'><strong>omnes</strong></span> <span class='ocrx_word' id='word_1_753' title='bbox 1093 3575 1197 3614; x_wconf 84' lang='lat' dir='ltr'><strong>exitus,</strong></span> 
     </span>
     <span class='ocr_line' id='line_1_96' title="bbox 140 3608 1197 3654; baseline 0 -11"><span class='ocrx_word' id='word_1_754' title='bbox 140 3614 189 3652; x_wconf 90' lang='lat' dir='ltr'><strong>qui</strong></span> <span class='ocrx_word' id='word_1_755' title='bbox 207 3621 398 3653; x_wconf 88' lang='lat' dir='ltr'><strong>provenerunt</strong></span> <span class='ocrx_word' id='word_1_756' title='bbox 419 3611 454 3643; x_wconf 87' lang='lat' dir='ltr'><strong>de</strong></span> <span class='ocrx_word' id='word_1_757' title='bbox 472 3610 569 3642; x_wconf 91' lang='lat' dir='ltr'><strong>eadem</strong></span> <span class='ocrx_word' id='word_1_758' title='bbox 590 3618 661 3641; x_wconf 90' lang='lat' dir='ltr'><strong>terra</strong></span> <span class='ocrx_word' id='word_1_759' title='bbox 680 3608 836 3654; x_wconf 39' lang='lat' dir='ltr'><strong>postquam·</strong></span> <span class='ocrx_word' id='word_1_760' title='bbox 846 3613 941 3649; x_wconf 88' lang='lat' dir='ltr'><strong>primo</strong></span> <span class='ocrx_word' id='word_1_761' title='bbox 961 3613 1089 3643; x_wconf 90' lang='lat' dir='ltr'><strong>dedimus</strong></span> <span class='ocrx_word' id='word_1_762' title='bbox 1104 3612 1197 3643; x_wconf 89' lang='lat' dir='ltr'><strong>eidem</strong></span> 
     </span>
     <span class='ocr_line' id='line_1_97' title="bbox 140 3647 1198 3691; baseline -0.007 -9"><span class='ocrx_word' id='word_1_763' title='bbox 140 3661 244 3682; x_wconf 88' lang='lat' dir='ltr'><strong>terram</strong></span> <span class='ocrx_word' id='word_1_764' title='bbox 258 3651 437 3690; x_wconf 66' lang='lat' dir='ltr'><strong>praedietam3</strong></span> <span class='ocrx_word' id='word_1_765' title='bbox 454 3649 584 3680; x_wconf 89' lang='lat' dir='ltr'><strong>videlicet</strong></span> <span class='ocrx_word' id='word_1_766' title='bbox 593 3672 603 3688; x_wconf 90' lang='lat'><strong>,</strong></span> <span class='ocrx_word' id='word_1_767' title='bbox 619 3649 678 3679; x_wconf 75' lang='lat' dir='ltr'><strong>tam</strong></span> <span class='ocrx_word' id='word_1_768' title='bbox 691 3647 726 3678; x_wconf 91' lang='lat' dir='ltr'><strong>de</strong></span> <span class='ocrx_word' id='word_1_769' title='bbox 741 3656 818 3679; x_wconf 85' lang='lat' dir='ltr'><strong>terris</strong></span> <span class='ocrx_word' id='word_1_770' title='bbox 829 3649 897 3689; x_wconf 84' lang='lat' dir='ltr'><strong>illis,</strong></span> <span class='ocrx_word' id='word_1_771' title='bbox 916 3661 982 3691; x_wconf 89' lang='lat' dir='ltr'><strong>quas</strong></span> <span class='ocrx_word' id='word_1_772' title='bbox 996 3653 1021 3681; x_wconf 89' lang='lat' dir='ltr'><strong>ei</strong></span> <span class='ocrx_word' id='word_1_773' title='bbox 1037 3652 1133 3689; x_wconf 86' lang='lat' dir='ltr'><strong>primo</strong></span> <span class='ocrx_word' id='word_1_774' title='bbox 1147 3652 1198 3682; x_wconf 78' lang='lat' dir='ltr'><strong>de.</strong></span> 
     </span>
     <span class='ocr_line' id='line_1_98' title="bbox 140 3685 1196 3730; baseline 0 -10"><span class='ocrx_word' id='word_1_775' title='bbox 140 3690 233 3720; x_wconf 84' lang='lat' dir='ltr'><strong>dimus</strong></span> <span class='ocrx_word' id='word_1_776' title='bbox 248 3691 279 3720; x_wconf 90' lang='lat' dir='ltr'><strong>in</strong></span> <span class='ocrx_word' id='word_1_777' title='bbox 294 3690 348 3728; x_wconf 88' lang='lat' dir='ltr'><strong>ipsa</strong></span> <span class='ocrx_word' id='word_1_778' title='bbox 363 3698 433 3720; x_wconf 87' lang='lat' dir='ltr'><strong>terra</strong></span> <span class='ocrx_word' id='word_1_779' title='bbox 448 3688 614 3726; x_wconf 82' lang='lat' dir='ltr'><strong>Hiberniae,</strong></span> <span class='ocrx_word' id='word_1_780' title='bbox 632 3685 717 3726; x_wconf 59' lang='lat' dir='ltr'><strong>quam</strong></span> <span class='ocrx_word' id='word_1_781' title='bbox 732 3685 767 3730; x_wconf 75' lang='lat' dir='ltr'><strong>de</strong></span> <span class='ocrx_word' id='word_1_782' title='bbox 779 3686 854 3726; x_wconf 84' lang='lat' dir='ltr'><strong>aliis,</strong></span> <span class='ocrx_word' id='word_1_783' title='bbox 871 3698 936 3728; x_wconf 86' lang='lat' dir='ltr'><strong>quas</strong></span> <span class='ocrx_word' id='word_1_784' title='bbox 949 3690 978 3719; x_wconf 87' lang='lat' dir='ltr'><strong>in</strong></span> <span class='ocrx_word' id='word_1_785' title='bbox 997 3700 1083 3720; x_wconf 87' lang='lat' dir='ltr'><strong>manu</strong></span> <span class='ocrx_word' id='word_1_786' title='bbox 1103 3689 1196 3720; x_wconf 87' lang='lat' dir='ltr'><strong>nostra</strong></span> 
     </span>
     <span class='ocr_line' id='line_1_99' title="bbox 140 3724 1196 3766; baseline -0.004 -8"><span class='ocrx_word' id='word_1_787' title='bbox 140 3729 340 3759; x_wconf 86' lang='lat' dir='ltr'><strong>retinueramus</strong></span> <span class='ocrx_word' id='word_1_788' title='bbox 354 3751 363 3766; x_wconf 93' lang='lat'><strong>,</strong></span> <span class='ocrx_word' id='word_1_789' title='bbox 389 3729 422 3759; x_wconf 75' lang='grc' dir='ltr'><strong>δε</strong></span> <span class='ocrx_word' id='word_1_790' title='bbox 435 3737 478 3757; x_wconf 89' lang='lat' dir='ltr'><strong>eas</strong></span> <span class='ocrx_word' id='word_1_791' title='bbox 492 3729 517 3757; x_wconf 90' lang='lat' dir='ltr'><strong>ei</strong></span> <span class='ocrx_word' id='word_1_792' title='bbox 534 3727 628 3765; x_wconf 89' lang='lat' dir='ltr'><strong>postea</strong></span> <span class='ocrx_word' id='word_1_793' title='bbox 642 3724 810 3755; x_wconf 78' lang='lat' dir='ltr'><strong>donavimus</strong></span> <span class='ocrx_word' id='word_1_794' title='bbox 823 3734 871 3764; x_wconf 89' lang='lat' dir='ltr'><strong>per</strong></span> <span class='ocrx_word' id='word_1_795' title='bbox 890 3736 977 3758; x_wconf 75' lang='lat' dir='ltr'><strong>cartas</strong></span> <span class='ocrx_word' id='word_1_796' title='bbox 990 3727 1111 3766; x_wconf 71' lang='lat' dir='ltr'><strong>nostras,</strong></span> <span class='ocrx_word' id='word_1_797' title='bbox 1129 3738 1196 3766; x_wconf 82' lang='lat' dir='ltr'><strong>quas</strong></span> 
     </span>
     <span class='ocr_line' id='line_1_100' title="bbox 140 3763 886 3804; baseline -0.007 -7"><span class='ocrx_word' id='word_1_798' title='bbox 140 3767 208 3797; x_wconf 83' lang='lat' dir='ltr'><strong>inde</strong></span> <span class='ocrx_word' id='word_1_799' title='bbox 221 3766 304 3797; x_wconf 90' lang='lat' dir='ltr'><strong>habet</strong></span> <span class='ocrx_word' id='word_1_800' title='bbox 318 3778 334 3798; x_wconf 88' lang='lat' dir='ltr'><strong>a</strong></span> <span class='ocrx_word' id='word_1_801' title='bbox 346 3775 474 3804; x_wconf 80' lang='lat' dir='ltr'><strong>tempore</strong></span> <span class='ocrx_word' id='word_1_802' title='bbox 487 3765 559 3796; x_wconf 87' lang='lat' dir='ltr'><strong>datae</strong></span> <span class='ocrx_word' id='word_1_803' title='bbox 575 3763 728 3796; x_wconf 87' lang='lat' dir='ltr'><strong>earundem</strong></span> <span class='ocrx_word' id='word_1_804' title='bbox 742 3770 886 3793; x_wconf 81' lang='lat' dir='ltr'><strong>cartarum.</strong></span> 
     </span>
    </p>

    <p class='ocr_par' dir='ltr' id='par_1_30' title="bbox 136 3800 1198 3844">
     <span class='ocr_line' id='line_1_101' title="bbox 136 3800 1198 3844; baseline -0.001 -8"><span class='ocrx_word' id='word_1_805' title='bbox 136 3812 141 3815; x_wconf 78' lang='grc'><strong>”</strong></span> <span class='ocrx_word' id='word_1_806' title='bbox 179 3806 263 3844; x_wconf 82' lang='lat' dir='ltr'><strong>Qios</strong></span> <span class='ocrx_word' id='word_1_807' title='bbox 278 3805 392 3843; x_wconf 87' lang='lat' dir='ltr'><strong>quidem</strong></span> <span class='ocrx_word' id='word_1_808' title='bbox 406 3807 492 3835; x_wconf 86' lang='lat' dir='ltr'><strong>exitus</strong></span> <span class='ocrx_word' id='word_1_809' title='bbox 511 3804 602 3835; x_wconf 89' lang='lat' dir='ltr'><strong>eidem</strong></span> <span class='ocrx_word' id='word_1_810' title='bbox 616 3800 757 3833; x_wconf 88' lang='lat' dir='ltr'><strong>Edwardo</strong></span> <span class='ocrx_word' id='word_1_811' title='bbox 770 3824 780 3839; x_wconf 91' lang='lat'><strong>,</strong></span> <span class='ocrx_word' id='word_1_812' title='bbox 804 3801 850 3831; x_wconf 88' lang='lat' dir='ltr'><strong>vel</strong></span> <span class='ocrx_word' id='word_1_813' title='bbox 865 3810 949 3844; x_wconf 22' lang='lat' dir='ltr'><strong>*certo</strong></span> <span class='ocrx_word' id='word_1_814' title='bbox 962 3804 1114 3835; x_wconf 84' lang='lat' dir='ltr'><strong>Attornato</strong></span> <span class='ocrx_word' id='word_1_815' title='bbox 1132 3804 1198 3844; x_wconf 84' lang='lat' dir='ltr'><strong>suo,</strong></span> 
     </span>
    </p>

    <p class='ocr_par' dir='ltr' id='par_1_31' title="bbox 141 3839 1195 3884">
     <span class='ocr_line' id='line_1_102' title="bbox 141 3839 1195 3884; baseline 0.002 -12"><span class='ocrx_word' id='word_1_816' title='bbox 141 3852 190 3879; x_wconf 88' lang='lat' dir='ltr'><strong>per</strong></span> <span class='ocrx_word' id='word_1_817' title='bbox 202 3844 263 3874; x_wconf 86' lang='lat' dir='ltr'><strong>alias</strong></span> <span class='ocrx_word' id='word_1_818' title='bbox 278 3844 378 3874; x_wconf 88' lang='lat' dir='ltr'><strong>litteras</strong></span> <span class='ocrx_word' id='word_1_819' title='bbox 399 3843 507 3874; x_wconf 90' lang='lat' dir='ltr'><strong>nostras</strong></span> <span class='ocrx_word' id='word_1_820' title='bbox 529 3850 651 3883; x_wconf 87' lang='lat' dir='ltr'><strong>patentes</strong></span> <span class='ocrx_word' id='word_1_821' title='bbox 665 3863 674 3884; x_wconf 74' lang='lat'><strong>,</strong></span> <span class='ocrx_word' id='word_1_822' title='bbox 689 3839 820 3883; x_wconf 30' lang='lat' dir='ltr'><strong>⁴Johaflnni</strong></span> <span class='ocrx_word' id='word_1_823' title='bbox 840 3839 911 3883; x_wconf 65' lang='lat' dir='ltr'><strong>Filio</strong></span> <span class='ocrx_word' id='word_1_824' title='bbox 925 3840 1046 3873; x_wconf 87' lang='lat' dir='ltr'><strong>Galfridi</strong></span> <span class='ocrx_word' id='word_1_825' title='bbox 1056 3843 1195 3881; x_wconf 86' lang='lat' dir='ltr'><strong>Justiciar.</strong></span> 
     </span>
    </p>

    <p class='ocr_par' dir='ltr' id='par_1_32' title="bbox 140 3877 1196 3921">
     <span class='ocr_line' id='line_1_103' title="bbox 140 3877 1196 3921; baseline 0.002 -11"><span class='ocrx_word' id='word_1_826' title='bbox 140 3879 305 3920; x_wconf 82' lang='lat' dir='ltr'><strong>Hiberniae,</strong></span> <span class='ocrx_word' id='word_1_827' title='bbox 325 3884 357 3913; x_wconf 88' lang='lat'>&amp;</span> <span class='ocrx_word' id='word_1_828' title='bbox 370 3882 426 3918; x_wconf 89' lang='lat' dir='ltr'><strong>ejus</strong></span> <span class='ocrx_word' id='word_1_829' title='bbox 439 3882 536 3912; x_wconf 90' lang='lat' dir='ltr'><strong>locum</strong></span> <span class='ocrx_word' id='word_1_830' title='bbox 547 3881 672 3910; x_wconf 84' lang='lat' dir='ltr'><strong>Tenenti</strong></span> <span class='ocrx_word' id='word_1_831' title='bbox 688 3888 716 3907; x_wconf 88' lang='lat' dir='ltr'><strong>in</strong></span> <span class='ocrx_word' id='word_1_832' title='bbox 724 3877 884 3921; x_wconf 71' lang='lat' dir='ltr'><strong>Hibernia,</strong></span> <span class='ocrx_word' id='word_1_833' title='bbox 902 3879 934 3909; x_wconf 91' lang='lat'>&amp;</span> <span class='ocrx_word' id='word_1_834' title='bbox 946 3879 1146 3920; x_wconf 85' lang='lat' dir='ltr'><strong>Thesaurariis,</strong></span> <span class='ocrx_word' id='word_1_835' title='bbox 1163 3891 1196 3912; x_wconf 89' lang='lat' dir='ltr'><strong>ac</strong></span> 
     </span>
    </p>

    <p class='ocr_par' dir='ltr' id='par_1_33' title="bbox 140 3915 1197 3987">
     <span class='ocr_line' id='line_1_104' title="bbox 140 3915 1197 3963; baseline 0.002 -16"><span class='ocrx_word' id='word_1_836' title='bbox 140 3917 295 3962; x_wconf 74' lang='lat' dir='ltr'><strong>Baronibus</strong></span> <span class='ocrx_word' id='word_1_837' title='bbox 309 3919 411 3950; x_wconf 88' lang='lat' dir='ltr'><strong>nostris</strong></span> <span class='ocrx_word' id='word_1_838' title='bbox 425 3920 461 3951; x_wconf 86' lang='lat' dir='ltr'><strong>de</strong></span> <span class='ocrx_word' id='word_1_839' title='bbox 475 3919 624 3951; x_wconf 89' lang='lat' dir='ltr'><strong>Scaccario</strong></span> <span class='ocrx_word' id='word_1_840' title='bbox 639 3916 808 3948; x_wconf 88' lang='lat' dir='ltr'><strong>Dublinensi</strong></span> <span class='ocrx_word' id='word_1_841' title='bbox 822 3915 950 3956; x_wconf 64' lang='lat' dir='ltr'><strong>directas,</strong></span> <span class='ocrx_word' id='word_1_842' title='bbox 968 3919 1075 3963; x_wconf 79' lang='lat' dir='ltr'><strong>integre</strong></span> <span class='ocrx_word' id='word_1_843' title='bbox 1090 3920 1197 3951; x_wconf 83' lang='lat' dir='ltr'><strong>rest-itui</strong></span> 
     </span>
     <span class='ocr_line' id='line_1_105' title="bbox 160 3966 331 3987; baseline 0.012 -2"><span class='ocrx_word' id='word_1_844' title='bbox 160 3966 232 3986; x_wconf 87' lang='lat' dir='ltr'><strong>raece</strong></span> <span class='ocrx_word' id='word_1_845' title='bbox 251 3966 331 3987; x_wconf 82' lang='lat' dir='ltr'><strong>imus.</strong></span> 
     </span>
    </p>

    <p class='ocr_par' dir='ltr' id='par_1_34' title="bbox 138 3965 1198 4036">
     <span class='ocr_line' id='line_1_106' title="bbox 138 3965 1198 4036; baseline 0.004 -12"><span class='ocrx_word' id='word_1_846' title='bbox 138 3965 158 3995; x_wconf 76' lang='lat' dir='ltr'>p</span> <span class='ocrx_word' id='word_1_847' title='bbox 183 3994 217 4024; x_wconf 91' lang='lat' dir='ltr'><strong>In</strong></span> <span class='ocrx_word' id='word_1_848' title='bbox 232 3966 316 4032; x_wconf 57' lang='lat' dir='ltr'><strong>{ujus</strong></span> <span class='ocrx_word' id='word_1_849' title='bbox 336 3995 377 4025; x_wconf 86' lang='lat' dir='ltr'><strong>rei</strong></span> <span class='ocrx_word' id='word_1_850' title='bbox 396 3995 590 4027; x_wconf 81' lang='lat' dir='ltr'><strong>testimonium</strong></span> <span class='ocrx_word' id='word_1_851' title='bbox 608 3993 657 4024; x_wconf 85' lang='lat' dir='ltr'><strong>has</strong></span> <span class='ocrx_word' id='word_1_852' title='bbox 679 3993 780 4024; x_wconf 88' lang='lat' dir='ltr'><strong>litteras</strong></span> <span class='ocrx_word' id='word_1_853' title='bbox 799 3991 906 4024; x_wconf 84' lang='lat' dir='ltr'><strong>nostras</strong></span> <span class='ocrx_word' id='word_1_854' title='bbox 929 3991 990 4025; x_wconf 83' lang='lat' dir='ltr'><strong>fieri</strong></span> <span class='ocrx_word' id='word_1_855' title='bbox 1010 3994 1127 4028; x_wconf 87' lang='lat' dir='ltr'><strong>fecimus</strong></span> <span class='ocrx_word' id='word_1_856' title='bbox 1148 4006 1198 4036; x_wconf 83' lang='lat' dir='ltr'><strong>pa-</strong></span> 
     </span>
    </p>

    <p class='ocr_par' dir='ltr' id='par_1_35' title="bbox 141 4040 238 4064">
     <span class='ocr_line' id='line_1_107' title="bbox 141 4040 238 4064; baseline -0.021 0"><span class='ocrx_word' id='word_1_857' title='bbox 141 4040 238 4064; x_wconf 72' lang='lat' dir='ltr'><strong>tentes</strong></span> 
     </span>
    </p>

    <p class='ocr_par' dir='ltr' id='par_1_36' title="bbox 181 4071 374 4103">
     <span class='ocr_line' id='line_1_108' title="bbox 181 4071 374 4103; baseline -0.016 0"><span class='ocrx_word' id='word_1_858' title='bbox 181 4074 252 4103; x_wconf 79' lang='lat' dir='ltr'><em>Tom.</em></span> <span class='ocrx_word' id='word_1_859' title='bbox 266 4072 290 4100; x_wconf 89' lang='grc' dir='ltr'><strong>Ι.</strong></span> <span class='ocrx_word' id='word_1_860' title='bbox 304 4071 337 4100; x_wconf 87' lang='grc' dir='ltr'><strong>Ρ.</strong></span> <span class='ocrx_word' id='word_1_861' title='bbox 349 4072 374 4100; x_wconf 90' lang='grc' dir='ltr'><strong>Ι.</strong></span> 
     </span>
    </p>
   </div>
   <div class='ocr_carea' id='block_1_14' title="bbox 1245 182 2293 244">
    <p class='ocr_par' dir='ltr' id='par_1_37' title="bbox 1245 182 2293 244">
     <span class='ocr_line' id='line_1_109' title="bbox 1245 182 2293 244; baseline 0.01 -22"><span class='ocrx_word' id='word_1_862' title='bbox 1245 182 1715 230; x_wconf 86' lang='lat' dir='ltr'>PUBLICA.</span> <span class='ocrx_word' id='word_1_863' title='bbox 2207 194 2293 244; x_wconf 82' lang='lat'><strong>187</strong></span> 
     </span>
    </p>
   </div>
   <div class='ocr_carea' id='block_1_15' title="bbox 1227 268 2424 355">
    <p class='ocr_par' dir='ltr' id='par_1_38' title="bbox 1227 268 2424 355">
     <span class='ocr_line' id='line_1_110' title="bbox 1262 268 2424 317; baseline 0.009 -19"><span class='ocrx_word' id='word_1_864' title='bbox 1262 268 1349 299; x_wconf 86' lang='lat' dir='ltr'><strong>Teste</strong></span> <span class='ocrx_word' id='word_1_865' title='bbox 1363 271 1553 316; x_wconf 32' lang='lat' dir='ltr'><strong>meipso-apud</strong></span> <span class='ocrx_word' id='word_1_866' title='bbox 1568 273 1708 316; x_wconf 59' lang='lat' dir='ltr'><strong>burdegal.</strong></span> <span class='ocrx_word' id='word_1_867' title='bbox 1725 274 1838 307; x_wconf 87' lang='lat' dir='ltr'><strong>decimo</strong></span> <span class='ocrx_word' id='word_1_868' title='bbox 1850 275 1956 308; x_wconf 61' lang='lat' dir='ltr'><strong>octavo</strong></span> <span class='ocrx_word' id='word_1_869' title='bbox 1965 276 2011 308; x_wconf 87' lang='lat' dir='ltr'><strong>die</strong></span> <span class='ocrx_word' id='word_1_870' title='bbox 2026 276 2211 317; x_wconf 74' lang='lat' dir='ltr'><strong>Septembris,</strong></span> <span class='ocrx_word' id='word_1_871' title='bbox 2229 289 2278 309; x_wconf 81' lang='lat' dir='ltr'><strong>an-</strong></span> <span class='ocrx_word' id='word_1_872' title='bbox 2291 276 2365 307; x_wconf 75' lang='lat' dir='ltr'><strong>Ann.</strong></span> <span class='ocrx_word' id='word_1_873' title='bbox 2382 278 2424 309; x_wconf 84' lang='lat' dir='ltr'><strong>D.</strong></span> 
     </span>
     <span class='ocr_line' id='line_1_111' title="bbox 1227 306 2392 355; baseline 0.018 -20"><span class='ocrx_word' id='word_1_874' title='bbox 1227 315 1267 336; x_wconf 87' lang='lat' dir='ltr'><strong>no</strong></span> <span class='ocrx_word' id='word_1_875' title='bbox 1281 306 1375 347; x_wconf 86' lang='lat' dir='ltr'><strong>Regni</strong></span> <span class='ocrx_word' id='word_1_876' title='bbox 1389 308 1477 338; x_wconf 81' lang='lat' dir='ltr'><strong>nostri</strong></span> <span class='ocrx_word' id='word_1_877' title='bbox 1491 315 1630 341; x_wconf 78' lang='lat' dir='ltr'><strong>tricesimo</strong></span> <span class='ocrx_word' id='word_1_878' title='bbox 1645 313 1757 343; x_wconf 64' lang='lat' dir='ltr'><strong>octavo.</strong></span> <span class='ocrx_word' id='word_1_879' title='bbox 2310 325 2392 355; x_wconf 81' lang='lat'><em>1254.</em></span> 
     </span>
    </p>
   </div>
   <div class='ocr_carea' id='block_1_16' title="bbox 2288 358 2401 392">
    <p class='ocr_par' dir='ltr' id='par_1_39' title="bbox 2288 358 2401 392">
     <span class='ocr_line' id='line_1_112' title="bbox 2288 358 2401 392; baseline 0.018 -11"><span class='ocrx_word' id='word_1_880' title='bbox 2288 358 2350 381; x_wconf 79' lang='lat' dir='ltr'><strong>Ha.</strong></span> <span class='ocrx_word' id='word_1_881' title='bbox 2375 365 2401 392; x_wconf 84' lang='lat'><strong>3.</strong></span> 
     </span>
    </p>
   </div>
   <div class='ocr_carea' id='block_1_17' title="bbox 1230 384 2269 400">
    <p class='ocr_par' dir='ltr' id='par_1_40' title="bbox 1230 384 2269 400">
     <span class='ocr_line' id='line_1_113' title="bbox 1230 384 2269 400; baseline 0 3861"><span class='ocrx_word' id='word_1_882' title='bbox 1230 384 2269 400; x_wconf 95' lang='lat' dir='ltr'><strong> </strong></span> 
     </span>
    </p>
   </div>
   <div class='ocr_carea' id='block_1_18' title="bbox 1228 429 2420 529">
    <p class='ocr_par' dir='ltr' id='par_1_41' title="bbox 1228 429 2420 529">
     <span class='ocr_line' id='line_1_114' title="bbox 1228 429 2420 486; baseline 0.013 -25"><span class='ocrx_word' id='word_1_883' title='bbox 1228 429 1247 449; x_wconf 73' lang='lat'><strong>&#39;⁴‘</strong></span> <span class='ocrx_word' id='word_1_884' title='bbox 1272 432 1391 463; x_wconf 82' lang='lat' dir='ltr'><strong>Littera</strong></span> <span class='ocrx_word' id='word_1_885' title='bbox 1408 434 1489 478; x_wconf 71' lang='lat' dir='ltr'><strong>Papa:</strong></span> <span class='ocrx_word' id='word_1_886' title='bbox 1511 431 1546 464; x_wconf 81' lang='lat' dir='ltr'><strong>de</strong></span> <span class='ocrx_word' id='word_1_887' title='bbox 1564 434 1771 467; x_wconf 77' lang='lat' dir='ltr'><strong>commutando</strong></span> <span class='ocrx_word' id='word_1_888' title='bbox 1793 447 1860 469; x_wconf 82' lang='lat' dir='ltr'><strong>voto</strong></span> <span class='ocrx_word' id='word_1_889' title='bbox 1879 437 1914 470; x_wconf 87' lang='lat' dir='ltr'><strong>de</strong></span> <span class='ocrx_word' id='word_1_890' title='bbox 1934 441 2030 471; x_wconf 77' lang='lat' dir='ltr'><strong>Terra</strong></span> <span class='ocrx_word' id='word_1_891' title='bbox 2039 439 2147 483; x_wconf 56' lang='lat' dir='ltr'><strong>simila</strong></span> <span class='ocrx_word' id='word_1_892' title='bbox 2165 443 2196 472; x_wconf 88' lang='lat' dir='ltr'><strong>in</strong></span> <span class='ocrx_word' id='word_1_893' title='bbox 2205 450 2277 486; x_wconf 77' lang='lat' dir='ltr'><strong>pas·</strong></span> <span class='ocrx_word' id='word_1_894' title='bbox 2293 439 2306 455; x_wconf 67' lang='lat'><strong>⁸*</strong></span> <span class='ocrx_word' id='word_1_895' title='bbox 2318 440 2341 467; x_wconf 92' lang='grc' dir='ltr'><strong>Ῑ-</strong></span> <span class='ocrx_word' id='word_1_896' title='bbox 2356 448 2420 476; x_wconf 78' lang='lat'>527·-</span> 
     </span>
     <span class='ocr_line' id='line_1_115' title="bbox 1526 481 1968 529; baseline 0.018 -17"><span class='ocrx_word' id='word_1_897' title='bbox 1526 481 1649 527; x_wconf 67' lang='lat' dir='ltr'><strong>slzgium</strong></span> <span class='ocrx_word' id='word_1_898' title='bbox 1665 482 1708 515; x_wconf 83' lang='lat' dir='ltr'><strong>ad</strong></span> <span class='ocrx_word' id='word_1_899' title='bbox 1718 493 1817 528; x_wconf 79' lang='lat' dir='ltr'><strong>partes</strong></span> <span class='ocrx_word' id='word_1_900' title='bbox 1834 486 1968 529; x_wconf 73' lang='lat' dir='ltr'><strong>AffrIcae.</strong></span> 
     </span>
    </p>
   </div>
   <div class='ocr_carea' id='block_1_19' title="bbox 1224 562 2421 677">
    <p class='ocr_par' dir='ltr' id='par_1_42' title="bbox 1224 562 2421 677">
     <span class='ocr_line' id='line_1_116' title="bbox 1224 562 2421 623; baseline 0.008 -30"><span class='ocrx_word' id='word_1_901' title='bbox 1224 562 1288 623; x_wconf 85' lang='lat' dir='ltr'><strong>D</strong></span> <span class='ocrx_word' id='word_1_902' title='bbox 1298 563 1409 609; x_wconf 81' lang='lat' dir='ltr'><strong>Omino</strong></span> <span class='ocrx_word' id='word_1_903' title='bbox 1424 565 1517 610; x_wconf 68' lang='lat' dir='ltr'><strong>Papse.</strong></span> <span class='ocrx_word' id='word_1_904' title='bbox 1874 608 1879 613; x_wconf 34' lang='grc'>1</span> <span class='ocrx_word' id='word_1_905' title='bbox 1902 608 1908 613; x_wconf 34' lang='lat'><em>⁶</em></span> <span class='ocrx_word' id='word_1_906' title='bbox 2291 571 2367 602; x_wconf 88' lang='lat' dir='ltr'><strong>Ann.</strong></span> <span class='ocrx_word' id='word_1_907' title='bbox 2381 571 2421 602; x_wconf 86' lang='lat' dir='ltr'><strong>D.</strong></span> 
     </span>
     <span class='ocr_line' id='line_1_117' title="bbox 1329 603 2398 677; baseline 0.007 -44"><span class='ocrx_word' id='word_1_908' title='bbox 1329 603 1404 642; x_wconf 77' lang='lat' dir='ltr'><strong>Qua</strong></span> <span class='ocrx_word' id='word_1_909' title='bbox 1420 604 1519 635; x_wconf 86' lang='lat' dir='ltr'><strong>seimus</strong></span> <span class='ocrx_word' id='word_1_910' title='bbox 1534 614 1585 635; x_wconf 91' lang='lat' dir='ltr'><strong>vos</strong></span> <span class='ocrx_word' id='word_1_911' title='bbox 1605 614 1703 642; x_wconf 80' lang='lat' dir='ltr'><strong>pacem</strong></span> <span class='ocrx_word' id='word_1_912' title='bbox 1721 606 1753 636; x_wconf 88' lang='lat'>&amp;</span> <span class='ocrx_word' id='word_1_913' title='bbox 1772 607 1998 647; x_wconf 79' lang='lat' dir='ltr'><strong>tranquillitatem</strong></span> <span class='ocrx_word' id='word_1_914' title='bbox 2018 607 2133 645; x_wconf 61' lang='lat' dir='ltr'><strong>Rectum</strong></span> <span class='ocrx_word' id='word_1_915' title='bbox 2149 610 2181 641; x_wconf 86' lang='lat'>&amp;</span> <span class='ocrx_word' id='word_1_916' title='bbox 2197 609 2276 677; x_wconf 56' lang='lat' dir='ltr'><strong>Rgg:</strong></span> <span class='ocrx_word' id='word_1_917' title='bbox 2313 619 2398 649; x_wconf 88' lang='lat'>1254.</span> 
     </span>
    </p>
   </div>
   <div class='ocr_carea' id='block_1_20' title="bbox 1224 638 2426 1328">
    <p class='ocr_par' dir='ltr' id='par_1_43' title="bbox 1224 638 2408 762">
     <span class='ocr_line' id='line_1_118' title="bbox 1224 638 2408 686; baseline 0.005 -17"><span class='ocrx_word' id='word_1_918' title='bbox 1224 649 1344 678; x_wconf 89' lang='lat' dir='ltr'><strong>norum,</strong></span> <span class='ocrx_word' id='word_1_919' title='bbox 1360 644 1393 672; x_wconf 85' lang='lat'>&amp;</span> <span class='ocrx_word' id='word_1_920' title='bbox 1409 644 1548 686; x_wconf 74' lang='lat' dir='ltr'><strong>praecipue</strong></span> <span class='ocrx_word' id='word_1_921' title='bbox 1562 645 1634 673; x_wconf 90' lang='lat' dir='ltr'><strong>inter</strong></span> <span class='ocrx_word' id='word_1_922' title='bbox 1650 654 1701 674; x_wconf 92' lang='lat' dir='ltr'><strong>nos</strong></span> <span class='ocrx_word' id='word_1_923' title='bbox 1723 645 1755 674; x_wconf 88' lang='lat'>&amp;</span> <span class='ocrx_word' id='word_1_924' title='bbox 1770 644 1883 685; x_wconf 82' lang='lat' dir='ltr'><strong>Regem</strong></span> <span class='ocrx_word' id='word_1_925' title='bbox 1900 646 2029 677; x_wconf 81' lang='lat' dir='ltr'><strong>Castellae</strong></span> <span class='ocrx_word' id='word_1_926' title='bbox 2049 638 2194 686; x_wconf 52' lang='lat' dir='ltr'><strong>specialiter</strong></span> <span class='ocrx_word' id='word_1_927' title='bbox 2208 659 2222 677; x_wconf 88' lang='lat' dir='ltr'><strong>a</strong></span> <span class='ocrx_word' id='word_1_928' title='bbox 2293 653 2344 676; x_wconf 77' lang='lat' dir='ltr'><strong>Aa.</strong></span> <span class='ocrx_word' id='word_1_929' title='bbox 2363 651 2408 685; x_wconf 69' lang='lat'><strong>38.</strong></span> 
     </span>
     <span class='ocr_line' id='line_1_119' title="bbox 1225 679 2370 724; baseline 0.006 -16"><span class='ocrx_word' id='word_1_930' title='bbox 1225 679 1316 717; x_wconf 68' lang='lat' dir='ltr'><strong>erare,</strong></span> <span class='ocrx_word' id='word_1_931' title='bbox 1335 679 1477 711; x_wconf 74' lang='lat' dir='ltr'><strong>Sanchtati</strong></span> <span class='ocrx_word' id='word_1_932' title='bbox 1492 682 1591 711; x_wconf 68' lang='lat' dir='ltr'><strong>vestrae</strong></span> <span class='ocrx_word' id='word_1_933' title='bbox 1606 683 1737 712; x_wconf 88' lang='lat' dir='ltr'><strong>volumus</strong></span> <span class='ocrx_word' id='word_1_934' title='bbox 1751 683 1805 714; x_wconf 82' lang='lat' dir='ltr'><strong>esse</strong></span> <span class='ocrx_word' id='word_1_935' title='bbox 1816 693 1915 714; x_wconf 89' lang='lat' dir='ltr'><strong>notum</strong></span> <span class='ocrx_word' id='word_1_936' title='bbox 1932 685 2008 724; x_wconf 79' lang='lat' dir='ltr'><strong>quod</strong></span> <span class='ocrx_word' id='word_1_937' title='bbox 2023 695 2090 716; x_wconf 89' lang='lat' dir='ltr'><strong>cum</strong></span> <span class='ocrx_word' id='word_1_938' title='bbox 2105 685 2206 716; x_wconf 89' lang='lat' dir='ltr'><strong>eodem</strong></span> <span class='ocrx_word' id='word_1_939' title='bbox 2215 686 2276 716; x_wconf 86' lang='lat' dir='ltr'><strong>Re·</strong></span> <span class='ocrx_word' id='word_1_940' title='bbox 2292 691 2326 714; x_wconf 84' lang='lat' dir='ltr'><strong>H.</strong></span> <span class='ocrx_word' id='word_1_941' title='bbox 2346 697 2370 723; x_wconf 87' lang='lat'><strong>3.</strong></span> 
     </span>
     <span class='ocr_line' id='line_1_120' title="bbox 1224 721 2378 762; baseline 0.005 -16"><span class='ocrx_word' id='word_1_942' title='bbox 1224 725 1259 755; x_wconf 86' lang='lat' dir='ltr'><strong>ge</strong></span> <span class='ocrx_word' id='word_1_943' title='bbox 1271 721 1498 762; x_wconf 37' lang='lat' dir='ltr'><strong>perpetuae&#39;pacis</strong></span> <span class='ocrx_word' id='word_1_944' title='bbox 1514 721 1546 750; x_wconf 68' lang='grc' dir='ltr'><strong>ὃ(</strong></span> <span class='ocrx_word' id='word_1_945' title='bbox 1557 721 1689 751; x_wconf 75' lang='lat' dir='ltr'><strong>amicitiae</strong></span> <span class='ocrx_word' id='word_1_946' title='bbox 1698 721 1793 751; x_wconf 81' lang='lat' dir='ltr'><strong>foedus</strong></span> <span class='ocrx_word' id='word_1_947' title='bbox 1804 723 1935 753; x_wconf 82' lang='lat' dir='ltr'><strong>inivimus</strong></span> <span class='ocrx_word' id='word_1_948' title='bbox 1948 732 2132 762; x_wconf 84' lang='lat' dir='ltr'><strong>peroptatum.</strong></span> <span class='ocrx_word' id='word_1_949' title='bbox 2291 725 2378 759; x_wconf 82' lang='lat' dir='ltr'><strong>Claus.</strong></span> 
     </span>
    </p>

    <p class='ocr_par' dir='ltr' id='par_1_44' title="bbox 1226 758 2426 990">
     <span class='ocr_line' id='line_1_121' title="bbox 1249 758 2426 799; baseline 0.01 -15"><span class='ocrx_word' id='word_1_950' title='bbox 1249 794 1254 798; x_wconf 21' lang='grc' dir='ltr'><strong><em>ῃ</em></strong></span> <span class='ocrx_word' id='word_1_951' title='bbox 1273 763 1312 792; x_wconf 53' lang='grc' dir='ltr'><strong>Α,</strong></span> <span class='ocrx_word' id='word_1_952' title='bbox 1330 765 1398 799; x_wconf 83' lang='lat' dir='ltr'><strong>cum</strong></span> <span class='ocrx_word' id='word_1_953' title='bbox 1412 766 1483 787; x_wconf 89' lang='lat' dir='ltr'><strong>inter</strong></span> <span class='ocrx_word' id='word_1_954' title='bbox 1499 767 1608 789; x_wconf 79' lang='lat' dir='ltr'><strong>caeteras</strong></span> <span class='ocrx_word' id='word_1_955' title='bbox 1623 758 1815 799; x_wconf 86' lang='lat' dir='ltr'><strong>conditiones,</strong></span> <span class='ocrx_word' id='word_1_956' title='bbox 1833 762 1860 790; x_wconf 90' lang='lat' dir='ltr'><strong>in</strong></span> <span class='ocrx_word' id='word_1_957' title='bbox 1880 761 2055 792; x_wconf 88' lang='lat' dir='ltr'><strong>ordinatione</strong></span> <span class='ocrx_word' id='word_1_958' title='bbox 2069 763 2102 793; x_wconf 69' lang='grc' dir='ltr'><strong>δε</strong></span> <span class='ocrx_word' id='word_1_959' title='bbox 2119 761 2275 792; x_wconf 82' lang='lat' dir='ltr'><strong>firmatione</strong></span> <span class='ocrx_word' id='word_1_960' title='bbox 2292 761 2370 799; x_wconf 76' lang='lat'><em>37-&amp;</em></span> <span class='ocrx_word' id='word_1_961' title='bbox 2381 762 2426 797; x_wconf 81' lang='lat'><strong>38·</strong></span> 
     </span>
     <span class='ocr_line' id='line_1_122' title="bbox 1226 792 2426 840; baseline 0.005 -18"><span class='ocrx_word' id='word_1_962' title='bbox 1226 792 1311 837; x_wconf 65' lang='lat' dir='ltr'><strong>dictae</strong></span> <span class='ocrx_word' id='word_1_963' title='bbox 1324 804 1397 831; x_wconf 80' lang='lat' dir='ltr'><strong>pacrs</strong></span> <span class='ocrx_word' id='word_1_964' title='bbox 1408 796 1540 834; x_wconf 80' lang='lat' dir='ltr'><strong>appositas</strong></span> <span class='ocrx_word' id='word_1_965' title='bbox 1553 820 1563 835; x_wconf 90' lang='lat'><strong>,</strong></span> <span class='ocrx_word' id='word_1_966' title='bbox 1583 797 1788 834; x_wconf 88' lang='lat' dir='ltr'><strong>promiserimus</strong></span> <span class='ocrx_word' id='word_1_967' title='bbox 1807 799 1885 829; x_wconf 70' lang='lat' dir='ltr'><strong>dieto</strong></span> <span class='ocrx_word' id='word_1_968' title='bbox 1899 799 1944 829; x_wconf 88' lang='lat' dir='ltr'><strong>Re</strong></span> <span class='ocrx_word' id='word_1_969' title='bbox 1964 801 1972 830; x_wconf 92' lang='lat' dir='ltr'><strong>i</strong></span> <span class='ocrx_word' id='word_1_970' title='bbox 1987 800 2062 838; x_wconf 88' lang='lat' dir='ltr'><strong>quod</strong></span> <span class='ocrx_word' id='word_1_971' title='bbox 2076 800 2220 840; x_wconf 82' lang='lat' dir='ltr'><strong>diligenter</strong></span> <span class='ocrx_word' id='word_1_972' title='bbox 2235 801 2277 829; x_wconf 84' lang='lat' dir='ltr'><strong>in-</strong></span> <span class='ocrx_word' id='word_1_973' title='bbox 2293 801 2327 834; x_wconf 70' lang='lat'><em>&amp;</em></span> <span class='ocrx_word' id='word_1_974' title='bbox 2343 801 2426 828; x_wconf 80' lang='lat' dir='ltr'><strong>Princ-</strong></span> 
     </span>
     <span class='ocr_line' id='line_1_123' title="bbox 1227 830 2426 877; baseline 0.013 -18"><span class='ocrx_word' id='word_1_975' title='bbox 1227 830 1365 876; x_wconf 73' lang='lat' dir='ltr'><strong>stabimus¹</strong></span> <span class='ocrx_word' id='word_1_976' title='bbox 1377 841 1439 871; x_wconf 86' lang='lat' dir='ltr'><strong>erga</strong></span> <span class='ocrx_word' id='word_1_977' title='bbox 1458 845 1507 864; x_wconf 88' lang='lat' dir='ltr'><strong>vos</strong></span> <span class='ocrx_word' id='word_1_978' title='bbox 1522 859 1530 872; x_wconf 87' lang='lat'>‚</span> <span class='ocrx_word' id='word_1_979' title='bbox 1550 836 1583 865; x_wconf 72' lang='grc' dir='ltr'><strong>δε</strong></span> <span class='ocrx_word' id='word_1_980' title='bbox 1599 836 1808 874; x_wconf 85' lang='lat' dir='ltr'><strong>procurabimus</strong></span> <span class='ocrx_word' id='word_1_981' title='bbox 1830 836 1905 868; x_wconf 67' lang='lat' dir='ltr'><strong>bona</strong></span> <span class='ocrx_word' id='word_1_982' title='bbox 1951 840 1985 868; x_wconf 89' lang='lat' dir='ltr'><strong>de</strong></span> <span class='ocrx_word' id='word_1_983' title='bbox 2007 839 2083 876; x_wconf 90' lang='lat' dir='ltr'><strong>quod</strong></span> <span class='ocrx_word' id='word_1_984' title='bbox 2106 839 2276 877; x_wconf 65' lang='lat' dir='ltr'><strong>passrrgfflm,</strong></span> <span class='ocrx_word' id='word_1_985' title='bbox 2297 849 2339 876; x_wconf 87' lang='lat'><strong>39·</strong></span> <span class='ocrx_word' id='word_1_986' title='bbox 2354 843 2386 866; x_wconf 80' lang='lat' dir='ltr'><strong>H.</strong></span> <span class='ocrx_word' id='word_1_987' title='bbox 2400 847 2426 874; x_wconf 63' lang='grc' dir='ltr'><strong>3ο</strong></span> 
     </span>
     <span class='ocr_line' id='line_1_124' title="bbox 1228 869 2407 917; baseline 0.007 -19"><span class='ocrx_word' id='word_1_988' title='bbox 1228 869 1304 906; x_wconf 87' lang='lat' dir='ltr'><strong>quod</strong></span> <span class='ocrx_word' id='word_1_989' title='bbox 1318 879 1425 900; x_wconf 84' lang='lat' dir='ltr'><strong>ratione</strong></span> <span class='ocrx_word' id='word_1_990' title='bbox 1440 871 1542 903; x_wconf 89' lang='lat' dir='ltr'><strong>Crucis</strong></span> <span class='ocrx_word' id='word_1_991' title='bbox 1554 873 1698 913; x_wconf 71' lang='lat' dir='ltr'><strong>assumptae</strong></span> <span class='ocrx_word' id='word_1_992' title='bbox 1714 875 1830 914; x_wconf 84' lang='lat' dir='ltr'><strong>dirigere</strong></span> <span class='ocrx_word' id='word_1_993' title='bbox 1844 878 2026 917; x_wconf 85' lang='lat' dir='ltr'><strong>proponimus</strong></span> <span class='ocrx_word' id='word_1_994' title='bbox 2041 878 2071 906; x_wconf 90' lang='lat' dir='ltr'><strong>in</strong></span> <span class='ocrx_word' id='word_1_995' title='bbox 2086 877 2205 907; x_wconf 87' lang='lat' dir='ltr'><strong>Terram</strong></span> <span class='ocrx_word' id='word_1_996' title='bbox 2218 876 2278 906; x_wconf 87' lang='lat' dir='ltr'><strong>san·</strong></span> <span class='ocrx_word' id='word_1_997' title='bbox 2293 888 2330 906; x_wconf 88' lang='lat' dir='ltr'><strong>m.</strong></span> <span class='ocrx_word' id='word_1_998' title='bbox 2346 887 2362 903; x_wconf 90' lang='lat'>2</span> <span class='ocrx_word' id='word_1_999' title='bbox 2381 877 2407 904; x_wconf 74' lang='lat' dir='ltr'><strong>d·</strong></span> 
     </span>
     <span class='ocr_line' id='line_1_125' title="bbox 1228 908 2280 952; baseline 0.009 -16"><span class='ocrx_word' id='word_1_1000' title='bbox 1228 908 1303 937; x_wconf 75' lang='lat' dir='ltr'><strong>ctam</strong></span> <span class='ocrx_word' id='word_1_1001' title='bbox 1316 931 1325 945; x_wconf 89' lang='lat'><strong>,</strong></span> <span class='ocrx_word' id='word_1_1002' title='bbox 1348 909 1484 947; x_wconf 86' lang='lat' dir='ltr'><strong>ad-partes</strong></span> <span class='ocrx_word' id='word_1_1003' title='bbox 1505 911 1622 942; x_wconf 86' lang='lat' dir='ltr'><strong>Affricae</strong></span> <span class='ocrx_word' id='word_1_1004' title='bbox 1644 913 1834 952; x_wconf 83' lang='lat' dir='ltr'><strong>transferatur,</strong></span> <span class='ocrx_word' id='word_1_1005' title='bbox 1851 915 1884 944; x_wconf 91' lang='lat'>&amp;</span> <span class='ocrx_word' id='word_1_1006' title='bbox 1902 923 2006 945; x_wconf 89' lang='lat' dir='ltr'><strong>votum</strong></span> <span class='ocrx_word' id='word_1_1007' title='bbox 2027 914 2154 945; x_wconf 89' lang='lat' dir='ltr'><strong>nostrum</strong></span> <span class='ocrx_word' id='word_1_1008' title='bbox 2172 914 2280 945; x_wconf 79' lang='lat' dir='ltr'><strong>ibidem</strong></span> 
     </span>
     <span class='ocr_line' id='line_1_126' title="bbox 1228 947 1781 990; baseline 0.013 -16"><span class='ocrx_word' id='word_1_1009' title='bbox 1228 947 1403 990; x_wconf 79' lang='lat' dir='ltr'><strong>compleatur</strong></span> <span class='ocrx_word' id='word_1_1010' title='bbox 1416 948 1451 977; x_wconf 89' lang='lat' dir='ltr'><strong>de</strong></span> <span class='ocrx_word' id='word_1_1011' title='bbox 1464 949 1552 979; x_wconf 87' lang='lat' dir='ltr'><strong>vestra</strong></span> <span class='ocrx_word' id='word_1_1012' title='bbox 1565 951 1648 988; x_wconf 87' lang='lat' dir='ltr'><strong>gratia</strong></span> <span class='ocrx_word' id='word_1_1013' title='bbox 1661 950 1781 990; x_wconf 88' lang='lat' dir='ltr'><strong>speciali:</strong></span> 
     </span>
    </p>

    <p class='ocr_par' dir='ltr' id='par_1_45' title="bbox 1227 982 2283 1137">
     <span class='ocr_line' id='line_1_127' title="bbox 1265 982 2279 1030; baseline 0.007 -18"><span class='ocrx_word' id='word_1_1014' title='bbox 1265 982 1422 1015; x_wconf 86' lang='lat' dir='ltr'><strong>Paternitati</strong></span> <span class='ocrx_word' id='word_1_1015' title='bbox 1436 986 1535 1016; x_wconf 85' lang='lat' dir='ltr'><strong>vestrae</strong></span> <span class='ocrx_word' id='word_1_1016' title='bbox 1547 989 1729 1026; x_wconf 87' lang='lat' dir='ltr'><strong>supplicamus</strong></span> <span class='ocrx_word' id='word_1_1017' title='bbox 1742 990 1882 1028; x_wconf 81' lang='lat' dir='ltr'><strong>quatinus,</strong></span> <span class='ocrx_word' id='word_1_1018' title='bbox 1894 991 2142 1030; x_wconf 80' lang='lat' dir='ltr'><strong>peregrinationem</strong></span> <span class='ocrx_word' id='word_1_1019' title='bbox 2156 989 2279 1020; x_wconf 88' lang='lat' dir='ltr'><strong>nostram</strong></span> 
     </span>
     <span class='ocr_line' id='line_1_128' title="bbox 1227 1021 2283 1067; baseline 0.006 -17"><span class='ocrx_word' id='word_1_1020' title='bbox 1227 1021 1277 1051; x_wconf 86' lang='lat' dir='ltr'><strong>sub</strong></span> <span class='ocrx_word' id='word_1_1021' title='bbox 1286 1022 1383 1065; x_wconf 35' lang='lat' dir='ltr'><strong>‚forma</strong></span> <span class='ocrx_word' id='word_1_1022' title='bbox 1397 1025 1547 1067; x_wconf 52' lang='lat' dir='ltr'><strong>praediffa,</strong></span> <span class='ocrx_word' id='word_1_1023' title='bbox 1565 1027 1788 1065; x_wconf 84' lang='lat' dir='ltr'><strong>transmutantes,</strong></span> <span class='ocrx_word' id='word_1_1024' title='bbox 1802 1028 1907 1057; x_wconf 85' lang='lat' dir='ltr'><strong>easdem</strong></span> <span class='ocrx_word' id='word_1_1025' title='bbox 1918 1052 1927 1067; x_wconf 85' lang='lat'><strong>,</strong></span> <span class='ocrx_word' id='word_1_1026' title='bbox 1946 1030 1965 1059; x_wconf 86' lang='lat' dir='ltr'><strong>si</strong></span> <span class='ocrx_word' id='word_1_1027' title='bbox 1980 1030 2084 1066; x_wconf 89' lang='lat' dir='ltr'><strong>placet,</strong></span> <span class='ocrx_word' id='word_1_1028' title='bbox 2106 1028 2283 1059; x_wconf 87' lang='lat' dir='ltr'><strong>conditiones</strong></span> 
     </span>
     <span class='ocr_line' id='line_1_129' title="bbox 1228 1060 2282 1103; baseline 0.007 -15"><span class='ocrx_word' id='word_1_1029' title='bbox 1228 1060 1262 1089; x_wconf 90' lang='lat'>&amp;</span> <span class='ocrx_word' id='word_1_1030' title='bbox 1285 1060 1466 1099; x_wconf 85' lang='lat' dir='ltr'><strong>indulgentias</strong></span> <span class='ocrx_word' id='word_1_1031' title='bbox 1492 1063 1651 1093; x_wconf 87' lang='lat' dir='ltr'><strong>concedatis</strong></span> <span class='ocrx_word' id='word_1_1032' title='bbox 1673 1065 1772 1103; x_wconf 89' lang='lat' dir='ltr'><strong>quibus</strong></span> <span class='ocrx_word' id='word_1_1033' title='bbox 1797 1065 1916 1103; x_wconf 79' lang='lat' dir='ltr'><strong>gaudere</strong></span> <span class='ocrx_word' id='word_1_1034' title='bbox 1939 1067 2089 1097; x_wconf 87' lang='lat' dir='ltr'><strong>debeamus</strong></span> <span class='ocrx_word' id='word_1_1035' title='bbox 2110 1068 2140 1096; x_wconf 88' lang='lat' dir='ltr'><strong>in</strong></span> <span class='ocrx_word' id='word_1_1036' title='bbox 2162 1065 2282 1096; x_wconf 89' lang='lat' dir='ltr'><strong>subsidio</strong></span> 
     </span>
     <span class='ocr_line' id='line_1_130' title="bbox 1227 1098 1849 1137; baseline 0.01 -10"><span class='ocrx_word' id='word_1_1037' title='bbox 1227 1098 1327 1128; x_wconf 84' lang='lat' dir='ltr'><strong>Terrae</strong></span> <span class='ocrx_word' id='word_1_1038' title='bbox 1340 1099 1458 1137; x_wconf 64' lang='lat' dir='ltr'><strong>sanetae,</strong></span> <span class='ocrx_word' id='word_1_1039' title='bbox 1846 1135 1849 1137; x_wconf 12' lang='grc' dir='ltr'>μ</span> 
     </span>
    </p>

    <p class='ocr_par' dir='ltr' id='par_1_46' title="bbox 1230 1135 2286 1257">
     <span class='ocr_line' id='line_1_131' title="bbox 1267 1135 2285 1179; baseline 0.006 -13"><span class='ocrx_word' id='word_1_1040' title='bbox 1267 1135 1325 1166; x_wconf 90' lang='lat' dir='ltr'><strong>Pro</strong></span> <span class='ocrx_word' id='word_1_1041' title='bbox 1338 1146 1396 1175; x_wconf 91' lang='lat' dir='ltr'><strong>quo</strong></span> <span class='ocrx_word' id='word_1_1042' title='bbox 1409 1139 1525 1177; x_wconf 84' lang='lat' dir='ltr'><strong>negotio</strong></span> <span class='ocrx_word' id='word_1_1043' title='bbox 1540 1139 1717 1178; x_wconf 86' lang='lat' dir='ltr'><strong>procurando</strong></span> <span class='ocrx_word' id='word_1_1044' title='bbox 1732 1139 1902 1179; x_wconf 77' lang='lat' dir='ltr'><strong>Magistrum</strong></span> <span class='ocrx_word' id='word_1_1045' title='bbox 1916 1141 2102 1172; x_wconf 89' lang='lat' dir='ltr'><strong>Willielmum</strong></span> <span class='ocrx_word' id='word_1_1046' title='bbox 2115 1142 2150 1171; x_wconf 90' lang='lat' dir='ltr'><strong>de</strong></span> <span class='ocrx_word' id='word_1_1047' title='bbox 2165 1142 2285 1172; x_wconf 89' lang='lat' dir='ltr'><strong>Fraxino</strong></span> 
     </span>
     <span class='ocr_line' id='line_1_132' title="bbox 1230 1173 2286 1218; baseline 0.006 -15"><span class='ocrx_word' id='word_1_1048' title='bbox 1230 1173 1264 1203; x_wconf 90' lang='lat' dir='ltr'><strong>ad</strong></span> <span class='ocrx_word' id='word_1_1049' title='bbox 1279 1174 1377 1218; x_wconf 71' lang='lat' dir='ltr'><strong>vestrae</strong></span> <span class='ocrx_word' id='word_1_1050' title='bbox 1393 1176 1546 1207; x_wconf 66' lang='lat' dir='ltr'><strong>sanctitatis</strong></span> <span class='ocrx_word' id='word_1_1051' title='bbox 1561 1178 1733 1215; x_wconf 73' lang='lat' dir='ltr'><strong>praesentiam</strong></span> <span class='ocrx_word' id='word_1_1052' title='bbox 1752 1179 1920 1209; x_wconf 88' lang='lat' dir='ltr'><strong>destinamus</strong></span> <span class='ocrx_word' id='word_1_1053' title='bbox 1934 1204 1944 1217; x_wconf 87' lang='lat'>‚</span> <span class='ocrx_word' id='word_1_1054' title='bbox 1969 1182 2017 1218; x_wconf 88' lang='lat' dir='ltr'><strong>qui</strong></span> <span class='ocrx_word' id='word_1_1055' title='bbox 2031 1181 2108 1217; x_wconf 84' lang='lat' dir='ltr'><strong>super</strong></span> <span class='ocrx_word' id='word_1_1056' title='bbox 2124 1180 2197 1210; x_wconf 63' lang='lat' dir='ltr'><strong>dicta</strong></span> <span class='ocrx_word' id='word_1_1057' title='bbox 2218 1189 2286 1216; x_wconf 86' lang='lat' dir='ltr'><strong>pace</strong></span> 
     </span>
     <span class='ocr_line' id='line_1_133' title="bbox 1231 1213 2286 1257; baseline 0.004 -14"><span class='ocrx_word' id='word_1_1058' title='bbox 1231 1213 1265 1243; x_wconf 88' lang='lat'>&amp;</span> <span class='ocrx_word' id='word_1_1059' title='bbox 1277 1213 1332 1243; x_wconf 88' lang='lat' dir='ltr'><strong>alus</strong></span> <span class='ocrx_word' id='word_1_1060' title='bbox 1346 1214 1559 1245; x_wconf 85' lang='lat' dir='ltr'><strong>circumstantiis</strong></span> <span class='ocrx_word' id='word_1_1061' title='bbox 1573 1227 1623 1246; x_wconf 85' lang='lat' dir='ltr'><strong>vos</strong></span> <span class='ocrx_word' id='word_1_1062' title='bbox 1636 1218 1756 1255; x_wconf 87' lang='lat' dir='ltr'><strong>poterit,</strong></span> <span class='ocrx_word' id='word_1_1063' title='bbox 1765 1227 1798 1246; x_wconf 84' lang='lat' dir='ltr'><strong>ex</strong></span> <span class='ocrx_word' id='word_1_1064' title='bbox 1810 1227 1885 1257; x_wconf 88' lang='lat' dir='ltr'><strong>parte</strong></span> <span class='ocrx_word' id='word_1_1065' title='bbox 1897 1218 2129 1256; x_wconf 84' lang='lat' dir='ltr'><strong>nostra,reddere</strong></span> <span class='ocrx_word' id='word_1_1066' title='bbox 2143 1219 2286 1247; x_wconf 81' lang='lat' dir='ltr'><strong>certiores·-</strong></span> 
     </span>
    </p>

    <p class='ocr_par' dir='ltr' id='par_1_47' title="bbox 1232 1250 2288 1328">
     <span class='ocr_line' id='line_1_134' title="bbox 1269 1250 2288 1295; baseline 0.004 -15"><span class='ocrx_word' id='word_1_1067' title='bbox 1269 1250 1322 1289; x_wconf 86' lang='lat' dir='ltr'><strong>Et,</strong></span> <span class='ocrx_word' id='word_1_1068' title='bbox 1338 1252 1417 1291; x_wconf 89' lang='lat' dir='ltr'><strong>super</strong></span> <span class='ocrx_word' id='word_1_1069' title='bbox 1430 1253 1574 1290; x_wconf 74' lang='lat' dir='ltr'><strong>praerniffls</strong></span> <span class='ocrx_word' id='word_1_1070' title='bbox 1587 1255 1620 1285; x_wconf 89' lang='lat'>&amp;</span> <span class='ocrx_word' id='word_1_1071' title='bbox 1632 1255 1706 1293; x_wconf 89' lang='lat' dir='ltr'><strong>aliis,</strong></span> <span class='ocrx_word' id='word_1_1072' title='bbox 1721 1256 1822 1294; x_wconf 89' lang='lat' dir='ltr'><strong>nobis,</strong></span> <span class='ocrx_word' id='word_1_1073' title='bbox 1839 1266 1888 1295; x_wconf 90' lang='lat' dir='ltr'><strong>per</strong></span> <span class='ocrx_word' id='word_1_1074' title='bbox 1900 1257 2022 1287; x_wconf 88' lang='lat' dir='ltr'><strong>eundem</strong></span> <span class='ocrx_word' id='word_1_1075' title='bbox 2033 1279 2044 1294; x_wconf 92' lang='lat'><strong>,</strong></span> <span class='ocrx_word' id='word_1_1076' title='bbox 2066 1255 2226 1293; x_wconf 82' lang='lat' dir='ltr'><strong>significetis</strong></span> <span class='ocrx_word' id='word_1_1077' title='bbox 2239 1265 2288 1285; x_wconf 85' lang='lat' dir='ltr'><strong>ve·</strong></span> 
     </span>
     <span class='ocr_line' id='line_1_135' title="bbox 1232 1289 1727 1328; baseline 0.012 -10"><span class='ocrx_word' id='word_1_1078' title='bbox 1232 1289 1295 1319; x_wconf 85' lang='lat' dir='ltr'><strong>strae</strong></span> <span class='ocrx_word' id='word_1_1079' title='bbox 1311 1290 1517 1328; x_wconf 87' lang='lat' dir='ltr'><strong>beneplacitum</strong></span> <span class='ocrx_word' id='word_1_1080' title='bbox 1531 1293 1686 1324; x_wconf 87' lang='lat' dir='ltr'><strong>voluntatis.</strong></span> <span class='ocrx_word' id='word_1_1081' title='bbox 1724 1325 1727 1327; x_wconf 79' lang='grc'><em>,</em></span> 
     </span>
    </p>
   </div>
   <div class='ocr_carea' id='block_1_21' title="bbox 1268 1365 2076 1411">
    <p class='ocr_par' dir='ltr' id='par_1_48' title="bbox 1268 1365 2076 1411">
     <span class='ocr_line' id='line_1_136' title="bbox 1268 1365 2076 1411; baseline 0.004 -15"><span class='ocrx_word' id='word_1_1082' title='bbox 1268 1365 1356 1396; x_wconf 91' lang='lat' dir='ltr'><strong>Teste</strong></span> <span class='ocrx_word' id='word_1_1083' title='bbox 1369 1368 1440 1406; x_wconf 81' lang='lat' dir='ltr'><strong>apud</strong></span> <span class='ocrx_word' id='word_1_1084' title='bbox 1455 1368 1576 1406; x_wconf 85' lang='lat' dir='ltr'><strong>Burdeg.</strong></span> <span class='ocrx_word' id='word_1_1085' title='bbox 1590 1369 1704 1400; x_wconf 89' lang='lat' dir='ltr'><strong>decimo</strong></span> <span class='ocrx_word' id='word_1_1086' title='bbox 1719 1370 1824 1401; x_wconf 62' lang='lat' dir='ltr'><strong>ocravo</strong></span> <span class='ocrx_word' id='word_1_1087' title='bbox 1838 1371 1884 1401; x_wconf 92' lang='lat' dir='ltr'><strong>die</strong></span> <span class='ocrx_word' id='word_1_1088' title='bbox 1896 1371 2076 1411; x_wconf 87' lang='lat' dir='ltr'><strong>Septembris.</strong></span> 
     </span>
    </p>
   </div>
   <div class='ocr_carea' id='block_1_22' title="bbox 1287 1440 1919 1454">
    <p class='ocr_par' dir='ltr' id='par_1_49' title="bbox 1287 1440 1919 1454">
     <span class='ocr_line' id='line_1_137' title="bbox 1287 1440 1919 1454; baseline 0 0"><span class='ocrx_word' id='word_1_1089' title='bbox 1287 1440 1919 1454; x_wconf 95' lang='lat' dir='ltr'><strong> </strong></span> 
     </span>
    </p>
   </div>
   <div class='ocr_carea' id='block_1_23' title="bbox 1236 1491 2290 1589">
    <p class='ocr_par' dir='ltr' id='par_1_50' title="bbox 1236 1491 2290 1589">
     <span class='ocr_line' id='line_1_138' title="bbox 1236 1491 2290 1541; baseline 0.002 -18"><span class='ocrx_word' id='word_1_1090' title='bbox 1236 1491 1284 1523; x_wconf 82' lang='lat' dir='ltr'><strong>De</strong></span> <span class='ocrx_word' id='word_1_1091' title='bbox 1308 1494 1483 1537; x_wconf 74' lang='lat' dir='ltr'><strong>Principatu</strong></span> <span class='ocrx_word' id='word_1_1092' title='bbox 1510 1495 1611 1538; x_wconf 68' lang='lat' dir='ltr'><strong>Capuae</strong></span> <span class='ocrx_word' id='word_1_1093' title='bbox 1633 1492 1749 1526; x_wconf 79' lang='lat' dir='ltr'><strong>Thomae</strong></span> <span class='ocrx_word' id='word_1_1094' title='bbox 1772 1492 1807 1525; x_wconf 85' lang='lat' dir='ltr'><strong>de</strong></span> <span class='ocrx_word' id='word_1_1095' title='bbox 1834 1492 1991 1527; x_wconf 68' lang='lat' dir='ltr'><strong>Sabaudra</strong></span> <span class='ocrx_word' id='word_1_1096' title='bbox 2013 1506 2067 1541; x_wconf 87' lang='lat' dir='ltr'><strong>per</strong></span> <span class='ocrx_word' id='word_1_1097' title='bbox 2092 1492 2290 1528; x_wconf 74' lang='lat' dir='ltr'><strong>Edmundum</strong></span> 
     </span>
     <span class='ocr_line' id='line_1_139' title="bbox 1578 1542 1946 1589; baseline 0.003 -14"><span class='ocrx_word' id='word_1_1098' title='bbox 1578 1545 1686 1589; x_wconf 83' lang='lat' dir='ltr'><strong>Regem</strong></span> <span class='ocrx_word' id='word_1_1099' title='bbox 1701 1543 1803 1575; x_wconf 56' lang='lat' dir='ltr'><strong>Sicilire</strong></span> <span class='ocrx_word' id='word_1_1100' title='bbox 1818 1542 1946 1588; x_wconf 70' lang='lat' dir='ltr'><strong>conccff).</strong></span> 
     </span>
    </p>
   </div>
   <div class='ocr_carea' id='block_1_24' title="bbox 1235 1623 2444 2165">
    <p class='ocr_par' dir='ltr' id='par_1_51' title="bbox 1237 1623 2438 1703">
     <span class='ocr_line' id='line_1_140' title="bbox 1237 1623 2438 1678; baseline 0.004 -24"><span class='ocrx_word' id='word_1_1101' title='bbox 1237 1624 1362 1678; x_wconf 82' lang='lat' dir='ltr'><strong>REX</strong></span> <span class='ocrx_word' id='word_1_1102' title='bbox 1386 1625 1609 1664; x_wconf 85' lang='lat' dir='ltr'><strong>Archiepiscopis</strong></span> <span class='ocrx_word' id='word_1_1103' title='bbox 1622 1650 1632 1665; x_wconf 93' lang='lat'><strong>,</strong></span> <span class='ocrx_word' id='word_1_1104' title='bbox 1654 1628 1714 1658; x_wconf 93' lang='lat' dir='ltr'><strong>&amp;c.</strong></span> <span class='ocrx_word' id='word_1_1105' title='bbox 1735 1627 1768 1657; x_wconf 67' lang='lat' dir='ltr'><strong>&amp;c</strong></span> <span class='ocrx_word' id='word_1_1106' title='bbox 1786 1628 1918 1669; x_wconf 84' lang='lat' dir='ltr'><strong>omnibus</strong></span> <span class='ocrx_word' id='word_1_1107' title='bbox 1938 1628 1994 1659; x_wconf 89' lang='lat' dir='ltr'><strong>aliis</strong></span> <span class='ocrx_word' id='word_1_1108' title='bbox 2017 1627 2125 1659; x_wconf 86' lang='lat' dir='ltr'><strong>Christi</strong></span> <span class='ocrx_word' id='word_1_1109' title='bbox 2146 1628 2290 1666; x_wconf 83' lang='lat' dir='ltr'><strong>fidelibus,</strong></span> <span class='ocrx_word' id='word_1_1110' title='bbox 2307 1623 2383 1654; x_wconf 74' lang='lat' dir='ltr'><strong>Arm·</strong></span> <span class='ocrx_word' id='word_1_1111' title='bbox 2396 1623 2438 1654; x_wconf 87' lang='lat' dir='ltr'><strong>D·</strong></span> 
     </span>
     <span class='ocr_line' id='line_1_141' title="bbox 1299 1664 2417 1703; baseline 0.004 -10"><span class='ocrx_word' id='word_1_1112' title='bbox 1299 1664 1464 1701; x_wconf 79' lang='lat' dir='ltr'><strong>praesenrem</strong></span> <span class='ocrx_word' id='word_1_1113' title='bbox 1478 1667 1606 1703; x_wconf 78' lang='lat' dir='ltr'><strong>paginam</strong></span> <span class='ocrx_word' id='word_1_1114' title='bbox 1619 1665 1798 1703; x_wconf 67' lang='lat' dir='ltr'><strong>inspecturis,</strong></span> <span class='ocrx_word' id='word_1_1115' title='bbox 1816 1666 1935 1696; x_wconf 82' lang='lat' dir='ltr'><strong>salutem.</strong></span> <span class='ocrx_word' id='word_1_1116' title='bbox 2334 1671 2385 1701; x_wconf 88' lang='lat'><strong>125</strong></span> <span class='ocrx_word' id='word_1_1117' title='bbox 2389 1672 2417 1701; x_wconf 83' lang='lat'><strong>4·</strong></span> 
     </span>
    </p>

    <p class='ocr_par' dir='ltr' id='par_1_52' title="bbox 1235 1701 2444 2040">
     <span class='ocr_line' id='line_1_142' title="bbox 1275 1701 2423 1743; baseline 0.005 -11"><span class='ocrx_word' id='word_1_1118' title='bbox 1275 1701 1353 1732; x_wconf 88' lang='lat' dir='ltr'><strong>Cum</strong></span> <span class='ocrx_word' id='word_1_1119' title='bbox 1367 1701 1551 1742; x_wconf 88' lang='lat' dir='ltr'><strong>Edmundus,</strong></span> <span class='ocrx_word' id='word_1_1120' title='bbox 1572 1704 1629 1734; x_wconf 92' lang='lat' dir='ltr'><strong>Dei</strong></span> <span class='ocrx_word' id='word_1_1121' title='bbox 1642 1704 1743 1743; x_wconf 65' lang='lat' dir='ltr'><strong>gratifi,</strong></span> <span class='ocrx_word' id='word_1_1122' title='bbox 1761 1703 1863 1734; x_wconf 61' lang='lat' dir='ltr'><strong>Sicilire</strong></span> <span class='ocrx_word' id='word_1_1123' title='bbox 1881 1704 1964 1743; x_wconf 86' lang='lat' dir='ltr'><strong>Rex,</strong></span> <span class='ocrx_word' id='word_1_1124' title='bbox 1983 1714 2062 1736; x_wconf 88' lang='lat' dir='ltr'><strong>natus</strong></span> <span class='ocrx_word' id='word_1_1125' title='bbox 2075 1705 2185 1743; x_wconf 89' lang='lat' dir='ltr'><strong>noster,</strong></span> <span class='ocrx_word' id='word_1_1126' title='bbox 2202 1705 2238 1735; x_wconf 90' lang='lat' dir='ltr'><strong>de</strong></span> <span class='ocrx_word' id='word_1_1127' title='bbox 2251 1716 2292 1735; x_wconf 83' lang='lat' dir='ltr'><strong>as-</strong></span> <span class='ocrx_word' id='word_1_1128' title='bbox 2308 1705 2361 1729; x_wconf 71' lang='lat' dir='ltr'><strong>An.</strong></span> <span class='ocrx_word' id='word_1_1129' title='bbox 2378 1702 2423 1738; x_wconf 62' lang='lat'><strong>38·</strong></span> 
     </span>
     <span class='ocr_line' id='line_1_143' title="bbox 1235 1739 2392 1784; baseline 0.006 -14"><span class='ocrx_word' id='word_1_1130' title='bbox 1235 1739 1309 1784; x_wconf 78' lang='lat' dir='ltr'><strong>sensu</strong></span> <span class='ocrx_word' id='word_1_1131' title='bbox 1322 1742 1355 1771; x_wconf 71' lang='grc' dir='ltr'><strong>δε</strong></span> <span class='ocrx_word' id='word_1_1132' title='bbox 1370 1741 1513 1772; x_wconf 81' lang='lat' dir='ltr'><strong>voluntate</strong></span> <span class='ocrx_word' id='word_1_1133' title='bbox 1526 1741 1636 1778; x_wconf 83' lang='lat' dir='ltr'><strong>nostra,</strong></span> <span class='ocrx_word' id='word_1_1134' title='bbox 1654 1743 1759 1773; x_wconf 82' lang='lat' dir='ltr'><strong>dederit</strong></span> <span class='ocrx_word' id='word_1_1135' title='bbox 1773 1744 1806 1773; x_wconf 85' lang='lat'>&amp;</span> <span class='ocrx_word' id='word_1_1136' title='bbox 1824 1743 2004 1783; x_wconf 81' lang='lat' dir='ltr'><strong>conccfferit,</strong></span> <span class='ocrx_word' id='word_1_1137' title='bbox 2019 1755 2067 1784; x_wconf 90' lang='lat' dir='ltr'><strong>per</strong></span> <span class='ocrx_word' id='word_1_1138' title='bbox 2082 1754 2186 1775; x_wconf 88' lang='lat' dir='ltr'><strong>cartam</strong></span> <span class='ocrx_word' id='word_1_1139' title='bbox 2201 1744 2293 1782; x_wconf 84' lang='lat' dir='ltr'><strong>suam,</strong></span> <span class='ocrx_word' id='word_1_1140' title='bbox 2309 1745 2335 1767; x_wconf 82' lang='lat' dir='ltr'><em>H</em></span> <span class='ocrx_word' id='word_1_1141' title='bbox 2366 1750 2392 1777; x_wconf 87' lang='lat'><strong>3·</strong></span> 
     </span>
     <span class='ocr_line' id='line_1_144' title="bbox 1235 1778 2365 1820; baseline 0.004 -12"><span class='ocrx_word' id='word_1_1142' title='bbox 1235 1778 1342 1809; x_wconf 67' lang='lat' dir='ltr'><strong>dilecto</strong></span> <span class='ocrx_word' id='word_1_1143' title='bbox 1355 1781 1498 1811; x_wconf 91' lang='lat' dir='ltr'><strong>avunculo</strong></span> <span class='ocrx_word' id='word_1_1144' title='bbox 1513 1781 1612 1811; x_wconf 86' lang='lat' dir='ltr'><strong>nostro</strong></span> <span class='ocrx_word' id='word_1_1145' title='bbox 1623 1781 1750 1811; x_wconf 80' lang='lat' dir='ltr'><strong>Thomae</strong></span> <span class='ocrx_word' id='word_1_1146' title='bbox 1770 1782 1805 1811; x_wconf 83' lang='lat' dir='ltr'><strong>de</strong></span> <span class='ocrx_word' id='word_1_1147' title='bbox 1818 1782 1951 1812; x_wconf 87' lang='lat' dir='ltr'><strong>Sabaudia</strong></span> <span class='ocrx_word' id='word_1_1148' title='bbox 1966 1781 2077 1813; x_wconf 90' lang='lat' dir='ltr'><strong>Comiti</strong></span> <span class='ocrx_word' id='word_1_1149' title='bbox 2094 1805 2104 1820; x_wconf 92' lang='lat'><strong>,</strong></span> <span class='ocrx_word' id='word_1_1150' title='bbox 2126 1793 2178 1820; x_wconf 90' lang='lat' dir='ltr'><strong>pro</strong></span> <span class='ocrx_word' id='word_1_1151' title='bbox 2193 1783 2292 1813; x_wconf 88' lang='lat' dir='ltr'><strong>homa-</strong></span> <span class='ocrx_word' id='word_1_1152' title='bbox 2310 1783 2365 1806; x_wconf 41' lang='lat' dir='ltr'><strong>Pars</strong></span> 
     </span>
     <span class='ocr_line' id='line_1_145' title="bbox 1237 1817 2404 1860; baseline 0.005 -14"><span class='ocrx_word' id='word_1_1153' title='bbox 1237 1818 1286 1856; x_wconf 85' lang='lat' dir='ltr'><strong>gio</strong></span> <span class='ocrx_word' id='word_1_1154' title='bbox 1301 1819 1334 1848; x_wconf 86' lang='lat'>&amp;</span> <span class='ocrx_word' id='word_1_1155' title='bbox 1346 1817 1456 1848; x_wconf 87' lang='lat' dir='ltr'><strong>servitio</strong></span> <span class='ocrx_word' id='word_1_1156' title='bbox 1467 1820 1533 1858; x_wconf 85' lang='lat' dir='ltr'><strong>suo,</strong></span> <span class='ocrx_word' id='word_1_1157' title='bbox 1552 1819 1744 1859; x_wconf 86' lang='lat' dir='ltr'><strong>Principatum</strong></span> <span class='ocrx_word' id='word_1_1158' title='bbox 1765 1819 1890 1860; x_wconf 77' lang='lat' dir='ltr'><strong>Capuae,</strong></span> <span class='ocrx_word' id='word_1_1159' title='bbox 1909 1831 1977 1851; x_wconf 86' lang='lat' dir='ltr'><strong>cum</strong></span> <span class='ocrx_word' id='word_1_1160' title='bbox 1994 1821 2128 1851; x_wconf 85' lang='lat' dir='ltr'><strong>omnibus</strong></span> <span class='ocrx_word' id='word_1_1161' title='bbox 2142 1821 2292 1859; x_wconf 85' lang='lat' dir='ltr'><strong>apendiciis</strong></span> <span class='ocrx_word' id='word_1_1162' title='bbox 2308 1818 2404 1853; x_wconf 56' lang='lat' dir='ltr'><strong>Vt&#39;sc‘m·</strong></span> 
     </span>
     <span class='ocr_line' id='line_1_146' title="bbox 1237 1851 2443 1898; baseline 0.004 -12"><span class='ocrx_word' id='word_1_1163' title='bbox 1237 1858 1269 1886; x_wconf 85' lang='lat'>&amp;</span> <span class='ocrx_word' id='word_1_1164' title='bbox 1284 1858 1455 1895; x_wconf 87' lang='lat' dir='ltr'><strong>pertinentiis</strong></span> <span class='ocrx_word' id='word_1_1165' title='bbox 1470 1858 1520 1888; x_wconf 88' lang='lat' dir='ltr'><strong>suis</strong></span> <span class='ocrx_word' id='word_1_1166' title='bbox 1535 1881 1545 1896; x_wconf 87' lang='lat'><strong>,</strong></span> <span class='ocrx_word' id='word_1_1167' title='bbox 1570 1868 1639 1888; x_wconf 90' lang='lat' dir='ltr'><strong>cum</strong></span> <span class='ocrx_word' id='word_1_1168' title='bbox 1653 1857 1785 1888; x_wconf 85' lang='lat' dir='ltr'><strong>omnibus</strong></span> <span class='ocrx_word' id='word_1_1169' title='bbox 1799 1859 1952 1889; x_wconf 83' lang='lat' dir='ltr'><strong>honoribus</strong></span> <span class='ocrx_word' id='word_1_1170' title='bbox 1966 1883 1976 1898; x_wconf 89' lang='lat'><strong>,</strong></span> <span class='ocrx_word' id='word_1_1171' title='bbox 2000 1860 2124 1898; x_wconf 81' lang='lat' dir='ltr'><strong>juribus,</strong></span> <span class='ocrx_word' id='word_1_1172' title='bbox 2143 1860 2294 1889; x_wconf 70' lang='lat' dir='ltr'><strong>exactioni·</strong></span> <span class='ocrx_word' id='word_1_1173' title='bbox 2311 1854 2389 1891; x_wconf 70' lang='lat'><strong>37&amp;</strong></span> <span class='ocrx_word' id='word_1_1174' title='bbox 2399 1851 2443 1891; x_wconf 74' lang='lat'><strong>38·</strong></span> 
     </span>
     <span class='ocr_line' id='line_1_147' title="bbox 1238 1895 2385 1935; baseline 0.004 -11"><span class='ocrx_word' id='word_1_1175' title='bbox 1238 1895 1289 1924; x_wconf 86' lang='lat' dir='ltr'><strong>bus</strong></span> <span class='ocrx_word' id='word_1_1176' title='bbox 1302 1917 1312 1932; x_wconf 93' lang='lat'><strong>,</strong></span> <span class='ocrx_word' id='word_1_1177' title='bbox 1338 1896 1370 1925; x_wconf 65' lang='grc' dir='ltr'><strong>δε</strong></span> <span class='ocrx_word' id='word_1_1178' title='bbox 1384 1906 1450 1926; x_wconf 87' lang='lat' dir='ltr'><strong>cum</strong></span> <span class='ocrx_word' id='word_1_1179' title='bbox 1468 1896 1600 1927; x_wconf 88' lang='lat' dir='ltr'><strong>omnibus</strong></span> <span class='ocrx_word' id='word_1_1180' title='bbox 1615 1897 1672 1927; x_wconf 87' lang='lat' dir='ltr'><strong>aliis</strong></span> <span class='ocrx_word' id='word_1_1181' title='bbox 1692 1896 1861 1927; x_wconf 82' lang='lat' dir='ltr'><strong>libertatibus</strong></span> <span class='ocrx_word' id='word_1_1182' title='bbox 1875 1898 1907 1928; x_wconf 85' lang='lat'>&amp;</span> <span class='ocrx_word' id='word_1_1183' title='bbox 1923 1898 2015 1928; x_wconf 90' lang='lat' dir='ltr'><strong>liberis</strong></span> <span class='ocrx_word' id='word_1_1184' title='bbox 2033 1897 2294 1935; x_wconf 82' lang='lat' dir='ltr'><strong>consuetudinibus,</strong></span> <span class='ocrx_word' id='word_1_1185' title='bbox 2310 1899 2344 1922; x_wconf 84' lang='lat' dir='ltr'><strong>H.</strong></span> <span class='ocrx_word' id='word_1_1186' title='bbox 2361 1902 2385 1929; x_wconf 82' lang='lat'><strong>3-</strong></span> 
     </span>
     <span class='ocr_line' id='line_1_148' title="bbox 1237 1932 2444 1974; baseline 0.002 -11"><span class='ocrx_word' id='word_1_1187' title='bbox 1237 1933 1270 1963; x_wconf 91' lang='lat' dir='ltr'><strong>ad</strong></span> <span class='ocrx_word' id='word_1_1188' title='bbox 1288 1932 1480 1973; x_wconf 83' lang='lat' dir='ltr'><strong>Principatum</strong></span> <span class='ocrx_word' id='word_1_1189' title='bbox 1492 1935 1571 1964; x_wconf 90' lang='lat' dir='ltr'><strong>illum</strong></span> <span class='ocrx_word' id='word_1_1190' title='bbox 1586 1935 1786 1972; x_wconf 84' lang='lat' dir='ltr'><strong>pertinentibus</strong></span> <span class='ocrx_word' id='word_1_1191' title='bbox 1797 1958 1806 1973; x_wconf 90' lang='lat'><strong>,</strong></span> <span class='ocrx_word' id='word_1_1192' title='bbox 1831 1937 1888 1966; x_wconf 83' lang='lat' dir='ltr'><strong>sine</strong></span> <span class='ocrx_word' id='word_1_1193' title='bbox 1902 1936 1996 1974; x_wconf 87' lang='lat' dir='ltr'><strong>aliquo</strong></span> <span class='ocrx_word' id='word_1_1194' title='bbox 2011 1936 2198 1966; x_wconf 88' lang='lat' dir='ltr'><strong>retinemento</strong></span> <span class='ocrx_word' id='word_1_1195' title='bbox 2216 1936 2295 1966; x_wconf 73' lang='lat' dir='ltr'><strong>dieto</strong></span> <span class='ocrx_word' id='word_1_1196' title='bbox 2310 1939 2334 1969; x_wconf 81' lang='lat' dir='ltr'><strong>P·</strong></span> <span class='ocrx_word' id='word_1_1197' title='bbox 2344 1939 2444 1959; x_wconf 78' lang='lat' dir='ltr'><strong>2-m·²·</strong></span> 
     </span>
     <span class='ocr_line' id='line_1_149' title="bbox 1237 1971 2298 2040; baseline 0.004 -40"><span class='ocrx_word' id='word_1_1198' title='bbox 1237 1971 1365 2040; x_wconf 51' lang='lat' dir='ltr'><strong>{homae</strong></span> <span class='ocrx_word' id='word_1_1199' title='bbox 1386 1973 1419 2003; x_wconf 72' lang='grc' dir='ltr'><strong>ὅ(</strong></span> <span class='ocrx_word' id='word_1_1200' title='bbox 1440 1973 1596 2004; x_wconf 81' lang='lat' dir='ltr'><strong>haeredibus</strong></span> <span class='ocrx_word' id='word_1_1201' title='bbox 1615 1974 1666 2003; x_wconf 88' lang='lat' dir='ltr'><strong>suis</strong></span> <span class='ocrx_word' id='word_1_1202' title='bbox 1687 1973 1827 2011; x_wconf 88' lang='lat' dir='ltr'><strong>utriusque</strong></span> <span class='ocrx_word' id='word_1_1203' title='bbox 1846 1974 1922 2004; x_wconf 86' lang='lat' dir='ltr'><strong>sexus</strong></span> <span class='ocrx_word' id='word_1_1204' title='bbox 1941 1976 2137 2015; x_wconf 85' lang='lat' dir='ltr'><strong>inperpetuum</strong></span> <span class='ocrx_word' id='word_1_1205' title='bbox 2156 1974 2298 2014; x_wconf 73' lang='lat' dir='ltr'><strong>possiden-</strong></span> 
     </span>
    </p>

    <p class='ocr_par' dir='ltr' id='par_1_53' title="bbox 1259 2020 1524 2048">
     <span class='ocr_line' id='line_1_150' title="bbox 1259 2020 1524 2048; baseline 0 -8"><span class='ocrx_word' id='word_1_1206' title='bbox 1259 2020 1324 2048; x_wconf 75' lang='lat' dir='ltr'><strong>um,</strong></span> <span class='ocrx_word' id='word_1_1207' title='bbox 1521 2038 1524 2040; x_wconf 89' lang='lat'>.</span> 
     </span>
    </p>

    <p class='ocr_par' dir='ltr' id='par_1_54' title="bbox 1241 2048 2299 2165">
     <span class='ocr_line' id='line_1_151' title="bbox 1276 2048 2299 2090; baseline 0.003 -12"><span class='ocrx_word' id='word_1_1208' title='bbox 1276 2048 1362 2087; x_wconf 86' lang='lat' dir='ltr'><strong>Nos,</strong></span> <span class='ocrx_word' id='word_1_1209' title='bbox 1379 2049 1562 2080; x_wconf 89' lang='lat' dir='ltr'><strong>donationem</strong></span> <span class='ocrx_word' id='word_1_1210' title='bbox 1577 2050 1610 2081; x_wconf 73' lang='lat' dir='ltr'><strong>«Sc</strong></span> <span class='ocrx_word' id='word_1_1211' title='bbox 1624 2050 1839 2081; x_wconf 84' lang='lat' dir='ltr'><strong>concessionem</strong></span> <span class='ocrx_word' id='word_1_1212' title='bbox 1851 2050 1926 2081; x_wconf 89' lang='lat' dir='ltr'><strong>illam</strong></span> <span class='ocrx_word' id='word_1_1213' title='bbox 1940 2051 2026 2082; x_wconf 88' lang='lat' dir='ltr'><strong>ratam</strong></span> <span class='ocrx_word' id='word_1_1214' title='bbox 2042 2051 2174 2082; x_wconf 88' lang='lat' dir='ltr'><strong>habentes</strong></span> <span class='ocrx_word' id='word_1_1215' title='bbox 2188 2051 2220 2082; x_wconf 72' lang='grc' dir='ltr'><strong>δε</strong></span> <span class='ocrx_word' id='word_1_1216' title='bbox 2237 2060 2299 2090; x_wconf 82' lang='lat' dir='ltr'><strong>gra-</strong></span> 
     </span>
     <span class='ocr_line' id='line_1_152' title="bbox 1241 2088 2299 2128; baseline 0.003 -11"><span class='ocrx_word' id='word_1_1217' title='bbox 1241 2096 1314 2125; x_wconf 88' lang='lat' dir='ltr'><strong>tam,</strong></span> <span class='ocrx_word' id='word_1_1218' title='bbox 1331 2088 1452 2118; x_wconf 87' lang='lat' dir='ltr'><strong>similiter</strong></span> <span class='ocrx_word' id='word_1_1219' title='bbox 1464 2088 1649 2119; x_wconf 84' lang='lat' dir='ltr'><strong>concedimus</strong></span> <span class='ocrx_word' id='word_1_1220' title='bbox 1666 2090 1699 2120; x_wconf 71' lang='grc' dir='ltr'><strong>ὃς</strong></span> <span class='ocrx_word' id='word_1_1221' title='bbox 1714 2089 1931 2128; x_wconf 75' lang='lat' dir='ltr'><strong>confirmamus,</strong></span> <span class='ocrx_word' id='word_1_1222' title='bbox 1949 2091 2019 2121; x_wconf 88' lang='lat' dir='ltr'><strong>sicut</strong></span> <span class='ocrx_word' id='word_1_1223' title='bbox 2032 2091 2062 2120; x_wconf 88' lang='lat' dir='ltr'><strong>in</strong></span> <span class='ocrx_word' id='word_1_1224' title='bbox 2075 2097 2149 2120; x_wconf 85' lang='lat' dir='ltr'><strong>carta</strong></span> <span class='ocrx_word' id='word_1_1225' title='bbox 2166 2089 2299 2128; x_wconf 67' lang='lat' dir='ltr'><strong>praedicta</strong></span> 
     </span>
     <span class='ocr_line' id='line_1_153' title="bbox 1241 2125 2191 2165; baseline 0.004 -10"><span class='ocrx_word' id='word_1_1226' title='bbox 1241 2125 1347 2165; x_wconf 89' lang='lat' dir='ltr'><strong>plenius</strong></span> <span class='ocrx_word' id='word_1_1227' title='bbox 1362 2127 1394 2158; x_wconf 88' lang='lat'>&amp;</span> <span class='ocrx_word' id='word_1_1228' title='bbox 1410 2126 1563 2159; x_wconf 88' lang='lat' dir='ltr'><strong>evidentius</strong></span> <span class='ocrx_word' id='word_1_1229' title='bbox 1577 2128 1744 2158; x_wconf 89' lang='lat' dir='ltr'><strong>continetur.</strong></span> <span class='ocrx_word' id='word_1_1230' title='bbox 2187 2134 2191 2135; x_wconf 51' lang='lat'><em>⁷</em></span> 
     </span>
    </p>
   </div>
   <div class='ocr_carea' id='block_1_25' title="bbox 1651 2203 1886 2243">
    <p class='ocr_par' dir='ltr' id='par_1_55' title="bbox 1651 2203 1886 2243">
     <span class='ocr_line' id='line_1_154' title="bbox 1651 2203 1886 2243; baseline 0 -9"><span class='ocrx_word' id='word_1_1231' title='bbox 1651 2203 1718 2235; x_wconf 89' lang='lat' dir='ltr'><strong>Hiis</strong></span> <span class='ocrx_word' id='word_1_1232' title='bbox 1733 2203 1865 2235; x_wconf 87' lang='lat' dir='ltr'><strong>Testibus</strong></span> <span class='ocrx_word' id='word_1_1233' title='bbox 1875 2227 1886 2243; x_wconf 92' lang='lat'><strong>,</strong></span> 
     </span>
    </p>
   </div>
   <div class='ocr_carea' id='block_1_26' title="bbox 1279 2279 2221 2588">
    <p class='ocr_par' dir='ltr' id='par_1_56' title="bbox 1279 2279 1703 2356">
     <span class='ocr_line' id='line_1_155' title="bbox 1279 2279 1703 2320; baseline 0.005 -12"><span class='ocrx_word' id='word_1_1234' title='bbox 1279 2281 1362 2309; x_wconf 84' lang='lat' dir='ltr'><strong>Petro</strong></span> <span class='ocrx_word' id='word_1_1235' title='bbox 1375 2279 1406 2309; x_wconf 86' lang='lat' dir='ltr'><strong>de</strong></span> <span class='ocrx_word' id='word_1_1236' title='bbox 1418 2279 1554 2320; x_wconf 76' lang='lat' dir='ltr'><strong>Herefhrd</strong></span> <span class='ocrx_word' id='word_1_1237' title='bbox 1566 2279 1703 2320; x_wconf 80' lang='lat' dir='ltr'><strong>Epifiopo,</strong></span> 
     </span>
     <span class='ocr_line' id='line_1_156' title="bbox 1280 2318 1574 2356; baseline 0.003 -9"><span class='ocrx_word' id='word_1_1238' title='bbox 1280 2321 1362 2348; x_wconf 81' lang='lat' dir='ltr'><strong>Petro</strong></span> <span class='ocrx_word' id='word_1_1239' title='bbox 1377 2320 1407 2348; x_wconf 85' lang='lat' dir='ltr'><strong>de</strong></span> <span class='ocrx_word' id='word_1_1240' title='bbox 1422 2318 1574 2356; x_wconf 77' lang='lat' dir='ltr'><strong>Sabaudia,</strong></span> 
     </span>
    </p>

    <p class='ocr_par' dir='ltr' id='par_1_57' title="bbox 1279 2356 2221 2474">
     <span class='ocr_line' id='line_1_157' title="bbox 1280 2356 2130 2396; baseline 0.002 -11"><span class='ocrx_word' id='word_1_1241' title='bbox 1280 2359 1362 2385; x_wconf 83' lang='lat' dir='ltr'><strong>Petro</strong></span> <span class='ocrx_word' id='word_1_1242' title='bbox 1377 2357 1486 2395; x_wconf 80' lang='lat' dir='ltr'><strong>Chacep.</strong></span> <span class='ocrx_word' id='word_1_1243' title='bbox 1502 2358 1700 2388; x_wconf 78' lang='lat' dir='ltr'><strong>Archidiacono</strong></span> <span class='ocrx_word' id='word_1_1244' title='bbox 1719 2356 1857 2396; x_wconf 79' lang='lat' dir='ltr'><strong>Wllenfi,</strong></span> <span class='ocrx_word' id='word_1_1245' title='bbox 2126 2378 2130 2381; x_wconf 88' lang='lat'><em>-</em></span> 
     </span>
     <span class='ocr_line' id='line_1_158' title="bbox 1280 2395 2221 2433; baseline 0.001 -9"><span class='ocrx_word' id='word_1_1246' title='bbox 1280 2397 1396 2424; x_wconf 85' lang='lat' dir='ltr'><strong>Henrico</strong></span> <span class='ocrx_word' id='word_1_1247' title='bbox 1410 2396 1441 2425; x_wconf 83' lang='lat' dir='ltr'><strong>de</strong></span> <span class='ocrx_word' id='word_1_1248' title='bbox 1453 2396 1616 2433; x_wconf 67' lang='lat' dir='ltr'><strong>Wengham,</strong></span> <span class='ocrx_word' id='word_1_1249' title='bbox 1634 2400 1742 2427; x_wconf 79' lang='lat' dir='ltr'><strong>Decano</strong></span> <span class='ocrx_word' id='word_1_1250' title='bbox 1757 2397 1850 2426; x_wconf 72' lang='lat' dir='ltr'><strong>Sanc‘i‘t&#39;</strong></span> <span class='ocrx_word' id='word_1_1251' title='bbox 1864 2398 1986 2426; x_wconf 77' lang='lat' dir='ltr'><strong>Martini</strong></span> <span class='ocrx_word' id='word_1_1252' title='bbox 1999 2397 2088 2433; x_wconf 81' lang='lat' dir='ltr'><strong>magni</strong></span> <span class='ocrx_word' id='word_1_1253' title='bbox 2100 2395 2221 2426; x_wconf 77' lang='lat' dir='ltr'><strong>London.</strong></span> 
     </span>
     <span class='ocr_line' id='line_1_159' title="bbox 1279 2433 1643 2474; baseline 0.008 -13"><span class='ocrx_word' id='word_1_1254' title='bbox 1279 2433 1418 2472; x_wconf 81' lang='lat' dir='ltr'><strong>Radulpho</strong></span> <span class='ocrx_word' id='word_1_1255' title='bbox 1429 2433 1486 2473; x_wconf 84' lang='lat' dir='ltr'><strong>filio</strong></span> <span class='ocrx_word' id='word_1_1256' title='bbox 1498 2435 1626 2464; x_wconf 80' lang='lat' dir='ltr'><strong>Nicholai</strong></span> <span class='ocrx_word' id='word_1_1257' title='bbox 1633 2458 1643 2474; x_wconf 83' lang='lat'><strong>,</strong></span> 
     </span>
    </p>

    <p class='ocr_par' dir='ltr' id='par_1_58' title="bbox 1280 2473 1539 2512">
     <span class='ocr_line' id='line_1_160' title="bbox 1280 2473 1539 2512; baseline 0.008 -12"><span class='ocrx_word' id='word_1_1258' title='bbox 1280 2473 1393 2501; x_wconf 84' lang='lat' dir='ltr'><strong>Ricardo</strong></span> <span class='ocrx_word' id='word_1_1259' title='bbox 1407 2473 1438 2501; x_wconf 87' lang='lat' dir='ltr'><strong>de</strong></span> <span class='ocrx_word' id='word_1_1260' title='bbox 1452 2476 1521 2512; x_wconf 86' lang='lat' dir='ltr'><strong>Grey</strong></span> <span class='ocrx_word' id='word_1_1261' title='bbox 1530 2496 1539 2510; x_wconf 89' lang='lat'><strong>,</strong></span> 
     </span>
    </p>

    <p class='ocr_par' dir='ltr' id='par_1_59' title="bbox 1280 2509 1556 2550">
     <span class='ocr_line' id='line_1_161' title="bbox 1280 2509 1556 2550; baseline 0.007 -12"><span class='ocrx_word' id='word_1_1262' title='bbox 1280 2509 1411 2547; x_wconf 81' lang='lat' dir='ltr'><strong>Johanne</strong></span> <span class='ocrx_word' id='word_1_1263' title='bbox 1425 2512 1456 2539; x_wconf 87' lang='lat' dir='ltr'><strong>de</strong></span> <span class='ocrx_word' id='word_1_1264' title='bbox 1469 2514 1556 2550; x_wconf 84' lang='lat' dir='ltr'><strong>Grey,</strong></span> 
     </span>
    </p>

    <p class='ocr_par' dir='ltr' id='par_1_60' title="bbox 1281 2547 1931 2588">
     <span class='ocr_line' id='line_1_162' title="bbox 1281 2547 1931 2588; baseline 0.002 -11"><span class='ocrx_word' id='word_1_1265' title='bbox 1281 2547 1395 2578; x_wconf 84' lang='lat' dir='ltr'><strong>Roberto</strong></span> <span class='ocrx_word' id='word_1_1266' title='bbox 1411 2549 1566 2579; x_wconf 61' lang='lat' dir='ltr'><strong>lis&#39;alerand.</strong></span> <span class='ocrx_word' id='word_1_1267' title='bbox 1581 2547 1679 2588; x_wconf 80' lang='lat' dir='ltr'><strong>Senefi.</strong></span> <span class='ocrx_word' id='word_1_1268' title='bbox 1697 2548 1801 2588; x_wconf 80' lang='lat' dir='ltr'><strong>nostro,</strong></span> <span class='ocrx_word' id='word_1_1269' title='bbox 1819 2549 1852 2580; x_wconf 85' lang='lat'>&amp;</span> <span class='ocrx_word' id='word_1_1270' title='bbox 1865 2549 1931 2579; x_wconf 84' lang='lat' dir='ltr'><strong>aliis.</strong></span> 
     </span>
    </p>
   </div>
   <div class='ocr_carea' id='block_1_27' title="bbox 1886 2307 1896 2322">
    <p class='ocr_par' dir='ltr' id='par_1_61' title="bbox 1886 2307 1896 2322">
     <span class='ocr_line' id='line_1_163' title="bbox 1886 2307 1896 2322; baseline 0 0"><span class='ocrx_word' id='word_1_1271' title='bbox 1886 2307 1896 2322; x_wconf 70' lang='grc' dir='ltr'><em>ὃ</em></span> 
     </span>
    </p>
   </div>
   <div class='ocr_carea' id='block_1_28' title="bbox 1245 2623 2303 2742">
    <p class='ocr_par' dir='ltr' id='par_1_62' title="bbox 1245 2623 2303 2742">
     <span class='ocr_line' id='line_1_164' title="bbox 1282 2623 2302 2665; baseline 0 -12"><span class='ocrx_word' id='word_1_1272' title='bbox 1282 2623 1328 2654; x_wconf 89' lang='lat' dir='ltr'><strong>Ad</strong></span> <span class='ocrx_word' id='word_1_1273' title='bbox 1342 2624 1443 2654; x_wconf 88' lang='lat' dir='ltr'><strong>horum</strong></span> <span class='ocrx_word' id='word_1_1274' title='bbox 1457 2626 1591 2655; x_wconf 87' lang='lat' dir='ltr'><strong>omnium</strong></span> <span class='ocrx_word' id='word_1_1275' title='bbox 1607 2626 1639 2656; x_wconf 63' lang='grc' dir='ltr'><strong>ὃς</strong></span> <span class='ocrx_word' id='word_1_1276' title='bbox 1655 2625 1823 2665; x_wconf 85' lang='lat' dir='ltr'><strong>singulorum</strong></span> <span class='ocrx_word' id='word_1_1277' title='bbox 1837 2625 1998 2656; x_wconf 81' lang='lat' dir='ltr'><strong>evidentem</strong></span> <span class='ocrx_word' id='word_1_1278' title='bbox 2020 2624 2189 2655; x_wconf 80' lang='lat' dir='ltr'><strong>memoriam</strong></span> <span class='ocrx_word' id='word_1_1279' title='bbox 2204 2624 2238 2655; x_wconf 75' lang='grc' dir='ltr'><strong>δε</strong></span> <span class='ocrx_word' id='word_1_1280' title='bbox 2253 2633 2302 2653; x_wconf 91' lang='lat' dir='ltr'><strong>ro-</strong></span> 
     </span>
     <span class='ocr_line' id='line_1_165' title="bbox 1245 2663 2303 2703; baseline 0 -11"><span class='ocrx_word' id='word_1_1281' title='bbox 1245 2663 1297 2692; x_wconf 90' lang='lat' dir='ltr'><strong>bur</strong></span> <span class='ocrx_word' id='word_1_1282' title='bbox 1309 2664 1490 2695; x_wconf 86' lang='lat' dir='ltr'><strong>irrevocabile</strong></span> <span class='ocrx_word' id='word_1_1283' title='bbox 1504 2664 1677 2702; x_wconf 89' lang='lat' dir='ltr'><strong>inposterum</strong></span> <span class='ocrx_word' id='word_1_1284' title='bbox 1697 2664 1845 2695; x_wconf 88' lang='lat' dir='ltr'><strong>valiturum</strong></span> <span class='ocrx_word' id='word_1_1285' title='bbox 1855 2688 1863 2701; x_wconf 90' lang='lat'><strong>,</strong></span> <span class='ocrx_word' id='word_1_1286' title='bbox 1882 2664 2007 2702; x_wconf 77' lang='lat' dir='ltr'><strong>praesenti</strong></span> <span class='ocrx_word' id='word_1_1287' title='bbox 2022 2671 2105 2693; x_wconf 79' lang='lat' dir='ltr'><strong>cartae</strong></span> <span class='ocrx_word' id='word_1_1288' title='bbox 2120 2663 2237 2703; x_wconf 82' lang='lat' dir='ltr'><strong>sigillum</strong></span> <span class='ocrx_word' id='word_1_1289' title='bbox 2249 2671 2303 2693; x_wconf 87' lang='lat' dir='ltr'><strong>no-</strong></span> 
     </span>
     <span class='ocr_line' id='line_1_166' title="bbox 1245 2701 2140 2742; baseline -0.001 -10"><span class='ocrx_word' id='word_1_1290' title='bbox 1245 2701 1351 2741; x_wconf 76' lang='lat' dir='ltr'><strong>strum&#39;,</strong></span> <span class='ocrx_word' id='word_1_1291' title='bbox 1368 2712 1426 2742; x_wconf 90' lang='lat' dir='ltr'><strong>quo</strong></span> <span class='ocrx_word' id='word_1_1292' title='bbox 1441 2704 1545 2733; x_wconf 87' lang='lat' dir='ltr'><strong>utimur</strong></span> <span class='ocrx_word' id='word_1_1293' title='bbox 1558 2704 1588 2733; x_wconf 88' lang='lat' dir='ltr'><strong>iri</strong></span> <span class='ocrx_word' id='word_1_1294' title='bbox 1602 2702 1771 2740; x_wconf 87' lang='lat' dir='ltr'><strong>Wasconia,</strong></span> <span class='ocrx_word' id='word_1_1295' title='bbox 1787 2702 1917 2733; x_wconf 81' lang='lat' dir='ltr'><strong>duximus</strong></span> <span class='ocrx_word' id='word_1_1296' title='bbox 1932 2702 2140 2742; x_wconf 88' lang='lat' dir='ltr'><strong>apponendum.</strong></span> 
     </span>
    </p>
   </div>
   <div class='ocr_carea' id='block_1_29' title="bbox 1243 2778 2305 2856">
    <p class='ocr_par' dir='ltr' id='par_1_63' title="bbox 1243 2778 2305 2856">
     <span class='ocr_line' id='line_1_167' title="bbox 1281 2778 2305 2819; baseline 0 -10"><span class='ocrx_word' id='word_1_1297' title='bbox 1281 2778 1390 2809; x_wconf 77' lang='lat' dir='ltr'><strong>Datum</strong></span> <span class='ocrx_word' id='word_1_1298' title='bbox 1406 2790 1454 2818; x_wconf 83' lang='lat' dir='ltr'><strong>per</strong></span> <span class='ocrx_word' id='word_1_1299' title='bbox 1468 2789 1583 2810; x_wconf 85' lang='lat' dir='ltr'><strong>manum</strong></span> <span class='ocrx_word' id='word_1_1300' title='bbox 1603 2780 1727 2810; x_wconf 90' lang='lat' dir='ltr'><strong>nostram</strong></span> <span class='ocrx_word' id='word_1_1301' title='bbox 1747 2779 1821 2818; x_wconf 86' lang='lat' dir='ltr'><strong>apud</strong></span> <span class='ocrx_word' id='word_1_1302' title='bbox 1840 2779 1962 2819; x_wconf 86' lang='lat' dir='ltr'><strong>Burdeg.</strong></span> <span class='ocrx_word' id='word_1_1303' title='bbox 1981 2781 2064 2812; x_wconf 88' lang='lat' dir='ltr'><strong>tertio</strong></span> <span class='ocrx_word' id='word_1_1304' title='bbox 2082 2779 2127 2810; x_wconf 89' lang='lat' dir='ltr'><strong>die</strong></span> <span class='ocrx_word' id='word_1_1305' title='bbox 2149 2779 2305 2816; x_wconf 64' lang='lat' dir='ltr'><strong>octobris,</strong></span> 
     </span>
     <span class='ocr_line' id='line_1_168' title="bbox 1243 2817 1820 2856; baseline 0.003 -9"><span class='ocrx_word' id='word_1_1306' title='bbox 1243 2827 1320 2847; x_wconf 86' lang='lat' dir='ltr'><strong>anno</strong></span> <span class='ocrx_word' id='word_1_1307' title='bbox 1332 2817 1431 2856; x_wconf 85' lang='lat' dir='ltr'><strong>Regni</strong></span> <span class='ocrx_word' id='word_1_1308' title='bbox 1446 2818 1535 2850; x_wconf 87' lang='lat' dir='ltr'><strong>nostri</strong></span> <span class='ocrx_word' id='word_1_1309' title='bbox 1550 2818 1692 2849; x_wconf 90' lang='lat' dir='ltr'><strong>tricesimo</strong></span> <span class='ocrx_word' id='word_1_1310' title='bbox 1707 2818 1820 2849; x_wconf 63' lang='lat' dir='ltr'><strong>octavo.</strong></span> 
     </span>
    </p>
   </div>
   <div class='ocr_carea' id='block_1_30' title="bbox 1253 2896 1994 2902">
    <p class='ocr_par' dir='ltr' id='par_1_64' title="bbox 1253 2896 1994 2902">
     <span class='ocr_line' id='line_1_169' title="bbox 1253 2896 1994 2902; baseline 0 0"><span class='ocrx_word' id='word_1_1311' title='bbox 1253 2896 1994 2902; x_wconf 95' lang='lat' dir='ltr'><strong> </strong></span> 
     </span>
    </p>
   </div>
   <div class='ocr_carea' id='block_1_31' title="bbox 1244 2924 2452 3039">
    <p class='ocr_par' dir='ltr' id='par_1_65' title="bbox 1244 2924 2452 3039">
     <span class='ocr_line' id='line_1_170' title="bbox 1244 2924 2452 2989; baseline -0.002 -11"><span class='ocrx_word' id='word_1_1312' title='bbox 1244 2945 1264 2968; x_wconf 82' lang='lat'><strong>*</strong></span> <span class='ocrx_word' id='word_1_1313' title='bbox 1286 2924 1335 2978; x_wconf 75' lang='lat' dir='ltr'><strong>De</strong></span> <span class='ocrx_word' id='word_1_1314' title='bbox 1351 2940 1565 2987; x_wconf 80' lang='lat' dir='ltr'><strong>conccffionibus</strong></span> <span class='ocrx_word' id='word_1_1315' title='bbox 1575 2947 1661 2989; x_wconf 90' lang='lat' dir='ltr'><strong>prius</strong></span> <span class='ocrx_word' id='word_1_1316' title='bbox 1677 2941 1834 2976; x_wconf 76' lang='lat' dir='ltr'><strong>Edwardo</strong></span> <span class='ocrx_word' id='word_1_1317' title='bbox 1844 2946 2041 2989; x_wconf 84' lang='lat' dir='ltr'><strong>primogenito</strong></span> <span class='ocrx_word' id='word_1_1318' title='bbox 2050 2942 2146 2986; x_wconf 62' lang='lat' dir='ltr'><strong>fastis</strong></span> <span class='ocrx_word' id='word_1_1319' title='bbox 2156 2940 2216 2987; x_wconf 70' lang='lat' dir='ltr'><strong>sich</strong></span> <span class='ocrx_word' id='word_1_1320' title='bbox 2226 2952 2302 2988; x_wconf 75' lang='lat' dir='ltr'><strong>par·</strong></span> <span class='ocrx_word' id='word_1_1321' title='bbox 2316 2940 2333 2962; x_wconf 56' lang='lat'><strong>4‘</strong></span> <span class='ocrx_word' id='word_1_1322' title='bbox 2348 2947 2372 2975; x_wconf 89' lang='lat'><strong>1.</strong></span> <span class='ocrx_word' id='word_1_1323' title='bbox 2385 2948 2452 2984; x_wconf 79' lang='lat'><strong>528,</strong></span> 
     </span>
     <span class='ocr_line' id='line_1_171' title="bbox 1393 2990 2170 3039; baseline -0.004 -14"><span class='ocrx_word' id='word_1_1324' title='bbox 1393 3005 1431 3026; x_wconf 85' lang='lat' dir='ltr'><strong>vo</strong></span> <span class='ocrx_word' id='word_1_1325' title='bbox 1441 2992 1539 3039; x_wconf 74' lang='lat' dir='ltr'><strong>sigillo</strong></span> <span class='ocrx_word' id='word_1_1326' title='bbox 1550 3018 1560 3035; x_wconf 78' lang='lat'>‚</span> <span class='ocrx_word' id='word_1_1327' title='bbox 1578 2993 1650 3037; x_wconf 78' lang='lat' dir='ltr'><strong>jam</strong></span> <span class='ocrx_word' id='word_1_1328' title='bbox 1661 2990 1721 3037; x_wconf 63' lang='grc' dir='ltr'><strong>βψ</strong></span> <span class='ocrx_word' id='word_1_1329' title='bbox 1735 3004 1842 3038; x_wconf 77' lang='lat' dir='ltr'><strong>magno</strong></span> <span class='ocrx_word' id='word_1_1330' title='bbox 1847 2991 1946 3038; x_wconf 82' lang='lat' dir='ltr'><strong>figillo</strong></span> <span class='ocrx_word' id='word_1_1331' title='bbox 1963 2990 2153 3035; x_wconf 76' lang='lat' dir='ltr'><strong>confirmatis.</strong></span> <span class='ocrx_word' id='word_1_1332' title='bbox 2168 3016 2170 3021; x_wconf 74' lang='grc'>,</span> 
     </span>
    </p>
   </div>
   <div class='ocr_carea' id='block_1_32' title="bbox 1240 3075 2453 3284">
    <p class='ocr_par' dir='ltr' id='par_1_66' title="bbox 1240 3075 2453 3284">
     <span class='ocr_line' id='line_1_172' title="bbox 1243 3075 2452 3140; baseline -0.007 -30"><span class='ocrx_word' id='word_1_1333' title='bbox 1243 3079 1461 3140; x_wconf 87' lang='lat' dir='ltr'><strong>HEnricus,</strong></span> <span class='ocrx_word' id='word_1_1334' title='bbox 1481 3076 1537 3107; x_wconf 91' lang='lat' dir='ltr'><strong>Dei</strong></span> <span class='ocrx_word' id='word_1_1335' title='bbox 1551 3076 1652 3115; x_wconf 74' lang='lat' dir='ltr'><strong>gratia,</strong></span> <span class='ocrx_word' id='word_1_1336' title='bbox 1669 3076 1736 3106; x_wconf 88' lang='lat' dir='ltr'><strong>Rex</strong></span> <span class='ocrx_word' id='word_1_1337' title='bbox 1751 3075 1879 3115; x_wconf 79' lang='lat' dir='ltr'><strong>Angliae,</strong></span> <span class='ocrx_word' id='word_1_1338' title='bbox 1896 3076 2042 3107; x_wconf 88' lang='lat' dir='ltr'><strong>Dominus</strong></span> <span class='ocrx_word' id='word_1_1339' title='bbox 2051 3075 2217 3114; x_wconf 84' lang='lat' dir='ltr'><strong>Hiberniae,</strong></span> <span class='ocrx_word' id='word_1_1340' title='bbox 2233 3075 2302 3105; x_wconf 90' lang='lat' dir='ltr'><strong>Dux</strong></span> <span class='ocrx_word' id='word_1_1341' title='bbox 2318 3092 2384 3123; x_wconf 72' lang='lat' dir='ltr'><strong>Ann</strong></span> <span class='ocrx_word' id='word_1_1342' title='bbox 2408 3091 2452 3122; x_wconf 84' lang='lat' dir='ltr'><strong>D.</strong></span> 
     </span>
     <span class='ocr_line' id='line_1_173' title="bbox 1325 3113 2453 3160; baseline -0.006 -11"><span class='ocrx_word' id='word_1_1343' title='bbox 1325 3117 1518 3149; x_wconf 79' lang='lat' dir='ltr'><strong>Normanniae</strong></span> <span class='ocrx_word' id='word_1_1344' title='bbox 1533 3116 1567 3146; x_wconf 72' lang='grc'><strong>86</strong></span> <span class='ocrx_word' id='word_1_1345' title='bbox 1585 3115 1759 3153; x_wconf 82' lang='lat' dir='ltr'><strong>Aquitaniae,</strong></span> <span class='ocrx_word' id='word_1_1346' title='bbox 1777 3116 1810 3145; x_wconf 87' lang='lat'>&amp;</span> <span class='ocrx_word' id='word_1_1347' title='bbox 1833 3113 1941 3145; x_wconf 87' lang='lat' dir='ltr'><strong>Comes</strong></span> <span class='ocrx_word' id='word_1_1348' title='bbox 1961 3115 2133 3153; x_wconf 84' lang='lat' dir='ltr'><strong>Andegaviae</strong></span> <span class='ocrx_word' id='word_1_1349' title='bbox 2149 3138 2158 3152; x_wconf 82' lang='lat'><strong>,</strong></span> <span class='ocrx_word' id='word_1_1350' title='bbox 2186 3114 2301 3144; x_wconf 90' lang='lat' dir='ltr'><strong>Archie-</strong></span> <span class='ocrx_word' id='word_1_1351' title='bbox 2336 3141 2367 3160; x_wconf 60' lang='lat'><strong>1„</strong></span> <span class='ocrx_word' id='word_1_1352' title='bbox 2388 3116 2397 3151; x_wconf 34' lang='grc' dir='ltr'><strong><em>Ἰ</em></strong></span> <span class='ocrx_word' id='word_1_1353' title='bbox 2441 3114 2453 3122; x_wconf 84' lang='grc'><em>“</em></span> 
     </span>
     <span class='ocr_line' id='line_1_174' title="bbox 1243 3140 2419 3197; baseline -0.004 -11"><span class='ocrx_word' id='word_1_1354' title='bbox 1243 3156 1377 3195; x_wconf 80' lang='lat' dir='ltr'><strong>piscopis,</strong></span> <span class='ocrx_word' id='word_1_1355' title='bbox 1396 3155 1558 3194; x_wconf 82' lang='lat' dir='ltr'><strong>Episcopis,</strong></span> <span class='ocrx_word' id='word_1_1356' title='bbox 1577 3153 1751 3191; x_wconf 88' lang='lat' dir='ltr'><strong>Abbatibus,</strong></span> <span class='ocrx_word' id='word_1_1357' title='bbox 1766 3152 1925 3193; x_wconf 86' lang='lat' dir='ltr'><strong>Prioribus,</strong></span> <span class='ocrx_word' id='word_1_1358' title='bbox 1940 3152 2120 3192; x_wconf 83' lang='lat' dir='ltr'><strong>Comitibus,</strong></span> <span class='ocrx_word' id='word_1_1359' title='bbox 2134 3152 2301 3189; x_wconf 87' lang='lat' dir='ltr'><strong>Baronibus,</strong></span> <span class='ocrx_word' id='word_1_1360' title='bbox 2316 3140 2419 3197; x_wconf 45' lang='grc' dir='ltr'><strong>Αῑῗῆἓ</strong></span> 
     </span>
     <span class='ocr_line' id='line_1_175' title="bbox 1240 3180 2429 3244; baseline -0.009 -15"><span class='ocrx_word' id='word_1_1361' title='bbox 1240 3194 1402 3231; x_wconf 73' lang='lat' dir='ltr'><strong>justiciariis</strong></span> <span class='ocrx_word' id='word_1_1362' title='bbox 1417 3218 1427 3232; x_wconf 88' lang='lat'><strong>,</strong></span> <span class='ocrx_word' id='word_1_1363' title='bbox 1453 3192 1677 3223; x_wconf 89' lang='lat' dir='ltr'><strong>Vicecornitibus</strong></span> <span class='ocrx_word' id='word_1_1364' title='bbox 1691 3214 1701 3230; x_wconf 88' lang='lat'><strong>,</strong></span> <span class='ocrx_word' id='word_1_1365' title='bbox 1725 3191 1903 3230; x_wconf 84' lang='lat' dir='ltr'><strong>Praepositis,</strong></span> <span class='ocrx_word' id='word_1_1366' title='bbox 1927 3192 2075 3222; x_wconf 85' lang='lat' dir='ltr'><strong>Universis</strong></span> <span class='ocrx_word' id='word_1_1367' title='bbox 2089 3215 2098 3230; x_wconf 94' lang='lat'><strong>,</strong></span> <span class='ocrx_word' id='word_1_1368' title='bbox 2123 3191 2156 3221; x_wconf 89' lang='lat'>&amp;</span> <span class='ocrx_word' id='word_1_1369' title='bbox 2168 3191 2302 3220; x_wconf 89' lang='lat' dir='ltr'><strong>omnibus</strong></span> <span class='ocrx_word' id='word_1_1370' title='bbox 2316 3212 2343 3234; x_wconf 84' lang='lat' dir='ltr'><em>H</em></span> <span class='ocrx_word' id='word_1_1371' title='bbox 2363 3180 2398 3244; x_wconf 78' lang='lat'><strong>&#39;33</strong></span> <span class='ocrx_word' id='word_1_1372' title='bbox 2422 3191 2429 3198; x_wconf 78' lang='lat'>⁴</span> 
     </span>
     <span class='ocr_line' id='line_1_176' title="bbox 2364 3245 2432 3284; baseline 0.015 -11"><span class='ocrx_word' id='word_1_1373' title='bbox 2364 3251 2394 3274; x_wconf 77' lang='grc' dir='ltr'><strong>Β.</strong></span> <span class='ocrx_word' id='word_1_1374' title='bbox 2403 3245 2432 3284; x_wconf 74' lang='lat' dir='ltr'><em>fi</em></span> 
     </span>
    </p>
   </div>
   <div class='ocr_carea' id='block_1_33' title="bbox 2315 3293 2450 3389">
    <p class='ocr_par' dir='ltr' id='par_1_67' title="bbox 2315 3293 2450 3389">
     <span class='ocr_line' id='line_1_177' title="bbox 2316 3293 2379 3318; baseline 0.016 -8"><span class='ocrx_word' id='word_1_1375' title='bbox 2316 3293 2329 3310; x_wconf 87' lang='lat'>2</span> <span class='ocrx_word' id='word_1_1376' title='bbox 2338 3293 2346 3310; x_wconf 83' lang='lat' dir='ltr'><strong>r</strong></span> <span class='ocrx_word' id='word_1_1377' title='bbox 2353 3293 2379 3318; x_wconf 79' lang='lat'><strong>5.</strong></span> 
     </span>
     <span class='ocr_line' id='line_1_178' title="bbox 2316 3325 2450 3352; baseline 0.022 -4"><span class='ocrx_word' id='word_1_1378' title='bbox 2316 3325 2389 3349; x_wconf 81' lang='lat' dir='ltr'><strong>Penes</strong></span> <span class='ocrx_word' id='word_1_1379' title='bbox 2396 3327 2450 3352; x_wconf 73' lang='lat' dir='ltr'><strong>Ca-</strong></span> 
     </span>
     <span class='ocr_line' id='line_1_179' title="bbox 2315 3370 2408 3389; baseline 0.022 -2"><span class='ocrx_word' id='word_1_1380' title='bbox 2315 3370 2408 3389; x_wconf 83' lang='lat' dir='ltr'><strong>merar.</strong></span> 
     </span>
    </p>
   </div>
   <div class='ocr_carea' id='block_1_34' title="bbox 2315 3403 2430 3436">
    <p class='ocr_par' dir='ltr' id='par_1_68' title="bbox 2315 3403 2430 3436">
     <span class='ocr_line' id='line_1_180' title="bbox 2315 3403 2430 3436; baseline 0 -10"><span class='ocrx_word' id='word_1_1381' title='bbox 2315 3403 2430 3436; x_wconf 52' lang='lat' dir='ltr'><strong>Scaccar,</strong></span> 
     </span>
    </p>
   </div>
   <div class='ocr_carea' id='block_1_35' title="bbox 1238 3228 2348 3614">
    <p class='ocr_par' dir='ltr' id='par_1_69' title="bbox 1242 3228 2348 3378">
     <span class='ocr_line' id='line_1_181' title="bbox 1243 3228 2336 3272; baseline -0.005 -10"><span class='ocrx_word' id='word_1_1382' title='bbox 1243 3232 1355 3264; x_wconf 81' lang='lat' dir='ltr'><strong>Ballivis</strong></span> <span class='ocrx_word' id='word_1_1383' title='bbox 1371 3234 1404 3264; x_wconf 90' lang='lat'>&amp;</span> <span class='ocrx_word' id='word_1_1384' title='bbox 1418 3231 1545 3262; x_wconf 81' lang='lat' dir='ltr'><strong>fidelibus</strong></span> <span class='ocrx_word' id='word_1_1385' title='bbox 1559 3230 1608 3260; x_wconf 92' lang='lat' dir='ltr'><strong>suis</strong></span> <span class='ocrx_word' id='word_1_1386' title='bbox 1621 3253 1630 3266; x_wconf 87' lang='lat'><strong>,</strong></span> <span class='ocrx_word' id='word_1_1387' title='bbox 1656 3230 1779 3260; x_wconf 87' lang='lat' dir='ltr'><strong>salutem.</strong></span> <span class='ocrx_word' id='word_1_1388' title='bbox 1795 3230 1891 3260; x_wconf 87' lang='lat' dir='ltr'><strong>Sciatis</strong></span> <span class='ocrx_word' id='word_1_1389' title='bbox 1911 3240 1963 3261; x_wconf 87' lang='lat' dir='ltr'><strong>nos</strong></span> <span class='ocrx_word' id='word_1_1390' title='bbox 1980 3230 2101 3269; x_wconf 86' lang='lat' dir='ltr'><strong>dedisse,</strong></span> <span class='ocrx_word' id='word_1_1391' title='bbox 2120 3228 2301 3266; x_wconf 72' lang='lat' dir='ltr'><strong>concessisse,</strong></span> <span class='ocrx_word' id='word_1_1392' title='bbox 2317 3250 2336 3272; x_wconf 85' lang='lat' dir='ltr'><em>L</em></span> 
     </span>
     <span class='ocr_line' id='line_1_182' title="bbox 1243 3262 2348 3307; baseline -0.006 -4"><span class='ocrx_word' id='word_1_1393' title='bbox 1243 3273 1276 3302; x_wconf 90' lang='lat'>&amp;</span> <span class='ocrx_word' id='word_1_1394' title='bbox 1291 3272 1345 3302; x_wconf 89' lang='lat' dir='ltr'><strong>hac</strong></span> <span class='ocrx_word' id='word_1_1395' title='bbox 1359 3279 1431 3302; x_wconf 86' lang='lat' dir='ltr'><strong>carta</strong></span> <span class='ocrx_word' id='word_1_1396' title='bbox 1444 3269 1537 3301; x_wconf 87' lang='lat' dir='ltr'><strong>nostra</strong></span> <span class='ocrx_word' id='word_1_1397' title='bbox 1552 3267 1730 3305; x_wconf 65' lang='lat' dir='ltr'><strong>confirmasse</strong></span> <span class='ocrx_word' id='word_1_1398' title='bbox 1743 3262 1904 3306; x_wconf 82' lang='lat' dir='ltr'><strong>Edwardo,</strong></span> <span class='ocrx_word' id='word_1_1399' title='bbox 1922 3269 1980 3299; x_wconf 84' lang='lat' dir='ltr'><strong>filio</strong></span> <span class='ocrx_word' id='word_1_1400' title='bbox 1993 3268 2091 3298; x_wconf 89' lang='lat' dir='ltr'><strong>nostro</strong></span> <span class='ocrx_word' id='word_1_1401' title='bbox 2105 3267 2299 3307; x_wconf 75' lang='lat' dir='ltr'><strong>primogenito</strong></span> <span class='ocrx_word' id='word_1_1402' title='bbox 2343 3267 2348 3273; x_wconf 87' lang='grc'><strong>”</strong></span> 
     </span>
     <span class='ocr_line' id='line_1_183' title="bbox 1243 3304 2295 3347; baseline -0.007 -6"><span class='ocrx_word' id='word_1_1403' title='bbox 1243 3311 1276 3341; x_wconf 71' lang='grc' dir='ltr'><strong>ὃς</strong></span> <span class='ocrx_word' id='word_1_1404' title='bbox 1292 3310 1394 3340; x_wconf 84' lang='lat' dir='ltr'><strong>haeredi</strong></span> <span class='ocrx_word' id='word_1_1405' title='bbox 1410 3332 1418 3347; x_wconf 87' lang='lat'><strong>,</strong></span> <span class='ocrx_word' id='word_1_1406' title='bbox 1444 3318 1533 3339; x_wconf 85' lang='lat' dir='ltr'><strong>totam</strong></span> <span class='ocrx_word' id='word_1_1407' title='bbox 1548 3306 1717 3337; x_wconf 86' lang='lat' dir='ltr'><strong>Hiberniam</strong></span> <span class='ocrx_word' id='word_1_1408' title='bbox 1732 3329 1743 3345; x_wconf 88' lang='lat'><strong>,</strong></span> <span class='ocrx_word' id='word_1_1409' title='bbox 1766 3305 1827 3341; x_wconf 60' lang='lat' dir='ltr'><strong>&amp;a</strong></span> <span class='ocrx_word' id='word_1_1410' title='bbox 1844 3314 1876 3336; x_wconf 84' lang='lat' dir='ltr'><strong>ut</strong></span> <span class='ocrx_word' id='word_1_1411' title='bbox 1897 3310 1926 3337; x_wconf 85' lang='lat' dir='ltr'><strong>in</strong></span> <span class='ocrx_word' id='word_1_1412' title='bbox 1943 3306 2092 3346; x_wconf 82' lang='lat' dir='ltr'><strong>concefflone</strong></span> <span class='ocrx_word' id='word_1_1413' title='bbox 2108 3305 2140 3334; x_wconf 83' lang='lat' dir='ltr'><strong>de</strong></span> <span class='ocrx_word' id='word_1_1414' title='bbox 2164 3314 2198 3344; x_wconf 73' lang='lat'><strong>14</strong></span> <span class='ocrx_word' id='word_1_1415' title='bbox 2218 3304 2295 3334; x_wconf 82' lang='lat' dir='ltr'><strong>Febr.</strong></span> 
     </span>
     <span class='ocr_line' id='line_1_184' title="bbox 1242 3348 1389 3378; baseline -0.014 0"><span class='ocrx_word' id='word_1_1416' title='bbox 1242 3349 1333 3378; x_wconf 72' lang='lat' dir='ltr'><strong>deinde</strong></span> <span class='ocrx_word' id='word_1_1417' title='bbox 1357 3348 1389 3377; x_wconf 83' lang='lat' dir='ltr'><strong>ic.</strong></span> 
     </span>
    </p>

    <p class='ocr_par' dir='ltr' id='par_1_70' title="bbox 1239 3350 2299 3540">
     <span class='ocr_line' id='line_1_185' title="bbox 1276 3350 2297 3421; baseline -0.005 -4"><span class='ocrx_word' id='word_1_1418' title='bbox 1276 3350 1363 3417; x_wconf 56' lang='lat' dir='ltr'><strong>lstarii</strong></span> <span class='ocrx_word' id='word_1_1419' title='bbox 1381 3393 1473 3416; x_wconf 85' lang='lat' dir='ltr'><strong>autem</strong></span> <span class='ocrx_word' id='word_1_1420' title='bbox 1488 3384 1671 3414; x_wconf 85' lang='lat' dir='ltr'><strong>donationem</strong></span> <span class='ocrx_word' id='word_1_1421' title='bbox 1691 3384 1724 3414; x_wconf 89' lang='lat'>&amp;</span> <span class='ocrx_word' id='word_1_1422' title='bbox 1744 3383 1955 3413; x_wconf 75' lang='lat' dir='ltr'><strong>concessionem</strong></span> <span class='ocrx_word' id='word_1_1423' title='bbox 1971 3405 1980 3420; x_wconf 85' lang='lat'><strong>,</strong></span> <span class='ocrx_word' id='word_1_1424' title='bbox 2006 3392 2091 3421; x_wconf 81' lang='lat' dir='ltr'><strong>quam</strong></span> <span class='ocrx_word' id='word_1_1425' title='bbox 2113 3381 2230 3411; x_wconf 87' lang='lat' dir='ltr'><strong>fecimus</strong></span> <span class='ocrx_word' id='word_1_1426' title='bbox 2247 3391 2297 3421; x_wconf 88' lang='lat' dir='ltr'><strong>per</strong></span> 
     </span>
     <span class='ocr_line' id='line_1_186' title="bbox 1240 3419 2299 3463; baseline -0.006 -8"><span class='ocrx_word' id='word_1_1427' title='bbox 1240 3435 1357 3463; x_wconf 86' lang='lat' dir='ltr'><strong>parvum</strong></span> <span class='ocrx_word' id='word_1_1428' title='bbox 1374 3424 1489 3463; x_wconf 83' lang='lat' dir='ltr'><strong>sigillum</strong></span> <span class='ocrx_word' id='word_1_1429' title='bbox 1505 3421 1631 3452; x_wconf 86' lang='lat' dir='ltr'><strong>nostrum</strong></span> <span class='ocrx_word' id='word_1_1430' title='bbox 1652 3432 1711 3459; x_wconf 89' lang='lat' dir='ltr'><strong>quo</strong></span> <span class='ocrx_word' id='word_1_1431' title='bbox 1731 3423 1836 3451; x_wconf 88' lang='lat' dir='ltr'><strong>utimur</strong></span> <span class='ocrx_word' id='word_1_1432' title='bbox 1857 3422 1886 3451; x_wconf 89' lang='lat' dir='ltr'><strong>in</strong></span> <span class='ocrx_word' id='word_1_1433' title='bbox 1902 3421 2023 3451; x_wconf 80' lang='lat' dir='ltr'><strong>Vascon.</strong></span> <span class='ocrx_word' id='word_1_1434' title='bbox 2045 3422 2145 3450; x_wconf 76' lang='lat' dir='ltr'><strong>iterato</strong></span> <span class='ocrx_word' id='word_1_1435' title='bbox 2166 3419 2299 3458; x_wconf 80' lang='lat' dir='ltr'><strong>facimus,</strong></span> 
     </span>
     <span class='ocr_line' id='line_1_187' title="bbox 1240 3460 2299 3500; baseline -0.004 -7"><span class='ocrx_word' id='word_1_1436' title='bbox 1240 3467 1423 3500; x_wconf 83' lang='lat' dir='ltr'><strong>innovamus,</strong></span> <span class='ocrx_word' id='word_1_1437' title='bbox 1444 3461 1643 3497; x_wconf 81' lang='lat' dir='ltr'><strong>concedimus,</strong></span> <span class='ocrx_word' id='word_1_1438' title='bbox 1661 3462 1694 3491; x_wconf 90' lang='lat'>&amp;</span> <span class='ocrx_word' id='word_1_1439' title='bbox 1709 3460 1945 3497; x_wconf 83' lang='lat' dir='ltr'><strong>irrevocabiliter,</strong></span> <span class='ocrx_word' id='word_1_1440' title='bbox 1963 3467 2221 3498; x_wconf 85' lang='lat' dir='ltr'><strong>quantumcumque</strong></span> <span class='ocrx_word' id='word_1_1441' title='bbox 2235 3468 2299 3498; x_wconf 89' lang='lat' dir='ltr'><strong>pos-</strong></span> 
     </span>
     <span class='ocr_line' id='line_1_188' title="bbox 1239 3497 2039 3540; baseline -0.011 -6"><span class='ocrx_word' id='word_1_1442' title='bbox 1239 3503 1345 3540; x_wconf 88' lang='lat' dir='ltr'><strong>sumus,</strong></span> <span class='ocrx_word' id='word_1_1443' title='bbox 1365 3500 1529 3532; x_wconf 81' lang='lat' dir='ltr'><strong>ratificamus</strong></span> <span class='ocrx_word' id='word_1_1444' title='bbox 1545 3508 1592 3536; x_wconf 89' lang='lat' dir='ltr'><strong>per</strong></span> <span class='ocrx_word' id='word_1_1445' title='bbox 1605 3507 1742 3537; x_wconf 85' lang='lat' dir='ltr'><strong>magnum</strong></span> <span class='ocrx_word' id='word_1_1446' title='bbox 1757 3498 1884 3536; x_wconf 83' lang='lat' dir='ltr'><strong>Sigillum</strong></span> <span class='ocrx_word' id='word_1_1447' title='bbox 1900 3497 2039 3527; x_wconf 83' lang='lat' dir='ltr'><strong>nostrum.</strong></span> 
     </span>
    </p>

    <p class='ocr_par' dir='ltr' id='par_1_71' title="bbox 1238 3532 2299 3614">
     <span class='ocr_line' id='line_1_189' title="bbox 1277 3532 2299 3579; baseline -0.005 -8"><span class='ocrx_word' id='word_1_1448' title='bbox 1277 3541 1310 3571; x_wconf 87' lang='lat' dir='ltr'><strong>In</strong></span> <span class='ocrx_word' id='word_1_1449' title='bbox 1324 3542 1399 3579; x_wconf 76' lang='lat' dir='ltr'><strong>cujus</strong></span> <span class='ocrx_word' id='word_1_1450' title='bbox 1412 3539 1452 3569; x_wconf 80' lang='lat' dir='ltr'><strong>rei</strong></span> <span class='ocrx_word' id='word_1_1451' title='bbox 1464 3537 1655 3567; x_wconf 86' lang='lat' dir='ltr'><strong>testimonium</strong></span> <span class='ocrx_word' id='word_1_1452' title='bbox 1667 3537 1777 3567; x_wconf 68' lang='lat' dir='ltr'><strong>dietum</strong></span> <span class='ocrx_word' id='word_1_1453' title='bbox 1793 3545 1930 3575; x_wconf 80' lang='lat' dir='ltr'><strong>magnum</strong></span> <span class='ocrx_word' id='word_1_1454' title='bbox 1938 3534 2067 3574; x_wconf 86' lang='lat' dir='ltr'><strong>Sigillum</strong></span> <span class='ocrx_word' id='word_1_1455' title='bbox 2080 3532 2210 3566; x_wconf 87' lang='lat' dir='ltr'><strong>nostrum</strong></span> <span class='ocrx_word' id='word_1_1456' title='bbox 2225 3545 2299 3574; x_wconf 72' lang='lat' dir='ltr'><strong>prx-</strong></span> 
     </span>
     <span class='ocr_line' id='line_1_190' title="bbox 1238 3575 1662 3614; baseline -0.017 -4"><span class='ocrx_word' id='word_1_1457' title='bbox 1238 3581 1305 3611; x_wconf 88' lang='lat' dir='ltr'><strong>scnti</strong></span> <span class='ocrx_word' id='word_1_1458' title='bbox 1319 3588 1403 3610; x_wconf 68' lang='lat' dir='ltr'><strong>carta:</strong></span> <span class='ocrx_word' id='word_1_1459' title='bbox 1416 3576 1520 3614; x_wconf 85' lang='lat' dir='ltr'><strong>apponi</strong></span> <span class='ocrx_word' id='word_1_1460' title='bbox 1535 3575 1662 3606; x_wconf 89' lang='lat' dir='ltr'><strong>fecimus.</strong></span> 
     </span>
    </p>
   </div>
   <div class='ocr_carea' id='block_1_36' title="bbox 1596 3649 1973 3688">
    <p class='ocr_par' dir='ltr' id='par_1_72' title="bbox 1596 3649 1973 3688">
     <span class='ocr_line' id='line_1_191' title="bbox 1596 3649 1973 3688; baseline 0 -6"><span class='ocrx_word' id='word_1_1461' title='bbox 1596 3651 1781 3682; x_wconf 88' lang='lat' dir='ltr'><strong>Praesentibus</strong></span> <span class='ocrx_word' id='word_1_1462' title='bbox 1793 3649 1942 3688; x_wconf 86' lang='lat' dir='ltr'><strong>Testibus‚</strong></span> <span class='ocrx_word' id='word_1_1463' title='bbox 1966 3676 1973 3682; x_wconf 88' lang='lat'>.</span> 
     </span>
    </p>
   </div>
   <div class='ocr_carea' id='block_1_37' title="bbox 1274 3725 1959 3923">
    <p class='ocr_par' dir='ltr' id='par_1_73' title="bbox 1275 3725 1931 3800">
     <span class='ocr_line' id='line_1_192' title="bbox 1276 3725 1931 3768; baseline -0.009 -7"><span class='ocrx_word' id='word_1_1464' title='bbox 1276 3728 1425 3761; x_wconf 79' lang='lat' dir='ltr'><strong>Venerabili</strong></span> <span class='ocrx_word' id='word_1_1465' title='bbox 1437 3731 1523 3758; x_wconf 83' lang='lat' dir='ltr'><strong>Patre</strong></span> <span class='ocrx_word' id='word_1_1466' title='bbox 1538 3729 1618 3758; x_wconf 84' lang='lat' dir='ltr'><strong>Petro</strong></span> <span class='ocrx_word' id='word_1_1467' title='bbox 1631 3726 1775 3768; x_wconf 85' lang='lat' dir='ltr'><strong>Hereford.</strong></span> <span class='ocrx_word' id='word_1_1468' title='bbox 1792 3725 1931 3766; x_wconf 81' lang='lat' dir='ltr'><strong>Epifiopo‚</strong></span> 
     </span>
     <span class='ocr_line' id='line_1_193' title="bbox 1275 3767 1532 3800; baseline -0.023 0"><span class='ocrx_word' id='word_1_1469' title='bbox 1275 3773 1356 3800; x_wconf 81' lang='lat' dir='ltr'><strong>Petro</strong></span> <span class='ocrx_word' id='word_1_1470' title='bbox 1371 3769 1402 3798; x_wconf 81' lang='lat' dir='ltr'><strong>de</strong></span> <span class='ocrx_word' id='word_1_1471' title='bbox 1416 3767 1532 3796; x_wconf 79' lang='lat' dir='ltr'><strong>Sabaud.</strong></span> 
     </span>
    </p>

    <p class='ocr_par' dir='ltr' id='par_1_74' title="bbox 1274 3802 1959 3884">
     <span class='ocr_line' id='line_1_194' title="bbox 1275 3802 1959 3848; baseline -0.01 -10"><span class='ocrx_word' id='word_1_1472' title='bbox 1275 3805 1472 3848; x_wconf 80' lang='lat' dir='ltr'><strong>Johannefilio</strong></span> <span class='ocrx_word' id='word_1_1473' title='bbox 1488 3803 1626 3845; x_wconf 85' lang='lat' dir='ltr'><strong>Galfridi‚</strong></span> <span class='ocrx_word' id='word_1_1474' title='bbox 1644 3803 1788 3843; x_wconf 76' lang='lat' dir='ltr'><strong>Justiciar.</strong></span> <span class='ocrx_word' id='word_1_1475' title='bbox 1800 3802 1940 3832; x_wconf 82' lang='lat' dir='ltr'><strong>Hiberniae</strong></span> <span class='ocrx_word' id='word_1_1476' title='bbox 1948 3825 1959 3839; x_wconf 85' lang='lat'>‚</span> 
     </span>
     <span class='ocr_line' id='line_1_195' title="bbox 1274 3842 1638 3884; baseline -0.014 -8"><span class='ocrx_word' id='word_1_1477' title='bbox 1274 3845 1414 3884; x_wconf 78' lang='lat' dir='ltr'><strong>Radulpho</strong></span> <span class='ocrx_word' id='word_1_1478' title='bbox 1446 3844 1480 3873; x_wconf 86' lang='lat' dir='ltr'><strong>lio</strong></span> <span class='ocrx_word' id='word_1_1479' title='bbox 1494 3842 1638 3881; x_wconf 81' lang='lat' dir='ltr'><strong>Nicholai,</strong></span> 
     </span>
    </p>

    <p class='ocr_par' dir='ltr' id='par_1_75' title="bbox 1274 3880 1741 3923">
     <span class='ocr_line' id='line_1_196' title="bbox 1274 3880 1741 3923; baseline -0.013 -8"><span class='ocrx_word' id='word_1_1480' title='bbox 1274 3888 1390 3915; x_wconf 84' lang='lat' dir='ltr'><strong>Henrico</strong></span> <span class='ocrx_word' id='word_1_1481' title='bbox 1447 3881 1611 3923; x_wconf 60' lang='lat' dir='ltr'><strong>Wyngham,</strong></span> <span class='ocrx_word' id='word_1_1482' title='bbox 1629 3882 1662 3912; x_wconf 90' lang='lat'>&amp;</span> <span class='ocrx_word' id='word_1_1483' title='bbox 1676 3880 1741 3911; x_wconf 86' lang='lat' dir='ltr'><strong>aliis.</strong></span> 
     </span>
    </p>
   </div>
   <div class='ocr_carea' id='block_1_38' title="bbox 1235 3952 2293 4038">
    <p class='ocr_par' dir='ltr' id='par_1_76' title="bbox 1235 3952 2293 4038">
     <span class='ocr_line' id='line_1_197' title="bbox 1274 3952 2293 4000; baseline -0.01 -8"><span class='ocrx_word' id='word_1_1484' title='bbox 1274 3961 1384 3992; x_wconf 87' lang='lat' dir='ltr'><strong>Datum</strong></span> <span class='ocrx_word' id='word_1_1485' title='bbox 1396 3969 1445 4000; x_wconf 90' lang='lat' dir='ltr'><strong>per</strong></span> <span class='ocrx_word' id='word_1_1486' title='bbox 1458 3967 1576 3996; x_wconf 82' lang='lat' dir='ltr'><strong>manum</strong></span> <span class='ocrx_word' id='word_1_1487' title='bbox 1590 3957 1714 3988; x_wconf 89' lang='lat' dir='ltr'><strong>nostram</strong></span> <span class='ocrx_word' id='word_1_1488' title='bbox 1728 3954 1802 3994; x_wconf 86' lang='lat' dir='ltr'><strong>apud</strong></span> <span class='ocrx_word' id='word_1_1489' title='bbox 1816 3955 1898 3988; x_wconf 81' lang='lat' dir='ltr'><strong>Burd.</strong></span> <span class='ocrx_word' id='word_1_1490' title='bbox 1913 3954 2068 3990; x_wconf 85' lang='lat' dir='ltr'><strong>undecimo</strong></span> <span class='ocrx_word' id='word_1_1491' title='bbox 2082 3954 2129 3987; x_wconf 84' lang='lat' dir='ltr'><strong>die</strong></span> <span class='ocrx_word' id='word_1_1492' title='bbox 2140 3952 2293 3990; x_wconf 75' lang='lat' dir='ltr'><strong>OCtobris,</strong></span> 
     </span>
     <span class='ocr_line' id='line_1_198' title="bbox 1235 3994 1805 4038; baseline -0.014 -6"><span class='ocrx_word' id='word_1_1493' title='bbox 1235 4010 1312 4032; x_wconf 90' lang='lat' dir='ltr'><strong>anno</strong></span> <span class='ocrx_word' id='word_1_1494' title='bbox 1327 3999 1421 4038; x_wconf 87' lang='lat' dir='ltr'><strong>Regni</strong></span> <span class='ocrx_word' id='word_1_1495' title='bbox 1433 3997 1521 4028; x_wconf 86' lang='lat' dir='ltr'><strong>nostri</strong></span> <span class='ocrx_word' id='word_1_1496' title='bbox 1535 3996 1676 4030; x_wconf 67' lang='lat' dir='ltr'><strong>trice-fimo</strong></span> <span class='ocrx_word' id='word_1_1497' title='bbox 1690 3994 1805 4026; x_wconf 62' lang='lat' dir='ltr'><strong>oetavo.</strong></span> 
     </span>
    </p>
   </div>
   <div class='ocr_carea' id='block_1_39' title="bbox 1737 4062 2297 4100">
    <p class='ocr_par' dir='ltr' id='par_1_77' title="bbox 1737 4062 2297 4100">
     <span class='ocr_line' id='line_1_199' title="bbox 1737 4062 2297 4100; baseline -0.005 -6"><span class='ocrx_word' id='word_1_1498' title='bbox 1737 4062 1766 4094; x_wconf 84' lang='lat' dir='ltr'>A</span> <span class='ocrx_word' id='word_1_1499' title='bbox 1771 4073 1787 4094; x_wconf 87' lang='lat' dir='ltr'><strong>a</strong></span> <span class='ocrx_word' id='word_1_1500' title='bbox 1805 4072 1824 4094; x_wconf 81' lang='lat'>2</span> <span class='ocrx_word' id='word_1_1501' title='bbox 2188 4064 2278 4092; x_wconf 79' lang='lat' dir='ltr'><strong>Carta</strong></span> <span class='ocrx_word' id='word_1_1502' title='bbox 2286 4066 2297 4100; x_wconf 68' lang='lat'><strong>‚⁴</strong></span> 
     </span>
    </p>
   </div>
  </div>
 </body>
</html>
