2570 4261
15 240 90 272 Ann.
103 237 144 268 D.

34 278 116 314 1285.

12 317 78 345 zdv.
101 325 124 343 1.

16 1008 94 1044 Ann.
107 1009 151 1040 D.

38 1050 123 1088 1285.

14 1093 67 1119 An.
86 1098 129 1125 ¹3·

17 1132 46 1156 Ε.
68 1137 91 1154 ι.

16 1168 122 1193 ExAu·

13 1211 77 1240 togr.

14 1244 150 1280 *11.300.

743 156 852 197 ET
936 157 1203 199 ACTA

575 279 643 310 Hiis
657 274 790 310 Testibus
799 302 810 318 ,

160 355 276 383 Domino
290 354 405 384 Roberto
422 354 540 384 Burnell
555 355 667 385 Bathon
687 354 725 390 ὠ·
748 355 860 385 Wllen.
876 356 1014 396 Epistopo,
1032 364 1095 386 tunc
1110 355 1218 394 illustris

200 394 279 428 Regis
293 391 405 429 Angliae
422 392 606 432 cancellario,

162 432 280 459 Domino
293 433 436 459 Antonino
452 432 510 460 Bek
526 431 699 471 Dunolmenfi
714 432 854 471 Episcopo,

161 470 273 497 Domino
286 468 419 507 Johanne
433 468 465 497 de
479 471 577 498 Sandlo
588 470 718 508 Johanne
727 496 736 508 ,

164 508 278 535 Domino
294 505 436 544 Radulpho
450 507 481 536 de
496 507 657 546 Hengham,
675 515 737 538 tunc
751 512 863 538 Domini
875 511 951 546 Regis
963 509 1062 549 Jush'c.

163 543 278 574 Roberto
293 543 318 574 le
333 544 438 583 Wleys
454 545 564 583 Milite,

163 581 305 621 Magistris
314 583 447 612 Richardo
461 581 498 617 ὠ
515 586 557 613 W
555 582 662 614 illielmo
677 585 708 614 de
722 583 840 624 Clzffbrd.
853 584 890 620 (ῥυ
904 585 974 615 aliis.

200 656 268 689 Dat¹
290 659 384 689 Lond.
400 658 516 690 decimo
534 659 654 698 septimo
678 660 796 692 Kalend.
813 661 892 700 Junii
906 685 915 700 ,
931 671 1007 692 anno
1028 661 1123 702 Regni
1135 660 1223 699 Regis

165 694 299 728 Edwardi
310 699 396 729 tertio
406 697 529 728 decimo.

167 819 256 851 Bulla
280 821 410 852 Honorii
438 823 520 865 Papae
543 823 663 867 Quarti
680 849 690 865 ‚
719 833 772 868 per
798 835 891 868 quam
911 822 1132 855 commendavit
1153 824 1224 867 Regi

214 864 404 913 Magistrum
428 867 603 914 Johannem
632 870 667 902 de
692 871 857 915 Sanfordia
877 869 1137 917 Archiepifiopum
1157 871 1224 902 Du-

207 912 365 959 blinenſs’m
382 919 413 948 in
437 920 531 950 Curia
549 917 770 962 confirmatum.

168 998 377 1060 HOnorius
388 1000 413 1032 E
436 1001 658 1041 iscopus,servus
671 1003 813 1034 servorum
828 1003 1048 1042 Dei,carisfim0
1064 1004 1093 1033 in
1109 1002 1228 1033 Christo

209 1038 317 1107 d‘AElio
415 1012 501 1078 PRegi
518 1042 628 1082 Angliae
649 1041 762 1080 illustri,
779 1042 892 1073 salutem
913 1043 947 1073 ὃ(
966 1041 1163 1080 Apostolicam
1177 1042 1228 1071 be-

171 1087 207 1107 ne
229 1088 236 1106 l
277 1087 371 1108 onem.

206 1115 327 1146 Dudum
342 1116 464 1148 Ecclesia
481 1116 680 1156 Dublinenfis,
700 1129 751 1156 per
771 1119 790 1139 ³¹²
809 1120 922 1149 obitum
933 1143 943 1157 ,
961 1118 1046 1148 bonae
1065 1118 1228 1156 memoriae,

164 1153 300 1192 Johannis
326 1154 508 1186 Dublinenfis
530 1156 742 1200 Archiepiscopi
768 1157 889 1187 Pastoris
914 1157 1012 1187 solatio
1030 1155 1172 1193 destituta,
1192 1156 1225 1186 &

167 1194 223 1230 ejus
238 1203 359 1231 corpore
372 1194 474 1224 tradito
488 1193 688 1224 Ecclefiasticae
697 1195 859 1235 sepulturae,
874 1195 968 1226 dileeti
983 1194 1032 1223 filii
1039 1194 1150 1224 Sanctae
1157 1194 1228 1224 Tri-

166 1233 255 1262 nitatis
274 1232 307 1262 δεῖ
322 1232 419 1262 Sancti
434 1231 545 1263 Patricii
568 1232 722 1263 Dublinen.
744 1233 931 1264 Ecclesiarum
944 1232 987 1263 Ca
1009 1232 1090 1270 itula,
1109 1232 1142 1261 ad
1156 1242 1227 1271 quos

166 1271 358 1301 communiter
372 1270 493 1308 spectare
507 1271 608 1300 dicitur
622 1271 724 1301 electio
746 1271 956 1309 Archiepiscopi
1005 1271 1151 1300 ublinenfis
1165 1280 1227 1300 cer-

165 1308 195 1339 ta
214 1309 260 1339 die
274 1309 309 1339 ad
329 1306 492 1345 eligendum
506 1308 634 1347 praefixa,
652 1311 758 1340 vocatis
771 1310 803 1340 &
824 1309 1001 1347 praesentibus
1014 1309 1164 1346 omnibus,
1179 1311 1226 1348 qui

163 1347 314 1378 voluerunt
348 1346 522 1385 debuerunt,
541 1348 574 1378 ὃς
590 1356 740 1387 potuerunt
755 1347 910 1377 commode
923 1346 1050 1377 intercise
1061 1369 1071 1384 ,
1090 1355 1172 1385 prout
1186 1348 1227 1378 est

163 1387 268 1424 moris,
286 1386 315 1415 in
326 1384 397 1415 imul
410 1391 625 1422 convenerunt,
643 1386 675 1416 δὲ
692 1385 810 1424 Spiritus
822 1386 916 1416 saneti
930 1385 1016 1422 gratia
1035 1385 1166 1415 invocata
1192 1387 1222 1416 in

152 1424 300 1455 *dilectum
315 1422 403 1453 filium
418 1422 590 1466 Magistrum
599 1423 761 1461 johannem
775 1424 811 1454 de
832 1423 979 1454 Sanfordia
993 1422 1149 1454 Dublinen.
1184 1424 1226 1454 'c-

160 1462 253 1494 clesiae
265 1461 362 1492 Sanffi
383 1461 497 1496 Patricii
517 1461 682 1499 supradictae
697 1470 765 1493 tunc
786 1462 937 1493 Decanum
952 1484 962 1499 ‚
979 1462 1139 1492 direxerunt
1154 1473 1226 1493 con-

163 1500 286 1532 corditer
300 1507 367 1530 vota
381 1499 441 1538 sua,
459 1499 547 1539 ipsum
561 1501 634 1538 quasi
654 1510 703 1538 per
717 1501 923 1541 inspirationem
938 1500 1062 1530 divinam
1076 1502 1105 1530 in
1120 1500 1227 1531 Dubli-

165 1538 280 1570 nensem
301 1537 405 1569 Archie
425 1538 552 1577 iscopum
574 1540 741 1569 unanimiter
761 1540 902 1578 eligendo.
940 1538 1109 1569 Praesentato
1136 1540 1226 1578 itaque

163 1576 367 1618 postmodum,
382 1577 409 1607 fe
421 1578 469 1607 icis
484 1578 698 1616 recordationis,
713 1575 841 1609 Martino
856 1577 940 1617 Papae
960 1577 1155 1616 praedeceffori
1175 1587 1228 1607 no-

166 1616 243 1654 strO,
277 1626 307 1646 er
320 1624 513 1656 procuratores
520 1626 620 1646 eorum
632 1616 666 1646 ad
677 1617 735 1646 hoc
748 1617 897 1657 specialiter
910 1615 1093 1653 constitutos,
1111 1616 1227 1646 decreto

165 1655 247 1692 super
280 1654 417 1693 ujusmodi
430 1654 570 1684 electione
583 1655 718 1686 ςοῃῑεᾶὶο
732 1678 741 1693 ,
760 1664 816 1685 tam
835 1656 892 1693 ipse
912 1654 1023 1684 Elec‘ffls
1035 1662 1150 1694 propter
1169 1654 1226 1685 hoc

161 1692 236 1732 apud
250 1692 343 1723 sedem
357 1692 556 1732 Apostolicam
571 1693 753 1730 constitutus,
770 1696 854 1733 quam
868 1693 937 1724 dieii
952 1701 1143 1731 procuratores
1156 1702 1225 1723 cum

164 1731 294 1762 instantia
313 1730 487 1770 postularunt
508 1732 543 1760 ab
565 1742 599 1761 eo
613 1755 623 1770 ,
641 1741 671 1762 ut
692 1732 861 1763 elestionem
874 1731 992 1763 eandem
1010 1730 1175 1762 confirmare
1192 1731 1227 1761 de

165 1770 334 1809 benignitate
345 1769 413 1800 sedis
427 1769 602 1808 Apostolicae
614 1771 780 1810 dignaretur.

202 1807 352 1847 Cumque,
367 1807 435 1838 datis
447 1810 526 1846 super
535 1808 691 1846 hujusmodi
703 1810 818 1849 negotio
831 1808 1080 1846 examinatoribus,
1097 1818 1146 1846 per
1154 1817 1228 1847 prae-

164 1846 341 1878 decessorem
357 1846 498 1884 eundem,
516 1847 617 1884 aliquae
624 1847 801 1878 difficultates
816 1847 989 1885 inciderent,
1008 1857 1072 1885 quae
1085 1847 1228 1885 hujusmo—

166 1885 194 1915 di
212 1885 357 1915 elefflonis
374 1884 409 1914 de
429 1884 490 1923 ipso
511 1884 612 1917 Ele&o
634 1887 779 1917 celebratae
800 1887 945 1926 negotium
958 1886 987 1915 in
1004 1886 1081 1924 longi
1093 1886 1228 1923 temporis

165 1923 321 1962 producere
335 1923 501 1954 videbantur
512 1925 658 1955 excursum
667 1948 677 1963 ,
696 1935 755 1955 non
770 1925 824 1955 fine
838 1924 981 1962 dispendio
996 1924 1077 1962 ipfius
1094 1923 1228 1954 Ecclefiae

167 1962 365 1999 Dublinenfis‚
384 1962 531 2003 praedictus
544 1962 658 1994 Elecstus
693 1974 728 1993 cu
750 1965 806 1993 iem
824 1963 1018 2002 indempnitati
1034 1963 1114 1999 ipslus
1128 1961 1230 1992 Eccle-

167 2001 213 2031 siae
227 2010 401 2039 praecavere,
421 2009 580 2031 memorato
593 2012 624 2040 pr
671 1973 794 2032 ecessore
807 2003 883 2032 viam
901 2024 910 2039 ,
929 2009 1012 2039 prout
1025 2000 1159 2031 Domino
1172 2000 1229 2039 pla-

167 2040 246 2078 cuit,
262 2039 396 2071 universae
407 2040 497 2070 carnis
510 2040 648 2081 ingresso,
663 2041 696 2072 δε
711 2041 792 2072 nobis
804 2040 898 2072 eidem
914 2041 944 2070 in
956 2038 1136 2078 Apostolatfis
1152 2039 1230 2077 apice

1287 152 1757 196 PUBL‘ICA,
2251 167 2329 205 241

1270 238 1417 270 substituto
1431 262 1440 277 ‚
1465 242 1505 275 ius
1525 240 1601 279 quod
1620 240 1669 271 fibi
1686 249 1720 270 ex
1739 238 1837 270 eadem
1851 237 1989 269 electione
2001 236 2166 278 acquifitum
2180 235 2283 275 fuerat,
2300 238 2331 266 in
2350 236 2425 268 Ann.
2440 240 2482 271 D,

1306 315 1374 345 Nos
1394 324 1487 345 autem
1507 316 1607 355 quibus
1621 339 1629 353 ‚
1648 317 1713 346 licet
1727 316 1891 352 immeritis,
1909 315 2042 345 omniurn
2062 312 2248 344 Ecclefiarum
2263 322 2329 344 cura
2349 278 2462 347 Eilssig5x',

1270 276 1371 306 nostris·
1384 279 1512 308 manibus
1527 279 1625 316 sponte
1639 288 1672 308 ac
1687 278 1773 308 libere
1789 277 1942 316 resignavit.

1268 354 1430 392 generaliter
1438 354 1480 383 est
1495 353 1658 392 commista,
1677 353 1799 393 benigna
1812 353 2032 384 consideratione
2046 351 2189 389 pensantes
2203 353 2284 389 longa
2295 351 2328 382 ὅ(

1268 392 1455 422 discriminosa
1471 393 1581 421 viarum
1600 393 1699 431 spatia,
1714 392 1813 431 quibus
1829 393 1844 421 a
1860 390 1992 421 Romana
2014 389 2102 420 Curia
2117 389 2219 420 distare
2233 389 2329 419 dinos-

1268 431 1339 460 citur
1354 429 1509 459 Dublinen.
1524 429 1645 460 Ecclefia
1658 430 1687 459 su
1708 429 1826 467 radicia,
1839 430 1972 468 quodque
1988 429 2055 459 tanti
2076 428 2232 467 prosecutio
2247 428 2328 458 itine-

1270 469 1305 498 ris
1325 468 1424 506 pluries
1443 468 1591 498 occasione
1610 439 1772 505 ὴυῇυίξηοάί
1784 467 1944 509 repetendi,
1961 467 2069 497 labores
2081 476 2177 506 graves
2188 465 2327 503 sumptus-

1267 516 1322 545 que
1335 516 1395 536 non
1409 506 1540 536 modicos
1552 507 1697 545 exegisset,
1715 506 1733 535 fi
1749 505 1906 543 hujuimodi
1922 504 2088 534 celebranda
2099 504 2200 535 eledtio
2213 514 2263 548 per
2277 513 2329 533 nos

1267 545 1376 574 remissa
1390 543 1481 574 fuisset
1495 544 1618 581 capitulis
1634 543 1793 584 praelibatis,
1810 543 1957 582 praesertim
1978 543 1998 572 fi
2018 542 2125 580 forsan,
2142 543 2261 573 inimico
2273 542 2329 572 ho-

1267 584 1344 612 mine
1357 583 1509 612 seminante
1523 583 1629 612 zizania
1638 605 1646 619 ,
1662 583 1690 611 in
1704 581 1847 611 electionis
1858 579 1989 621 processu
2003 581 2035 609 ali
2056 591 2089 610 ua
2104 580 2236 611 discordia
2254 581 2328 610 inci-

1266 621 1361 659 distet,
1374 631 1406 650 ac
1420 621 1543 651 volentes
1557 620 1670 650 obviare
1685 619 1847 659 dispendiis,
1865 629 1928 656 quae
1943 618 2029 648 solent
2057 618 2169 648 ‘eclesiis
2182 627 2216 649 ex
2231 627 2327 649 earum

1267 660 1414 689 vacatione
1427 658 1531 688 diutina
1551 659 1697 688 imminere
1709 680 1718 695 ‚
1736 657 1817 687 dido
1833 657 1934 687 Electo
1948 656 1980 686 &
1993 656 2050 686 aliis
2062 658 2184 695 quinque
2199 656 2328 687 Canoni-

1267 698 1307 727 cis
1328 697 1523 737 praedictarum
1545 696 1656 727 Sancite
1678 696 1824 726 Trinitatis
1845 695 1878 725 &
1895 694 1989 724 Sancti
2011 693 2124 724 Patricii
2139 695 2326 726 Ecclefiarum

1267 744 1336 765 tunc
1353 745 1468 774 propter
1482 734 1638 772 hujusmodi
1658 735 1803 773 negotium
1819 733 1891 772 apud
1908 731 2001 763 sedern
2016 731 2173 762 constitutis
2187 732 2306 763 eandem
2316 754 2327 770 ,

1265 774 1384 812 eligendi
1404 773 1437 803 ei
1457 775 1520 804 vice
1536 772 1789 811 Archiepiscopum
1812 770 2018 801 Dublinensem
2035 770 2070 800 de
2086 770 2201 800 fratrum
2215 771 2328 801 nostro-

1266 822 1329 841 rum
1338 812 1467 879 s{onfilio
1488 810 1675 842 concessimus
1694 812 1768 841 viva:
1789 811 1869 840 vocis
1889 808 2004 840 oraculo
2023 808 2137 846 plenam
2157 809 2190 839 &
2209 808 2327 839 liberam

1289 858 1335 879 ote
1363 859 1446 880 atem.

1269 861 1287 888 p
1304 887 1425 918 Praefato
1444 889 1527 926 igitur
1548 886 1651 918 Electo
1664 909 1675 925 ‚
1693 896 1725 917 ac
1741 886 1823 916 dietis
1836 886 1959 925 quinque
1972 884 2127 914 Canonicis
2145 885 2174 914 in
2187 884 2328 915 electione

1266 925 1424 964 hujusmodi
1439 927 1620 965 eligentibus,
1636 935 1685 965 per
1700 925 1775 955 viam
1788 924 1907 954 scrutinii
1922 922 2120 960 procedente53
2139 933 2209 960 nos,
2226 932 2327 952 eorum

1267 973 1334 995 vota
1345 964 1499 1003 diligentius
1514 964 1730 1001 perscrutanteS,
1749 963 1939 1001 comperimus
1948 985 1956 999 ,
1974 961 2053 1000 quod
2067 962 2156 990 dictus
2170 960 2284 990 Elestus
2293 962 2327 1002 in

1267 1002 1401 1033 dileetum
1421 1002 1508 1032 filium
1532 1000 1570 1031 M
1606 1001 1700 1031 'strum
1719 1001 1881 1038 johannem
1904 999 1940 1029 de
1968 999 2149 1038 Notingham
2159 1021 2169 1036 ,
2194 998 2328 1029 Ecclenae

1268 1040 1364 1072 Sanffi
1379 1039 1493 1070 Patricii
1506 1040 1582 1078 supra
1602 1039 1666 1069 ietae
1680 1038 1864 1068 Canonicum
1877 1060 1886 1076 ‚
1905 1037 2065 1075 eligendum
2088 1039 2117 1066 in
2132 1036 2330 1076 Archiepisco-

1268 1089 1338 1118 pum
1352 1077 1559 1109 Dublinensem
1574 1078 1669 1114 suum,
1686 1076 1799 1115 Reliqui
1809 1086 1877 1105 vero
1891 1076 2016 1112 quinque
2029 1075 2057 1104 in
2074 1075 2184 1105 dictum
2197 1075 2328 1104 Electum

1268 1118 1426 1148 direxerunt
1446 1117 1476 1146 in
1497 1114 1654 1153 hujusmodi
1667 1114 1801 1144 scrutinio
1816 1122 1884 1143 vota
1897 1114 1953 1142 sua:
1974 1112 2117 1150 diistusque
2132 1112 2266 1151 Magister
2276 1112 2329 1150 Jo-

1267 1155 1371 1186 hannes
1385 1155 1421 1185 de
1436 1153 1635 1193 Notingham,
1650 1154 1698 1193 qui
1712 1160 1770 1183 erat
1784 1162 1854 1182 unus
1866 1160 1900 1182 ex
1920 1149 2076 1180 Canonicis
2090 1152 2266 1188 memoratis,
2286 1151 2330 1180 vi-

1268 1203 1303 1225 ce
1319 1193 1365 1224 sua
1384 1194 1418 1224 &
1437 1193 1554 1222 aliorum
1567 1215 1578 1231 ,
1602 1193 1652 1230 qui
1674 1192 1703 1221 in
1727 1190 1837 1220 dictum
1856 1188 1988 1219 Eled‘mm
2006 1188 2196 1218 consenserant
2210 1211 2220 1227 ,
2237 1190 2270 1220 &
2296 1188 2331 1218 de

1269 1232 1400 1262 mandato
1422 1230 1544 1268 ipsorum
1567 1230 1650 1269 elegit
1668 1229 1792 1260 eundem
1807 1228 1941 1259 Electum
1957 1226 2208 1265 Archiepiscopum
2225 1226 2330 1256 Dubli-

1268 1271 1380 1301 nensem
1393 1270 1425 1300 &
1441 1269 1621 1299 Electionem
1636 1267 1814 1307 hujusmodi,
1826 1267 1861 1297 de
1872 1266 1952 1298 dieto
1968 1264 2070 1309 Eicito
2083 1265 2204 1302 fastam,
2220 1265 2250 1294 in
2272 1274 2327 1294 no-

1269 1309 1325 1339 stra
1342 1309 1374 1340 &
1388 1309 1504 1338 fratrum
1519 1307 1681 1338 nostrorum
1697 1305 1838 1345 praesenna
1854 1305 2018 1344 publicam.
2075 1340 2080 1346 ι

1305 1347 1382 1386 Qia
1401 1357 1470 1377 vero
1492 1346 1671 1377 Elefflonem
1686 1344 1771 1383 ipsam
1788 1343 1965 1374 Canonicam
1987 1343 2148 1371 invenimus
2164 1339 2200 1371 de
2213 1339 2330 1380 persona

1268 1386 1378 1426 ydonea
1400 1386 1537 1415 canonice
1558 1385 1740 1422 celebratam,
1759 1393 1822 1413 eam
1837 1382 1872 1413 de
1883 1383 1997 1423 fratrum
2011 1381 2020 1410 i
2042 1379 2135 1409 sorum
2147 1379 2263 1423 consilio
2276 1378 2330 1408 du-

1269 1425 1360 1454 ximus
1380 1422 1603 1454 confirmandam
1616 1446 1625 1460 ,
1651 1422 1762 1452 dic‘tum
1783 1420 1914 1451 Electum
1935 1420 1984 1457 ipu
2030 1417 2137 1448 cclefiae
2158 1417 2328 1448 Dublmenfi

1269 1462 1453 1501 praeficientes
1467 1463 1496 1491 in
1511 1460 1616 1492 Archie
1637 1461 1762 1504 iscopum
1777 1461 1810 1490 δε
1825 1459 1989 1495 Pastorem,
2008 1455 2089 1500 firma.
2101 1456 2242 1493 concepta
2258 1455 2330 1499 fidu-

1269 1501 1330 1539 cia,
1349 1500 1426 1540 quod
1447 1499 1584 1539 dirigente
1604 1471 1738 1529 Igommo
1756 1498 1834 1528 astus
1854 1498 1931 1536 suos,
1949 1494 2129 1540 ecclesiallpsa
2143 1504 2191 1532 per
2206 1494 2260 1524 suae
2276 1504 2329 1524 crr-

1269 1539 1490 1577 cumspectionis
1503 1537 1666 1568 industriam
1681 1537 1813 1575 dirigetur
1828 1537 1956 1574 prospere
1970 1545 1999 1565 m
2013 1533 2142 1573 utnsque.

1306 1577 1452 1616 roirca
1465 1576 1669 1608 Celfitudinem
1679 1576 1798 1614 Regiam
1812 1584 1926 1613 paterno
1939 1583 2069 1613 rogamus
2083 1573 2116 1614 &t
2129 1572 2274 1614 hortamur
2288 1571 2330 1601 af-

1269 1616 1348 1647 feEtu
1362 1639 1371 1654 ,
1391 1616 1517 1654 quatinus
1538 1615 1660 1646 eundem
1678 1614 1810 1644 Eleemm
1827 1638 1835 1652 ⁷
1850 1615 1883 1645 &
1898 1611 2078 1644 commissam
2092 1611 2141 1640 nbi
2157 1609 2329 1652 Eccleham,

1270 1665 1323 1693 pro
1337 1654 1447 1692 nostrai,
1465 1655 1498 1684 &
1515 1653 1690 1694 Apostolicae
1702 1652 1769 1682 sedis
1781 1651 1932 1683 reverentia
1940 1651 2058 1689 ,habens
2071 1651 2330 1692 propenliuscom-

1270 1693 1431 1731 mendatos,
1450 1693 1486 1723 fic
1508 1701 1535 1722 te
1555 1692 1604 1722 fibi
1617 1691 1800 1721 favorabilem
1813 1691 1941 1721 exhibeas
1954 1690 1986 1719 &
2001 1689 2176 1727 benignum,
2192 1697 2224 1730 ac
2238 1688 2329 1726 iplum

1271 1733 1304 1763 δε
1326 1731 1444 1762 eandem
1467 1730 1623 1761 Ecclesiam
1643 1729 1841 1760 benivolentiae
1860 1738 1916 1759 tuae
1938 1727 2026 1766 gratia
2049 1723 2331 1769 Prosequansffiuod

1271 1770 1328 1808 ipse
1344 1770 1478 1809 regalibus
1498 1769 1580 1799 fultus
1602 1768 1747 1807 praesidiis,
1765 1768 1948 1799 commistum
1969 1767 2019 1796 fibi
2033 1765 2158 1809 regimen
2173 1763 2278 1807 facilius
2296 1763 2331 1793 &

1270 1808 1412 1838 efficacius
1429 1807 1498 1846 pros
1528 1816 1604 1838 uatur
1619 1818 1628 1845 3
1643 1807 1748 1845 nosque
1763 1806 1881 1847 proinde
1901 1803 2132 1844 Magnitudinem
2144 1809 2221 1833 tuam
2236 1805 2331 1839 dignis

1270 1848 1301 1877 in
1315 1846 1447 1877 Domino
1462 1847 1504 1877 lau
1525 1847 1585 1876 ibus
1596 1845 1761 1876 attollamus.

1307 1922 1378 1954 Dat.
1393 1923 1500 1953 Romae
1513 1923 1586 1961 apud
1602 1921 1740 1953 Sanetum
1754 1920 1872 1952 Petrum
1885 1919 1968 1951 tertio
1984 1916 2135 1956 Kal-Junii
2150 1940 2161 1956 ,
2178 1914 2331 1947 Pontifica-

1273 1961 1319 1992 tfis
1335 1961 1423 1992 nostn'
1436 1971 1514 1994 anno
1527 1962 1633 2000 primo.

1928 2033 1981 2065 Sub
1994 2032 2048 2075 filo
2065 2031 2173 2064 canabi.

209 4095 282 4125 Yom.
297 4094 324 4124 l.
338 4092 372 4125 P.
386 4091 427 4121 Π.

1690 4077 1748 4108 Hh
