2570 4261
737 248 850 288 ET
931 251 1201 293 ACTA

21 324 97 354 Ann-
110 320 153 352 D·
166 338 220 370 pro
232 331 350 375 negotiis
363 331 470 375 arduis,
488 341 539 363 nos
553 333 586 364 &
598 331 734 372 Regnum
754 334 881 366 nostrum
899 338 1073 377 tangentibus
1085 361 1095 376 ,
1118 335 1152 367 ad
1164 345 1226 366 ves-

47 369 129 398 1259.
169 376 220 412 trae
239 369 393 400 sanctitatis
413 371 581 412 praesentiam
609 371 818 403 transmittimus
831 396 841 412 ,
864 376 945 405 vobis
963 385 1092 415 poterunt
1109 375 1227 417 apertius

22 405 87 429 Hm.
105 408 130 436 3·
167 416 312 447 intimare,
326 409 442 448 quibus,
461 412 479 438 ii
496 409 586 448 placet
599 432 609 447 ,
635 410 711 448 super
727 410 778 441 hiis
795 411 879 442 fidem
893 414 1024 445 adhibere
1038 437 1048 452 ,
1070 415 1102 445 ὃ(
1123 414 1226 443 favoris

166 448 300 486 gratiam,
315 446 484 485 benignitate
496 447 587 486 solita,
602 449 734 487 impartiri
747 449 837 481 velitis
851 451 959 482 eisdem.

205 525 292 558 Teste
307 525 413 565 meipso
426 525 508 556 Paris.
522 514 559 558 2'8
574 528 619 558 die
636 528 825 568 Decembris,
840 540 932 570 anno,
949 532 1008 563 &c.
1022 542 1070 572 44.

167 603 307 666 REX
325 605 364 636 R.
381 606 475 637 saneti
487 607 604 647 Angeli‚
621 610 682 641 &c.
696 610 817 641 salutem.

192 682 196 687 .
275 642 364 682 Super
378 646 468 684 gratiis
482 647 673 686 multimodis,
689 650 749 680 &c.
786 650 887 679 Eodem
901 652 974 681 modo
989 662 1039 691 quo
1052 653 1150 687 Papae,
1161 648 1230 688 firi-

167 678 243 710 bitur
256 683 374 713 omnibus
394 684 582 714 cardinalibus
598 709 608 724 ,
638 687 729 717 verbis
745 694 836 718 tamen
853 698 1024 728 competenter
1042 691 1164 718 mutatis.

209 764 297 802 Item,
315 764 402 794 eodem
415 764 489 793 modo
494 763 626 804 scribitur
639 767 791 799 venerabili
808 773 884 799 coetui
906 768 1092 799 Cardinalium
1106 790 1116 805 ,
1137 766 1230 796 verbis

171 805 264 830 tamen
277 809 450 840 competenter
462 808 583 834 mutatis.

22 928 41 945 ⁸
57 925 79 952 1·
93 923 158 959 ⁶9⁶·
173 932 201 959 ³ss
219 934 326 966 Litera
344 933 496 968 Ludovici
515 939 603 984 Regis
619 941 750 971 Franciae
766 937 802 971 de
821 940 954 972 Beatrice
963 939 1034 983 filia
1043 941 1148 985 Regis,
1159 947 1232 983 nup-

437 995 471 1017 ιιι
487 984 566 1031 Joh.
584 987 652 1031 filio
671 988 767 1019 Ducis
782 989 949 1021 Britannis.

24 1075 100 1105 Anu.
114 1073 155 1104 D.
172 1069 380 1132 LUdoviciis
389 1096 398 1112 ,
417 1073 474 1104 Dei

496 1075 600 1123 gratia,
614 1076 738 1106 Franciae
761 1076 842 1114 Rex,
861 1076 1003 1107 karissimo
1025 1075 1232 1115 consanguineo

46 1113 129 1143 1260.
211 1148 216 1152 .
245 1108 310 1149 suo,
334 1111 466 1142 Henrico
487 1115 584 1144 eadem
605 1114 708 1154 gratis,
734 1114 809 1154 Regi
832 1114 941 1155 Anglioe
964 1114 1076 1152 illustri,
1100 1114 1235 1144 Domino

22 1155 76 1181 An.
94 1161 140 1187 44.
174 1145 339 1192 Hiberniae,
357 1152 391 1181 &
405 1150 484 1182 Duci
500 1153 692 1192 Aquitanniae,
718 1152 793 1183 fideli
808 1153 873 1191 suo,
890 1153 1003 1184 salutem
1015 1155 1049 1183 δε
1063 1152 1178 1183 fincerae
1191 1152 1234 1183 di-

25 1196 57 1219 H.
76 1199 102 1227 3.
176 1184 304 1217 lec'tionis
314 1188 458 1220 affectum.

24 1233 65 1256 Ex
86 1233 156 1256 Buri·
214 1223 346 1269 Rogastis
359 1238 410 1257 nos
426 1238 474 1266 per
668 1229 829 1267 Johannem
842 1230 878 1260 de
896 1229 1105 1267 Britannia‚qiii
1112 1227 1233 1258 vestram

25 1267 86 1295 dello
101 1267 158 1293 lite-

24 1315 115 1332 rarum

25 1349 133 1379 tempore

26 1386 59 1409 H.
72 1391 96 1417 3.

175 1261 253 1294 duxit
271 1264 356 1295 filiam
374 1267 402 1296 in
425 1276 557 1306 uxorem,
574 1268 610 1298 de
622 1269 697 1298 mille
711 1267 818 1297 Marcis
831 1277 883 1298 nos
907 1284 919 1291 ι
1041 1267 1175 1297 vellemus
1191 1266 1234 1296 sii-

197 1311 225 1331 er
245 1302 388 1343 denarios,
406 1315 475 1345 quos
495 1315 547 1344 pro
566 1306 661 1336 valore
679 1315 759 1336 terrae
776 1305 868 1344 Agen.
887 1307 969 1337 vobis
993 1304 1105 1336 asteritis
1119 1314 1172 1335 nos
1185 1305 1234 1335 de-

199 1350 257 1370 ere:

214 1379 322 1410 Verum
335 1391 403 1411 cum
416 1381 493 1421 super
505 1381 563 1412 hoc
577 1381 688 1412 dietum
698 1383 859 1421 Johannem
868 1406 878 1421 ,
895 1382 929 1413 :id
944 1380 1064 1413 vestram
1081 1382 1235 1420 requisitio-

176 1428 260 1457 nem,
280 1420 310 1449 in
329 1419 476 1450 hominem
496 1421 666 1459 recepimus,
686 1432 746 1452 non
759 1421 886 1460 videtur,
906 1422 968 1460 quia
983 1421 1062 1451 vobis
1074 1420 1233 1459 principali—

175 1465 217 1488 ter
231 1457 264 1487 ad
279 1457 446 1488 solutionem
460 1458 544 1488 dffiae
556 1459 684 1498 pecuniae
697 1469 849 1491 teneamur.

210 1495 302 1526 Unde
321 1497 418 1535 nobis,
437 1497 457 1527 si
479 1497 585 1536 placet,
599 1507 648 1537 per
654 1497 763 1530 ‘vestras
774 1506 896 1538 patentes
909 1498 996 1529 literas
1009 1496 1151 1528 declaretis
1164 1496 1232 1541 quid

173 1534 266 1564 facere
280 1544 332 1564 nos
343 1535 486 1565 volueritis
499 1535 534 1566 de
545 1535 707 1576 praemiffis3
733 1538 814 1568 vobis
829 1537 959 1578 quidem,
973 1536 1019 1567 vel
1034 1536 1094 1574 alii,
1112 1535 1146 1565 de
1158 1535 1236 1565 dieto

175 1572 272 1603 valore
287 1581 368 1603 terrce
389 1574 557 1614 Agenensis,
575 1576 660 1606 teneri
680 1586 741 1606 non
762 1575 918 1614 credimus,
937 1575 986 1605 nisi
1011 1574 1164 1605 secundum
1178 1574 1237 1604 foi·-

176 1620 254 1641 mam
268 1612 343 1651 pacis
357 1612 427 1643 inter
442 1622 493 1642 nos
777 1615 911 1645 terminos
926 1614 956 1644 in
970 1613 1066 1644 eadem
1082 1622 1150 1651 pace
1165 1622 1236 1643 con-

178 1657 288 1688 tentos,
306 1660 426 1688 quorum
442 1652 548 1689 primus
560 1652 675 1689 incipiet
689 1654 719 1682 in
735 1652 842 1683 Ascens

209 1726 278 1758 Dat.
297 1727 370 1766 apud
382 1726 547 1765 Compend.
566 1726 611 1758 die
625 1727 719 1759 Lunae
908 1744 991 1752 --
1003 1727 1176 1769 Epiphaniae.

173 1858 266 1893 Bulla
284 1863 462 1896 Monitoria
477 1860 521 1894 ad
541 1864 710 1895 Dominum
728 1864 836 1908 Regem
854 1862 972 1908 Angliae
985 1889 994 1904 ‚
1014 1861 1106 1908 fhper
1122 1861 1238 1906 restitu-

295 1913 372 1942 tione
388 1907 485 1952 Castri
502 1909 638 1954 Rofferfis
658 1908 881 1957 Archiepiscopo
904 1911 1119 1954 Cantnarierfi.

28 1983 104 2015 ΑΜ
121 1982 161 2013 D·
185 1991 385 2050 ALexander
400 1994 569 2037 Episcopus,
587 1995 677 2026 servus
690 1995 832 2026 servorum
848 1995 923 2034 Dei,
941 1995 1084 2026 cariffimo
1098 1998 1128 2027 in
1144 1996 1240 2028 Chris-

48 2022 134 2074 3260-
257 2042 289 2063 to
302 2033 362 2064 filio
466 2033 562 2065 illustri
575 2033 651 2074 Regi
665 2034 791 2074 Angliae,
810 2034 925 2065 salutem
939 2035 973 2066 &
989 2035 1185 2073 Apostolicam
1191 2038 1241 2068 be-

29 2065 82 2089 Aa.
100 2070 148 2096 44·
183 2071 387 2103 nediffionem.

27 2103 62 2128 Η·
81 2109 105 2135 3·
220 2109 263 2140 Ex
284 2119 358 2149 parte
380 2111 541 2142 venerabilis
556 2110 642 2142 fratris
653 2110 742 2141 nostri
847 2110 1024 2142 Cantuarien.
1045 2111 1241 2153 Archiepisco-

28 2141 69 2165 Ex
83 2141 142 2165 Au·
203 2149 212 2178 i
231 2149 284 2179 fuit
308 2151 482 2190 propositum
501 2159 600 2180 coram
621 2150 704 2180 nobis
722 2149 799 2190 quod
812 2173 822 2188 ,
853 2160 921 2180 cum
941 2150 1152 2188 praedecessores
1175 2152 1214 2183 sui
1228 2176 1238 2192 ,

25 2183 90 2213 ‘W‘
183 2159 364 2218 {lantuarien
392 2188 621 2226 Archiepiscopi,
640 2187 773 2218 Castrum
796 2187 914 2218 Roffen.
931 2189 966 2219 ab
984 2190 1099 2229 antiquo
1112 2200 1146 2220 ex
1159 2191 1238 2231 largi-

179 2227 275 2264 tione,
298 2227 379 2257 clarae
401 2228 567 2264 memoriae,
586 2226 702 2265 Regum
724 2227 852 2265 Angliae,
870 2227 1105 2265 praedecessorum
1122 2237 1238 2261 tuorum

178 2265 296 2295 nornine
318 2265 495 2296 Cantuarien.
514 2263 649 2296 Ecclesiae
667 2264 782 2302 pacifice
797 2265 961 2304 tenuissent,

212 2303 263 2333 Tu
285 2301 420 2334 Castrum
441 2305 548 2344 ipsum,
567 2303 601 2334 ad
622 2303 778 2334 custodiam
799 2304 919 2334 e'usdem
934 2304 1142 2343 Archiepiscopi
1156 2308 1240 2343 perti-

178 2351 261 2380 nens,
279 2342 307 2371 in
325 2343 408 2381 ipsius
427 2343 563 2373 Ecclesiae
584 2341 779 2382 praejudicium
818 2345 922 2381 ermes,
943 2353 1113 2382 quamquam
1137 2344 1172 2374 de
1190 2346 1238 2376 illo

177 2381 227 2412 fibi
241 2379 411 2412 restituendo
423 2381 500 2420 spem
512 2381 618 2411 dederis
637 2381 672 2410 ab
685 2379 787 2411 eodem
801 2381 1021 2422 Archiepiscopo
1034 2382 1184 2421 requisitus.

212 2417 292 2449 Cum
309 2420 391 2459 igitur
408 2421 515 2459 injuriae
532 2419 598 2449 inde
615 2418 725 2456 prodire
746 2430 807 2450 non
827 2419 946 2450 debeant
961 2420 1035 2451 unde
1048 2422 1106 2458 jura
1121 2421 1239 2453 nascun-

179 2463 244 2495 tur,
275 2457 456 2489 Serenitatem
483 2466 561 2488 tuam
589 2466 720 2496 rogamus
745 2459 873 2488 attentius
896 2460 929 2489 ὃς
949 2459 1092 2490 hortamur
1111 2463 1238 2497 quatinus

179 2495 366 2532 (considerato
386 2497 534 2536 prudenter
552 2495 629 2535 quod
650 2493 739 2525 nichil
759 2496 869 2526 utilitati
892 2496 993 2537 Regiae
1011 2497 1136 2537 deperit,
1155 2499 1175 2529 si
1192 2509 1238 2538 ea,

177 2543 244 2570 quae
257 2533 319 2565 sunt
332 2536 436 2573 aliena,
460 2532 618 2567 reddantur)
638 2533 731 2563 eidem
746 2533 967 2574 Archiepiscopo
984 2535 1117 2566 Castrum
1132 2536 1240 2576 ipsum,

177 2570 256 2615 quod
270 2572 393 2612 spectans
407 2574 442 2604 ad
456 2572 612 2603 Ecclesiam
623 2581 638 2601 a
651 2580 695 2609 te,
711 2572 768 2602 sine
779 2574 899 2612 propriae
914 2573 1002 2603 salutis
1019 2573 1164 2613 dispendio
1173 2598 1183 2613 ,
1196 2586 1238 2606 re-

178 2610 259 2640 tineri
278 2620 338 2641 non
360 2611 453 2650 potest
475 2611 611 2647 (maxime
625 2619 693 2639 cum
707 2620 768 2640 non
780 2611 928 2643 videantur
943 2622 958 2641 a
970 2620 1021 2641 tuo
1034 2612 1162 2643 comodo
1175 2615 1240 2644 alie-

180 2658 216 2679 na
235 2658 299 2691 quae
318 2649 423 2679 habent
442 2648 579 2679 Ecclesiae
598 2648 695 2687 Regni
718 2649 758 2678 tui
773 2658 903 2688 prompta
916 2649 1083 2689 liberalitate)
1104 2651 1144 2681 ob
1161 2662 1241 2684 reve-

181 2695 299 2716 rentiam
321 2687 498 2725 Apostolicae
518 2686 585 2717 sedis
599 2687 633 2717 &
646 2685 770 2717 nostram
779 2710 788 2724 ,
805 2689 902 2727 tuique
914 2689 1030 2718 honoris
1042 2698 1242 2730 augmentum,

182 2725 288 2755 restitui
300 2725 396 2764 facias,
413 2727 447 2757 &
461 2726 519 2755 tam
533 2724 639 2765 ipsum,
657 2726 742 2764 quarn
755 2725 873 2756 eandem
887 2726 1061 2766 Ecclesiam,
1086 2728 1173 2760 divini
1186 2731 1241 2760 ob-

182 2772 262 2794 tentu
273 2765 412 2801 nominis,
437 2763 541 2793 assidue
557 2763 737 2803 protectionis
753 2765 837 2803 gratia
850 2765 1035 2804 prosequaris5
1063 2766 1099 2797 ita
1115 2768 1192 2805 quod
1208 2779 1243 2799 ex

184 2802 251 2845 hoc*
265 2801 317 2833 tibi
337 2813 354 2833 a
374 2802 442 2834 Deo
460 2803 630 2840 praemium,
647 2801 681 2832 &
700 2812 715 2833 a
738 2803 819 2833 nobis
840 2803 980 2843 condigna
1002 2806 1147 2843 proveniat
1169 2807 1244 2838 acilio

182 2848 343 2880 gratiarum.

185 2958 201 2990 s
218 2920 288 2952 Dat.
307 2921 464 2961 Anagniae,
479 2921 596 2952 decimo
617 2921 683 2952 Kal.
702 2919 830 2952 Februar.
852 2921 1037 2955 Pontificati'is
1057 2924 1146 2961 nostri
1168 2936 1244 2957 anno

196 2967 270 2990 exte.

685 3039 810 3071 Plumbeo
817 3039 905 3081 figillo
920 3052 938 3070 a
945 3039 998 3084 filo
1010 3042 1137 3074 :anahem

186 3176 306 3208 Littera
332 3172 464 3207 manche
489 3175 632 3222 Dumffiz,
659 3177 694 3210 de
711 3177 854 3224 Johanne
872 3181 1033 3214 Britanntae
1048 3183 1191 3217 veniendo
1215 3188 1246 3217 in

646 3227 805 3273 Angliam.

268 3311 328 3342 Son
341 3320 394 3343 tres
405 3310 474 3342 haut
488 3313 522 3344 &
535 3321 589 3343 tres
602 3313 670 3344 cher
683 3313 703 3344 S
722 3315 728 3321 '

40 3325 115 3355 Αῃῃ,
134 3322 174 3353 D,
196 3312 249 3370 A
749 3324 803 3345 nor
815 3315 978 3357 Henri,par
991 3319 1016 3349 la
1029 3328 1111 3358 grace
1119 3319 1156 3351 de
1162 3321 1229 3353 Deu
1239 3347 1249 3363 ,

62 3362 146 3393 1260·
270 3350 337 3380 Roe
355 3349 563 3389 d’Engieterrc‚
580 3351 699 3391 Seignor
740 3363 756 3382 e
777 3353 916 3394 l’leand,
930 3358 963 3388 &
984 3357 1052 3388 Duc
1063 3358 1233 3396 d’Aquitene

38 3405 92 3430 An·
107 3411 155 3437 44·
234 3427 241 3431 ἱ
327 3388 371 3432 ·&
388 3387 509 3419 Blanche
530 3389 674 3435 Duchelse
683 3390 720 3420 de
734 3389 887 3433 Bretangne
901 3396 957 3426 ialit
971 3396 1004 3426 ὃς
1018 3406 1166 3428 reverence
1180 3386 1250 3431 cuni

42 3445 77 3468 H.
98 3449 122 3476 3·
197 3438 213 3458 a
225 3429 275 3457 ion
289 3426 424 3470 Seignor,
442 3437 458 3456 e
471 3427 518 3456 soe
531 3428 675 3467 apparellie
688 3427 788 3459 afferre
800 3430 826 3460 sa
839 3433 953 3463 volente
966 3444 1001 3463 en
1017 3443 1087 3465 tores
1101 3436 1204 3468 choses.

231 3465 298 3496 Nos
320 3465 437 3503 Prions,
451 3464 511 3496 Sire
519 3488 530 3504 ,
549 3475 564 3494 a
582 3467 676 3496 vostre
698 3466 793 3498 Haute
805 3470 852 3508 qui
866 3470 917 3501 vos
931 3472 1012 3511 pleise
1026 3483 1042 3504 a
1055 3483 1108 3504 nos
1121 3477 1250 3508 amander

198 3505 292 3537 vostre
306 3503 390 3541 estat,
404 3503 430 3533 le
441 3513 514 3542 qucu
528 3503 623 3534 nostre
637 3504 696 3534 Sire
709 3505 770 3536 face
785 3514 829 3537 tot
840 3509 897 3546 jors
913 3510 980 3541 bon.

233 3544 252 3564 ²*
267 3542 292 3573 E
306 3552 356 3573 vos
370 3542 469 3572 feisons
484 3552 498 3572 a
513 3541 624 3580 samer,
643 3541 779 3584 Sue-,que
792 3544 927 3577 Madame
1040 3559 1088 3579 eor
1101 3550 1165 3581 d’en
1180 3561 1253 3583 met-

196 3590 235 3612 tes
254 3582 314 3612 bon
335 3579 438 3611 conseil
461 3592 475 3611 a
495 3579 629 3620 besonges
646 3580 737 3619 Jehan
756 3583 848 3614 vostre
867 3583 914 3625 fil,
930 3588 978 3624 qui
999 3587 1058 3618 s’en
1071 3598 1107 3619 va
1120 3600 1136 3620 a
1149 3601 1201 3621 vos
1214 3602 1251 3623 en

196 3621 359 3652 Entrleterre
392 3629 458 3662 quar
473 3618 493 3649 il
505 3619 563 3649 s'en
576 3628 650 3649 atent
666 3619 732 3649 d’ou
748 3627 792 3650 tot
806 3631 822 3651 a
836 3633 897 3654 vos.

237 3645 262 3689 E
282 3669 333 3690 vos
353 3642 452 3688 13r10ns
603 3657 660 3702 de,
678 3667 732 3696 que
750 3668 802 3689 vos
822 3670 869 3691 me
886 3663 1000 3694 mandes
1015 3675 1031 3694 e
1047 3665 1198 3696 comandes
1212 3674 1256 3696 tot

198 3699 253 3736 jors
266 3696 362 3728 vostre
378 3696 507 3734 volente,
531 3705 547 3726 e
562 3706 610 3734 qui
624 3704 715 3726 arroet
729 3704 783 3726 tres
797 3705 876 3736 grant
889 3701 944 3738 joie
958 3701 993 3732 de
1009 3702 1080 3733 ferre
1096 3704 1190 3738 vostre
1202 3715 1257 3736 vo-

200 3737 274 3767 lente
288 3746 324 3766 en
338 3743 409 3767 totes
426 3734 539 3774 choses,
556 3745 573 3765 e
586 3735 681 3766 nostre
690 3734 749 3766 Sire
764 3744 815 3766 vos
827 3745 894 3776 gar-t.

41 3482 82 3506 Ex
108 3482 177 3505 Bun-

43 3516 91 3544 del.
105 3517 161 3543 Lit-

43 3562 92 3582 ter.
113 3560 175 3580 tem-

44 3598 101 3628 pore
108 3595 142 3619 H.
154 3600 180 3627 3.

45 3631 63 3647 *
79 3631 103 3657 1.
116 3631 181 3665 697.

204 3885 254 3918 De
292 3882 544 3933 interceptionibus
577 3895 679 3918 contra
704 3885 857 3931 Treugam
886 3897 956 3920 cum
983 3890 1132 3924 Lewelino
1160 3902 1257 3924 emen-

0 3967 2 3972 ,
49 3943 129 3976 Ann.
143 3942 185 3973 D.
670 3931 788 3967 dandis.

70 3983 156 4012 1260.

49 4024 103 4051 An.
119 4031 167 4057 44.
209 4020 329 4076 REX
341 4025 491 4067 omnibus·‚
507 4024 566 4055 &c.
582 4024 701 4055 salutem.
738 4062 742 4067 ·
897 4061 903 4067 .

48 4063 86 4089 Η.
109 4069 134 4095 3.
301 4061 397 4092 Sciatis
416 4074 469 4093 nos
488 4063 595 4093 dileffls
615 4063 648 4094 &
673 4061 796 4092 fidelibus
817 4061 917 4092 nostris
970 4062 1095 4102 Johanni
1113 4065 1188 4096 Lino

49 4101 109 4126 Par.
123 4108 171 4134 44.
211 4097 345 4138 Philippo
367 4100 392 4130 le
412 4100 506 4139 Brett,
525 4102 662 4132 Howello
686 4100 743 4130 filio
765 4099 913 4139 Maddoc,
933 4085 1054 4132 ²I'udero
1072 4102 1131 4133 filio
1151 4089 1262 4141 Effiner:

52 4139 87 4162 H.
103 4145 128 4171 3·

49 4181 77 4203 n·
94 4183 140 4213 23.
210 4136 325 4171 oweno
344 4136 405 4170 filio
425 4138 561 4180 Mentic,
577 4140 611 4172 &
630 4138 770 4172 Howello
793 4139 944 4179 Vaughan‚
960 4140 1142 4173 dictatoribus
1155 4149 1263 4181 treuga-

1283 250 1754 301 PUBLICA.
2265 271 2312 315 53

1260 344 1327 414 {3¹13
1329 338 1405 405 tiirsiter
1418 349 1486 377 nos,
1503 341 1537 372 &
1552 341 1729 374 Lewelinum
1745 344 1834 376 filium
1848 342 1982 385 Griffini,
2002 355 2055 385 pro
2067 354 2144 385 parte
2157 345 2250 377 nostra
2265 346 2314 377 de·
2337 351 2412 382 Ann.
2426 344 2467 382 D,²

1367 399 1376 419 2
2360 391 2442 419 1260.

1295 412 1416 457 'Dedisse
1433 416 1597 460 potestatem
1617 421 1787 463 pronobiS,
1806 423 1838 452 ὃς
1856 422 1996 454 Edwardo
2012 423 2069 453 filio
2085 423 2201 461 nostro,
2217 424 2249 454 δε
2261 422 2316 453 ho-
2336 433 2398 456 Heu.
2415 438 2439 465 3,

1262 454 1383 483 minibus
1401 454 1517 492 nostris,
1537 457 1616 500 quod
1635 462 1701 496 ipii,
1719 460 1775 488 una
1794 470 1861 490 cum
1874 462 2053 492 dicre-,toribus
2066 462 2226 492 earumdem
2241 471 2316 492 treu-

1262 499 1377 533 garum,
1393 502 1446 532 pro
1461 501 1535 530 parte
1549 495 1617 525 dieti
1633 495 1770 527 Lewelini
1783 498 1931 538 deputatis,
1949 500 2217 540 quotienscumque,
2236 501 2269 531 &
2285 511 2316 530 u-

1264 530 1416 574 bicumque
1437 531 1565 574 locorum
1585 535 1705 572 partium
1725 535 1849 574 illarum,
1875 538 1992 568 viderint
2010 540 2151 576 expedire,
2178 539 2316 577 inquirant

1265 567 1300 597 de
1313 570 1486 612 omnimodis
1501 571 1747 610 interceptionibus
1761 574 1794 604 ὅτ,
1805 575 2055 613 transgrefl‘ionibus
2069 579 2208 616 utrimque
2222 578 2299 607 factis
2308 599 2317 614 ‚

1265 606 1298 636 &
1316 617 1380 646 quas
1400 608 1532 647 deinceps
1544 609 1602 640 fieri
1618 612 1767 649 contigerit
1780 622 1877 643 contra
1888 613 2010 644 formam
2025 623 2182 654 treugarum
2198 614 2316 654 praedic-

1266 651 1372 683 tarum,
1391 646 1550 678 durantibus
1564 649 1665 691 treugis
1680 649 1789 680 eisdem.

1304 683 1412 714 Damus
1427 686 1508 715 etiam
1523 687 1603 717 dietis
1617 687 1740 718 fidelibus
1754 687 1865 726 nostriS,
1889 699 1941 727 pro
1954 691 2051 728 nobis,
2077 692 2108 722 δε
2122 691 2238 730 nostris,
2261 691 2319 730 ple*

1268 730 1333 765 nam
1356 723 1520 766 potestatem
1541 726 1668 763 capiendi
1687 726 1720 756 &
1742 726 1877 766 faciendi,
1897 730 1958 758 vice
1973 729 2082 767 nostra,
2101 731 2229 760 emendas
2239 729 2317 769 super

1266 763 1513 804 interceptionibus
1534 764 1567 794 ὃς
1588 763 1839 803 transgrellionibus
1859 766 2012 807 praedietis,
2028 769 2156 806 quotiens
2179 769 2227 809 ipsi
2240 768 2318 798 vide-

1267 806 1322 827 rint
1335 799 1474 836 expedire:

1304 835 1411 866 Rarum
1422 838 1550 880 ¹habituri
1567 841 1600 870 δε
1621 840 1734 872 firmum
1758 842 1892 881 quicquid
1906 842 1954 880 ipsi
1967 853 2081 882 ornneS,
2101 852 2146 874 aut
2161 845 2198 874 illi
2210 853 2243 874 ex
2258 843 2319 882 ipsis

1267 883 1337 941 qups
1350 875 1439 918 adesse
1451 880 1613 946 co&ntigerit,
1630 879 1708 920 super
1721 882 1864 920 praemiilis
1874 881 2004 912 duxerint
2016 882 2183 913 faciendum.

1319 922 1337 942 n
1352 923 1429 951 cu1us
1439 937 1448 952 ,
1503 925 1530 945 c.

1291 950 1391 993 ¹Teste
1408 952 1541 996 Huberto
1554 954 1580 997 le
1592 954 1681 985 Biffod
1692 955 1849 994 Justi'ciario
1864 957 1960 987 nostro
1976 957 2087 997 Angiiae
2102 959 2173 998 apud
2188 959 2231 988 W
2234 958 2315 988 estmi

1270 997 1405 1019 viceiimo
1420 999 1519 1028 quinto
1532 991 1577 1022 die
1590 992 1628 1022 Fe
1650 995 1738 1024 ruarii.

1278 1067 1354 1074 ——.

1539 1123 1588 1154 De
1608 1125 1736 1156 Nuntiis
1756 1125 1900 1157 Lenveltni
1914 1126 2081 1165 antediili„

2291 1150 2347 1203 ’Ni

2343 1205 2417 1259 ihinn.
2435 1224 2477 1257 D«

2363 1268 2445 1296 1260.

1334 1208 1396 1239 EX
1412 1210 1542 1240 omnibus
1559 1210 1683 1249 Banivis,
1700 1212 1760 1242 ἃς.
1779 1211 1900 1242 salutem.

1369 1248 1466 1278 Sciatis
1485 1249 1562 1286 quod
1584 1249 1747 1289 suscepimus
1767 1251 1796 1280 iii
1815 1251 1918 1280 salvum
1941 1251 1974 1281 &
1996 1250 2121 1280 securum
2143 1252 2319 1282 condudtum

1270 1285 1399 1316 nostrum
1419 1286 1555 1316 Nuncios
1580 1287 1715 1318 Lewelini
1735 1288 1781 1318 filii
1805 1289 1922 1319 Griffini
1935 1311 1944 1325 ,
1966 1290 2014 1328 qui
2031 1299 2046 1318 a
2066 1288 2110 1318 die
2131 1288 2241 1319 Paschae
2257 1313 2266 1327 ,
2291 1291 2320 1319 in
2341 1310 2381 1332 Ar

1272 1326 1402 1362 proximo
1415 1325 1526 1362 futuro,
1544 1327 1573 1355 in
1587 1336 1675 1356 unum
1690 1327 1829 1365 mensem,
1846 1337 1879 1357 ex
1893 1335 1967 1365 parte
1982 1327 2062 1367 ipsius
2076 1327 2231 1365 Lewelini,
2253 1337 2321 1357 ven—
2343 1315 2449 1370 H'',44‘

1272 1364 1325 1393 turi
1344 1363 1405 1393 sunt
1424 1363 1458 1393 ad
1480 1373 1532 1394 nos
1552 1364 1587 1394 de
1607 1365 1716 1395 licentia
1736 1366 1768 1396 &
1784 1367 1964 1396 concessione
1977 1368 2084 1402 nostra,
2102 1364 2136 1395 ad
2149 1365 2323 1396 trastandum
2340 1364 2443 1409 Ιωῖάζη,

1272 1402 1421 1432 nobiscum
1435 1402 1470 1432 de
1485 1412 1553 1440 pace
1565 1403 1598 1434 &
1612 1405 1712 1443 treugis
1716 1427 1727 1443 ,
1754 1404 1832 1444 super
1846 1404 2074 1435 contentionibus
2089 1405 2158 1434 inter
2172 1413 2224 1434 nos
2236 1405 2269 1434 ὃς
2283 1405 2326 1441 ip-

1274 1439 1335 1470 sum
1351 1439 1528 1471 Lewelinum
1543 1440 1665 1472 subortis.
2302 1450 2307 1456 ⁴

1309 1478 1347 1509 Et
1369 1479 1433 1509 ideo
1453 1480 1534 1509 vobis
1554 1481 1717 1511 mandamus
1737 1481 1814 1520 quod
1838 1480 1975 1519 praestistis
1987 1480 2128 1518 Nunciis,
2143 1481 2172 1510 in
2185 1480 2328 1511 veniendo

1272 1517 1306 1548 ad
1319 1527 1387 1556 nos,
1407 1519 1439 1548 &
1455 1517 1561 1547 ibidem
1577 1520 1730 1556 morando,
1751 1520 1784 1549 &
1800 1518 1834 1549 ad
1851 1529 1938 1559 partes
1951 1520 2006 1549 suas
2019 1518 2200 1557 revertendo,
2218 1519 2329 1548 nullum

1273 1556 1407 1593 inferatis,
1442 1556 1487 1587 vel
1508 1556 1602 1586 inferri
1621 1558 1784 1598 permittatis
1803 1558 1975 1597 dampnum,
2007 1557 2242 1595 impedimentum
2249 1580 2259 1596 ,
2283 1564 2330 1587 aut

1294 1604 1437 1624 ravamen·

1274 1604 1292 1635 g
1308 1633 1342 1663 In
1356 1617 1485 1670 cujus-'rei
1494 1655 1504 1671 ,
1521 1633 1581 1663 &c.
1600 1633 1648 1663 has
1661 1633 1749 1664 literas
1762 1633 1867 1664 nostras
1882 1633 1939 1664 fieri
1954 1634 2069 1664 fecimus
2081 1642 2221 1672 patentes,
2250 1631 2331 1663 durae

1274 1680 1345 1703 tutas
1360 1672 1444 1708 usque
1458 1671 1491 1701 ad
1509 1670 1623 1702 Festum
1636 1671 1815 1704 Pentecostes
1829 1674 1960 1711 proximo
1973 1673 2108 1703 futurum.

1308 1708 1396 1740 Teste
1411 1717 1440 1739 ut
1455 1709 1539 1750 supra.

1275 1845 1394 1876 Littera
1420 1844 1493 1888 Regt
1526 1846 1625 1877 Scoriae
1648 1854 1703 1890 pro
1728 1842 1870 1889 Johanni²
1893 1843 1928 1876 de
1952 1841 2077 1891 Cheyam
2100 1846 2131 1874 in
2157 1840 2330 1887 Epiftopum

1691 1893 1912 1939 Glasguensem.

1276 1979 1395 2035 REX
1411 1980 1485 2020 Regi
1504 1980 1622 2020 Scodae,
1643 1981 1765 2012 salutem.
2311 2015 2316 2020 ,
2353 1984 2428 2014 Anti
2446 1984 2485 2013 D,

1366 2018 1448 2049 Dum
1468 2020 1576 2050 dudum
1592 2044 1601 2057 ,
1633 2019 1814 2058 postulatione
1834 2018 1869 2048 de
1892 2016 2032 2058 Magistro
2056 2017 2206 2048 Nicholao
2230 2015 2330 2046 Archi·
2375 2024 2457 2052 1203,

1276 2055 1399 2087 diacono
1418 2058 1453 2087 de
1471 2058 1623 2095 Tevidale,
1641 2059 1669 2087 iii
1683 2057 1805 2088 Ecclesia
1818 2057 1978 2095 Glasguensi
1992 2057 2081 2095 faeta,
2099 2058 2132 2087 ὃ(
2146 2054 2328 2097 postmodum
2353 2065 2402 2089 Aa.
2417 2071 2464 2097 44.

1276 2104 1325 2133 per
1339 2096 1431 2126 sedem
1448 2095 1643 2137 Apostolicam
1657 2096 1772 2134 cauata,
1787 2095 1928 2126 Dominus
1942 2096 2032 2135 Papa,
2050 2096 2083 2125 ad
2101 2097 2332 2133 quem,occalio-
2352 2106 2385 2128 H.
2408 2109 2432 2136 3,

1277 2143 1314 2164 ne
1341 2134 1425 2164 dietae
1445 2133 1634 2174 postulationis
1656 2135 1781 2173 caffatae,
1800 2134 1936 2171 spectabat
1954 2134 2037 2164 diecae
2052 2133 2184 2164 Ecclesiae
2204 2131 2335 2172 provide·
2353 2139 2488 2175 efflas-44,

1277 2182 1320 2210 re,
1341 2171 1512 2212 Magistrum
1529 2173 1690 2212 johannem
1713 2173 1749 2203 de
1770 2172 1919 2213 Cheyham
1933 2174 1962 2203 in
1976 2171 2149 2212 Episcopum
2165 2173 2221 2202 loci
2239 2170 2336 2201 conse-
2355 2182 2389 2205 H.
2412 2187 2437 2213 3,

1277 2213 1381 2249 cravit3
1395 2222 1428 2242 ac
1448 2212 1525 2242 idem
1540 2211 1683 2242 Dominus
1697 2211 1771 2251 Papa
1787 2221 1835 2251 per
1851 2211 1953 2242 litteras
1966 2211 2038 2248 suas,
2058 2220 2176 2249 quarum
2192 2210 2336 2248 transcrip—
2358 2223 2414 2253 pars
2435 2224 2462 2242 2.

1277 2258 1339 2281 tum
1359 2251 1441 2280 vobis
1460 2251 1614 2288 mittimus,
1633 2260 1748 2281 necnon
1769 2251 1802 2281 &
1822 2260 1920 2280 omnes
1941 2248 2098 2280 Cardinales
2119 2259 2171 2279 nos
2191 2249 2339 2289 specialiter
2361 2264 2396 2282 m.
2408 2253 2465 2281 2..¹l.

1278 2297 1460 2327 rogaverunt,
1477 2289 1555 2329 quod
1572 2299 1635 2329 erga
1650 2299 1702 2320 vos
1713 2297 1800 2328 partes
1814 2287 1919 2319 nostras
1932 2288 2109 2328 interponere
2124 2297 2282 2318 curaremus
2291 2296 2338 2324 ,ut

1277 2328 1394 2367 praefato
1406 2327 1564 2368 Episcopo,
1581 2329 1630 2368 qui
1643 2328 1754 2366 plenam
1767 2327 1849 2358 habet
1862 2326 2128 2358 administrationem
2140 2326 2320 2365 spiritualium
2329 2348 2339 2364 ‚

1277 2375 1308 2396 ut
1322 2365 1493 2404 audivimus,
1508 2367 1670 2404 temporalia
1682 2366 1726 2397 sua
1743 2365 1847 2397 restitui
1862 2366 2004 2396 faceretis:

1307 2404 1393 2442 Nos,
1429 2414 1580 2443 uamquam
1599 2405 1702 2435 honori
1721 2406 1754 2436 δε
1776 2404 1966 2442 indempnitati
1989 2402 2103 2440 vestroe,
2121 2411 2252 2442 tanquam
2273 2410 2340 2441 pro-

1279 2443 1346 2480 ptiae
1356 2442 1411 2473 desi
1431 2453 1538 2473 eramus
1546 2466 1556 2482 ,
1573 2452 1605 2474 ut
1617 2446 1752 2475 convenit
1764 2443 1924 2481 ,providere
1932 2464 1941 2480 ,
1959 2442 2084 2472 videntes
2096 2450 2190 2471 tamen
2203 2442 2279 2481 quod
2293 2441 2321 2470 id
2331 2462 2340 2476 ,

1278 2480 1355 2524 quod
1378 2491 1428 2520 per
1441 2480 1603 2512 Dominum
1625 2481 1730 2519 Papam
1743 2482 1819 2520 super
1830 2479 1974 2521 praemisfis
1994 2480 2089 2511 astum
2111 2479 2169 2518 est,
2184 2490 2243 2510 non
2262 2489 2343 2517 pote-

1279 2528 1315 2549 rit
1327 2518 1478 2557 infirmari,
1487 2520 1630 2550 dileffloni
1643 2520 1742 2551 vestrae
1755 2520 1830 2549 bona
1847 2519 1901 2549 fide
1913 2519 2042 2550 duximus
2049 2518 2249 2548 consulendum
2257 2528 2343 2557 ,qua-

1280 2558 1351 2588 tinus
1366 2558 1458 2588 eidem
1476 2560 1491 2575 ¹¹*
1508 2557 1650 2596 Episcopo
1664 2558 1808 2589 liberaliter
1822 2559 1851 2587 in
1863 2557 1915 2588 hac
1931 2566 2006 2596 parte
2017 2557 2138 2595 faciatis,
2157 2556 2233 2596 quod
2247 2558 2289 2594 ei,
2304 2556 2344 2586 se-
2366 2566 2379 2582 i·
2392 2567 2414 2594 1¹
2429 2563 2496 2597 698,

1279 2595 1407 2626 cundum
1423 2596 1521 2626 Deum
1538 2597 1572 2627 ὃς
1583 2596 1717 2635 justitiam
1730 2597 1810 2626 fuerit
1825 2596 1993 2626 faciendum.
2450 2597 2453 2599 ’

1318 2633 1372 2672 Et,
1389 2634 1409 2664 si
1424 2634 1581 2665 videremus
1594 2635 1670 2674 quod
1685 2636 1750 2665 huic
1765 2635 1882 2673 negotio
1896 2634 1932 2665 de
1946 2635 2004 2671 jure
2017 2632 2128 2673 possetis
2141 2632 2277 2670 resistere,
2295 2641 2342 2663 aut
2388 2660 2390 2662 .

1281 2672 1394 2711 aliquod
1407 2672 1598 2703 commodum
1609 2683 1645 2703 ex
1660 2674 1714 2713 ipsa
1726 2672 1872 2702 resistentia
1886 2681 2024 2711 reportare
2033 2695 2042 2710 ,
2059 2682 2109 2701 nos
2123 2681 2176 2711 pro
2187 2671 2289 2701 eodem
2305 2671 2345 2701 E-

1302 2711 1357 2741 isco
1405 2734 1414 2749 ,
1432 2712 1496 2753 licet
1519 2711 1556 2742 de
1575 2711 1681 2752 Regno
1701 2710 1799 2742 nostro
1813 2711 1946 2742 oriundus
1957 2710 2070 2749 existat,
2087 2710 2156 2740 nihil
2169 2710 2251 2741 vobis
2268 2710 2344 2749 super

1303 2760 1340 2781 oc
1367 2750 1559 2790 cripsiilemus.

1317 2829 1404 2861 Teste
1418 2829 1499 2870 Rege
1513 2829 1587 2869 apud
1605 2830 1740 2861 Sanctum
1754 2829 1883 2860 Audom.
1898 2829 1977 2861 sexto
1991 2830 2037 2860 die
2050 2827 2168 2868 Martii,
2186 2830 2346 2869 ann0,&c.

1282 2869 1489 2910 quadragesimo
1504 2878 1594 2898 nono.

1322 2950 1423 2979 Eodem
1443 2949 1516 2978 modo
1531 2947 1663 2987 stribitur
1682 2951 1791 2986 Reginae
1806 2953 1918 2987 Scotiae‚
1936 2948 2054 2979 Roberto
2070 2948 2102 2978 de
2116 2950 2225 2988 Bruys,
2240 2944 2278 2982 ό·
2294 2948 2346 2978 toti

1285 2988 1394 3030 confilio
1407 2991 1518 3024 Scotiae5
1536 2987 1631 3017 verbis
1647 2996 1739 3017 tamen
1753 2995 1927 3026 competenter
1938 2990 2063 3017 mutatis.

1286 3124 1406 3156 Littera
1425 3124 1507 3156 Duci
1527 3123 1686 3154 Britanniae
1702 3120 1737 3153 de
1746 3120 1813 3165 filio
1830 3123 1914 3166 ejus,
1941 3124 1972 3153 in
1990 3119 2070 3163 Festo
2088 3121 2193 3154 Sanfli
2212 3120 2349 3155 Edwar-

1577 3169 1610 3202 di
1630 3170 1754 3202 Militiae
1770 3170 1885 3216 cingulo
1904 3168 2077 3203 decorando.

1289 3257 1415 3320 REX
1438 3259 1526 3289 nobili
1550 3260 1629 3295 vir0,
1645 3259 1679 3289 &
1706 3259 1802 3288 amico
1822 3259 1961 3289 kariffimo
1978 3258 2117 3297 Johanni,
2139 3256 2217 3289 Duci
2239 3256 2347 3289 Britan·
2368 3266 2445 3298 Asm-
2459 3265 2503 3298 D,

1369 3298 1436 3336 niae,
1453 3297 1584 3335 salutem,
1600 3298 1660 3327 &c.
2387 3307 2472 3336 1260„

1323 3335 1418 3366 Sciatis
1440 3346 1507 3374 nos,
1524 3336 1664 3374 Reginam
1684 3334 1826 3373 nostram,
1843 3335 1996 3374 liberosque
2019 3334 2141 3372 nostros,
2160 3334 2232 3375 apud
2255 3333 2344 3365 Sanc-
2364 3348 2417 3372 Aa.
2431 3355 2479 3381 44,

1289 3382 1351 3403 tum
1365 3373 1490 3404 Audom.
1508 3373 1667 3412 existentes,
1685 3374 1792 3404 sanitate
1805 3375 1899 3413 vigere
1913 3372 2064 3413 corporei,
2080 3373 2136 3403 hoc
2151 3374 2225 3403 idem
2240 3372 2275 3402 de
2289 3383 2342 3403 vo-
2367 3387 2399 3411 H,
2442 3404 2449 3410 ,

1290 3412 1331 3441 bis
1345 3411 1411 3442 scire
1425 3420 1598 3451 peroptantes
1614 3435 1624 3449 ,
1646 3422 1679 3442 ac
1691 3412 1796 3442 ibidem
1812 3414 1986 3452 expectantes
2000 3411 2159 3449 responsum
2173 3411 2342 3449 Magnarum
2367 3421 2454 3458 Claus.

1290 3449 1451 3480 nostrorum
1467 3450 1576 3489 Angliae
1589 3450 1667 3490 super
1676 3450 1840 3490 quibusdam
1856 3452 1972 3491 negotiis
1984 3449 2083 3479 nostris
2097 3474 2107 3487 ,
2131 3459 2183 3487 pro
2199 3450 2298 3487 quibus
2311 3450 2347 3481 ad
2365 3459 2434 3496 saa,
2453 3461 2481 3486 in

1290 3489 1361 3528 ipsos
1372 3488 1507 3518 Nuncios
1523 3488 1632 3518 nostros
1644 3498 1731 3529 nuper
1745 3488 1951 3519 destinavimus.
2372 3501 2462 3525 Franc.

1326 3526 1486 3565 johannem
1502 3536 1571 3557 vero
1582 3526 1670 3557 filium
1685 3526 1813 3557 nostrum
1828 3528 1861 3558 &
1875 3527 1999 3558 vestrum
2013 3525 2224 3567 praedileetum,
2237 3526 2271 3557 acl
2287 3537 2353 3558 nos-
2373 3546 2419 3571 44,
2435 3540 2467 3563 H.
2480 3545 2509 3571 ς,

1291 3574 1362 3596 tram
1382 3566 1482 3603 pariter
1501 3566 1533 3596 δε
1558 3565 1633 3595 suam
1656 3567 1872 3604 recreationem,
1889 3566 2036 3596 nobiscum
2057 3574 2216 3604 quanquam
2230 3565 2351 3596 invitum
2375 3584 2400 3602 m
2415 3568 2483 3601 μά(

1293 3605 1470 3639 retinuimus3
1490 3604 1566 3643 quod
1575 3626 1584 3641 ,
1605 3604 1625 3633 fi
1639 3604 1745 3642 placet,
1761 3603 1879 3635 moleste
1893 3614 1952 3634 non
1966 3601 2121 3639 feratis,ied
2136 3612 2245 3632 moram
2258 3604 2350 3643 suam,

1314 3652 1377 3672 uam
1393 3642 1537 3672 nobiscum
1550 3642 1616 3672 fecit
1629 3651 1727 3671 contra
1745 3642 1917 3672 voluntatem
1933 3642 2023 3678 suam,
2039 3641 2107 3671 sicut
2119 3640 2236 3671 dilectus
2252 3643 2353 3681 nobiS,

1293 3653 1462 3711 llwiilieimus
1475 3680 1509 3710 de
1524 3679 1616 3710 Lexac
1632 3679 1769 3719 Magister
1781 3679 1858 3719 suus,
1883 3680 1963 3710 vobis
1976 3679 2081 3719 plenius
2095 3679 2234 3711 intimabit
2243 3703 2253 3718 ,
2272 3681 2351 3712 favo-

1294 3730 1323 3750 re
1341 3717 1427 3749 nostri
1443 3719 1530 3749 velitis
1544 3719 1645 3748 habere
1656 3718 1834 3753 excusatam„

1335 3756 1389 3796 Et,
1407 3758 1470 3796 quia
1490 3757 1611 3787 multum
1632 3757 1763 3786 vellemus
1777 3756 1865 3796 ipsum
1873 3755 2035 3794 Johannem
2049 3756 2164 3796 cingulo
2178 3756 2292 3787 Militiae
2306 3758 2355 3789 de-

1295 3805 1408 3834 corate,
1432 3796 1464 3825 δε
1479 3797 1601 3824 maxime
1616 3796 1643 3824 in
1658 3794 1743 3824 Festo
1753 3795 1826 3824 beati
1841 3793 1974 3825 Edwardi
2017 3794 2094 3833 quod
2109 3796 2160 3826 erit
2172 3796 2201 3825 in
2215 3796 2353 3834 quindena
2401 3802 2404 3803 ⁷

1296 3834 1391 3865 Sancti
1414 3832 1578 3871 Michaelis,
1594 3834 1627 3863 ὅς
1646 3833 1736 3872 quod,
1754 3833 1825 3862 inter
1845 3841 1956 3862 caeteras
1971 3817 2175 3872 (blempnitates
2192 3835 2273 3872 anni,
2295 3834 2353 3873 spe-

1297 3872 1391 3903 cialius
1406 3881 1569 3902 venei-amur
1587 3871 1669 3907 (dum
1682 3879 1775 3901 tamen
1787 3871 1844 3900 hoc
1860 3870 1961 3902 vestrae
1975 3870 2072 3901 sederit
2085 3872 2238 3909 voluntati,
2265 3872 2298 3902 δε
2313 3872 2353 3902 as-

1298 3911 1405 3941 sensum
1427 3909 1548 3940 Domini
1570 3909 1657 3949 Regis
1681 3909 1824 3946 Franciae,
1838 3919 1923 3948 quem
1944 3919 2031 3946 nuper
2047 3910 2125 3950 super
2141 3911 2198 3940 hoc
2209 3910 2369 3948 diligenter.

1299 3950 1475 3988 rogabimus,
1494 3947 1687 3985 habuerimus)
1708 3958 1759 3978 vos
1778 3956 1907 3986 rogamus
1930 3946 2035 3978 affeffim
2052 3958 2112 3987 quo
2130 3949 2275 3988 poffumus
2295 3958 2360 3977 arn-

1299 3989 1379 4029 plior'i
1401 3989 1527 4025 quatinus
1547 3987 1575 4016 in
1590 3986 1722 4026 praedielza
1736 3985 1924 4024 solemnitate,
1942 3986 1976 4016 ad
1989 3986 2130 4017 honorem
2142 3986 2270 4016 nostrum
2285 4008 2295 4023 ,
2318 3987 2353 4016 δε

1300 4026 1424 4057 vestrum
1437 4027 1534 4064 pariter
1547 4025 1580 4055 &
1594 4025 1700 4065 praefati
1713 4023 1761 4054 filii
1777 4024 1876 4063 vestri,
1904 4023 1997 4056 modis
2009 4026 2143 4056 omnibus
2156 4023 2358 4055 nobiscumin-

1302 4064 1399 4096 teresse
1413 4064 1509 4094 velitis.

1341 4104 1449 4133 Statum
1471 4104 1504 4133 δε
1524 4101 1732 4141 beneplacitum
1752 4101 1876 4132 vestrum
1896 4102 1978 4133 nobis
1990 4128 2001 4141 ‚
2023 4103 2101 4141 super
2120 4100 2279 4141 praemissis,
2298 4108 2357 4142 'per

1305 4141 1450 4181 praefatum
1468 4140 1556 4172 filium
1577 4140 1717 4178 vestrum,
1735 4150 1819 4180 quem
1822 4149 1887 4210 go
1901 4150 1998 4173 amore
2013 4140 2110 4173 nostro
2124 4139 2158 4171 ad
2174 4149 2224 4170 nos
2236 4147 2360 4169 remitte-

1849 4193 1853 4196 ·
1874 4187 1890 4217 3
2326 4184 2358 4204 m
