2570 4261
754 109 865 150 ET
948 112 1216 154 ACTA

27 188 106 220 Ann.
120 186 162 217 D.
176 201 239 222 rum
252 192 320 222 hinc
333 192 397 223 inde
410 191 503 232 fac'iis,
519 203 570 232 pro
585 201 687 224 mutuo
701 204 797 225 amore
811 197 845 226 &
860 196 1030 235 concordia,
1046 198 1116 227 inter
1129 198 1240 228 distum

56 235 142 266 1310·
178 230 224 260 Re
244 241 291 261 em
306 231 432 261 Franciae
447 234 478 262 ὅ(
494 234 621 262 homines
636 233 713 270 suOS,
732 243 763 263 ac
779 244 829 263 nos
843 236 876 264 &c
892 236 1021 264 homines
1041 235 1167 273 nostros,
1186 238 1240 265 im-

27 268 95 294 Edv-
113 271 140 293 ²·
176 273 226 306 poi
242 279 321 299 erum
336 270 535 305 confovendis,
554 271 748 301 satisfactiones
764 273 795 301 ὅ(
817 273 947 303 emendas
963 273 1020 303 fieri
1034 275 1191 313 cupientes,
1204 274 1239 305 de

175 307 330 346 vestraeque
342 306 474 337 fidelitatis
488 309 622 339 industria
636 311 739 339 merito
754 310 944 348 confidentes,

212 345 287 383 Vos,
306 346 338 376 &
354 345 424 375 duos
439 345 583 384 vestrum,
600 348 647 385 qui
662 347 805 384 praesentes
818 350 922 378 fueritis
941 371 950 387 ,

214 383 259 414 Ad
271 384 486 423 inquirendum,
503 386 558 414 una
571 395 640 414 cum
655 386 817 422 deputandis
831 385 929 416 adhoc
944 396 992 425 per
1006 387 1116 417 dictum
1125 387 1170 418 Re
1190 397 1238 418 em

176 420 322 459 Franciae,
342 421 378 451 de
398 421 541 462 dampnis,
559 424 678 461 injuriis,
696 425 728 454 ὃς
740 425 944 462 gravaminibus
958 426 1111 464 praediftis,
1127 428 1155 456 in
1207 437 1238 456 u-

175 469 240 490 catu
251 459 410 498 praeditsto,
426 461 602 498 temporibus
621 470 778 499 treugarum
793 485 802 500 ,
822 463 877 492 live
893 461 1113 494 sufferentiarum
1135 465 1239 502 praedi-

177 498 303 535 diarum,
323 498 390 527 hinc
406 498 470 528 inde
486 499 654 529 commissis:

213 535 250 566 Et
263 537 347 566 etiam
361 536 395 566 ad
409 535 515 566 debitas
530 537 740 575 satisfactiones,
759 538 791 568 ὃ(
805 539 935 569 emendas
949 548 1140 577 competentes
1155 540 1190 570 de
1198 541 1240 570 in-

172 574 267 612 juriis,
286 574 428 612 dampnis,
446 576 480 606 δε
495 576 700 613 gravaminibus
712 577 866 619 predistis,
882 577 1045 607 hominibus
1058 578 1092 607 de
1106 579 1239 617 potestate

177 612 290 651 nostra,
310 622 357 650 per
372 611 481 643 Gentes
499 613 534 643 de
547 613 681 650 potestate
695 614 763 644 dieii
786 614 876 651 Regis
889 638 897 653 ,
916 616 945 644 in
959 615 1039 645 disto
1054 615 1168 646 Ducatu
1183 617 1239 645 illa-

178 652 230 688 tis,
249 650 347 680 nostro
369 652 488 681 nomine
502 652 535 682 &
555 651 707 682 hominum
726 651 888 683 nostrorum
906 654 1121 691 praedictorum,
1141 664 1239 693 peten-

178 689 227 720 das
239 690 273 720 δε
286 689 468 727 recipiendas:

216 727 252 757 Et
268 728 391 758 {imiliter
406 728 440 757 ad
456 727 612 763 huiusmodi
624 728 819 758 satisfactiones
833 729 866 758 &
880 729 1010 759 emendas
1030 729 1147 768 praefato
1163 730 1239 769 Regi

178 764 323 803 Franciae,
344 766 377 795 &
392 765 533 795 Gentibus
545 766 610 803 suis,
629 766 663 796 de
676 767 796 804 injuriis,
815 767 958 805 dampnis,
973 769 1006 798 &
1017 769 1240 806 gravaminibus,

179 804 199 834 si
213 814 278 844 quae
293 803 371 842 ipsis,
381 805 554 841 temporibus
570 805 722 842 praedic‘tis,
742 815 790 844 per
805 805 934 835 homines
947 805 983 835 de
995 806 1130 843 potestate
1144 806 1239 837 nostr&¹

178 842 252 873 illata
265 841 344 871 fuiffe
357 843 474 872 inveniri
487 843 637 879 contigerit
645 866 654 882 ,
672 843 821 873 faciendas:

215 879 346 910 Necnon
361 879 394 910 ad
410 890 507 917 gentes
521 880 639 919 nostras,
658 892 724 921 quas
735 881 770 911 de
781 881 939 920 hujusmodi
954 881 1076 919 injuriis,
1092 881 1219 920 dampnis
1231 905 1242 919 ,

177 919 213 949 &
234 919 439 958 gravaminibus
460 919 608 956 culpabiles
627 921 784 950 inveneritis
799 944 808 957 ,
831 921 906 957 juxta
931 921 1051 949 modum
1070 920 1241 949 definitorum

178 957 352 994 suorum,&
366 967 449 995 prout
458 957 565 996 justum
580 959 895 995 fuerit,compelleudas
910 959 945 989 ad
961 958 1133 989 rationabiles
1143 968 1242 988 emen-

179 995 227 1026 das
237 1018 246 1032 ,
261 996 295 1026 &
309 995 504 1026 satisfactiones
518 996 621 1026 debitas
634 996 699 1026 inde
711 996 868 1035 faciendis,

218 1033 256 1064 Et
271 1032 305 1063 ad
318 1036 416 1064 omnia
430 1034 479 1065 alia
493 1035 526 1065 &
540 1034 643 1074 singula
655 1036 686 1064 in
705 1035 757 1064 hac
775 1043 850 1072 parte
872 1034 997 1065 facienda
1006 1057 1015 1073 ,
1029 1033 1063 1064 ad
1078 1044 1141 1073 quae
1161 1042 1242 1072 pote-

180 1071 234 1102 stas
254 1072 366 1102 illorum
379 1095 390 1111 ,
409 1082 479 1110 quos
498 1072 533 1103 ad
554 1072 612 1104 hoc
633 1083 682 1113 per
703 1072 815 1103 dictum
836 1073 950 1112 Regem
966 1073 1091 1104 Franciae
1118 1072 1243 1110 deputari

181 1111 348 1150 contigerit,
366 1112 392 1140 ie
408 1110 553 1149 extendet,

219 1149 362 1180 Duximus
375 1149 567 1186 asiignandos:

219 1187 275 1226 Et,
292 1188 365 1226 siqua
379 1188 462 1218 dubia
481 1189 509 1217 in
526 1187 668 1227 praemissis
683 1210 692 1226 ,
710 1182 743 1218 ὃς
763 1198 795 1218 ea
809 1189 1000 1228 tangentibus,
1017 1189 1097 1219 vobis
1111 1197 1245 1219 occurre-

183 1226 256 1264 rint,
274 1225 308 1256 ad
322 1235 373 1255 nos
386 1234 558 1256 recurrentes
568 1249 577 1264 ,
594 1236 625 1256 ea
640 1226 721 1256 nobis
735 1226 850 1257 fideliter
866 1227 993 1257 referatis¹

220 1264 257 1295 Et
273 1264 338 1294 ideo
351 1265 433 1294 vobis
446 1263 606 1294 mandamus
626 1264 719 1304 quod,
737 1264 772 1295 ad
792 1265 928 1303 praemissa
941 1264 1084 1303 facienda,
1098 1264 1244 1295 intendatis

185 1304 215 1333 in
229 1303 324 1333 forma
337 1302 483 1339 praedictat

220 1341 363 1371 Omnibus
375 1349 470 1370 autem
484 1340 592 1371 Ballivis
609 1341 642 1371 ὅ(
655 1340 795 1371 Fidelibus
807 1340 924 1378 nostris,
943 1350 1040 1372 tenore
1053 1341 1226 1379 praesentium
1235 1364 1245 1379 ,

35 1390 53 1407 ο
72 1390 129 1417 ῃῐ,
185 1379 357 1446 iniungimus
374 1379 406 1409 ὃ(
423 1378 696 1448 [ηαιέὲζαξϊωεᾞᾳυοά
709 1380 813 1424 vobis,
830 1381 859 1409 in
874 1379 1034 1418 praemissis,
1048 1380 1067 1398 ἦρ
1086 1380 1119 1410 &
1140 1388 1245 1448 eizgan-

38 1429 103 1466 ²³⁶·
185 1425 333 1494 {Zffiaffiss
348 1426 511 1495 Ξῗὲἓῗῖἱω,
528 1425 658 1493 3335?
663 1427 706 1487 ‘12³0
727 1427 904 1495 ἳὲῗεὲῗαῗξέ
913 1428 1099 1496 3322’323552
1119 1428 1153 1449 ve
1197 1427 1247 1448 “⁰⁵

223 1494 258 1524 In
274 1496 367 1533 cujus,
380 1496 442 1526 &c.

224 1569 294 1601 Dat.
305 1569 378 1612 apud
394 1569 578 1611 Bercwycum
592 1570 670 1610 super
682 1571 821 1602 Twedam
828 1594 838 1610 ,
861 1580 905 1601 12.
919 1571 964 1602 die
978 1571 1155 1602 Decembris.

468 1699 517 1731 De
534 1696 633 1731 eodem
657 1701 768 1745 negotio
787 1699 968 1744 Aquitaniae.

37 1780 117 1812 Ann.
132 1778 173 1810 D.
259 1782 324 1815 EX
342 1783 462 1822 eisdem,
480 1783 601 1815 salutem.

61 1828 147 1858 1310·
307 1822 357 1853 De
370 1823 465 1854 vestris
481 1823 612 1854 fidelitate
624 1824 658 1854 ὃς
672 1817 808 1866 industria
822 1821 928 1860 plenius
942 1821 1130 1861 confidentes,
1149 1822 1247 1860 vobis,

37 1861 90 1886 An·
111 1868 139 1894 4·
191 1861 225 1892 &
237 1861 347 1891 duobus
358 1860 500 1900 vestrum,
517 1863 566 1901 qui
582 1862 726 1901 praesentes
739 1862 856 1900 fueritis,
1035 1899 1040 1904 ι
1179 1899 1183 1904 ¹
1228 1899 1233 1904 ¹

39 1899 135 1963 {ih-‘zm
224 1899 344 1930 Petendi
356 1901 474 1930 nomine
487 1899 604 1939 nostro,
622 1901 655 1931 &
669 1900 819 1938 recipiendi
838 1900 873 1929 ab
889 1898 1125 1930 Excellentiffimo
1139 1898 1249 1929 Princi-

189 1948 225 1978 pe
240 1938 374 1968 Domino
388 1938 536 1978 Philippo,
554 1938 636 1977 Rege
652 1938 825 1969 Francorum
842 1936 945 1967 illustre
965 1960 975 1976 ,
995 1936 1077 1968 Patre
1092 1936 1188 1968 nostro
1201 1937 1250 1967 ka-

189 1977 315 2015 risiimo,
333 1977 376 2007 vel
391 1977 440 2006 illis
450 1999 460 2015 ,
475 1987 545 2016 quos
560 1977 635 2007 idem
649 1976 714 2007 Rex
728 1976 762 2006 ad
777 1977 834 2006 hoc
848 1977 955 2006 duxerit
969 1975 1159 2015 deputandos,
1176 1975 1250 2006 satis-

187 2016 323 2046 factiones
337 2016 370 2046 &
385 2015 517 2046 emendas
528 2015 563 2045 de
578 2016 639 2045 usur
659 2015 814 2054 ationibus,
832 2014 966 2054 surprifis,
982 2014 1125 2052 dampnis,
1144 2015 1249 2051 injuriis

187 2052 223 2085 ὃς
245 2054 452 2091 gravaminibus
464 2077 473 2092 ,
492 2054 624 2084 Domino
640 2024 676 2083 ἓ
698 2063 787 2091 nuper
800 2052 874 2091 Regi
894 2052 1005 2091 Angliae
1020 2074 1031 2090 ,
1046 2051 1181 2082 Genitori
1196 2062 1250 2082 no-

189 2092 266 2130 stro,
285 2092 318 2122 &
334 2092 401 2130 suis,
415 2102 448 2122 ac
465 2093 546 2122 nobis
559 2090 741 2130 postmodum
750 2114 760 2130 ,
773 2093 806 2123 &
820 2090 921 2122 nostris
926 2101 992 2130 ,per
1007 2091 1118 2122 dictum
1132 2090 1250 2129 Regem

189 2130 215 2161 F
216 2131 318 2160 ranciae
332 2131 365 2162 &
377 2131 438 2161 suos
454 2131 547 2168 illatis3

225 2168 355 2199 Necnon
377 2169 410 2199 ad
436 2168 598 2207 hujusmodi
618 2167 814 2199 satisfactiones
834 2167 868 2198 &
891 2167 1023 2198 emendas
1043 2167 1160 2206 praefato
1176 2166 1251 2207 Regi

188 2206 214 2237 F
216 2209 334 2245 ranciae,
350 2206 386 2237 de
399 2207 560 2244 hujusmodi
573 2207 793 2246 usupationibus,
814 2206 951 2244 surprisis,
968 2206 1114 2244 dampnis,
1133 2207 1252 2245 injuriis,

188 2246 224 2276 δε
246 2246 452 2282 gravaminibus
476 2246 569 2282 (siqua
583 2255 631 2283 per
642 2244 750 2275 dictum
766 2244 939 2274 Genitorem
952 2243 1097 2282 nostrum,
1116 2252 1162 2274 aut
1176 2244 1253 2283 suos,

187 2283 234 2314 vel
247 2293 314 2321 nos,
332 2291 378 2313 aut
390 2282 518 2321 nostros,
537 2282 632 2313 eidem
644 2282 736 2322 Regi,
753 2291 800 2313 aut
813 2283 864 2312 suis
880 2282 952 2312 illata
965 2282 1086 2319 fuerint)
1104 2282 1195 2313 modo
1203 2283 1253 2313 de-

188 2322 250 2353 bito
266 2321 421 2359 faciendas,

225 2359 344 2390 Plenam
357 2368 454 2390 tenore
469 2358 645 2399 praefientium
658 2358 841 2390 concedimus
861 2358 895 2388 &
909 2359 1117 2388 committimus
1131 2358 1253 2396 potesta-

188 2406 258 2430 tem.

226 2436 264 2467 Et
285 2437 351 2468 ideo
369 2436 451 2466 vobis
470 2434 634 2465 mandamus
655 2435 732 2474 quod
749 2458 758 2472 ,
773 2434 808 2465 ad
823 2432 961 2472 praemiffa
977 2432 1102 2464 facienda
1119 2434 1153 2465 ὃς
1167 2443 1254 2464 com-

187 2474 305 2514 plenda,
323 2474 467 2505 intendatis
478 2474 506 2503 in
521 2473 612 2504 forma
630 2473 772 2513 praedicta.

226 2513 296 2544 Nos
316 2514 394 2543 enim
415 2521 507 2542 ratum
528 2513 734 2551 imperpetuum
749 2511 913 2541 habebimus
932 2518 1014 2547 atque
1027 2517 1155 2550 gratum,
1174 2511 1253 2548 quic-

188 2552 257 2590 quid
271 2562 319 2589 per
332 2562 401 2590 vos,
419 2559 466 2582 aut
479 2549 550 2580 duos
566 2550 711 2589 vestrum,
729 2551 838 2581 extens
849 2548 1005 2580 absentibus
1020 2571 1029 2586 ,
1047 2549 1156 2579 facium
1169 2548 1252 2580 fuerit

189 2593 220 2622 in
235 2589 388 2628 praemiffis.

224 2629 350 2667 Dantes,
368 2630 428 2660 &c.
447 2635 479 2659 ut
491 2627 577 2666 supra.

228 2667 264 2700 In
276 2668 370 2706 cujus,
389 2667 450 2698 ἃς.

229 2744 299 2776 Dat.
314 2744 445 2783 utsupra.

265 2822 329 2854 EX
347 2822 469 2863 eisdem,
486 2823 607 2855 salutem.

314 2862 363 2892 De
380 2862 477 2893 vestris
495 2863 625 2893 fidelitate
639 2884 649 2900 ,
668 2858 729 2896 &a
751 2867 782 2891 ut
795 2858 879 2900 ficpra
899 2854 977 2901 uffiue
999 2852 1053 2899 ibi,
1069 2858 1203 2890 Domino
1221 2857 1255 2889 E.

193 2910 283 2942 nuper
298 2900 373 2939 Regi
389 2900 498 2969 Angliae
510 2901 644 2932 Genitori
658 2900 795 2930 nostro&
809 2900 877 2938 suis,
892 2900 950 2929 tam
959 2906 1023 2930 ante
1035 2906 1093 2929 tem
1116 2908 1146 2928 us
1159 2897 1256 2941 Guer-

193 2948 233 2969 rae
255 2939 326 2968 inter
347 2939 420 2979 ipsos
470 2949 532 2979 eges
552 2948 638 2969 motae
654 2961 663 2977 ,
679 2939 763 2976 quam
783 2940 868 2968 etiarn
883 2936 946 2976 post
960 2945 1069 2976 tempus
1109 2938 1171 2980 acis*
1184 2945 1256 2966 mter

194 2987 244 3007 eos
257 2977 433 3015 reformatae,
452 2978 486 3008 &
501 2977 622 3008 similiter
635 2978 716 3007 nobis
730 2978 762 3007 &
778 2976 880 3006 nostris
887 2975 1073 3014 postmodum
1081 2985 1131 3013 per
1145 2974 1255 3018 digitum

193 3015 308 3054 Regem
321 3015 447 3046 Franciae
461 3017 494 3047 &
508 3015 570 3046 suos
590 3016 687 3053 illatis,
705 3024 820 3045 necnon
833 3014 868 3044 ad
884 3013 1043 3050 huiusmodi
1058 3012 1253 3043 satisfactiones

194 3054 228 3084 &
248 3054 379 3084 emendas
401 3054 517 3091 praefato
538 3054 612 3093 Regi
633 3054 759 3084 Francia:
783 3053 819 3083 de
840 3052 1000 3091 hujusmodi
1020 3051 1255 3090 usurpationibus,

191 3092 312 3132 surpriiis
327 3115 336 3130 ,
354 3092 481 3130 dampnis
494 3116 504 3130 ,
521 3093 624 3131 injuriis
637 3114 646 3130 ,
662 3092 695 3122 &
712 3092 914 3131 gravaminibus
930 3113 940 3129 ,
958 3091 978 3121 si
999 3101 1052 3130 qua
1075 3100 1124 3129 pet
1143 3089 1255 3120 dictum

193 3129 367 3163 Genitorem
382 3130 511 3161 nostrum
522 3153 533 3169 ,
550 3139 596 3161 aut
614 3130 674 3160 suos
686 3153 695 3168 ,
712 3131 757 3160 vel
777 3140 829 3160 nos
844 3153 853 3168 ,
871 3138 917 3160 aut
942 3128 1054 3159 nostros
1069 3128 1161 3159 eidem
1176 3127 1255 3165 Regi

192 3177 241 3199 aut
259 3169 311 3199 suis
325 3191 335 3206 ,
350 3170 522 3209 temporibus
536 3169 694 3209 praedietis,
710 3169 783 3200 illata
802 3169 922 3207 fuerint,
939 3168 1029 3198 modo
1043 3166 1140 3197 debito
1152 3167 1257 3197 facien-

193 3207 261 3245 das,
279 3207 389 3245 plenam
401 3230 411 3245 ,
429 3208 489 3239 &c.
505 3216 535 3238 ut
550 3207 635 3247 supra.

567 3331 616 3363 De
625 3330 749 3376 praefato
768 3333 893 3377 negotio.

46 3421 125 3454 Arm.
139 3421 181 3452 D.
193 3416 255 3478 R
264 3416 289 3447 E
298 3416 330 3448 X
348 3416 448 3448 eisdem
457 3438 467 3454 ,
483 3415 605 3446 salutem.

69 3470 154 3500 1310.
310 3455 338 3486 A
353 3455 495 3486 nonnullis
507 3453 693 3484 intelleximus
704 3450 864 3491 fidedignis,
880 3451 976 3492 quod,
994 3451 1060 3492 post
1075 3451 1257 3482 reformatio-

48 3504 101 3528 An.
118 3510 146 3536 4.
191 3504 259 3525 nem
278 3495 351 3534 pacis
364 3518 373 3531 ‚
392 3495 463 3523 inter
484 3491 650 3522 Dominum
672 3491 835 3530 Philippum
851 3514 861 3529 ,
885 3490 984 3521 eadem
1007 3490 1094 3528 gratia
1109 3513 1117 3527 ,
1138 3489 1253 3526 Regem

48 3542 79 3566 Ε.
99 3548 126 3567 2.
193 3533 368 3563 Francorum
379 3531 532 3568 illustrem,
549 3529 723 3561 kariffimum
738 3529 851 3560 Patrem
865 3527 1074 3566 nostrum,&,
1091 3528 1196 3559 inclitae
1212 3538 1256 3558 re-

46 3577 115 3614 γαρ.
133 3585 162 3613 4.
193 3571 363 3602 cordationis
374 3593 384 3608 ,
404 3569 570 3600 Dominum
592 3567 764 3599 Edwardum
777 3591 787 3606 ,
805 3567 950 3607 quondam
971 3566 1184 3606 Progenitorem
1195 3576 1256 3610 'no-

48 3618 79 3643 F..
99 3625 125 3642 2.
195 3610 284 3640 strum
299 3633 307 3648 ,
327 3608 442 3647 Angliae*
457 3607 575 3644 Regem
597 3606 731 3637 illustrem
747 3630 756 3645 ,
775 3616 827 3646 pro
848 3607 909 3643 ipfis
922 3606 955 3636 δε
971 3615 1070 3635 eorum
1086 3604 1254 3635 Haeredibus

194 3649 298 3679 faciam
313 3671 323 3686 ,
348 3647 425 3677 idem
447 3645 513 3675 Rex
534 3645 681 3683 Franciae,
704 3646 737 3677 &
757 3644 794 3676 sui
810 3668 819 3683 ,
836 3643 970 3675 Civitates
983 3667 992 3682 ,
1017 3643 1115 3673 Castra
1127 3665 1136 3680 ,
1155 3641 1256 3686 Villas‚

193 3687 312 3725 Terras,
332 3685 500 3722 Libertates,
518 3685 551 3715 &
567 3684 654 3714 multa
667 3684 734 3721 alia,
770 3693 814 3714 uae
827 3683 862 3713 ad
876 3692 928 3713 nos
945 3683 973 3712 in
988 3681 1101 3711 Ducatu
1117 3680 1255 3718 praedicto

192 3727 332 3765 pertinere
346 3723 516 3759 noscuntur,
533 3723 591 3752 tam
605 3730 732 3760 tempore
768 3722 815 3752 icti
828 3721 915 3751 Patris
927 3720 1032 3758 nostri,
1047 3721 1132 3760 quium
1147 3718 1256 3758 nostro,

194 3763 360 3800 usurparunt
379 3762 413 3792 &
433 3759 610 3800 occuparunt
624 3772 635 3798 3
652 3762 685 3792 ὃ(
707 3770 740 3791 ea
752 3782 762 3798 ,
780 3756 818 3790 sic
832 3760 958 3797 usurpata
971 3759 1005 3790 &
1017 3765 1171 3795 occupata,
1185 3758 1256 3788 deti-

195 3809 266 3831 nent
281 3801 374 3831 minus
383 3799 469 3838 juste.

230 3838 299 3868 Nos
320 3840 420 3877 igitur,
435 3837 471 3867 de
484 3835 582 3866 vestris
599 3836 728 3867 fidelitate
749 3836 782 3867 &
796 3834 930 3866 industria
945 3833 1052 3874 plenius
1067 3833 1259 3873 confidentes,

195 3877 294 3914 vobis,
312 3878 346 3907 ὃς
359 3876 469 3907 duobus
483 3873 627 3913 vestrum,
664 3876 691 3905 ui
705 3873 849 3911 praesentes
864 3873 985 3911 fueritis,

236 3914 282 3944 Ad
299 3915 451 3952 petendum
467 3914 499 3945 ὃς
518 3914 641 3952 recipien
662 3922 711 3942 um
722 3935 732 3950 ,
750 3914 867 3942 nomine
881 3911 981 3942 nostro
993 3933 1004 3950 ,
1018 3922 1034 3942 a
1047 3910 1163 3949 praefato
1177 3910 1259 3950 Rege

198 3951 327 3982 Franciae
338 3975 347 3990 ,
367 3953 412 3983 vel
431 3952 482 3982 illis
498 3976 507 3991 ,
521 3962 590 3992 quos
604 3951 682 3981 idem
697 3951 761 3981 Rex
774 3950 808 3981 ad
821 3951 879 3980 hoc
889 3949 999 3981 duxerit
1013 3948 1203 3988 deputandos,
1215 3959 1260 3980 re-

197 3990 589 4059 ἢὶπυῑὶοηεωΡΟοῧήῑιιωαω
602 4013 612 4029 ‚
628 3988 794 4022 Castrorum
806 4011 817 4028 ,
834 3988 974 4021 villarum
986 4010 998 4027 ‚
1013 3988 1167 4023 Terrarum
1181 4010 1193 4026 ,
1209 3987 1261 4021 Li-

237 4031 310 4060 Tom.
322 4031 347 4058 I.
389 4051 394 4058 .
414 4031 432 4059 Ι
461 4052 467 4059 .

46 3662 85 3681 m.
106 3651 149 3680 18.

1303 112 1777 160 PUBLICA.
2270 136 2348 177 179

1284 199 1439 237 bertatum,
1458 201 1491 230 &
1503 201 1637 240 aliorum,
1656 211 1705 240 per
1718 202 1827 234 dictum
1841 203 1972 244 Regem,
1989 204 2024 236 &
2038 204 2098 235 suos
2117 203 2196 246 super
2207 203 2346 245 Progeni-
2356 207 2433 239 Arm.
2447 209 2491 239 D.

1286 245 1378 281 torem
1399 239 1526 269 nostrum
1547 241 1732 280 praedictum,
1750 242 1784 271 δε
1803 252 1855 272 nos
1875 244 1904 272 in
1925 243 2003 274 dicto
2016 243 2147 281 Dur-atu,
2164 243 2228 283 post
2243 254 2342 282 pacem
2382 256 2467 286 1310,

1287 277 1449 312 praedictam
1463 300 1473 315 ,
1489 285 1521 320 ut
1538 279 1713 316 praemittitur
1724 301 1734 316 ,
1752 279 1946 320 reformatam,
1962 290 2171 319 occupatorum
2184 281 2217 311 6<
2234 282 2346 320 usurpa·
2358 287 2424 314 Edv.
2446 295 2474 312 2,

1285 322 1393 357 torum:
1413 316 1445 345 &
1458 322 1541 345 etiam
1556 316 1685 346 emendas
1695 317 1730 348 &
1745 317 1952 358 satisfactiones,
1970 319 2036 350 inde
2043 329 2092 360 per
2103 319 2215 350 dietum
2228 319 2345 358 Regem

1286 351 1412 382 Franciae
1427 353 1460 382 ὅ(
1475 351 1536 382 suos
1549 353 1703 392 faciendas;

1323 390 1453 432 Necnon
1475 390 1509 420 ad
1524 392 1683 428 hujusmodi
1696 391 1914 433 restitutionem,
1932 394 2143 434 satisfactiones,
2159 396 2192 426 &
2213 395 2348 428 emendas

1284 431 1399 464 praerato
1412 429 1503 467 Reoi,
1519 429 1617 460 nostro
1631 432 1764 468 nomine,
1780 431 1935 469 faciendas,
1953 433 2027 471 siqua
2038 434 2117 472 talia,
2135 443 2184 471 pei·
2197 434 2345 472 praefatum

1285 465 1396 496 Patrem
1411 452 1557 510 noffrum,
1574 467 1619 498 vel
1632 478 1699 506 nos,
1716 477 1762 498 aut
1775 470 1902 508 nostrOS,
1921 471 1999 508 super
2012 471 2103 509 ipsum
2120 471 2233 510 Regem
2248 495 2258 511 ,
2278 472 2344 510 post

1285 514 1385 547 pacem
1398 505 1567 549 praedistatn·
1577 528 1586 543 ,
1604 507 1632 536 in
1648 506 1764 537 Ducatu
1776 507 1914 545 praedicto
1934 509 2058 548 usurpata
2072 509 2118 540 vel
2130 520 2271 548 occupata
2283 511 2345 541 fore

1285 550 1433 581 contigerit
1449 553 1584 573 inveniri:

1286 618 1310 648 st
1324 579 1457 619 Plenam,
1475 590 1572 611 tenore
1585 582 1779 621 praesentium,
1796 583 1980 614 concedimus
1992 585 2025 616 &
2041 586 2248 617 committimus
2265 594 2347 626 pote-

1311 626 1393 648 atem.

1322 656 1359 685 Et
1376 655 1439 686 ideo
1454 657 1535 686 vobis
1550 657 1731 697 mandamus,
1749 659 1826 697 quod
1841 660 1978 699 praemissa
1992 661 2090 692 omnia
2104 661 2138 693 &
2148 661 2250 701 singula
2263 663 2351 694 facia-

1287 695 1334 731 tis,
1354 695 1386 724 &
1404 695 1529 732 expleatis
1543 695 1571 725 in
1589 696 1680 727 forma
1695 697 1837 734 praediCffi.

1326 731 1344 750 ’¹¹‘
1352 732 1419 762 Nos
1431 734 1505 762 enim
1521 743 1612 764 ratum
1627 735 1836 772 imperpetuum
1852 735 2014 767 habebimus
2026 744 2108 774 atque
2120 745 2228 776 gratum
2236 761 2246 777 ,
2285 740 2345 770 uic-
2356 743 2375 761 ²¹¹
2399 743 2454 770 111.

1287 770 1353 808 quid
1370 781 1418 808 per
1432 781 1498 810 vos,
1516 779 1562 802 aut
1575 772 1647 802 duos
1661 772 1805 812 vestrum,
1822 775 1928 805 caeteris
1940 775 2096 807 absentibus
2111 797 2122 814 ,
2139 776 2247 807 factum
2275 778 2344 809 uerit
2356 789 2420 817 237·

1276 810 1316 838 ·in
1352 809 1480 839 r‘aemiffis.

1357 856 1447 884 antes,
1465 847 1524 878 &c.
1540 856 1570 879 ut
1585 848 1671 887 supra.

1325 884 1359 915 In
1374 886 1467 924 cujus,
1484 887 1544 917 &c.

1324 959 1392 992 Dat.
1405 961 1478 999 apud
1491 961 1668 994 Berewicum
1681 964 1762 1003 super
1778 964 1920 996 Twedam
1929 988 1938 1004 ,
1960 974 2003 995 12.
2017 963 2062 996 die
2076 965 2255 998 Decembris.

1323 1088 1373 1121 De
1387 1086 1654 1133 Ordinationibus‚
1680 1093 1757 1122 inter
1770 1093 1860 1136 Reges
1877 1091 1993 1137 Angliae
2009 1094 2045 1130 ὠ
2061 1093 2192 1124 Franciae
2200 1091 2316 1137 fastis,

1637 1137 1770 1182 fideliter
1788 1137 1995 1185 adimplendis.

1290 1219 1377 1276 RE
1387 1218 1418 1250 X
1438 1222 1560 1261 eisdem,
1577 1222 1701 1254 salutem.
2364 1217 2441 1252 Ann-
2456 1220 2496 1252 D·

1395 1258 1490 1303 Cum,
1508 1262 1582 1298 juxta
1596 1261 1719 1292 formam
1731 1263 1822 1300 pacis,
1839 1261 1912 1292 inter
1925 1261 2091 1293 Dominum
2105 1258 2179 1292 Phili
2219 1271 2286 1304 um,
2302 1264 2350 1295 ea·
2385 1268 2473 1299 1310·

1288 1296 1355 1326 dem
1369 1298 1517 1337 grat15,*R
1556 1308 1602 1329 em
1613 1298 1787 1331 Francorum
1801 1300 1934 1331 illustrem
1948 1323 1959 1338 ,
1977 1300 2148 1331 karissimum
2187 1310 2274 1332 atrem
2293 1313 2348 1333 no-
2363 1302 2416 1326 An.
2429 1307 2459 1334 4-

1291 1334 1382 1365 strum
1397 1358 1406 1374 ,
1423 1338 1457 1367 &
1470 1360 1479 1374 ,
1498 1337 1545 1367 inc
1555 1339 1601 1368 itae
1619 1339 1820 1369 recordationis
1834 1362 1845 1377 ,
1861 1338 2026 1368 Dominum
2043 1338 2213 1371 Edwardum
2228 1363 2237 1379 ‚
2255 1350 2348 1378 quon·
2364 1340 2394 1364 Ε·
2414 1347 2441 1366 ²·

1290 1373 1355 1403 dam
1373 1373 1430 1404 Pro
1450 1377 1589 1406 enitorem
1606 1376 1735 1407 nostrum
1747 1377 1858 1416 Angliae
1873 1376 1986 1417 Regem
1998 1376 2151 1417 illustrem,
2169 1388 2222 1416 pro
2235 1379 2297 1417 ipiis
2312 1380 2346 1411 ὃς
2366 1374 2433 1412 Vasa.
2451 1381 2481 1410 4«

1291 1420 1393 1441 eorum
1440 1413 1576 1444 aeredibus
1589 1414 1691 1453 faetae,
2366 1416 2396 1439 E.
2416 1422 2443 1440 ²·

1326 1449 1437 1481 Omnes
1458 1451 1658 1483 Ordinationes
1669 1455 1702 1485 &
1715 1452 1801 1484 Paces
1816 1475 1826 1491 ,
1843 1455 1915 1484 inter
1933 1453 2129 1484 Anteceffores
2141 1454 2265 1492 ipsorum
2278 1456 2354 1493 prius
2367 1460 2402 1481 m·
2421 1450 2463 1479 13-

1292 1488 1374 1518 1²³&ae
1383 1511 1392 1526 ,
1409 1489 1498 1520 firmae
1513 1491 1546 1520 &
1559 1490 1666 1521 stabiles
1676 1492 1798 1523 debeant
1812 1502 1973 1530 permanere
1981 1515 1991 1531 ,
2009 1493 2043 1523 &
2057 1503 2104 1531 ea,
2119 1502 2183 1533 quae
2201 1493 2270 1525 hinc
2283 1495 2351 1526 inde

1293 1528 1464 1564 complenda
1477 1528 1595 1567 restant,
1612 1530 1767 1568 compleri:

1330 1565 1413 1603 Nos,
1429 1566 1466 1597 de
1477 1567 1573 1598 vestris
1585 1567 1715 1599 fidelitate
1729 1569 1763 1599 &
1783 1568 1919 1599 industria
1938 1568 2046 1606 plenius
2062 1568 2254 1609 confidentes,
2272 1571 2354 1603 vobis

1294 1603 1327 1634 ὅ(
1340 1603 1450 1634 duobus
1464 1604 1609 1644 vestrum,
1624 1608 1672 1646 qui
1687 1607 1833 1644 praesentes
1847 1608 1969 1644 fueritis,

1313 1640 1451 1685 'Petendi
1464 1666 1473 1680 ,
1491 1644 1525 1674 &
1547 1645 1699 1684 recipiendi
1711 1668 1721 1683 ,
1739 1646 1856 1676 nomine
1871 1645 1971 1676 nostro
1986 1668 1997 1684 ,
2013 1654 2029 1675 a
2041 1645 2155 1684 praefato
2170 1645 2253 1686 Rege
2267 1647 2353 1679 Fran-

1293 1689 1344 1710 ciae
1359 1703 1369 1719 ,
1388 1682 1433 1711 vel
1449 1682 1499 1712 illis
1512 1704 1522 1720 ,
1538 1692 1610 1720 quos
1629 1683 1705 1713 idem
1727 1683 1793 1714 Rex
1812 1684 1846 1714 ad
1864 1684 1922 1714 hoc
1936 1683 2047 1714 duxerit
2058 1684 2244 1724 deputandos,
2259 1686 2355 1717 affifias

1294 1727 1427 1750 terrarum
1435 1742 1444 1758 ,
1460 1730 1523 1759 quae
1535 1722 1635 1759 nobis,
1652 1723 1760 1752 ratione
1772 1721 1881 1752 Pacum
1893 1722 2091 1762 praedictarum
2099 1745 2109 1760 ,
2120 1722 2229 1753 affideri
2238 1724 2353 1756 debent:

1293 1766 1408 1788 necnon
1430 1759 1677 1796 complementum
1699 1761 1733 1791 &
1750 1760 1957 1798 perfefflonem
1980 1760 2087 1791 Pacum
2105 1761 2292 1802 earumdem3
2318 1765 2353 1794 &

1294 1797 1390 1826 omnia
1412 1797 1445 1827 ὃς
1466 1797 1569 1836 singula
1583 1820 1593 1835 ,
1616 1807 1681 1837 quae
1700 1808 1748 1836 per
1767 1798 1859 1836 ipsum
1875 1799 1987 1838 Regem
2000 1821 2009 1837 ,
2030 1800 2139 1829 ratione
2161 1799 2268 1831 Pacum
2288 1801 2356 1839 ipsa-

1293 1843 1356 1864 rum
1372 1856 1382 1873 ,
1401 1834 1526 1865 facienda
1554 1837 1588 1866 &
1613 1836 1785 1874 complenda
1804 1837 1906 1868 restant
1921 1860 1931 1876 ,
1951 1837 1985 1867 &
2006 1846 2071 1875 quae
2091 1836 2125 1866 ad
2152 1847 2205 1867 nos
2217 1861 2227 1876 ,
2252 1840 2355 1870 virtute

1293 1871 1402 1903 Pacum
1425 1873 1585 1904 earumdem
1601 1895 1611 1912 ,
1641 1874 1745 1906 debent
1763 1899 1774 1913 ,
1801 1875 1848 1907 vel
1878 1883 2012 1916 poterunt
2032 1875 2250 1915 quomodolibet
2271 1879 2358 1916 perti-

1294 1920 1377 1941 nere:

1329 1949 1367 1980 Et
1389 1951 1472 1981 etiam
1495 1950 1657 1991 complendi
1677 1952 1710 1982 &
1724 1951 1886 1991 perficiendi
1897 1961 1949 1992 pro
1963 1951 2045 1983 nobis
2063 1951 2097 1982 δε
2112 1953 2229 1984 nomine
2239 1954 2355 1994 nostro,

1294 1996 1434 2026 quantum
1448 1989 1482 2019 ad
1495 1999 1547 2020 nos
1560 1991 1675 2028 attinet,
1693 2000 1774 2028 paces
1787 1990 1950 2028 praedictas,
1968 2000 2082 2021 necnon
2096 1993 2193 2022 omnia
2207 1992 2241 2022 &
2254 1993 2357 2033 singula

1294 2027 1417 2057 faciendi
1435 2028 1469 2058 &
1491 2028 1655 2066 complendi
1670 2051 1679 2067 ,
1718 2038 1761 2058 uae
1777 2051 1787 2067 ,
1804 2030 1914 2059 ratione
1936 2030 2047 2060 Pacum
2062 2029 2200 2067 ipsarum,
2221 2040 2270 2067 per
2287 2042 2358 2071 nos,

1294 2065 1419 2095 facienda
1435 2066 1469 2096 &
1483 2066 1655 2104 complenda
1668 2077 1698 2097 re
1724 2075 1788 2105 ant,
1806 2069 1840 2099 &
1855 2077 1920 2107 quae
1932 2068 1966 2098 ad
1978 2067 2068 2106 ipsum
2087 2067 2200 2107 Regem
2213 2068 2339 2101 Franciae
2350 2093 2362 2110 ,

1295 2105 1400 2134 ratione
1413 2103 1520 2135 Pacum
1536 2105 1717 2143 earumdem,
1737 2106 1875 2143 pertinere
1890 2106 2014 2144 debent,

1327 2141 1466 2211 sPlenam,
1482 2150 1581 2174 tenore
1596 2143 1791 2182 praesentium,
1809 2145 2011 2183 concedimus,
2030 2143 2063 2175 &
2078 2145 2287 2176 committimus
2303 2155 2356 2186 po-

1298 2189 1325 2211 te
1352 2190 1441 2211 atem:

1334 2219 1372 2249 Et
1391 2219 1456 2249 ideo
1477 2220 1559 2250 vobis
1580 2219 1743 2251 mandamus
1759 2220 1839 2259 quod
1855 2243 1865 2258 ,
1879 2219 1914 2251 ad
1930 2218 2070 2259 praemissa
2088 2219 2214 2252 facienda
2225 2222 2260 2254 &
2274 2233 2357 2254 com-

1297 2258 1413 2297 plenda,
1432 2258 1580 2289 intendatis
1593 2259 1623 2288 in
1638 2259 1728 2289 forma
1743 2258 1885 2299 praeditsta.

1336 2296 1405 2326 Nos
1424 2297 1502 2326 enim
1523 2304 1613 2327 ratum
1632 2298 1724 2335 imper
1745 2300 1844 2327 etut'im
1859 2297 2027 2327 habebimus
2039 2305 2123 2336 atque
2135 2305 2263 2336 gratum,
2299 2301 2361 2332 uic-

1295 2333 1363 2378 quid
1384 2344 1518 2403 perffOS³
1535 2343 1581 2366 aut
1599 2334 1670 2366 duos
1683 2307 1826 2373 veffirfim,
1844 2337 1952 2366 caeteris
1965 2335 2138 2374 absentibus,
2153 2335 2261 2367 factum
2288 2340 2361 2370 uerit

1296 2382 1327 2402 in
1362 2382 1441 2402 raemi
1465 2383 1502 2403 is:

1367 2419 1442 2442 antes
1455 2433 1465 2448 ,
1483 2419 1581 2442 tenore
1601 2411 1777 2452 praesentium
1789 2434 1799 2450 ,
1815 2412 1845 2441 in
1860 2411 1996 2443 mandatis
2014 2411 2150 2443 omnibus
2162 2413 2262 2444 nostris
2271 2414 2362 2453 Justi-

1296 2450 1403 2488 ciariis,
1419 2448 1586 2488 Officiariis,
1605 2450 1730 2481 Subditis
1741 2451 1775 2481 &
1791 2449 1930 2488 Vasiallis,
1943 2459 1974 2481 ut
1988 2450 2018 2479 in
2031 2450 2194 2490 praemissis,
2213 2452 2247 2483 &
2260 2461 2362 2484 eatan-

1297 2489 1441 2527 gentibus,
1461 2489 1541 2518 vobis
1556 2488 1590 2519 δε
1605 2488 1716 2519 duobus
1730 2487 1855 2519 vestrum
1865 2511 1874 2527 ,
1894 2489 1942 2527 qui
1961 2488 2105 2528 praesentes
2120 2489 2223 2520 fueritis
2235 2513 2246 2529 ,
2261 2492 2362 2530 quibus

1296 2528 1326 2556 in
1340 2527 1393 2556 hac
1409 2535 1488 2565 parte
1500 2528 1577 2557 vices
1590 2527 1695 2558 nostras
1706 2528 1928 2564 committimus,
1943 2528 1981 2557 ita
1996 2526 2073 2564 quod
2087 2537 2147 2558 non
2161 2528 2193 2559 sit
2200 2528 2362 2562 melioroc-

1297 2565 1461 2604 cupantium
1475 2565 1621 2605 conditio,
1635 2567 1705 2597 sicut
1719 2565 1818 2604 nobis,
1838 2574 1949 2604 pareant
1966 2566 2000 2597 &
2013 2566 2166 2597 intendant.

1337 2641 1371 2674 In
1384 2642 1479 2682 cujus,
1496 2643 1556 2674 ὅσα.

1338 2719 1408 2752 Dat.
1423 2728 1454 2752 ut
1468 2720 1554 2762 supra.

1320 2848 1378 2884 Ad
1395 2854 1504 2900 Regem
1521 2855 1653 2886 Franciae
1669 2851 1705 2886 de
1720 2852 1866 2900 processit,
1882 2853 1974 2901 sicper
1996 2854 2146 2902 ufhrpatis
2165 2853 2235 2889 hinc
2251 2855 2320 2890 inde
2331 2882 2343 2900 ,
2357 2898 2365 2903 ν

1496 2902 1588 2948 usque
1603 2901 1647 2935 ad
1661 2912 1802 2935 mutuam
1823 2902 1860 2936 V
1857 2903 1971 2946 {fionem
1986 2902 2162 2948 differendo,

1300 2985 1356 3046 E
1366 2985 1596 3018 Xcellentiffimo
1617 2987 1743 3025 Principi
1756 3010 1766 3026 ,
1785 2986 1919 3018 Domino
1932 2988 1966 3019 &
1985 2987 2063 3019 Patri
2074 2988 2217 3020 karissimo
2227 3012 2238 3028 ,
2256 2988 2367 3021 Domi-
2382 2990 2460 3022 Ann.
2473 2990 2517 3023 D.

1377 3036 1418 3056 no
1438 3025 1572 3065 Philippo
1587 3048 1596 3063 ,
1615 3025 1674 3056 Dei
1694 3026 1780 3065 gratia
1792 3048 1803 3063 ,
1821 3025 1898 3065 Regi
1919 3026 2045 3057 Franciae
2064 3027 2179 3068 illustri,
2193 3026 2366 3068 Edwardus,
2411 3036 2496 3071 1310.

1299 3065 1401 3095 eadem
1420 3063 1506 3104 gratia
1520 3086 1530 3101 ,
1547 3064 1608 3094 &c-
1626 3064 1740 3095 salutem
1762 3066 1791 3094 in
1811 3073 1847 3094 eo
1859 3088 1868 3102 ,
1888 3074 1937 3103 per
1955 3074 2042 3105 quem
2061 3064 2156 3105 Reges
2177 3076 2311 3107 regnant,
2328 3068 2363 3098 &
2380 3072 2434 3096 An.
2451 3075 2482 3107 4.

1301 3102 1445 3141 Principes
1463 3103 1644 3133 dominantur
1656 3125 1666 3141 ,
1682 3112 1752 3134 cum
1773 3103 1887 3134 honoris
1907 3104 1941 3135 &
1953 3103 2137 3142 prosperitatis
2149 3107 2254 3138 votivae
2272 3106 2366 3136 conti·
2383 3111 2414 3134 Ε.
2434 3117 2461 3135 2.

1302 3151 1363 3172 nuo
1375 3143 1562 3172 incremento.
2340 3162 2350 3173 x
2383 3146 2449 3182 Vasc.
2463 3149 2511 3182 4.‘.

1340 3180 1458 3212 Litteras
1479 3179 1640 3210 venerabilis
1659 3178 1748 3222 Patris
1763 3202 1773 3217 ,
1785 3175 1922 3218 johannis
1936 3178 2146 3226 Norwycensis
2160 3181 2308 3222 Episcopi:
2328 3182 2362 3213 &
2381 3188 2412 3211 Ε.
2429 3193 2457 3211 2.

1301 3219 1399 3250 dilecti
1417 3218 1623 3256 Consanguinei
1643 3218 1677 3249 &
1697 3218 1783 3248 tidelis
1805 3217 1894 3248 nostri
1894 3218 2062 3287 &Johanms
2080 3220 2116 3250 de
2131 3220 2284 3257 Britannia,
2302 3219 2366 3251 Co-
2381 3231 2418 3251 m.
2436 3220 2481 3259 18.¹

1301 3259 1375 3288 mitis
1395 3257 1632 3294 ffichemundiae,
1650 3264 1875 3294 caeterorumque
1931 3259 2081 3288 unciorum
2094 3259 2258 3289 nostrorum
2273 3260 2365 3297 (quos

1301 3296 1336 3327 ad
1348 3295 1447 3327 vestrae
1462 3295 1561 3334 Regiae
1574 3293 1753 3325 Celsitudinis
1766 3296 1938 3334 praesentiam
1947 3319 1957 3334 ,
1974 3297 2009 3327 &
2021 3296 2122 3326 exinde
2134 3295 2168 3327 ad
2177 3296 2288 3327 dictum
2296 3297 2365 3328 Du-

1301 3343 1397 3365 catum
1412 3333 1541 3364 nostrum
1558 3333 1733 3374 Aquitaniae,
1751 3343 1805 3372 pro
1825 3334 1906 3364 variis
1920 3335 1954 3365 ὅ(
1968 3334 2056 3364 arduis
2071 3335 2188 3373 negotiis
2201 3334 2302 3366 nostris
2315 3345 2365 3366 ex-

1300 3372 1442 3412 pediendis
1461 3372 1566 3402 ibidem
1580 3394 1590 3410 ,
1614 3381 1703 3411 nuper
1723 3371 1946 3409 destinavimus)
1974 3372 2129 3409 recepimus
2142 3394 2153 3411 ,
2175 3374 2247 3404 inter
2265 3382 2367 3406 caetera

1305 3419 1478 3442 continentes

1341 3450 1433 3489 Qod
1455 3433 1556 3479 eisdem
1571 3448 1757 3479 amicabiliter
1770 3446 1963 3485 respondistiS‚
1983 3448 2016 3478 ὃ(
2031 3448 2171 3488 benigne,
2194 3459 2246 3482 vos
2260 3458 2370 3489 paratos

1301 3489 1416 3519 existere
1434 3497 1466 3517 ea
1480 3509 1489 3525 ,
1509 3497 1574 3526 quae
1592 3496 1710 3525 tangunt
1729 3488 1973 3524 complementum
1988 3485 2095 3517 Pacum
2111 3511 2121 3526 ,
2138 3488 2273 3519 fadiarum
2293 3490 2366 3521 inter

1301 3537 1353 3557 vos
1372 3528 1404 3557 ὅ(
1425 3524 1619 3556 Anteceffores
1640 3525 1747 3555 vestros
1768 3534 1801 3554 ex
1817 3523 1871 3555 una
1893 3533 1971 3561 parte
1983 3547 1992 3563 ,
2012 3526 2046 3556 &
2058 3535 2110 3556 nos
2123 3526 2157 3556 &
2171 3527 2370 3559 Anteeeffores

1301 3565 1411 3596 nostros
1431 3573 1464 3593 ex
1481 3564 1567 3594 altera
1581 3586 1591 3601 ,
1613 3572 1746 3602 quatenus
1760 3561 1794 3592 ad
1808 3572 1860 3592 vos
1871 3563 1970 3594 attinet
1983 3585 1993 3601 ,
2011 3564 2103 3594 facere
2121 3564 2220 3604 perfici
2235 3567 2269 3597 ὃς
2283 3575 2369 3598 com·

1302 3604 1370 3641 pleri
1386 3615 1395 3640 ·‚
1414 3601 1546 3640 quodque
1566 3601 1667 3632 vestrae
1689 3601 1857 3632 intentionis
1878 3610 1939 3631 non
1960 3601 2070 3640 existit,
2087 3610 2118 3632 ut
2132 3602 2168 3633 de
2183 3604 2368 3644 usurpationi—

1303 3643 1354 3672 bus
1375 3643 1407 3672 &
1428 3640 1476 3677 sup
1497 3640 1551 3670 risis
1566 3663 1575 3678 ,
1593 3648 1658 3670 ante
1679 3648 1810 3677 guerram
1823 3662 1833 3677 ,
1851 3639 1922 3668 inter
1936 3649 2003 3678 vos,
2021 3640 2073 3678 &,
2090 3640 2172 3671 clarae
2191 3644 2341 3673 memoriae
2357 3666 2368 3682 ‚

1301 3680 1465 3710 Dominum
1478 3649 1516 3708 ΞΖ.
1529 3678 1701 3708 Genitorem
1717 3677 1844 3708 nostrum
1859 3677 1967 3708 dudum
1981 3687 2108 3717 motam,
2127 3678 2226 3711 habitis
2237 3681 2305 3711 hinc
2321 3683 2366 3712 in-

1301 3718 1338 3749 de
1359 3719 1392 3749 &
1412 3717 1490 3747 factis
1501 3738 1512 3755 ,
1530 3726 1578 3754 per
1600 3716 1773 3753 deputandos
1793 3726 1810 3745 a
1829 3716 1912 3745 vobis
1925 3738 1935 3754 ,
1952 3717 1986 3748 &
2005 3726 2055 3756 per
2068 3716 2193 3757 nostros,
2211 3719 2246 3748 ad
2266 3719 2285 3739 ³*
2301 3719 2360 3751 hoc
2377 3730 2393 3747 α
2410 3731 2455 3759 111

1300 3766 1350 3796 per
1366 3765 1416 3786 nos
1428 3754 1619 3795 deputandos,
1637 3754 1762 3792 insimu13
1779 3753 1818 3784 set
1831 3753 1976 3785 dumtaxat
1986 3764 2034 3794 per
2053 3753 2160 3786 vestros
2170 3779 2179 3794 ,
2197 3758 2305 3788 ratione
2317 3758 2361 3789 su·
2379 3769 2445 3805 233·
2459 3749 2468 3760 ⁸

1302 3795 1416 3833 perioris
1431 3793 1516 3824 vestri
1532 3792 1684 3831 Dominii,
1698 3791 1873 3833 procedatur.
2441 3802 2446 3806 ·

1345 3832 1399 3870 Et,
1417 3833 1484 3864 licet
1497 3831 1660 3861 intentionis
1673 3830 1778 3861 nostrae
1796 3831 1915 3861 exnterit
1928 3831 1961 3862 &
1977 3830 2073 3862 existat
2083 3854 2094 3870 ,
2112 3832 2190 3871 quod
2206 3832 2367 3873 hujusmodi

1308 3872 1432 3911 usurpata
1444 3870 1512 3899 hinc
1526 3869 1592 3899 inde
1605 3870 1639 3899 δε
1650 3868 1778 3908 surprisa,
1793 3870 1854 3898 tam
1867 3878 1917 3908 per
1933 3869 2041 3899 vestros
2052 3892 2062 3908 ,
2078 3872 2165 3910 quam
2198 3881 2228 3904 er
2240 3873 2369 3912 nostros,

1307 3910 1342 3941 ad
1358 3910 1414 3939 hoc
1428 3908 1619 3946 deputandos,
1635 3908 1808 3946 corrigantur
1821 3907 1855 3937 δε
1876 3906 2083 3946 reformentur,
2100 3910 2148 3939 nic
2190 3912 2304 3942 ominus
2317 3919 2370 3943 vo-

1308 3948 1400 3978 lumus
1415 3948 1448 3978 &
1470 3946 1640 3976 intendimus
1652 3967 1663 3984 ,
1677 3945 1756 3983 super
1769 3943 1869 3975 vestrae
1883 3946 1916 3976 &
1932 3945 2036 3976 nostrae
2052 3948 2215 3979 intentionis
2227 3949 2369 3980 diversita-

1307 3995 1352 4025 te,
1370 3995 1418 4025 per
1438 3984 1546 4017 nobiles
1564 3982 1665 4023 Viros,
1682 3982 1845 4053 [λοεὲὶηὶκ
1856 3984 1890 4016 ὃς
1901 3983 2103 4018 Pembrochiae
2115 3984 2262 4028 Comites,
2280 3987 2371 4018 Otto-

1802 4030 1822 4052 2
2301 4032 2369 4057 nat
