2570 4261
718 212 829 254 ET
912 210 1179 256 ACTA
1261 201 1743 251 PUBLICA.

2243 224 2321 264 151

33 292 109 331 ¹Arm.
122 295 164 328 D.
177 298 338 330 Walterum
353 297 463 329 Cumin
477 296 512 328 de
534 297 698 336 Meneteth,
715 297 905 329 Willielmum
921 299 1067 331 Comitem
1081 299 1117 329 de
1132 298 1236 333 Maro,
1273 293 1375 331 g10ssea
1395 293 1528 324 hostiliter
1543 295 1641 325 invafit
1688 294 1892 327 ‘cohercionem
1907 295 1984 337 super
2003 294 2062 327 hoc
2076 295 2271 326 invocavimu's
2284 306 2334 327 ve-
2345 287 2422 320 ΑΠΠ-
2435 290 2478 324 Πέ

52 344 136 375 1244.

30 380 92 405 Han.
110 385 134 412 3.

28 715 163 752 ⁸1.429.

25 2330 101 2365 Ann.
116 2332 156 2366 D.

24 2381 140 2439 Ala-243.

25 2470 115 2523 Clau).

27 2526 70 2553 28.
84 2531 116 2552 H.
134 2535 159 2562 3.

25 2573 61 2591 m.
77 2573 103 2599 7.
117 2565 144 2593 d.

131 1646 143 1690 ι.
182 1656 264 1688 frater
279 1659 312 1688 ὃς
326 1656 412 1688 fidelis
426 1656 520 1687 noster
534 1656 672 1687 Ricardus

145 3256 151 3262 ·
171 3225 221 3288 F

145 3588 255 3644 ,RE

182 337 369 369 Alexandrum
383 336 530 366 Comitem
544 337 579 367 de
601 337 714 367 Buchan
726 360 734 373 ,
764 336 860 367 David
876 337 910 367 de
926 338 1026 368 Hastin
1048 339 1071 368 ia
1090 336 1239 367 Comitem

181 376 283 407 Athorl
297 399 306 414 ,
333 374 493 404 Robertum
514 375 550 404 de
569 374 667 419 Bruis,
694 375 817 405 Alanum
839 375 1011 415 Ostiarium,
1028 347 1188 407 {lenticum
1206 374 1239 404 de

183 414 306 452 Bailloil,
323 412 471 451 Rogemm
486 412 521 442 de
534 412 679 450 Mumbri,
697 412 879 443 Laurentium
893 414 928 444 de
937 415 1099 451 Abrinthia,
1120 413 1238 444 Richar-

180 453 251 483 dum
263 452 389 489 Cumin,
407 450 502 480 David
516 451 550 480 de
560 451 702 489 Lindeiie,
722 451 897 482 Richardum
905 453 1028 490 Siwaid,
1047 453 1236 483 Willielmum

182 491 217 521 de
231 489 374 525 Lindesia,
394 489 554 519 Walterum
569 490 605 519 de
618 489 767 528 Moravia,
785 490 974 521 Willielmum
990 491 1121 529 Giffard,
1139 491 1236 521 Nico-

181 530 255 559 laum
269 528 304 558 de
319 527 413 568 Sully,
427 527 618 557 Willielmum
638 528 673 557 de
688 527 781 558 Veteri
804 527 910 566 Ponte,
927 530 1118 560 Willielmum
1132 530 1167 560 de
1184 530 1237 560 Be-

181 568 258 603 vire,
277 565 431 596 Aleumum
445 566 481 595 de
496 564 609 604 Mesue,
625 565 719 596 David
735 567 771 596 de
791 567 919 597 Graliam
934 592 944 606 ,
967 569 1000 599 &
1014 569 1186 607 Stephanum
1203 569 1238 598 de

180 604 363 643 Smingharn,
380 604 475 643 quod,
491 603 510 633 fi
522 613 574 633 nos
589 628 598 641 ,
623 604 668 634 vel
690 604 812 635 haeredes
832 605 919 635 nostri
935 629 944 644 ,
967 616 1065 637 contra
1080 606 1238 637 conceffio-

186 652 254 673 nem
267 644 300 674 &
315 641 529 682 promissionem
548 641 728 680 praedictam,
746 643 822 681 quod
836 645 916 682 abiit,
933 647 1103 684 venerimus,
1122 646 1186 684 ipsi,
1205 646 1238 675 &

181 680 304 712 haeredes
316 689 433 718 eorum,
451 680 549 718 nobis,
568 681 600 711 ὃς
616 681 770 711 haetedibus
784 682 898 721 nostris,
913 684 1038 722 nullum,
1054 693 1151 714 contra
1166 694 1238 713 con·

182 719 336 751 cessionem
354 719 387 750 &
402 717 617 757 promislionem
632 720 797 758 praedietam
811 743 820 758 ,
847 721 865 741 ἶ*
879 722 1009 752 auxilium
1025 723 1067 752 vel
1087 720 1236 753 consilium

181 760 220 790 im
241 758 360 796 endent,
374 765 423 787 aut
436 757 471 787 ab
485 757 540 786 aliis
553 767 604 794 pro
619 757 698 797 posse
712 758 760 788 suo
775 759 901 799 impendi
916 762 1086 800 permittent.

233 807 282 827 mo
295 797 371 827 bona
387 795 442 826 fide
456 794 620 826 laborabunt
641 805 705 835 erga
724 806 775 826 nos
793 798 825 828 ὃς
844 798 966 829 haeredes
983 799 1092 830 nostros
1107 820 1116 834 ,
1136 798 1184 836 ipsi
1202 797 1236 828 δε

177 835 301 866 haeredes
315 843 415 866 eorum
429 857 438 872 ‚
463 834 539 871 quod
559 836 655 864 omnia
674 834 805 871 praedic'ta
825 848 840 867 a
858 837 939 867 nobis
956 838 989 868 &
1002 836 1158 867 haeredibus
1170 845 1236 864 nos-

179 875 245 912 tris,
263 883 377 918 necnon
392 873 427 902 ab
439 872 497 912 ipsis
510 872 543 902 &
556 883 655 904 eorum
670 873 824 905 haeredibus
839 875 953 906 firmiter
967 877 1001 907 δε
1015 875 1130 906 fideliter
1142 874 1236 903 obser-

179 921 280 944 ventur
295 922 324 942 in
340 918 512 951 perpetuum.

217 950 250 981 In
266 950 345 988 cujus
358 951 395 979 rei
409 948 622 987 testimonium,
641 957 697 979 tam
713 960 778 987 nos,
794 960 879 988 quarn
894 950 1019 987 praedicti
1032 948 1158 988 Praelati,
1174 948 1237 979 Co-

178 990 259 1020 mites
273 989 306 1019 &
319 988 439 1024 Barones
452 987 555 1024 nostri,
572 988 689 1026 praesens
705 989 837 1027 scriptum
852 988 1002 1029 sigillorum
1013 987 1175 1018 nostrorum
1189 997 1238 1025 ap-

176 1028 314 1067 positione
330 1027 530 1056 roboravimus.

217 1065 351 1096 Testibus
362 1063 499 1102 Praelatis,
518 1063 696 1104 comitibus,
713 1066 747 1097 ὃ(
762 1065 915 1096 Baronibus
933 1065 1053 1105 superius
1069 1064 1238 1103 nominatis,

176 1113 253 1135 anno
266 1103 362 1144 Regni
375 1102 484 1143 nostri,
499 1104 559 1134 &c.

215 1179 272 1220 Ista
284 1179 364 1220 figna
381 1191 398 1208 a
413 1188 444 1218 po
455 1187 496 1209 ita
511 1179 630 1220 fuerunt
651 1183 846 1218 incontinenti,
860 1178 963 1218 stilicet
977 1181 1053 1215 Regis
1072 1181 1164 1208 Scotiae
1188 1182 1237 1208 A-

179 1214 321 1256 texandri,
341 1221 390 1248 Wi
403 1217 436 1248 li'e
447 1223 483 1248 mi
505 1221 536 1248 de
552 1221 670 1255 Bevire,
690 1219 732 1247 W
731 1216 831 1247 illielmi
843 1219 875 1247 de
890 1220 979 1248 Veteri
993 1219 1098 1255 Ponte,
1118 1216 1239 1246 Williel-

180 1260 217 1286 mi
230 1257 262 1286 de
275 1257 419 1297 Lindefia,
438 1257 565 1296 Stephani
582 1257 614 1285 de
627 1255 788 1292 Sminghamr

219 1293 348 1324 Aliorum
359 1294 449 1335 figilla
471 1307 489 1324 a
501 1294 585 1335 postta
595 1293 714 1333 fuerunt
730 1293 826 1332 postea.
873 1294 914 1322 Et
934 1292 1015 1332 ipstml
1027 1292 1158 1331 striptum
1174 1296 1240 1330 Regi

184 1333 335 1370 Anglorum
348 1303 539 1373 tranfiniffissn,
559 1336 597 1361 acl
608 1331 702 1361 natale
723 1332 833 1361 Domini
846 1335 968 1370 proximo
974 1332 1105 1372 sequens,
1115 1340 1164 1370 per
1181 1334 1241 1362 Do-

181 1375 281 1402 minum
295 1375 415 1401 Priorem
428 1372 460 1401 de
474 1371 630 1400 Thinemua.

210 1498 259 1529 De
271 1491 455 1541 passionibus
470 1497 546 1527 inter
566 1496 673 1541 Regem
694 1498 730 1534 ὠ·
750 1497 848 1528 Scotiae
865 1496 975 1541 Regem
994 1492 1214 1538 confirmandis.

250 1578 316 1610 EX
334 1580 484 1618 omnibus,
501 1580 562 1612 &c.
577 1579 697 1611 salutem.

286 1618 412 1649 Noverit
427 1619 581 1649 univeriitas
595 1619 682 1649 vestra
714 1617 772 1649 uod
794 1619 1015 1657 sacramentum,
1033 1618 1110 1656 quod
1125 1618 1242 1649 dilectus

714 1667 792 1688 omes
807 1656 941 1687 Pictaviae
957 1657 989 1687 δε
1004 1656 1161 1687 Cornubiae
1173 1659 1241 1688 fecit

182 1696 255 1736 apud
270 1695 395 1726 Novum
409 1694 541 1726 Castrum
556 1695 633 1734 super
648 1696 762 1735 Tynam
780 1719 788 1731 ,
813 1705 866 1734 pro
886 1695 1079 1733 pactionibus,
1098 1695 1169 1726 inter
1189 1706 1241 1726 nos

111 1723 116 1728 ⁵
136 1761 143 1767 .
183 1735 217 1765 &
231 1732 343 1773 Regem
357 1734 463 1764 Scotiae
475 1734 569 1773 factis,
587 1734 694 1765 ibidem
708 1733 924 1773 confirmandis,
939 1733 1014 1764 idem
1026 1734 1094 1764 fecit
1107 1744 1155 1773 per
1169 1744 1242 1775 prae-

182 1780 296 1843 ce{ittae}³
305 1771 619 1850 giptrffirtgir'praecepimus
628 1811 705 1850 quod
716 1810 827 1842 dietum
841 1810 1043 1842 sacramentum
1053 1810 1134 1842 suum
1148 1811 1244 1843 invio-

178 1847 295 1881 labiliter
307 1849 443 1880 observet.

214 1887 249 1918 In
265 1889 360 1927 cuiuS,
374 1888 434 1920 &c.

177 1962 301 2042 gu'sIk'este
314 1964 397 2005 Rege
411 1963 483 2004 apud
504 1962 631 1997 Novum
652 1963 785 1996 Castrum
805 1963 885 2004 super
898 1963 1015 2004 Tyriam
1029 1987 1040 2003 ,
1067 1974 1100 2006 13
1117 1963 1162 1995 die
1178 1963 1240 1996 Au-

240 2014 258 2033 1.

175 2116 193 2147 b
214 2081 258 2146 Εἴ
271 2079 431 2110 mandatum
445 2080 482 2120 est
498 2082 614 2110 Domino
628 2082 694 2118 Regi
715 2082 806 2110 Scotiae
822 2102 831 2118 ,
853 2079 925 2120 quod
939 2078 1011 2110 illud
1020 2079 1143 2119 castrum
1163 2081 1187 2110 ei
1205 2079 1239 2111 lv?-

194 2128 235 2146 θῗὲ
252 2141 258 2147 ι

261 2243 309 2274 De
328 2241 506 2275 Alexandro
527 2245 603 2291 Rege
621 2245 720 2276 Scotiae
733 2242 768 2288 st:
785 2254 854 2276 cum
872 2246 948 2290 Rege
958 2242 1144 2290 pacificante.

175 2325 269 2387 RE
279 2325 309 2357 X
328 2326 368 2357 G.
384 2326 419 2358 de
432 2327 628 2367 Prendegrast,
647 2327 773 2359 salutem.

278 2365 360 2395 Licet
373 2365 408 2396 de
421 2366 495 2397 fideli
513 2366 624 2397 servitio
638 2366 732 2397 vestro
752 2367 826 2405 prius
843 2366 998 2404 plurimum
1015 2364 1239 2405 confideremus,

177 2412 272 2434 tamen
288 2404 353 2434 inde
367 2404 403 2434 de
417 2414 539 2444 caetero,
560 2405 579 2435 si
592 2404 651 2435 fieri
666 2404 767 2442 possit,
785 2405 843 2442 plus
856 2403 1048 2443 confidemus,
1067 2415 1102 2435 eo
1116 2405 1192 2445 quod
1206 2406 1235 2435 in

176 2443 292 2482 negotio
304 2443 401 2473 nostro
414 2443 448 2473 ad
462 2443 604 2474 servitium
614 2443 748 2473 nostrum
763 2444 798 2473 ita
815 2452 945 2482 potenter
961 2442 1136 2482 accinxistis,
1154 2446 1237 2481 parati

176 2481 209 2510 ad
226 2481 385 2511 mandatum
400 2481 527 2512 nostrum
549 2482 680 2512 inimicos
702 2481 814 2511 nostros
833 2491 945 2521 gravare
957 2504 967 2520 ,
992 2482 1025 2512 &
1042 2489 1124 2512 terras
1137 2491 1236 2512 eorum

180 2519 292 2549 viriliter
305 2519 442 2550 invadere.

216 2557 304 2596 Super
318 2567 377 2595 quo
397 2557 479 2588 vobis
499 2558 596 2589 uberes
619 2557 764 2588 referimus
785 2558 931 2596 gratiarum
946 2557 1094 2596 actiones,
1115 2567 1233 2597 pronam

180 2594 311 2625 habentes
322 2596 496 2626 voluntatem
510 2607 576 2634 vos,
592 2606 644 2634 pro
658 2604 804 2634 tempore,
818 2595 958 2635 condigne
971 2596 1120 2636 respicere,
1136 2598 1169 2627 ὃς
1181 2606 1234 2636 pro

178 2635 284 2664 meritis
298 2634 485 2674 multipliciter
498 2635 643 2664 honorare.

212 2672 288 2711 Qiia
301 2682 370 2703 vero
384 2672 555 2711 Alexander,
575 2672 638 2702 Rex
655 2673 761 2703 Scotiae
776 2671 885 2702 illustris
901 2695 910 2710 ,
927 2671 960 2702 ad
976 2671 1114 2703 honorem
1130 2673 1163 2704 &
1196 2672 1236 2703 la-

174 2711 264 2741 citum
280 2711 407 2741 nostrum
421 2733 431 2748 ,
456 2712 489 2742 &
510 2710 679 2750 Magnarum
697 2710 877 2749 nostrorum,
892 2711 920 2740 se
938 2711 1085 2742 nobiscum
1102 2713 1165 2752 paci
1186 2722 1234 2743 ca-

173 2750 229 2784 vit,
250 2750 321 2779 bene
334 2748 464 2788 potestis,
480 2749 513 2779 ad
531 2750 646 2786 praesens
681 2749 715 2779 ad
731 2750 841 2789 propria
857 2758 987 2779 remeare.

213 2787 360 2827 Rogamus
371 2795 465 2817 tamen
481 2789 610 2818 attentius
623 2773 785 2818 fidelitatem
798 2787 935 2825 vestram,
949 2796 1082 2827 quatenus
1095 2798 1147 2819 vos
1161 2798 1234 2828 prae-

171 2827 286 2864 paretis,
305 2826 338 2856 ad
353 2827 492 2857 servitium
507 2825 653 2863 nostrum,
671 2835 770 2856 contra
783 2826 907 2856 aestatem
929 2826 1070 2864 futuram,
1087 2837 1120 2857 ac
1138 2828 1233 2857 inimi-

170 2873 219 2894 cos
240 2864 350 2894 nostros
371 2865 539 2895 invadendos
555 2888 565 2902 ‚
585 2865 698 2905 quando
712 2867 745 2896 &
760 2865 808 2894 ubi
830 2865 910 2895 vobis
925 2865 994 2896 scire
1013 2865 1168 2903 faciemus,
1194 2867 1233 2896 ita

168 2902 247 2941 quod
262 2903 427 2939 multiplices
446 2903 566 2933 honores
579 2927 589 2942 ,
614 2905 648 2936 ὃς
667 2903 762 2944 dignas
781 2905 1017 2935 remunerationes
1035 2914 1051 2935 a
1065 2905 1147 2935 nobis
1166 2905 1233 2936 inde

168 2942 272 2972 merito
287 2949 427 2980 reportare
442 2942 572 2972 debeatis.

205 3017 293 3048 Teste
308 3026 338 3048 ut
353 3017 439 3056 supra.

421 3145 470 3176 De
483 3143 660 3189 proteri-lione
675 3154 730 3190 pro
746 3148 822 3192 Rege
841 3146 978 3178 Conatiae.

229 3226 312 3257 Ethel
324 3226 387 3257 Rex
402 3226 535 3258 Conatiae
550 3227 633 3259 habet
653 3229 753 3259 litteras
764 3229 801 3260 de
820 3230 1015 3269 proteffione,
1032 3229 1171 3262 duraturas
1184 3241 1230 3261 us-

231 3275 284 3303 que
300 3265 333 3296 ad
348 3267 507 3303 proximum
521 3266 674 3297 adventum
691 3267 775 3307 Regis
789 3269 819 3298 in
832 3268 977 3299 Hibernia.

206 3341 295 3372 Teste
320 3340 403 3381 Rege
427 3341 499 3379 apud
525 3341 674 3373 Gounock
699 3344 730 3373 in
753 3343 881 3384 Castris,
909 3346 1044 3377 vicesimo
1064 3347 1158 3384 primo
1182 3345 1229 3376 die

97 3371 103 3377 ⁸
130 3408 136 3414 ,
171 3379 318 3410 octobris.

301 3503 329 3529 *⁶
358 3506 405 3537 De
420 3503 544 3538 Davide
553 3503 618 3549 filio
637 3506 780 3539 Leweh'ni
794 3507 1090 3542 excommunicando.

262 3590 293 3620 X
312 3589 364 3620 W.
378 3589 476 3620 eadem
491 3590 594 3628 gratia,
612 3588 772 3627 Wigorniae
789 3590 890 3631 Episco
910 3603 930 3622 o
947 3592 1069 3624 salutem.

261 3628 340 3659 Cum
355 3627 450 3659 David
466 3627 535 3658 filius
552 3627 688 3658 Lewelini
704 3651 713 3665 ,
737 3631 878 3666 quondam
919 3631 1029 3670 rincipis
1044 3630 1228 3668 Norwalliae,

169 3666 321 3698 submiserit
334 3667 378 3705 se,
394 3668 427 3698 &
441 3676 541 3696 omnes
554 3666 620 3696 alios
628 3665 788 3704 walenses,
803 3670 852 3706 qui
865 3669 914 3699 fibi
928 3669 1115 3708 adhaererent,
1133 3670 1163 3699 &
1179 3679 1228 3699 eo-

170 3715 232 3735 rum
246 3714 328 3737 terras
348 3705 526 3741 jurisdictioni
544 3704 743 3735 venerabilium
759 3713 868 3744 patrum
888 3706 1091 3738 Cantuariensis
1109 3707 1227 3737 Archie-

171 3743 276 3782 piscopi
290 3768 299 3783 ,
324 3744 358 3775 &
375 3743 562 3782 quorumdam
579 3743 813 3786 suffraganeorum
827 3744 906 3783 ipsius
919 3762 931 3782 ·,
954 3746 997 3775 vel
1017 3747 1174 3784 aliquorum
1192 3754 1226 3775 ex

143 3813 151 3821 ,
170 3782 230 3825 ipfis
243 3784 272 3813 in
287 3783 424 3819 solidum,
443 3792 566 3820 quorum
581 3791 632 3811 nos
650 3780 699 3819 ipsi
716 3789 832 3811 examen
851 3781 950 3820 eligere
969 3784 1117 3822 vellemus,
1133 3784 1227 3822 quod,

145 3854 151 3859 ,
170 3821 189 3849 ii
204 3830 220 3850 a
234 3821 325 3851 forma
339 3822 429 3861 pacis,
451 3822 521 3850 inter
535 3829 602 3857 nos,
621 3820 653 3848 Sc

670 3820 758 3849 insitu
774 3819 868 3857 initae,
885 3820 1033 3858 aliquando
1049 3823 1177 3860 resiliret,
1195 3822 1227 3852 li-

169 3865 245 3889 ceret
259 3859 362 3889 eisdem
380 3858 599 3900 Archiepiscopo
615 3859 648 3888 &
671 3845 816 3895 lfjpiscopis
829 3880 839 3894 ,
863 3858 909 3888 vel
929 3860 1091 3897 quibusdam
1108 3870 1227 3898 eorum,

169 3905 241 3932 quos
253 3907 305 3926 nos
318 3898 351 3927 eli
387 3907 496 3935 remus,
513 3906 561 3934 per
574 3898 714 3925 lementi-as
727 3897 1026 3928 excommunicationis
1038 3899 1071 3928 &
1084 3899 1226 3929 interdidti

168 3932 258 3971 ipsum
274 3934 349 3965 Davi
378 3959 387 3973 ,
405 3936 438 3966 ὅ(
454 3936 517 3965 aiios
533 3934 693 3971 Walenses,
714 3933 763 3963 sibi
781 3933 951 3964 adhaerentes
961 3958 972 3974 ,
989 3936 1160 3975 cohercere,
1174 3936 1227 3966 do-

166 3980 221 4001 nec
235 3971 269 4001 ad
283 3973 453 4012 condignam
474 3973 685 4004 satisfactionem
705 3973 849 4010 venirent,
866 3973 899 4003 &
915 3972 993 4012 super
1008 3975 1065 4005 hoc
1081 3975 1227 4013 corporale

165 4008 332 4047 praestitisset
345 4011 559 4042 sacramentum·

202 4046 288 4086 Nos,
304 4049 367 4086 quia
380 4050 530 4088 praeditstus
551 4035 647 4080 bavid
661 4072 670 4087 ,
695 4058 763 4078 cum
777 4048 939 4088 quibusdam
954 4050 1143 4088 complicibus
1157 4052 1208 4082 suis
1217 4074 1227 4090 ,

163 4093 267 4118 terram
281 4085 408 4118 nostram
428 4089 462 4120 &
477 4087 619 4120 Baronum
637 4087 817 4126 nostrorum,
833 4088 919 4129 spreta
933 4088 1094 4122 sacramenti
1107 4090 1147 4122 sui
1161 4090 1226 4122 reli-

1280 331 1443 362 nerabilium
1460 342 1570 370 patrum
1584 332 1614 362 Β,
1665 342 1760 363 antuar
1785 333 1875 365 Eleffl
1886 358 1895 373 ,
1922 336 1956 367 &
1972 335 2005 365 P.
2023 333 2166 366 Hereford
2184 334 2335 374 Episcopi,
2367 337 2451 368 ¹244·

1278 372 1326 407 qui
1339 379 1405 400 cum
1420 372 1540 408 profecti
1554 370 1614 401 sunt
1627 370 1660 400 ad
1677 372 1783 402 curiam
1792 372 1973 412 Romanam,
1988 373 2065 404 suam
2078 373 2159 405 vobis
2168 373 2334 410 jurisdictio·
2349 373 2410 396 tien.
2425 376 2451 405 3·

1276 418 1344 438 nem
1360 409 1388 438 in
1402 408 1455 439 hac
1469 419 1547 447 parte
1560 419 1609 448 per
1623 408 1721 439 litteras
1734 410 1790 441 suas
1803 420 1940 451 patenteS,
1959 422 2025 451 quas
2038 411 2118 443 vobis
2133 412 2286 449 mittimus,
2301 411 2336 442 si-

1276 447 1335 476 rnul
1350 456 1418 515 {um
1433 448 1596 485 transcripto
1611 447 1763 478 litterarum
1777 449 1856 488 ipsius
1871 449 1968 481 David
1980 473 1990 489 ,
2015 449 2256 481 demandaverunt
2269 459 2335 480 exe-

1296 495 1348 515 uen
1368 494 1422 514 am.

1274 495 1293 523 q
1309 524 1398 564 Super
1412 533 1471 561 quo
1493 525 1686 563 paternitatem
1701 523 1822 555 vestram
1845 535 1976 565 rogamus
1989 549 1998 564 ,
2023 528 2150 564 quatinus
2164 524 2334 564 praedietum

1273 561 1385 600 David,
1404 563 1436 592 &
1453 563 1608 602 complices
1626 563 1687 592 suos
1700 585 1710 601 ,
1737 564 1770 593 &
1785 562 1905 594 fautores
1925 563 2020 594 debita
2038 565 2154 603 feriatis,
2172 565 2335 596 auctoritate

1273 601 1405 638 praedidta
1420 623 1430 638 ,
1453 601 1624 631 cohercione
1639 623 1648 639 ,
1673 609 1704 631 ut
1725 601 1803 641 super
1822 611 1859 631 eo
1874 624 1883 639 ,
1909 602 1987 640 quod
2002 611 2098 633 contra
2118 604 2240 634 formam
2294 604 2334 634 cis

1273 639 1414 708 praegigtae
1428 639 1498 669 inter
1519 648 1571 669 nos
1593 641 1627 671 ὃς
1642 638 1754 669 nostros
1773 641 1970 678 attemptavit,
1994 640 2118 671 debitam
2139 651 2199 672 non
2219 651 2235 672 e
2260 642 2334 682 ugiat

1272 687 1320 707 vm
1340 688 1350 706 i
1381 687 1435 707 am.

1307 753 1397 784 Teste
1409 752 1482 793 apud
1499 752 1668 793 Marleberg.
1684 753 1820 785 vicesimo
1834 763 1915 786 nono
1929 754 1975 785 die
1988 753 2175 787 Novembris.

1455 883 1505 922 De
1517 888 1752 934 fhmmvnitione
1771 888 1907 923 Davidis
1918 889 1981 934 filii
1996 889 2152 923 Lewelini.

1272 971 1358 1026 RE
1369 971 1400 1002 X
1413 971 1438 1010 J.
1455 971 1612 1011 Extraneo,
1627 966 1787 1012 Justiciario
1801 973 1937 1012 Cestriae,
1954 974 2074 1005 salutem.
2346 966 2423 999 Ann-
2438 968 2481 999 D·

1362 1009 1534 1040 Mandamus
1548 1012 1630 1041 vobis
1644 1011 1720 1051 q‘uod
1735 1013 1834 1043 litteras
1853 1012 1956 1042 nostras
1969 1035 1980 1050 ,
2002 1022 2068 1057 quas
2081 1012 2161 1042 vobis
2175 1013 2329 1050 mittimus,
2373 1015 2447 1046 1245
2450 1031 2458 1037 ·

1272 1049 1388 1079 directas
1402 1048 1496 1079 David
1509 1049 1568 1079 filio
1584 1049 1721 1080 Lewelini
1736 1074 1746 1089 ,
1767 1050 1911 1088 quondam
1926 1049 2063 1095 Principis
2077 1050 2246 1081 Norwalliae
2258 1073 2268 1089 ,
2293 1053 2327 1081 &
2345 1049 2396 1073 Aa.
2413 1056 2460 1081 ²9·

1271 1087 1327 1117 aliis
1341 1086 1536 1125 walensibus,
1556 1096 1605 1126 per
1618 1097 1684 1126 quas
1697 1089 1735 1117 eis
1748 1087 1844 1118 damus
1859 1089 1888 1117 in
1907 1088 2041 1118 mandatis
2055 1088 2131 1127 quod
2149 1097 2329 1127 compareant
2346 1088 2382 1127 H,
2400 1093 2425 1120 3·
2463 1125 2465 1128 .

1271 1135 1370 1156 coram
1383 1125 1482 1163 nobis,
1499 1127 1528 1155 in
1543 1127 1618 1155 curia
1631 1125 1741 1163 nostra,
1759 1126 1830 1163 apud
1850 1125 2139 1156 westmonasterium
2151 1149 2160 1165 ,
2185 1128 2214 1158 in
2234 1127 2329 1157 crasti-
2344 1122 2408 1150 lbld·
2427 1130 2464 1150 '⁷'-

1272 1174 1312 1194 no
1325 1165 1453 1194 cinerum
1465 1163 1632 1203 responsuri,
1647 1165 1680 1194 &
1692 1164 1832 1202 judicium
1844 1164 1980 1203 recepturi
1992 1163 2027 1194 de
2039 1164 2216 1202 homicidiis,
2232 1166 2330 1196 incen-
2352 1161 2392 1187 ¹⁶·
2407 1159 2434 1187 ὅ·

1272 1203 1338 1241 diis,
1352 1201 1620 1242 depraedationibus,
1636 1202 1669 1232 &
1681 1203 1738 1232 aliis
1752 1201 2005 1241 transgressionibus
2016 1224 2026 1240 ,
2052 1202 2086 1231 &
2101 1202 2245 1242 dampnis,
2264 1212 2329 1243 quae

1272 1249 1498 1280 perpetraverunt
1512 1241 1540 1270 in
1556 1240 1662 1285 Regno
1673 1240 1772 1271 nostro
1787 1249 1886 1271 contra
1921 1249 2003 1271 acem
2017 1239 2140 1270 nostram
2150 1262 2160 1278 ‚

1310 1278 1390 1316 Ipfis,
1408 1288 1457 1318 per
1469 1279 1572 1319 aliquos
1585 1289 1660 1309 vrros
1674 1279 1828 1318 religiosos,
1847 1287 1877 1308 m
1916 1279 1937 1308 is
1949 1279 2083 1308 omnibus
2102 1278 2151 1308 sub
2165 1279 2245 1308 omni
2255 1278 2330 1309 festi-

1274 1319 1387 1348 natione
1403 1318 1476 1348 mitti
1490 1318 1660 1355 procuretis3
1678 1318 1728 1356 δε,
1747 1326 1782 1347 ex
1796 1316 1990 1354 habundanti,
2014 1316 2098 1347 etiam
2113 1315 2183 1354 ipsos
2199 1326 2246 1354 per
2259 1317 2332 1356 lega-

1275 1356 1313 1385 les
1332 1356 1462 1386 homines
1479 1355 1549 1387 locis
1563 1378 1573 1395 ,
1599 1357 1699 1396 quibus
1719 1356 1840 1387 videritis
1861 1355 1992 1402 expedire
2006 1377 2019 1402 2
2045 1354 2216 1384 summoneri
2232 1355 2335 1385 faciatis

1275 1394 1353 1432 quod
1364 1403 1542 1433 compareant
1556 1404 1655 1425 coram
1667 1395 1766 1433 nobis,
1786 1395 1815 1425 in
1830 1395 1908 1425 curia
1923 1392 2020 1424 nostra
2032 1415 2042 1432 ,
2066 1392 2229 1424 memoratis
2241 1392 2287 1424 die
2300 1393 2334 1424 &

1274 1432 1360 1471 loco,
1377 1433 1456 1472 super
1469 1432 1615 1470 praemiffis
1630 1433 1675 1463 res
1688 1433 1788 1463 onsuri.

1313 1470 1351 1501 Et
1368 1481 1438 1508 vos,
1462 1470 1495 1501 ad
1508 1471 1584 1502 diem
1604 1481 1636 1511 pr
1682 1472 1770 1502 ictum
1782 1494 1792 1509 ,
1817 1471 1854 1501 de
1867 1470 2087 1501 summonitione
2108 1467 2260 1508 praedicta,
2285 1478 2333 1507 per

1276 1509 1375 1540 litteras
1389 1509 1506 1548 vestras,
1524 1510 1557 1540 &
1573 1520 1622 1548 per
1639 1510 1745 1548 aliquos
1763 1519 1797 1540 ex
1811 1510 1872 1548 ipsis
1886 1533 1895 1548 ,
1919 1518 1967 1548 per
1989 1518 2059 1548 quos
2075 1508 2148 1540 faeta
2168 1508 2266 1546 fuerit,
2282 1516 2334 1537 nos

1277 1547 1431 1579 certificare
1445 1558 1505 1579 non
1517 1550 1667 1588 omittatis,
1679 1550 1715 1580 ὃς
1729 1548 1787 1579 hoc
1800 1548 1886 1579 breve
1897 1545 1978 1578 nobis
1992 1547 2113 1577 mittatis.

1312 1624 1400 1656 Teste
1415 1624 1498 1665 Rege
1512 1624 1584 1667 apud
1597 1624 1900 1663 Westmonasterium,
1917 1623 1993 1655 seXto
2005 1622 2052 1654 die
2062 1621 2194 1662 Januarii.

1274 1742 1292 1770 S
1311 1701 1506 1770 Zoderzjnodo
1518 1701 1649 1742 scribitur
1669 1701 1797 1741 Johanni
1820 1702 1852 1732 de
1869 1699 2038 1733 Monemuth.
2053 1699 2086 1730 de
2109 1697 2283 1740 Wllenfibus
2299 1699 2334 1731 de

1293 1751 1310 1769 u
1343 1752 1391 1770 wa
1414 1752 1450 1771 ta.

1310 1816 1478 1848 Mandatum
1491 1816 1532 1848 est
1551 1818 1666 1850 cuilibet
1679 1817 1855 1849 Walenfium
1875 1815 2094 1856 subscriptorum
2115 1813 2194 1854 quod
2213 1824 2332 1854 compa-

1272 1864 1350 1886 reant
1360 1865 1457 1887 coram
1470 1856 1553 1896 Rege
1566 1880 1577 1895 ,
1603 1858 1633 1887 in
1647 1856 1733 1887 Curia
1747 1857 1836 1895 Regis
1856 1853 2064 1886 Westmonast.
2079 1855 2108 1884 in
2121 1853 2243 1884 crastino
2257 1855 2334 1897 cine-

1272 1903 1335 1924 rum
1345 1917 1354 1931 ,
1372 1894 1538 1933 responsuri,
1558 1898 1591 1925 ὅ(
1603 1895 1743 1933 judicium
1757 1895 1895 1932 recepturi
1907 1894 1943 1923 de
1954 1892 2130 1930 homicidiis,
2148 1891 2334 1931 depraedario-

1273 1932 1371 1971 nibus,
1390 1934 1423 1964 &
1437 1933 1493 2002 algis
1507 1933 1647 1977 dampnis,
1666 1944 1729 1973 quae
1744 1941 1895 1973 perpetrata
1909 1932 1970 1963 sunt
1983 1933 2011 1962 in
2023 1930 2130 1971 Regno
2142 1930 2243 1971 Regis,
2261 1939 2334 1960 con-

1271 1978 1313 2001 tra
1328 1981 1427 2009 pacem
1477 1980 1541 2011 egis.

1307 2047 1397 2079 Teste
1410 2048 1491 2088 Rege
1504 2047 1578 2087 apud
1592 2047 1879 2080 westmonasterium
1887 2070 1897 2086 ,
1914 2046 1989 2078 seXto
2002 2045 2046 2076 die
2054 2045 2188 2085 Januarii.

1393 2125 1546 2155 Baronibus
1560 2125 1592 2155 de
1605 2125 1764 2157 Norwallia
1773 2149 1784 2165 ,
1800 2128 1846 2167 qui
1854 2123 1982 2165 fecerunt
1997 2125 2062 2161 Regi
2077 2121 2209 2160 homagia.

1272 2201 1414 2233 Leweli'no
1419 2202 1483 2244 filio
1498 2202 1642 2242 Mereduc,

1274 2240 1514 2356 Lewelinficjfftatri
1532 2242 1604 2287 ejas,

1273 2281 1392 2317 Oweyno
1427 2281 1461 2310 lto
1477 2279 1606 2319 Blothm,

1272 2317 1370 2358 Egyffae
1407 2317 1441 2348 lio
1459 2317 1590 2357 Jerneth.

1820 2200 1942 2232 Maddok
1949 2199 2012 2242 filio
2027 2201 2210 2229 Wmmuwen
2219 2221 2228 2236 ‚

1819 2239 1960 2286 Lewelino
1973 2238 2036 2280 filio
2060 2236 2197 2268 Lewelini
2218 2235 2250 2266 de
2269 2236 2333 2265 Me-

1821 2278 1940 2347 Βιξξὶῖῐ,
1947 2314 2013 2355 filiis
2027 2318 2133 2355 Oweyn
2147 2313 2285 2352 Wethan,

1272 2356 1387 2402 Griffi'nq
1399 2356 1455 2396 filio
1465 2361 1573 2403 *Oweyjn
1603 2396 1607 2401 ⁵
1825 2356 1844 2375 ²*
1861 2353 2033 2423 Owenz'kfili'o
2045 2352 2148 2383 Howel
2159 2353 2192 2384 de
2205 2354 2300 2394 Kyry‚
2351 2355 2367 2374 *¹
2381 2355 2406 2383 1.
2418 2355 2485 2391 4353

1273 2394 1415 2425 Lewelmo
1421 2395 1484 2438 filio
1498 2378 1626 2434 Grffizt,
1821 2392 1950 2424 calwala
1984 2402 2003 2438 r⁴
2015 2392 2084 2422 Crek
2092 2414 2102 2431 ,

1272 2433 1404 2463 Mereduk
1424 2433 1479 2472 filio
1494 2432 1597 2464 Madok
1605 2455 1615 2471 ,
1823 2431 1950 2469 Mailgun
1956 2430 2018 2474 filio
2030 2427 2142 2470 Oweyl,

1269 2472 1387 2512 Jerneyt
1397 2472 1490 2513 fratri
1503 2473 1574 2509 ejus,
1822 2469 2021 2511 Mereonkfilio
2036 2468 2170 2506 Mailgun.

1271 2511 1394 2540 Maddok
1402 2510 1465 2552 filio
1486 2508 1610 2541 Maddok
1626 2507 1659 2538 de

1299 2548 1388 2589 find,
1679 2555 1781 2582 Brum-

1615 2623 1767 2654 Barum'bus
1777 2623 1810 2655 de
1820 2619 1970 2655 Sutwallia
1976 2644 1989 2662 ,

1268 2697 1397 2737 Mailgun
1405 2698 1468 2743 filio
1485 2699 1612 2738 Mailgun
1621 2723 1633 2739 ,
1820 2699 1883 2739 Res
1891 2698 1954 2742 filio
1968 2697 2098 2737 Griffi'm',

1269 2739 1400 2769 Alereduk
1410 2738 1473 2781 filio
1489 2743 1612 2780 Oweyn,
1819 2739 1887 2769 Filio
1905 2741 2023 2774 Murgan
2035 2740 2119 2776 Gan,

1269 2778 1402 2807 Mereduk
1413 2778 1475 2821 filio
1491 2777 1552 2818 Refi
1565 2776 1658 2817 Screk,
1821 2776 1932 2808 Hoeweil
1943 2775 2110 2807 Amereduk.

1266 2815 1343 2846 Filiis
1355 2816 1414 2856 Rel.
1435 2816 1561 2848 Wachan
1577 2839 1589 2856 ,

1310 2951 1432 2984 Littera
1451 2948 1631 2999 Justici‘ari'o
1647 2944 1799 2983 Hiberniae
1810 2975 1821 2992 ‚
1845 2946 1882 2982 de
1900 2957 2047 2994 apparatu
2064 2941 2165 2979 bellico
2185 2953 2292 2978 contra

1572 2997 1730 3031 Davidem
1745 2998 1858 3031 filium
1882 2995 2037 3030 Lewelini.

1335 3089 1400 3122 EX
1420 3089 1466 3122 M.
1486 3088 1542 3120 filio
1562 3090 1698 3128 Gerardi,
1710 3088 1869 3127 Justiciario
1883 3088 1933 3120 suo
1948 3086 2117 3126 Hiberniae,
2135 3086 2258 3118 salutem.
2352 3084 2429 3116 Ani-i.
2444 3084 2487 3123 D.

1367 3130 1413 3161 Ut
1427 3131 1462 3161 de
1477 3129 1605 3167 dampnis
1620 3139 1651 3160 ac
1668 3129 1760 3166 malis,
1778 3128 1860 3158 nobis
1874 3149 1884 3165 ,
1907 3135 1988 3157 terrae
2008 3126 2132 3164 nostrae,
2150 3126 2183 3157 ὃ(
2204 3123 2330 3168 homini·
2369 3132 2454 3163 1245.

1265 3169 1316 3199 bus
1331 3168 1430 3199 nostris
1445 3168 1526 3198 illatis
1537 3190 1546 3206 ,
1571 3177 1620 3208 per
1640 3165 1737 3197 David
1758 3166 1846 3196 filium
1864 3165 2003 3196 Lewelini
2025 3163 2329 3208 quondam'Principis
2347 3167 2400 3190 An.
2418 3173 2462 3199 29.

1263 3207 1449 3244 Norwalliae‚
1468 3217 1519 3237 vos
1537 3215 1630 3236 certos
1643 3205 1791 3236 reddamus
1804 3227 1814 3243 ,
1831 3204 2011 3244 praesentibus
2026 3202 2108 3234 vobis
2121 3203 2249 3244 duximus
2262 3208 2328 3230 inti·
2347 3206 2382 3228 H.
2403 3210 2429 3238 3.

1264 3245 1400 3276 mandum
1414 3244 1491 3286 quod
1511 3245 1639 3282 praefatus
1659 3243 1755 3274 David
1768 3267 1778 3282 ,
1803 3242 1951 3283 postquam
1970 3252 2069 3282 pacem
2083 3241 2162 3285 suam
2178 3238 2328 3285 nobiscum
2347 3238 2436 3276 Claus.

1264 3284 1383 3322 fecerat,
1402 3285 1434 3315 ὃς
1451 3283 1541 3313 foedus
1557 3283 1670 3320 inierat,
1688 3292 1757 3312 cum
1779 3282 1882 3313 ultimo
1898 3280 2016 3311 essemus
2030 3282 2059 3310 in
2074 3278 2198 3316 Waliia,
2216 3285 2275 3308 tam
2288 3276 2330 3308 sa-
2351 3287 2394 3312 29.
2410 3281 2443 3343 fg
2456 3279 2489 3344 ΞΖ

1283 3333 1295 3351 r
1330 3332 1340 3351 i
2348 3326 2385 3345 m.
2405 3325 2415 3343 ι
2441 3341 2446 3345 .
2478 3335 2486 3344 .

1264 3332 1280 3353 c
1295 3331 1501 3391 aIglgiiis)i’iiiiciis
1516 3359 1547 3389 &
1568 3369 1628 3389 non
1644 3359 1833 3397 praemunitis,
1849 3368 1898 3395 per
1912 3356 2118 3392 diffidentiam,
2135 3354 2179 3384 vel
2193 3354 2248 3398 alio
2264 3363 2330 3384 mo-

1264 3399 1302 3429 do
1314 3399 1436 3429 seditiose
1451 3398 1476 3427 se
1491 3397 1619 3427 subtraxit
1632 3408 1647 3427 a
1663 3397 1790 3427 fidelitate
1807 3396 1919 3433 nostra,
1934 3396 1990 3432 &,'
2001 3395 2097 3425 secum
2113 3392 2249 3423 affocratts
2268 3393 2331 3436 fau-

1265 3439 1370 3468 toribus
1384 3438 1416 3467 &
1436 3436 1623 3474 complicibus
1644 3436 1778 3476 nequitiae
1793 3435 1847 3465 suae
1862 3457 1872 3472 ,
1898 3442 1998 3463 terram
2018 3430 2163 3469 nostram,
2178 3431 2211 3462 &
2233 3430 2330 3474 homi-

1264 3486 1334 3506 num
1350 3475 1510 3506 nostrorum
1526 3474 1554 3504 in
1568 3473 1688 3511 Wallia,
1707 3475 1740 3504 &
1754 3475 1783 3503 in
1801 3472 1929 3502 Mai-chia
1945 3494 1954 3509 ,
1975 3469 2181 3514 depraedando,
2197 3469 2331 3513 incendio

1264 3514 1411 3550 tradendo,
1429 3514 1479 3551 &,
1498 3511 1574 3550 quod
1589 3513 1703 3551 nequius
1719 3511 1779 3550 est,
1796 3520 1867 3551 quos
1880 3510 1914 3540 de
1928 3508 2030 3539 nostris
2042 3516 2208 3545 intercipere
2223 3516 2332 3546 potuit,

1264 3551 1426 3583 occidendo
1441 3550 1543 3581 invalit.

1302 3590 1446 3621 Praediffls
1460 3589 1568 3619 malitiis
1582 3598 1641 3618 non
1654 3595 1820 3625 contentus,
1840 3588 1931 3616 immo
1945 3584 2066 3628 Barpnes
2078 3583 2335 3628 nostrospwfflliae,

1264 3629 1297 3660 &
1313 3630 1393 3668 ligios
1403 3628 1532 3658 homines
1557 3626 1666 3656 nostros
1687 3636 1786 3656 omnes
1802 3648 1811 3662 ‚
1835 3634 1907 3664 quos
1923 3631 2015 3663 potuit
2037 3622 2072 3653 ad
2088 3624 2242 3661 nequitiam
2256 3622 2334 3654 suam

1264 3668 1389 3705 allicere,
1407 3677 1422 3696 a
1437 3665 1490 3696 fide
1505 3665 1539 3696 &
1556 3664 1685 3702 servitio,
1703 3673 1817 3694 necnon
1833 3664 1866 3694 δε
1889 3661 2024 3692 homaoio
2040 3660 2140 3691 nostro
2153 3661 2220 3692 fecit
2238 3663 2333 3699 impu<

1263 3707 1359 3736 denter
1372 3702 1516 3741 recedere,
1532 3704 1565 3734 ὃς
1577 3703 1673 3733 secum
1687 3712 1746 3732 non
1762 3703 1851 3731 minus
1865 3686 1995 3731 seditiose³
2002 3709 2138 3739 guerrare.

1302 3744 1339 3775 Et
1353 3744 1415 3774 haec
1430 3743 1509 3773 vobis
1524 3741 1654 3770 duximus
1667 3739 1860 3779 significanda,
1875 3748 1905 3768 ur
1920 3748 1989 3776 VOS,
2006 3738 2041 3769 &
2055 3738 2150 3769 caeteri
2166 3736 2331 3778 Magnates,

1263 3782 1296 3813 &
1311 3782 1404 3812 fideles
1418 3781 1505 3811 nostri
1524 3778 1674 3809 Hiberniae
1691 3802 1700 3817 ,
1724 3779 1823 3817 quibus
1846 3776 1942 3807 eadem
1960 3777 2112 3816 intimetis,
2129 3776 2166 3807 de
2180 3778 2263 3809 tantis
2279 3785 2333 3815 op-

1262 3821 1381 3859 probriis
1396 3821 1429 3851 &
1443 3818 1639 3855 seditionibus,
1657 3825 1755 3847 contra
1770 3826 1822 3847 nos
1835 3816 2018 3854 attemptatis,
2036 3816 2107 3847 sicut
2127 3825 2180 3846 nos
2197 3815 2248 3853 ipsi
2270 3823 2332 3844 non

1263 3861 1393 3889 inmerito
1410 3865 1579 3893 movemur,
1599 3855 1679 3886 fimul
1692 3855 1841 3886 nobiscum
1857 3854 2039 3884 moveamini.

1298 3897 1335 3928 Et
1356 3897 1494 3935 praemiffa
1508 3918 1518 3933 ,
1545 3904 1610 3932 quae
1632 3902 1691 3924 tarn
1711 3893 1838 3924 seditiose
1861 3900 1958 3923 contra
1974 3901 2025 3922 nos
2039 3914 2050 3930 ‚
2078 3893 2108 3922 in
2124 3891 2247 3922 dedecus
2270 3901 2336 3920 nos-

1262 3944 1350 3973 trum,
1364 3942 1530 3975 perpetrata,
1548 3942 1599 3962 vos
1611 3933 1736 3962 animent
1750 3933 1782 3963 &
1796 3931 1863 3962 alios
1871 3930 1964 3962 fideles
1977 3930 2089 3962 nostros
2101 3930 2135 3961 ad
2149 3937 2255 3960 tantam
2269 3938 2336 3966 pro-

1261 3974 1402 4004 ditionem
1419 3973 1529 4003 viriliter
1544 3970 1741 4001 ulciscendam.
2313 4005 2319 4011 .

1298 4011 1352 4049 Et,
1370 4012 1433 4049 quia
1448 4010 1481 4040 ad
1498 4009 1636 4040 ultionem
1653 4009 1873 4047 praedictorum,
1888 4008 1917 4038 in
1932 4007 2026 4039 aestate
2042 4005 2152 4044 futura,
2169 4005 2226 4035 fine
2239 4004 2335 4048 ulteri-

1262 4051 1306 4080 ori
1322 4050 1471 4086 dilatione,
1491 4057 1543 4079 nos
1555 4046 1725 4078 intendimus
1737 4055 1868 4087 potenter
1884 4048 2031 4086 accingere
2050 4046 2083 4076 &
2104 4052 2256 4082 praeparare
2267 4066 2277 4080 ,
2292 4043 2336 4072 di-

1262 4088 1380 4121 leffloni
1398 4087 1496 4121 vestrae
1515 4086 1680 4119 mandamus
1691 4109 1701 4126 ,
1723 4086 1843 4118 firmiter
1861 4087 2034 4125 injungentes
2049 4084 2079 4115 in
2091 4082 2164 4120 fide,
2183 4090 2238 4120 qua
2252 4081 2334 4149 ἓξὲξ

1463 3322 1528 3351 uam
1542 3321 1661 3359 scripto,
1679 3330 1794 3351 necnon
1809 3320 1946 3359 homagio
1966 3318 2126 3355 firmatum,
