2570 4261
285 66 332 121 58

725 48 1524 109 coNvEN‘rroNES,

1591 59 1976 114 LITERAE,

137 153 211 185 Ann.
226 151 267 184 D.
316 151 384 184 Nos
397 153 433 183 ita
455 160 506 189 ue,
523 149 552 180 in
565 146 704 187 praediais
718 147 846 185 Regnis‚
864 148 898 179 &
911 147 1018 185 ubique
1031 145 1181 186 locorum,
1199 145 1287 184 Deo,
1304 147 1338 178 &
1414 143 1547 175 Demum
1560 169 1571 184 ,
1593 151 1662 178 cum
1675 157 1728 178 nos
1741 147 1860 179 effemus
1871 148 1902 178 in
1915 148 1993 179 dieta
2008 144 2098 179 Curia
2111 149 2250 189 generali,
2269 149 2304 182 &
2321 158 2381 184 tam
2392 152 2438 184 su-
2468 147 2570 184 Ann.E

160 193 240 231 1289.

135 233 202 260 ἱόν.
226 241 250 260 r.

115 1434 192 1470 Anu.
202 1438 242 1470 D.

141 1479 226 1516 1289.

115 1520 165 1545 An.
186 1518 227 1545 18.

113 1560 144 1584 Ξ.
169 1565 191 1582 ι.

113 1598 144 1622 ι.
158 1593 220 1632 af.

114 1641 128 1667 7
136 1642 146 1667 3
154 1655 159 1659 .
178 1643 204 1661 a.

112 1674 183 1699 Penes

112 1713 149 1736 Ca
154 1719 244 1738 merar.

114 1748 243 1785 'll.451.

279 192 422 223 Romame
464 188 572 219 cclesiae
585 188 774 224 devotorum,
792 195 892 223 pacem
908 187 941 216 &
957 185 1144 216 concordiam
1157 185 1336 223 affectantes,

279 232 314 262 &
333 228 506 259 intendentes
528 224 561 256 ad
582 224 611 255 id
630 223 718 254 studia
732 249 742 262 ,
768 234 831 263 quae
850 223 996 263 possumus
1033 223 1184 262 adhibere,
1201 223 1335 263 sperantes

280 276 395 307 quoque
416 265 495 304 quod
515 273 548 294 ex
570 262 727 300 hujusmodi
739 263 942 301 matrimonio,
960 263 980 293 fi
993 246 1060 300 fiet,
1078 262 1242 293 memoratis
1256 261 1335 300 Reg-

279 308 335 342 nis,
354 305 486 335 odiorum
498 303 619 333 tenebris
637 301 703 331 inde
716 301 867 342 propulsiS‚
884 301 1098 341 prosperitatum
1112 301 1332 340 quamplurium,

279 344 362 374 dante
376 343 508 372 Domino
517 364 527 379 ,
545 343 717 370 incrementa
729 341 914 378 provenient,

317 380 530 411 Considerantes
543 380 627 409 etiarn
642 377 740 416 quod,
758 378 778 408 si
792 378 960 419 praedictum
972 377 1003 408 R
1040 387 1086 408 em
1108 377 1222 408 Patrem
1235 384 1334 414 tuum,

273 420 348 458 juxta
365 418 403 448 sui
416 420 477 448 von
497 418 636 457 prtesagia,
655 418 800 457 contingat
812 417 841 446 in
854 417 955 447 Terrae
968 416 1013 447 san
1045 426 1070 445 ae
1083 415 1235 446 subsidium
1247 413 1335 452 profi-

276 456 341 487 cisci
377 456 468 493 posset
482 456 531 494 ipfi
546 456 636 495 Regi,
655 456 761 493 suoque
776 455 898 494 Regno,
916 455 950 485 &
964 456 1031 494 tibi,
1049 455 1083 485 &
1099 464 1148 492 per
1162 453 1335 490 consequens

274 505 336 563 grie
348 504 400 538 atae
414 495 516 526 Terrae
530 494 631 526 sanctae
643 495 777 534 negotio,
794 494 815 524 si
829 494 873 524 alii
888 493 1018 534 praedicta
1032 492 1190 532 Margareta
1204 491 1334 529 nuberet,

296 542 310 563 e
332 541 416 563 erire:

341 573 462 602 ensantes
475 571 584 610 insuper
599 570 678 610 quod
690 570 765 601 nulla
775 580 809 601 ex
824 568 982 609 hujusmodi
1002 576 1053 599 tuo
1069 569 1103 599 &
1117 567 1239 607 ejusdem
1254 566 1335 610 Mar-

274 618 376 649 garetae
399 611 593 641 contrahendo
614 610 797 640 matrimonio
817 609 967 648 provenire
982 607 1086 637 debere
1100 606 1224 637 scandala
1238 605 1334 637 verisi-

275 647 376 678 militer
390 648 594 686 formidantur,
1057 685 1062 689 Ι
1188 684 1193 690 .
1236 684 1243 689 1
1313 683 1318 688 ¹

311 687 375 717 Hiis
396 689 430 718 δε
450 688 506 718 aliis
528 688 616 727 dignis
631 685 897 717 considerationibus
909 683 1116 716 subsistentibus
1133 692 1246 729 excitati
1251 706 1261 722 ,
1278 691 1332 713 tuis

273 725 517 764 supplicationibus
531 734 701 763 annuentes,
718 733 816 755 tecum
831 726 864 755 &
879 734 947 754 cum
963 722 1124 762 Margaret&
1138 722 1266 761 praefata,
1285 729 1330 760 ut,

273 764 479 801 impedimento
499 764 741 803 consanguinitatis
760 763 918 802 hujusmodi
940 772 999 791 non
1021 761 1167 800 obstante,
1185 762 1331 791 matrimo-

271 803 351 831 nium
365 804 488 834 invicem
501 803 627 841 legitime
640 802 821 840 contrahere,
839 811 872 831 ac
886 803 913 830 in
929 800 1078 831 conti-aeto
1091 800 1168 830 licite
1182 808 1327 830 remanere

270 839 394 880 polinis,
412 841 576 872 audiorinue
592 840 778 879 Apostolica,
796 841 832 871 de
847 840 954 878 speciali
970 839 1057 877 gratia
1071 838 1272 877 dispensamus,
1321 876 1327 881 .

308 877 423 909 Prolem
440 904 449 917 ,
470 880 667 918 suscipiendam
682 889 715 909 ex
730 888 775 917 te,
793 890 825 909 ac
839 878 913 908 dieta
928 877 1089 918 Margareta
1124 887 1157 907 ex
1170 875 1329 920 hujusmodi

270 919 468 957 matrimonio,
484 920 642 950 nuntiantes
656 927 690 948 ex
703 928 780 949 nunc
795 918 949 956 legitimam
964 916 999 947 de
1013 901 1191 955 Apoiioiicae
1206 916 1329 955 plemtu—

270 955 335 986 dine
350 956 498 994 potestatis.

305 994 390 1026 Nulli
404 1005 488 1036 ergo,
506 996 567 1028 &c.

305 1063 374 1096 Dat.
394 1064 501 1096 Romae
515 1065 589 1103 apud
604 1065 735 1095 santiam
756 1063 880 1095 Mariam
896 1062 1038 1102 Maiorem
1058 1063 1094 1093 16
1110 1062 1250 1094 Kalendas
1263 1061 1327 1092 De-

267 1104 405 1142 cembris,
423 1103 609 1136 Pontificatus
631 1103 720 1135 nostri
734 1113 808 1134 anno
822 1102 953 1134 secundo.

691 1172 746 1204 Sub
749 1171 811 1214 filis
822 1171 912 1211 fi‘rici's
920 1171 999 1210 flavi
1012 1171 1138 1212 rubeique
1154 1170 1254 1201 coloris.

267 1297 334 1328 Rex
350 1298 509 1342 Aragoniae
523 1300 661 1342 queritur
680 1297 751 1341 Regi
770 1294 806 1328 de
821 1298 956 1341 Principe
971 1295 1159 1328 Salernitana
1170 1322 1179 1337 ,
1206 1293 1242 1327 de
1258 1304 1326 1326 ma-

438 1345 469 1376 la
478 1344 542 1389 fide
552 1345 614 1390 sim
633 1347 669 1382 ὠ·
687 1341 900 1376 conditionibus
919 1357 974 1376 non
994 1343 1152 1390 completis.

264 1427 482 1490 SErenislimo
498 1439 532 1460 ac
545 1429 697 1470 magnifico
713 1429 993 1468 Principi,tanquain
1008 1428 1083 1460 Patri
1098 1428 1147 1459 sibi
1162 1427 1322 1466 karissimo,

322 1466 464 1499 Edwardo
479 1467 537 1498 Dei
551 1468 653 1508 gratia,
672 1468 747 1507 Regi
763 1468 872 1508 Angliae
890 1468 984 1499 illustri
1000 1492 1009 1505 ,
1029 1468 1161 1498 Domino
1175 1467 1323 1497 Hiberniae

264 1515 297 1534 ac
313 1505 392 1536 Duci
406 1506 584 1545 Aquitaniae,
602 1507 751 1545 Alsonsus,
769 1517 819 1545 per
830 1507 949 1537 eandem
963 1506 1029 1536 Rex
1044 1506 1209 1546 Aragoniae,
1227 1506 1324 1545 Majo-

264 1545 384 1575 ricarum
404 1555 437 1575 ac
450 1545 605 1584 Valentice,
623 1555 656 1575 ac
670 1543 779 1575 Comes
794 1545 1004 1583 Barchinoiiiae,
1022 1545 1136 1576 salutem
1157 1546 1187 1576 in
1201 1555 1254 1584 eo,
1273 1554 1324 1584 per

265 1593 350 1622 quem
362 1583 458 1652 R?
471 1594 487 1614 r
523 1593 603 1622 nant,
621 1586 655 1616 &
670 1583 813 1622 Principes
826 1584 1016 1615 dominantur.

299 1621 399 1662 Magn‘
422 1632 487 1653 cam
531 1623 707 1653 eliitudinem
720 1624 841 1653 vestram
857 1633 916 1654 non
935 1622 1074 1653 credimus
1092 1624 1238 1662 ignorare,
1254 1632 1322 1660 qua-

265 1659 344 1699 liter,
363 1662 410 1691 vix
423 1663 488 1692 anni
502 1662 587 1702 spatio
596 1662 712 1693 evoluto
727 1662 779 1698 (ob
792 1661 876 1692 vestri
891 1663 1007 1701 gratiam
1022 1662 1054 1692 δε
1067 1661 1224 1699 honorem,
1255 1671 1322 1691 uem

265 1699 333 1730 ficut
342 1699 454 1730 Patrem
469 1700 643 1731 kariffimum
658 1700 796 1740 diligimus
812 1711 883 1741 puro
897 1699 1001 1738 corde,
1020 1709 1077 1737 prae
1089 1700 1110 1720 ²*
1124 1701 1231 1731 caeteris
1265 1701 1323 1730 rin-

263 1739 371 1776 cipibus
393 1739 472 1778 hujus
492 1739 603 1776 mundi)
618 1739 753 1769 illustrem
770 1738 909 1770 Karolum
921 1738 1126 1769 Salernitanum
1140 1738 1321 1778 Principem,

262 1777 361 1807 nostro
372 1779 477 1808 carceri
489 1779 680 1816 mancipatum
696 1778 728 1815 (li
744 1788 839 1808 carcer
853 1788 902 1816 per
915 1787 981 1808 eum
1004 1776 1060 1807 dici
1075 1786 1184 1816 poterat
1203 1778 1250 1808 vel
1269 1777 1320 1807 de-

262 1815 367 1854 bebat,
391 1817 454 1855 quia
475 1818 634 1847 inveniebat
655 1817 761 1847 ibidem
803 1818 878 1847 ratias
898 1816 1065 1854 multiplices
1087 1817 1120 1847 δε
1142 1816 1267 1854 favores,
1285 1817 1319 1847 δε

262 1863 314 1884 nos
335 1864 394 1885 non
415 1854 528 1886 hostem
550 1856 702 1893 sentiebat,
720 1856 759 1886 set
781 1856 878 1886 ocium
893 1856 984 1893 potius
998 1856 1032 1886 &
1045 1855 1183 1892 amicum)
1203 1854 1219 1884 a
1233 1865 1319 1885 manu

260 1892 354 1922 nostra
369 1892 477 1932 Regia,
494 1893 560 1932 post
579 1895 744 1932 multiplices
763 1894 914 1933 tractatuS,
931 1895 1003 1923 inter
1016 1904 1068 1924 vos
1083 1895 1115 1925 ὃ(
1127 1903 1180 1924 nos
1191 1894 1320 1937 habitos,

259 1930 349 1961 vestra
376 1931 468 1971 Regia
494 1932 680 1964 sollicitudine
709 1941 877 1971 procurante
891 1955 901 1972 ,
927 1940 1026 1962 contra
1045 1932 1221 1963 voluntatem
1244 1935 1319 1971 quali

260 1972 391 2000 oninium
413 1970 590 2001 subditorum
616 1971 782 2001 nostrorum
796 1995 806 2010 ,
832 1980 863 2002 ut
883 1970 983 2002 vestiae
1002 1971 1146 2009 possemus
1166 1970 1318 2002 satisfacere

260 2009 411 2047 voluntati,
430 2010 558 2040 duximus
572 2009 763 2040 liberandum:

294 2047 426 2077 Necnon
440 2050 645 2080 conventiones
659 2050 692 2080 &
707 2048 785 2086 padi-a
795 2071 804 2087 ,
822 2049 851 2078 in
869 2047 950 2086 ipsius
965 2047 1149 2086 liberatione,
1167 2049 1240 2079 inter
1253 2059 1316 2087 vos,

259 2085 348 2122 ipsum
364 2086 538 2125 Principem,
558 2089 591 2118 &
605 2097 658 2118 nos
673 2088 765 2118 habita
786 2088 819 2118 &
841 2087 945 2124 inhita,
962 2097 1013 2125 ac,
1032 2086 1096 2125 post
1116 2086 1197 2124 ipfius
1217 2087 1317 2117 libera-

259 2125 369 2154 tionem
382 2148 394 2162 ,
419 2135 468 2162 per
488 2126 576 2163 ipsum
598 2135 632 2155 ex
654 2125 730 2157 certa
749 2125 862 2156 scientia
877 2126 1044 2164 approbata,
1061 2135 1129 2157 cum
1142 2125 1260 2164 publico
1274 2127 1318 2156 in-

260 2160 417 2193 strumento
431 2163 547 2194 vallato:

297 2200 366 2231 Nos
385 2211 456 2233 vero
477 2201 655 2240 immediate,
673 2202 732 2240 ipso
748 2202 836 2233 taliter
848 2202 982 2242 liberato,
999 2211 1084 2241 prout
1097 2203 1169 2233 inter
1183 2213 1236 2234 nos
1249 2213 1316 2234 om-

257 2248 307 2270 nes
319 2239 479 2270 ordinatum
499 2241 587 2271 fuerat
606 2242 639 2271 &
653 2249 829 2271 conventum
838 2263 848 2279 ,
867 2242 994 2272 nobilem
1009 2242 1102 2272 virum
1115 2241 1313 2273 Guilabertum

256 2277 293 2307 de
313 2277 446 2308 Crudiliis
459 2303 468 2316 ,
493 2280 527 2310 δε
549 2279 596 2309 rel‘
620 2280 707 2309 'osum
728 2280 824 2309 virum
836 2302 845 2317 ‚
862 2279 975 2310 fratrem
991 2279 1193 2310 Galterandum
1208 2280 1244 2311 de
1258 2281 1313 2311 Ti·-

256 2325 337 2353 tnor,
355 2326 424 2346 cum
437 2317 575 2355 aliquibus
589 2289 647 2347 Εἰς
659 2316 761 2348 nostris
774 2318 938 2355 sapientibus
953 2319 985 2349 &
1001 2317 1139 2356 discretis,
1157 2318 1191 2348 ad
1206 2318 1312 2350 Sedem

256 2354 451 2391 Apostolicam
460 2380 468 2395 ,
487 2366 540 2394 pro
554 2356 684 2387 habenda
697 2366 765 2394 pace
780 2357 813 2388 &
826 2357 923 2396 treuga
938 2381 948 2394 ,
973 2358 1006 2388 &
1022 2357 1057 2387 ab
1072 2357 1171 2387 eadem
1184 2357 1246 2389 sede
1255 2359 1313 2395 jus-

255 2393 313 2424 titia
333 2394 527 2432 consequenda
539 2418 549 2433 ,
575 2394 634 2433 ipso
655 2394 787 2433 Principe
808 2395 950 2426 mediante
963 2419 972 2434 ,
990 2405 1083 2427 certos
1096 2395 1208 2426 nostros
1222 2396 1312 2428 Nun-

255 2434 317 2463 cios
332 2432 461 2463 duximus
473 2433 657 2464 destinandos.

291 2470 335 2501 Ex
354 2471 453 2509 quibus
474 2472 590 2510 quidem
613 2472 704 2502 dictus
725 2472 827 2502 nobilis
849 2471 1030 2503 Guilabertus
1045 2498 1054 2511 ,
1073 2473 1101 2502 in
1117 2473 1175 2511 ipso
1191 2472 1308 2513 itinere,

253 2519 348 2547 captus
359 2511 463 2547 extitit,
482 2511 531 2541 sub
543 2510 597 2541 fide
616 2514 648 2542 ὃς
665 2510 821 2541 Guidatico
837 2511 919 2541 dietae
933 2511 1015 2548 sedis,
1034 2513 1063 2542 in
1079 2512 1182 2550 laqueis
1197 2513 1307 2543 illustris

248 2548 340 2616 §egis
363 2548 507 2588 Frmiciae,
533 2550 565 2581 δε
586 2549 675 2581 adhuc
690 2573 700 2588 ,
725 2559 820 2591 captus
840 2550 965 2581 indebite
988 2551 1021 2581 &
1037 2560 1137 2582 contra
1149 2550 1308 2590 Justitiam,

272 2595 399 2617 ennetur.

288 2625 346 2655 Alii
364 2636 433 2655 vero
449 2626 563 2657 Nuncii
576 2626 610 2656 ad
622 2626 765 2666 praefatam
779 2627 873 2658 sedem
886 2626 1085 2665 Apostolicam
1100 2636 1289 2666 pervenerunt
1301 2653 1310 2667 ,

253 2663 447 2701 redemptione
460 2666 535 2703 prius
548 2665 669 2704 praestita
683 2675 732 2703 per
748 2666 853 2703 aliquos
867 2675 901 2696 ex
912 2666 1023 2696 eisdem.

286 2702 323 2734 Et
345 2703 451 2734 ibidem
465 2727 475 2743 ,
499 2704 621 2734 similiter
642 2714 710 2735 cum
728 2703 807 2734 dieto
828 2704 958 2741 Principe
972 2727 982 2742 ,
1006 2705 1039 2735 δε
1059 2705 1142 2734 etiam
1165 2704 1223 2735 sine
1244 2715 1280 2735 eo
1294 2730 1304 2742 ,

250 2741 377 2775 nostram
389 2742 522 2781 justitiam
543 2743 678 2773 Domino
693 2742 776 2781 Pap-³3
791 2742 976 2781 sanctissimo,
995 2743 1028 2773 &
1042 2744 1098 2781 ejus
1112 2742 1241 2774 fratribus
1257 2753 1305 2774 ex-

250 2789 386 2818 ponentes
399 2806 407 2820 ,
435 2791 533 2820 pacem
548 2807 557 2820 ,
602 2791 666 2812 uam
687 2781 793 2819 semper
808 2781 909 2811 habere
924 2791 991 2811 cum
1004 2780 1128 2811 Ecclesia
1142 2782 1302 2813 obtavimus

251 2820 285 2851 &
301 2820 448 2858 obtamus,
467 2831 536 2852 cum
549 2823 576 2850 in
604 2820 675 2850 antia
687 2819 792 2850 devote
806 2820 839 2850 &
854 2820 996 2850 humiliter
1011 2819 1198 2857 postularunt:

288 2858 364 2896 Qae
380 2859 494 2897 quidem
503 2859 606 2897 justitia
621 2860 674 2897 eis,
692 2860 785 2889 immo
798 2859 881 2889 nobis
892 2860 983 2897 potius
997 2860 1026 2889 in
1041 2858 1160 2898 eisdem,
1179 2869 1230 2898 per
1243 2858 1303 2890 Ec-

250 2896 360 2927 clesiam
372 2897 490 2928 totaliter
504 2899 591 2928 extitit
604 2897 745 2937 denegata.

287 2934 419 2973 Princeps
432 2944 541 2974 autem,
559 2937 624 2967 licet
638 2945 762 2976 treugam
777 2937 810 2968 ὅτ
825 2946 923 2974 pacem
937 2935 1053 2967 tractare
1067 2935 1155 2973 prima
1171 2935 1243 2966 facie
1259 2937 1304 2967 vi-

248 2972 358 3003 deretur
369 2997 378 3011 ,
396 2975 503 3004 suarum
525 2975 741 3012 promissionum
762 2975 863 3006 oblitus
879 3000 888 3013 ,
903 2975 983 3005 facto
996 2975 1100 3005 faciens
1113 2976 1303 3013 contrarium,

247 3014 410 3054 procuravit
424 3013 452 3042 in
465 3012 578 3052 Regem
595 3014 694 3044 Siciliae
706 3014 731 3044 se
744 3014 859 3052 inungi,
877 3015 910 3045 δε
926 3014 992 3052 alia,
1009 3023 1072 3052 quse
1084 3023 1144 3044 non
1159 3013 1303 3044 induffiva

250 3051 342 3088 pacis,
361 3053 398 3080 iet
412 3051 572 3088 impeditiva
589 3053 680 3089 potius
694 3052 866 3083 videbantur.

285 3088 390 3127 Sicque
403 3111 412 3127 ,
435 3089 552 3126 praefato
572 3091 655 3121 fratre
669 3090 840 3121 Galterando
853 3093 880 3121 in
895 3091 1035 3129 legatione
1049 3089 1198 3128 praedicta,
1218 3098 1301 3128 prout

250 3126 385 3157 Domino
398 3127 500 3166 placuit
508 3151 518 3167 ,
535 3128 642 3158 sublato
656 3128 691 3158 de
705 3129 817 3168 medio,
834 3129 919 3159 iidem
933 3129 1047 3160 Nuncii
1060 3129 1095 3159 ad
1110 3138 1175 3168 nos,
1194 3129 1303 3160 infecto

250 3167 384 3204 negotio,
402 3167 435 3196 ὃς
452 3165 509 3196 fine
521 3167 696 3203 expeditione
710 3167 819 3206 aliqua,
837 3169 987 3198 redierunt.

286 3203 420 3234 Tandem
439 3203 515 3234 idem
537 3204 670 3243 Princeps
690 3215 739 3242 per
754 3207 940 3244 venerabiles,
959 3206 1000 3236 H.
1020 3205 1045 3236 E
1066 3205 1193 3244 iscopum
1206 3205 1300 3237 Caesar

249 3242 433 3287 augustanum
449 3267 458 3280 ,
491 3244 524 3274 δε
545 3243 656 3274 fratrem
680 3244 709 3274 B.
727 3245 867 3275 Abbatem
882 3246 1020 3284 Sinaque,
1034 3255 1049 3274 a
1060 3245 1141 3282 iquos
1156 3245 1301 3283 traetatus,

247 3292 296 3320 qui
319 3291 418 3319 pacem
439 3281 562 3320 aliquam
582 3282 674 3320 sapere
690 3282 867 3322 videbantur,
886 3286 919 3315 ὃς
933 3283 1050 3322 persnas
1064 3282 1190 3320 speciales
1203 3283 1304 3314 litteras

248 3321 331 3351 nobis
345 3320 434 3358 misit,
452 3319 509 3350 hoc
522 3320 690 3359 specialiter,
709 3322 778 3351 inter
791 3322 855 3359 alia,
873 3324 1067 3359 continentes,

287 3358 395 3398 Qiod,
413 3368 481 3388 cum
494 3360 550 3396 iple
564 3359 696 3396 Princeps
713 3360 849 3396 (formam
863 3362 952 3399 pacis,
971 3367 1114 3391 content-:e
1128 3360 1156 3389 in
1170 3360 1302 3391 tractibus

248 3396 422 3431 memoratis)
444 3397 528 3428 vellet
541 3421 551 3435 ,
577 3398 596 3427 si
617 3399 699 3427 nobis
723 3399 864 3436 placeret,
883 3399 1027 3430 intendere
1041 3406 1104 3428 toto
1121 3398 1199 3435 posse
1215 3399 1302 3437 (juxta

250 3438 452 3477 conventiones
465 3437 498 3467 ὅ(
514 3436 609 3474 pacta,
627 3437 698 3466 inter
710 3446 761 3466 nos
775 3438 807 3468 δε
824 3437 911 3474 ipsum
927 3439 1017 3468 habita
1032 3437 1065 3467 &
1083 3440 1236 3473 conventa)
1253 3436 1303 3467 ad-

251 3473 396 3508 implendis
408 3475 662 3512 conventionibus,
680 3475 725 3504 vel
739 3485 768 3504 re
789 3475 870 3505 reffui
883 3476 963 3513 ipsius
977 3475 1112 3512 Principis
1125 3475 1160 3504 ad
1173 3475 1302 3505 nostrum

252 3519 392 3554 carcerem
416 3512 484 3543 esset
504 3521 595 3543 certus
616 3514 750 3543 terminus
769 3483 947 3553 {eiignatus3
974 3515 1008 3546 &
1028 3512 1064 3544 de
1084 3513 1164 3543 dieto
1178 3514 1301 3544 termino

253 3548 399 3579 modicum
412 3559 581 3581 remaneret:

291 3584 356 3629 Nos
369 3590 491 3628 rogavit,
509 3599 577 3620 cum
591 3588 734 3627 instanti-i,
753 3591 780 3619 in
797 3590 914 3627 praefatis
929 3590 1028 3628 literis,
1047 3591 1081 3622 δε
1102 3599 1153 3627 per
1167 3589 1303 3620 Nuncios

253 3621 434 3667 supradictos,
452 3636 483 3657 ut
498 3628 583 3666 usque
595 3627 629 3658 ad
644 3627 763 3658 Kalend.
784 3628 875 3658 Madii
889 3652 897 3665 ‚
922 3631 1056 3666 proximo
1072 3629 1233 3665 venientes,
1250 3627 1301 3657 de-

251 3659 440 3729 ξεῐτςηέμέὶίὼὶ
452 3667 606 3708 terminum
618 3667 781 3706 prorogari,
797 3675 828 3696 ut
842 3667 952 3698 liberius
964 3667 1057 3705 poffet
1071 3666 1216 3697 intendere
1230 3675 1302 3696 trac-

264 3707 280 3726 a
295 3708 321 3727 ui
353 3709 361 3728 i
391 3711 415 3730 ae
448 3712 515 3732 acis:

290 3734 358 3779 Nos
376 3712 484 3778 autepm,
501 3742 646 3773 intelleifftis
665 3744 738 3780 pacis
752 3742 910 3773 tra&atibus
925 3743 1100 3782 supradictis,
1117 3742 1184 3773 licet
1197 3741 1303 3773 diffici-

252 3773 462 3818 les-viderentur
475 3801 484 3815 ,
508 3788 601 3810 tamen
614 3791 683 3811 cum
697 3779 798 3811 nostris
814 3780 966 3812 Batonibus
978 3783 1012 3813 ὅτε
1023 3781 1153 3818 subditis,
1171 3782 1200 3810 in
1213 3789 1302 3820 gene-

252 3811 302 3841 rali
318 3809 403 3855 Curia
434 3824 516 3857 quarn
527 3820 655 3853 proxime
667 3827 735 3849 tunc
747 3819 839 3848 facere
853 3819 1052 3858 deliberamus,
1071 3819 1146 3858 quasi
1158 3820 1187 3848 in
1202 3818 1300 3849 medio

253 3847 351 3891 Regni
364 3836 467 3888 nostri,
484 3854 644 3886 volebamus
657 3856 808 3886 deliberare
821 3856 928 3894 plenius
941 3859 1020 3896 super
1034 3860 1090 3896 eis,

290 3887 328 3930 Lt
340 3895 404 3917 ante
417 3889 647 3933 celeberationem
661 3895 742 3931 ipsius
757 3894 855 3924 Curiae
863 3919 871 3932 ,
888 3895 1014 3935 Principi
1026 3894 1184 3935 supradicto
1196 3903 1300 3932 proro-

253 3934 398 3968 {tationem
411 3925 451 3968 ‚ad
467 3936 583 3971 Psssstpm
596 3940 706 3973 tempus
720 3932 924 3971 conceffimus,
942 3945 1027 3972 quam
1035 3958 1046 3974 ,
1064 3934 1121 3965 sine
1134 3931 1300 3973 praejudicio

248 3972 317 3999 juris
329 3963 431 4001 nostri,
449 3965 522 3995 recita
534 3974 686 4000 mtenuone
701 3971 860 4002 concedere
872 3980 1038 4009 poteramus.

1379 183 2182 264 ffi‘eissffiffi’affiaaempssisserffessffiffiiiffiffl5⁰ae
2193 188 2305 228 ΜΨ
2319 190 2438 232 ¹²⁰stfi⁸²

1416 258 1552 304 Princeps
1572 261 1699 298 praefatus
1720 264 1792 294 mifit
1812 263 1894 294 nobis
1913 263 1984 294 duos
2004 249 2141 294 Nuncio's
2161 264 2289 303 speciales
2303 287 2313 304 ,
2337 265 2439 300 litteras

1380 297 1533 329 credennae
1550 308 1728 342 apportantes
1744 314 1754 340 3
1773 303 1821 340 qui
1836 302 1934 340 nobis,
1953 311 1987 332 ex
2001 311 2078 339 parte
2092 302 2175 340 ipsius
2189 303 2439 343 Principissretu-

1378 336 1470 380 lerunt
1503 336 1577 380 uod,
1591 347 1670 376 Juitta
1683 341 1888 371 conventiones
1901 341 2064 379 praedictas,
2081 341 2116 371 ad
2129 343 2291 380 captionem
2307 342 2435 376 nostram

1378 374 1470 405 dictus
1486 414 1490 419 .
1507 385 1633 419 rinceps,
1651 386 1681 408 ut
1699 379 1879 418 promiserat,
1897 380 2041 410 veniebat:
2061 379 2098 410 Et
2121 380 2200 419 quod
2212 390 2368 420 pararemus
2379 392 2434 414 nos

1379 412 1413 442 ad
1434 413 1628 457 recipiendum
1648 417 1771 447 eundem
1784 440 1794 455 ,
1819 418 1852 448 δε
1867 417 1902 447 ad
1914 417 2119 448 restituendum
2134 418 2227 450 eidem
2242 419 2378 450 Marchas
2389 431 2434 451 ar-

1378 459 1470 491 genti,
1488 453 1528 495 ὃς,
1535 452 1676 492 personas,
1695 465 1760 493 quas
1772 466 1824 494 pro
1837 455 1979 486 obfidibus
1989 456 2163 487 tenebamus.

1414 489 1463 534 Set
1483 500 1546 528 quia
1566 492 1595 520 in
1615 491 1697 523 dietis
1719 495 1924 525 convenientiis
1941 495 2101 525 continetur
2119 494 2245 533 expresse
2257 520 2267 534 ‚
2293 497 2372 535 quod
2385 521 2396 536 ,
2414 497 2436 529 fi

1379 536 1556 573 contingeret
1568 529 1679 561 dietum
1692 531 1855 573 Principem
1868 532 1902 563 ad
1917 532 2072 564 Carcerem
2086 533 2217 564 nostrum
2230 533 2337 574 redire,
2356 544 2437 567 tene-

1378 574 1454 597 retur
1475 566 1566 611 redire
1585 567 1619 598 ad
1639 569 1757 600 alterurn
1769 570 1805 601 de
1821 570 1932 601 duobus
1942 572 2030 610 locis,
2047 571 2167 610 scilicet,
2185 572 2219 602 ad
2233 571 2350 604 Collem
2364 575 2436 606 San-

1379 605 1436 635 &ae
1449 604 1622 651 Christmae,
1636 608 1682 638 vel
1695 610 1768 639 inter
1779 609 1896 640 Collem
1908 609 1945 640 de
1956 610 2123 641 Paniczariis
2138 611 2172 642 &
2181 610 2348 649 Junqeriam
2384 614 2434 644 ubi

1378 653 1431 673 nos
1451 643 1595 687 possemus
1614 646 1706 684 ipsum
1727 648 1788 678 tute
1807 649 1955 686 recipere,
1979 658 2043 687 quae
2057 649 2120 680 loca
2134 649 2238 680 distant
2255 651 2328 680 inter
2342 634 2369 681 sie
2382 661 2435 689 per

1376 681 1479 712 decem
1495 683 1580 713 dietas
1593 685 1733 725 vulgares,
1751 687 1785 717 &
1801 686 1878 717 ultra.

1413 720 1452 765 Et
1472 720 1540 751 dieti
1555 721 1667 765 Nuncii
1680 747 1690 763 ,
1708 734 1762 754 nec
1774 726 1964 762 procuratoria
1978 725 2073 764 aliqua'
2081 727 2110 756 in
2121 726 2217 758 forma
2230 726 2361 766 publici,
2376 738 2433 760 nec

1375 759 1496 797 capitula
1514 759 1623 798 figillata
1641 762 1792 793 credentiae
1813 763 2018 803 apportarunt,
2043 775 2098 796 nec
2118 774 2229 797 certum
2251 766 2352 797 locum
2383 768 2432 798 ali-

1375 807 1461 836 quem
1475 798 1652 836 designarunt
1666 800 1702 831 de
1714 801 1784 832 locis
1797 801 1953 841 praedicitis,
1970 803 2000 832 in
2013 805 2251 835 conventionibus
2270 804 2433 845 designatis,

1375 835 1408 880 ad
1428 837 1447 856 *²
1465 847 1552 875 quem
1568 838 1624 875 ipse
1643 840 1774 878 veniret,
1796 841 1830 872 &
1844 850 1913 880 nos,
1931 850 1999 871 curn
2014 840 2142 873 Marchis
2155 844 2188 874 &
2199 843 2362 883 obsidibus,
2381 855 2429 876 ac-

1375 874 1469 905 cidere
1481 876 1648 906 deberemus
1662 878 1697 908 ad
1709 878 1902 916 recipiendum
1914 878 2053 918 eundern,

1413 913 1450 945 Et
1463 914 1532 945 esset
1545 914 1714 953 impossibile
1726 927 1778 947 nos
1791 917 1928 955 &ipsum
1943 917 2106 956 Principem
2125 919 2224 950 eadem
2242 918 2290 950 die
2303 921 2333 950 in
2349 920 2431 953 dietis

1373 951 1486 996 duobus
1499 953 1583 992 locis,
1601 955 1638 984 ita
1652 956 1724 986 inter
1737 956 1763 986 se
1774 955 1950 995 distantibus,
1967 956 2079 987 insimul
2098 967 2264 996 comparere
2277 983 2286 997 ,
2310 958 2345 989 ad
2358 963 2432 992 reci-

1374 991 1509 1060 ffiendpm
1524 992 1613 1061 igsgkm
1628 992 1809 1033 Principem,
1827 994 1861 1026 &
1875 993 1910 1024 ad
1923 994 2099 1026 reddendum
2118 996 2168 1026 fibi
2181 996 2314 1028 Marchas
2328 998 2362 1029 &
2374 1000 2430 1031 ob-

1385 1041 1393 1059 1
1415 1039 1443 1060 es
1467 1041 1483 1061 U
1505 1041 1532 1060 ra
1554 1041 1633 1062 IVOS.

1372 1106 1400 1138 d·
1410 1067 1463 1113 Et,
1484 1041 1547 1108 guia
1559 1070 1608 1100 sibi
1622 1071 1851 1110 prorogationem
1863 1071 2028 1110 praedidtam
2049 1072 2292 1112 concesseramus,
2309 1084 2341 1106 ut
2355 1085 2429 1114 prae-

1393 1116 1475 1138 icitur

1410 1145 1434 1176 F
1436 1132 1526 1190 nimus
1539 1146 1566 1178 su
1588 1157 1618 1178 er
1630 1148 1861 1188 praediCtis,quae
1875 1149 1957 1180 nobis
1970 1148 2099 1181 dixerunt
2113 1149 2182 1181 dieti
2195 1150 2431 1190 Nuncii,quam⁴

1371 1184 1527 1230 plurimu-m
1549 1157 1694 1218 admirati:
1722 1188 1756 1219 ὃς
1777 1188 1902 1218 multum
1922 1188 2113 1219 dubitavimus
2133 1188 2169 1220 de
2191 1189 2320 1228 eisdem3
2346 1191 2380 1222 &
2393 1201 2428 1224 ex

1371 1223 1512 1262 praedietis
1525 1235 1626 1256 eorum
1641 1226 1733 1257 verbis
1743 1225 1830 1257 fidem
1844 1227 2022 1265 nequivimus
2033 1227 2179 1258 adhibere:

1410 1262 1458 1293 Set
1472 1263 1664 1302 respondimus
1670 1264 1796 1296 Nunciis
1811 1265 2075 1304 memoratis,quod
2089 1276 2138 1304 per
2152 1266 2252 1297 litteras
2263 1267 2301 1298 &
2315 1267 2430 1300 nostros

1372 1300 1407 1331 N
1411 1302 1508 1332 uncios
1522 1302 1649 1344 speciales
1663 1303 1893 1342 responderemus
1907 1303 2033 1343 Principi
2046 1304 2205 1343 saepedidw.

1409 1338 1462 1378 Et,
1483 1341 1557 1379 quafi
1579 1342 1636 1373 sine
1652 1342 1749 1381 aliquo
1770 1342 1916 1373 intervallo
1929 1367 1940 1381 ,
1962 1342 2034 1374 duos
2051 1343 2164 1374 nostros
2182 1343 2319 1374 Nuncios
2332 1369 2342 1382 ,
2360 1355 2430 1377 curn

1371 1378 1607 1448 ¹s³⁰stris·1¹1itoeris'-
1615 1381 1709 1412 versus
1722 1379 1840 1412 Collem
1862 1381 1899 1412 de
1913 1381 2078 1412 Paniczariis
2092 1383 2126 1414 δε
2145 1390 2235 1421 partes
2246 1381 2431 1423 Roffilionis,

1383 1429 1392 1447 1
1473 1428 1480 1447 i
1502 1429 1529 1448 as
1543 1427 1665 1450 veniret:

1370 1493 1389 1524 d
1408 1427 1460 1487 ff
1461 1456 1529 1488 alios
1548 1457 1620 1488 duos
1639 1457 1732 1489 versus
1754 1467 1844 1497 partes
1865 1457 1976 1490 Sanetae
1994 1457 2126 1490 Cristmae'
2074 1460 2079 1465 '
2145 1458 2275 1490 duximus
2289 1459 2432 1492 destinan-

1389 1504 1422 1524 os

1408 1519 1456 1564 U²t
1474 1544 1524 1572 per
1545 1534 1618 1573 ipsos
1640 1535 1828 1567 intentionem
1849 1536 1926 1567 suam
1945 1535 2028 1566 nobis
2048 1535 2198 1568 literatorie
2209 1536 2374 1577 destinaret,
2392 1548 2428 1569 an

1369 1571 1402 1602 ad
1423 1574 1585 1610 captionem
1605 1574 1731 1605 nostram
1752 1575 1841 1606 redire
1860 1574 2042 1606 intenderet?
2068 1575 2102 1606 δε
2121 1574 2156 1605 ad
2177 1584 2265 1613 quem
2277 1575 2376 1607 locum
2390 1577 2428 1607 de

1368 1610 1509 1679 pragdgstis
1527 1612 1638 1644 duobus
1658 1614 1756 1644 venire
1772 1622 1944 1655 proponeret
1960 1637 1970 1652 ,
1998 1613 2018 1644 si
2030 1613 2145 1645 haberet
2158 1614 2334 1653 propositum
2347 1615 2430 1646 rede·

1369 1659 1408 1680 un
1428 1660 1451 1680 1.
1568 1676 1571 1681 .

1405 1687 1455 1719 Set
1466 1689 1624 1728 praelibatus
1629 1690 1780 1730 Princeps,
1797 1691 1907 1732 fingens
1919 1690 1947 1721 se
1961 1690 2034 1721 velle
2046 1689 2138 1721 redire
2150 1689 2185 1721 ad
2199 1699 2343 1722 carcerem
2359 1701 2427 1724 nos-

1369 1734 1462 1766 trum,
1502 1738 1655 1768 uamquam
1675 1730 1755 1761 sciret
1772 1730 1871 1761 locum
1893 1729 2061 1768 praedietum
2073 1752 2084 1768 ,
2107 1730 2179 1760 inter
2188 1729 2375 1768 Junqueriam
2390 1732 2426 1763 δε

1368 1765 1475 1796 collem
1509 1778 1525 1798 e
1538 1766 1722 1807 Paniczariis,
1731 1770 1764 1799 &
1780 1769 1830 1799 alia
1844 1769 1908 1799 loca
1921 1769 2106 1799 circumcirca
2119 1790 2129 1806 ,
2146 1777 2196 1806 per
2208 1767 2274 1798 duas
2286 1769 2378 1800 leucas
2390 1771 2428 1802 &

1366 1803 1475 1845 plures,
1492 1806 1508 1835 a
1530 1805 1614 1837 Reae
1636 1807 1762 1838 Franciae
1783 1808 1817 1839 &
1839 1807 1896 1837 aliis
1915 1807 2036 1837 inimicis
2049 1805 2151 1837 nostris
2165 1806 2246 1837 fuiss‘e
2260 1807 2295 1838 &
2308 1807 2427 1839 detineri

1365 1851 1460 1911 pap-ta,
1478 1845 1512 1875 ὃς
1527 1831 1597 1883 post3
1606 1845 1694 1876 dietas
1707 1846 1913 1877 conventiones
1931 1855 2069 1884 occupata
2082 1858 2093 1885 ·,
2111 1845 2145 1876 &
2158 1844 2216 1875 hoc
2231 1844 2264 1875 sit
2276 1847 2426 1878 notorium

1375 1890 1416 1912 oti
1430 1891 1512 1914 terrae

1403 1919 1490 1952 Venit
1519 1906 1567 1954 'nt
1586 1922 1687 1954 dicitur
1700 1946 1709 1962 ‚
1735 1923 1768 1954 ad
1785 1923 1896 1954 dffium
1909 1922 2009 1954 locum
2023 1924 2094 1954 inter
2103 1922 2289 1962 Junqueriam
2303 1924 2337 1955 &
2352 1922 2426 1954 Col-

1363 1958 1420 1989 lem
1442 1959 1478 1991 de
1498 1946 1665 1992 Paniczariis
1707 1972 1774 1993 cum
1789 1963 1909 1992 inimicis
1923 1961 2041 2001 nostris,
2061 1963 2095 1993 δε
2110 1960 2289 1993 multitudine
2299 1970 2424 1993 armato-

1350 1993 1426 2028 'rum
1444 1999 1528 2044 (Qi,
1541 2000 1621 2031 locus
1643 1987 1761 2032 essedius
1783 2010 1841 2031 erat
1856 2025 1866 2040 ,
1885 2001 1918 2032 &
1933 2000 1973 2031 est
1987 2010 2047 2031 non
2060 2008 2135 2031 tutus
2150 2000 2246 2038 nobis3
2264 2001 2357 2030 immo
2368 2000 2424 2031 sus-

1362 2037 1460 2074 pet-”tus
1479 2039 1632 2070 rationibus
1653 2039 1810 2078 supradietis
1824 2051 1835 2079 3
1860 2040 1909 2070 ubi
1921 2040 2006 2069 etiam
2019 2039 2144 2077 expresse
2158 2039 2240 2069 nobis
2254 2038 2288 2069 ad
2303 2040 2422 2070 venien-

1363 2075 1433 2106 dum
1447 2087 1496 2114 per
1507 2088 1573 2108 eum
1603 2079 1680 2116 quod
1695 2088 1796 2109 verum
1809 2088 1869 2109 non
1884 2077 1936 2114 est)
1953 2078 2081 2108 existeret
2094 2077 2252 2116 affignatUS)
2267 2077 2302 2108 &
2337 2087 2421 2108 mun-

1362 2113 1402 2144 do
1426 2116 1516 2146 verbo
1538 2126 1586 2148 cre
1606 2127 1654 2148 ens
1676 2117 1828 2148 satisfacere
1839 2141 1849 2155 ,
1867 2115 2033 2154 protestatus
2046 2117 2098 2147 fuit
2110 2116 2236 2154 ibidem,
2254 2123 2285 2146 ut
2298 2101 2419 2155 dicitur,

1362 2153 1441 2192 quod
1457 2155 1512 2195 ipse
1526 2155 1592 2186 illuc
1608 2165 1721 2187 venerat
1734 2155 1787 2186 hac
1801 2155 1837 2185 de
1850 2155 1947 2192 causa,
1966 2164 1997 2185 ut
2012 2155 2114 2186 rediret
2128 2154 2162 2185 ad
2176 2155 2338 2192 captionem
2351 2164 2419 2185 nos-

1361 2199 1450 2231 tram,
1469 2193 1488 2224 fi
1500 2193 1620 2225 effemns
1632 2194 1739 2224 ibidem
1753 2195 1837 2232 parati
1852 2203 1919 2224 euin
1934 2194 2075 2232 recipere,
2093 2194 2127 2224 δε
2143 2193 2193 2223 fibi
2206 2191 2323 2223 reddere
2338 2192 2418 2223 Mar-

1360 2231 1425 2261 chas
1440 2232 1474 2263 &
1488 2232 1598 2263 obfides
1612 2233 1798 2271 supradidios,
1814 2232 1881 2263 licet
1896 2231 1952 2270 ipse
1963 2232 2042 2262 sciret
2057 2231 2134 2270 quod
2155 2231 2246 2262 dietus
2265 2230 2344 2262 locus
2358 2239 2419 2262 non

1359 2278 1417 2300 erat
1436 2271 1519 2301 nobis
1540 2280 1613 2302 tutus
1627 2296 1637 2310 ,
1663 2281 1694 2302 ut
1707 2272 1830 2310 superius
1843 2270 2014 2309 declaratur;
2032 2270 2149 2301 credens
2161 2271 2271 2307 insuper
2284 2270 2333 2307 per
2346 2280 2417 2308 prae-

1358 2309 1432 2339 dicta
1451 2310 1466 2338 a
1488 2311 1582 2347 poenis
1601 2311 1634 2342 &
1649 2310 1903 2348 conventionibus,
1919 2310 1991 2340 inter
2005 2319 2056 2339 nos
2072 2309 2105 2340 &
2119 2308 2208 2346 ipsum
2223 2308 2335 2347 habitis,
2355 2309 2417 2340 fore

1359 2354 1390 2377 ut
1404 2347 1522 2385 dicitur,
1540 2348 1685 2387 liberatus,
1704 2348 1911 2387 simplicitatem
1927 2348 1961 2378 &
1979 2347 2180 2387 ignoscentiam
2193 2370 2204 2386 ,
2220 2356 2306 2385 quam
2321 2347 2418 2379 homi-

1357 2386 1439 2416 nibus
1454 2385 1654 2426 hostendebat,
1673 2388 1702 2417 in
1715 2387 1845 2418 astutiam
1858 2385 2063 2418 convertendo.

1395 2423 1524 2464 Postque
1545 2426 1579 2456 ad
1600 2425 1656 2456 Pre
1676 2426 1799 2456 inianum
1812 2449 1821 2464 ,
1846 2434 1878 2457 ut
1896 2424 2023 2455 afferitur
2037 2423 2079 2455 est
2094 2423 2232 2463 reversuS,
2250 2424 2351 2455 iterum
2364 2424 2417 2455 suis

1355 2462 1391 2493 N
1392 2465 1483 2494 unciis
1495 2465 1579 2495 nobis
1593 2435 1696 2504 miffiPs,
1714 2475 1745 2495 ut
1759 2464 1794 2495 ad
1810 2473 1900 2503 partes
1912 2463 2058 2494 Gerundae
2072 2462 2208 2507 accedere
2229 2462 2414 2501 deberemus;

1356 2503 1420 2540 quia
1438 2503 1553 2534 volebat
1573 2505 1603 2534 in
1625 2504 1676 2534 illis
1697 2504 1818 2544 partibus
1839 2502 1988 2534 nobiscum
2010 2502 2113 2533 habere
2133 2500 2235 2534 Vlstarn
2249 2525 2259 2540 ‚
2285 2511 2319 2532 ac
2333 2501 2416 2540 super

1355 2541 1472 2572 tradi-atu
1485 2543 1560 2580 pacis
1573 2543 1662 2581 aliqua
1675 2542 1812 2573 ordinare.
2298 2578 2304 2584 .

1392 2579 1441 2611 Set
1454 2590 1522 2611 cum
1533 2583 1647 2613 interim
1661 2581 1729 2612 dieii
1743 2581 1832 2612 nostri
1845 2579 1961 2611 Nuncii
1974 2579 2008 2610 ad
2023 2589 2107 2620 eum,
2125 2579 2193 2610 dato
2207 2579 2246 2609 eis
2258 2577 2412 2618 guidatico,

1353 2618 1544 2656 perveniffent
1557 2643 1567 2659 ,
1589 2621 1625 2652 &
1651 2620 1744 2651 eidem
1764 2619 1890 2657 Principi
1912 2618 2097 2656 exposuissent
2117 2627 2148 2649 ea
2169 2617 2266 2648 omnia
2288 2627 2352 2655 quae
2369 2619 2410 2648 eis

1353 2657 1547 2689 mandavimus
1559 2658 1740 2696 exponenda,
1759 2659 1792 2689 &
1807 2658 1865 2688 hoc
1879 2657 2032 2694 specialiter
2044 2658 2116 2688 inter
2129 2656 2180 2686 alia
2199 2655 2296 2693 quod,
2311 2654 2414 2694 affing-

1352 2704 1420 2725 nato
1440 2706 1490 2736 per
1508 2695 1597 2734 ipsum
1616 2697 1781 2734 Principem
1795 2695 1882 2725 altero
1897 2694 1934 2724 de
1947 2694 2088 2732 prandistis
2099 2695 2187 2732 locis,
2204 2693 2238 2723 ad
2255 2702 2343 2737 quem
2351 2703 2412 2737 ‘nos

1351 2735 1412 2764 rute
1436 2736 1530 2765 venire
1548 2734 1710 2773 possemus,
1727 2734 1761 2764 ad
1775 2734 1865 2772 ipsum
1879 2733 1979 2763 locum
1992 2732 2205 2769 accederemus,
2223 2730 2257 2761 ad
2272 2740 2410 2770 recipien-

1350 2772 1420 2803 dum
1443 2772 1565 2804 eundem
1586 2773 1620 2804 &
1641 2772 1676 2803 ad
1697 2772 1874 2804 reddendum
1894 2770 1944 2801 sibi
1965 2770 2099 2802 Marchas
2113 2771 2147 2803 &
2160 2769 2270 2801 obsides
2284 2770 2410 2802 antedic-

1348 2819 1400 2842 tos.

1386 2849 1462 2888 Ipse,
1478 2850 1531 2881 hiis
1543 2851 1577 2882 &
1591 2849 1647 2881 aliis
1659 2849 1774 2888 auditis,
1793 2858 1857 2887 quae
1870 2847 1960 2878 nostri
1973 2847 2009 2878 N
2011 2848 2086 2878 uncii
2109 2856 2144 2877 ex
2165 2854 2242 2884 parte
2255 2845 2351 2877 nostra
2367 2856 2411 2878 re-

1349 2889 1473 2921 tulerunt
1494 2889 1605 2927 eidem,
1622 2899 1683 2920 non
1702 2888 1849 2927 expetitans
1861 2897 1932 2924 nos,
1950 2888 1997 2925 qui
2012 2886 2105 2917 versus
2119 2884 2288 2929 Gerundam
2303 2924 2308 2929 .
2324 2895 2410 2923 prout

1350 2927 1405 2966 ipse
1427 2927 1585 2966 requisierat
1606 2938 1655 2966 per
1673 2927 1734 2958 suos
1755 2926 1893 2957 Nuncios
1914 2926 1948 2957 ὃς
1967 2925 2057 2956 literas
2069 2949 2079 2965 ,
2097 2924 2266 2956 continuatis
2281 2910 2360 2955 d’ietis
2373 2923 2409 2955 ad

1350 2976 1416 2997 eum
1429 2966 1564 2997 accedere
1574 2966 1728 2997 nullatenus
1739 2965 1915 2997 tardabamus
1923 2988 1934 3003 ,
2384 3001 2392 3008 ι

1387 3004 1469 3035 Dixit
1489 3004 1591 3036 eisdem
1612 3004 1713 3035 nostris
1733 3004 1856 3035 Nunciis
1868 3029 1877 3043 ,
1903 3002 1985 3033 nobis
2003 3002 2081 3034 idem
2103 3011 2153 3040 per
2164 3000 2222 3032 suas
2236 3001 2326 3032 literas
2340 3002 2407 3046 inti-

1350 3043 1456 3074 mando
1470 3067 1479 3082 ,
1503 3043 1581 3081 quod
1600 3054 1655 3075 nos
1673 3053 1734 3074 non
1752 3051 1863 3081 poterat
1884 3041 2030 3081 expectare
2043 3066 2054 3081 ,
2077 3041 2214 3080 quoniam
2233 3040 2354 3071 habebat
2373 3050 2405 3071 in

1349 3082 1496 3113 Franciam
1510 3082 1632 3120 dirigere
1642 3081 1750 3120 gressus
1763 3080 1840 3112 suos:
2330 3118 2335 3123 ι

1386 3120 1424 3152 Et
1438 3120 1476 3151 sic
1488 3121 1577 3152 habiit
1589 3122 1647 3152 vias
1661 3121 1733 3159 suas,
1751 3119 1884 3164 dimiffis,
1898 3127 1929 3151 ut
1941 3118 2054 3150 asseruit
2071 3119 2102 3149 in
2121 3117 2217 3163 litteris
2230 3115 2406 3156 supradietis,

1348 3160 1382 3191 &
1395 3168 1426 3190 ut
1438 3159 1538 3190 dixerit
1548 3160 1639 3190 verbo
1655 3158 1756 3189 nostris
1768 3158 1893 3189 Nunciis
1907 3157 2045 3197 praedictis
2053 3181 2063 3195 ,
2079 3155 2299 3199 quibusdam'de
2312 3156 2407 3187 confi-

1347 3199 1387 3229 lio
1406 3198 1456 3229 suo
1470 3221 1481 3236 ,
1497 3199 1547 3236 qui
1568 3207 1603 3228 ex
1616 3206 1693 3236 parte
1707 3198 1787 3236 ipsius
1800 3199 1882 3228 nobis
1895 3198 2019 3236 aliquem
2033 3195 2180 3227 tractatum
2196 3203 2270 3233 pacis
2280 3194 2405 3233 apertius

1342 3237 1527 3268 >declararent-

1386 3275 1520 3306 Attendat
1539 3275 1622 3314 igitur
1636 3274 1727 3305 vestra
1741 3274 1944 3312 circumspe&a
1956 3272 2084 3304 discretio
2097 3272 2133 3304 &
2146 3271 2240 3311 Regia
2253 3270 2406 3315 celsitudo,

1349 3314 1465 3353 qualiter
1485 3313 1577 3343 dietus
1597 3312 1731 3352 Princeps
1750 3314 1832 3345 vobis
1855 3314 1889 3344 &
1911 3313 2011 3351 nobis,
2028 3311 2079 3342 sub
2091 3310 2254 3354 velamento
2265 3309 2402 3354 pacifico,

1348 3353 1389 3383 est
1401 3353 1529 3390 loqutus3
1548 3352 1582 3382 &
1598 3352 1749 3390 quomodo
1762 3362 1816 3383 vos
1849 3353 1942 3382 immo
1956 3361 2028 3388 nos,
2045 3350 2075 3380 in
2089 3348 2189 3382 vestris
2202 3348 2324 3379 Brachiis
2334 3347 2404 3378 dor-

1348 3393 1503 3428 mientetn,
1520 3390 1536 3420 ὲ
1548 3390 1690 3428 praemiffis
1705 3375 1864 3429 deviand’o,
1881 3389 2088 3420 circumvenire
2100 3388 2197 3432 nititur
2209 3394 2273 3431 toto
2287 3385 2376 3429 posse.

1385 3430 1525 3461 Mirantur
1539 3439 1663 3498 namgue
1678 3440 1764 3468 quarn
1785 3429 1942 3467 plurimum
1957 3426 2078 3458 universi
2090 3426 2205 3465 qualiter
2216 3425 2308 3456 diditus
2318 3423 2399 3453 Prin-

1347 3478 1382 3500 ce
1401 3479 1413 3499 s
1469 3478 1496 3497 ui
1512 3475 1583 3498 inter

1346 3477 1493 3538 holiio’ruqm
1506 3506 1539 3536 &
1553 3507 1704 3544 gratiarum
1713 3530 1724 3545 ,
1737 3517 1789 3545 per
1806 3517 1858 3536 vos
1873 3507 1907 3537 &
1921 3515 1974 3535 nos
1987 3504 2038 3534 fibi
2053 3502 2245 3540 multipliciter
2262 3498 2400 3537 impensa-

1348 3555 1429 3584 rum,
1446 3543 1549 3575 oblitus
1562 3567 1572 3582 ,
1597 3554 1697 3576 contra
1716 3546 1797 3586 pacta
1815 3545 1849 3576 &
1870 3543 2075 3575 conventiones
2091 3540 2238 3580 praedietis
2251 3536 2399 3577 proceffit,

1348 3593 1380 3615 ut
1392 3582 1514 3621 superius
1526 3584 1695 3613 continetur.
2289 3614 2313 3623 ..

1383 3621 1512 3652 Vestram
1524 3622 1607 3660 igitur
1621 3621 1817 3652 excellentiam
1827 3618 2065 3665 rogamusnsicut
2082 3616 2228 3662 possumus
2240 3623 2347 3658 oanuS,
2364 3615 2399 3646 &

1345 3668 1471 3690 ortamur
1506 3669 1558 3689 vos
1571 3661 1771 3691 nichilominus
1782 3670 1852 3692 cum
1864 3658 1994 3689 instantia
2011 3667 2041 3688 re
2062 3663 2196 3692 uirentes,
2212 3663 2245 3683 ac
2266 3652 2400 3697 multipli-

1346 3699 1416 3728 citer
1430 3683 1599 3735 postulant&
1619 3699 1698 3737 quod
1717 3708 1751 3729 ex
1768 3707 1845 3739 parte
1857 3696 1949 3729 vestra
1962 3697 1996 3727 &
2006 3667 2102 3726 nocht&
2111 3693 2222 3736 dietum
2235 3690 2399 3729 Principem

1346 3736 1489 3774 requiratis
1501 3759 1513 3775 ,
1539 3737 1573 3769 ὃς
1594 3739 1679 3769 etiam
1691 3737 1826 3769 inducatis
1841 3744 1873 3767 ut
1883 3736 1986 3773 nobis,
2004 3732 2083 3772 quod
2095 3729 2238 3771 promisit,
2256 3729 2401 3768 complent

1345 3774 1556 3853 &iffitgsnedriiitrrn
1573 3814 1614 3845 ob
1629 3813 1715 3845 vestri
1724 3814 1841 3853 gratiam
1855 3813 1889 3843 &
1900 3812 2059 3846 honorem,
2133 3807 2154 3837 ti
2168 3805 2262 3837 sumus
2276 3806 2400 3838 eundem

1343 3851 1510 3890 Principem
1517 3854 1646 3891 recipere
1659 3852 1789 3883 inaltero
1803 3851 1840 3881 de
1854 3850 1935 3881 diffis
1944 3848 2054 3879 duobus
2077 3845 2155 3882 ocis,
2168 3845 2217 3875 ubl
2230 3845 2321 3882 ipsum
2333 3854 2400 3884 POS-

1343 3890 1438 3921 sumus
1452 3891 1513 3921 tute
1526 3893 1669 3930 recipere,
1686 3900 1721 3922 ac
1732 3891 1783 3922 fibi
1795 3888 1940 3931 restituere
1953 3884 2087 3916 Maschas
2099 3883 2134 3914 &
2149 3883 2258 3927 obsides
2273 3884 2297 3928 *ᾗ
2305 3883 2399 3922 supra-

1344 3928 1437 3959 dictos
1456 3928 1504 3959 die
1521 3939 1571 3967 per
1592 3940 1646 3961 vos
1652 3929 1705 3961 vel
1716 3928 1808 3966 ipsum
1819 3926 1903 3967 nobis
1913 3924 2018 3968 idonea
2031 3921 2177 3966 assignata3
2195 3922 2320 3966 alioquin
2333 3931 2399 3960 poe-

1344 3976 1411 3998 nam
1424 3968 1460 4000 ·&
1473 3976 1590 4008 peenas,
1602 3976 1655 4007 pet
1669 3976 1722 3999 vos
1732 3965 1870 4004 &ipsum
1891 3962 1974 3994 nobis
1984 3959 2152 3999 promissas,
2169 3970 2234 4000 quae
2246 3970 2277 3992 in
2288 3959 2400 4030 ‘³⁸22'

1631 3468 1776 3498 hristianos
1796 3468 1940 3506 Principes
1961 3463 2211 3496 Christianiffimus
2231 3462 2414 3501 putabatur,·

2486 191 2570 229 1289}

2457 229 2524 258 Edv.
2547 237 2570 258 ι.

2449 844 2466 862 ‘
2475 846 2569 884 1145»

2419 3892 2435 3910 ⁴*
2445 3890 2559 3930 11-453'i.
