2570 4261
0 258 73 289 Ἄπη.
86 254 125 286 D.

18 303 100 334 ¹303·

1 335 63 374 dri-v.
84 342 107 361 1.

0 2371 126 2413 *II-93⁶·

0 2780 75 2815 Ann.
88 2782 128 2813 D.

19 2831 104 2862 1303.

0 2864 50 2889 An.
71 2870 114 2897 3¹·

0 2904 30 2927 Ε.
47 2904 131 2927 1.Rot.

0 2937 41 2965 Cl.
60 2947 103 2974 3¹·

0 2979 31 3004 E.
53 2985 77 3002 1.
94 2986 131 3004 m.

591 172 720 214 ET
809 175 1130 219 ACTA

144 255 221 295 stris,
237 255 292 287 five
307 255 358 287 smt
373 257 493 295 personae
499 256 712 297 Ecclesiasticae,
730 259 784 291 five
791 259 851 291 aliae
859 260 1113 301 qualescunque,ex
1121 274 1195 295 nunc

143 295 225 325 dic‘tis
240 296 398 327 hominibus
413 297 447 327 &
461 296 573 327 subditis
586 297 701 336 nostris,
720 308 837 335 quorum
856 299 956 329 fuerint
971 308 1047 330 terrae
1062 302 1095 331 &
1107 303 1195 332 reddi-

141 341 183 364 tus
199 334 342 372 praedicti,
359 334 477 364 similiter
491 335 523 365 &
537 343 614 365 terrae
627 345 660 365 ac
675 336 808 374 redditus,
833 347 880 374 per
900 348 950 367 nos
961 346 1005 368 aut
1019 339 1123 369 nostros
1135 363 1144 378 ,
1158 340 1194 371 de

140 371 303 403 hominibus
316 372 454 403 &subitis
467 372 538 403 dieti
554 372 640 409 Regis
654 372 774 404 Franciae
789 376 879 412 capti,
904 377 1072 413 occupati&
1089 378 1185 407 deten-

143 411 183 448 ti,
207 411 353 441 occafione
373 419 477 446 guerrae
498 410 655 449 praedictae,
681 411 842 442 hominibus
855 412 1010 443 &subditis
1022 414 1092 444 dieti
1106 415 1194 452 Regis

144 448 286 487 Franciae,
313 457 432 486 quorum
452 455 530 478 terrae
542 449 575 479 ὃ(
590 448 708 479 redditus
715 449 843 487 praedicti
856 450 973 489 fuerint,
992 461 1100 482 exnunc
1114 453 1193 490 plene

144 486 179 518 δε
194 487 301 523 integre
314 485 483 516 restituantur
490 508 500 523 ,

182 524 219 555 Et
236 525 322 554 etiarn
344 523 421 561 quod
442 523 570 554 homines
584 524 617 555 ὅ(
633 523 803 554 Mercator&
818 524 853 555 de
869 536 925 556 uno
940 526 1062 565 Regno,
1079 528 1112 558 ad
1127 528 1192 559 alte-

144 572 208 592 rum
220 561 326 600 libere,
343 561 442 599 absque
458 563 498 591 im
520 562 677 599 edimento,
695 564 733 592 ire
748 562 848 600 possint
861 564 893 594 δε
904 567 1038 604 mercari,
1057 567 1191 597 &omni-

144 599 229 630 moda
248 600 323 630 bona
333 609 366 630 ac
382 572 562 630 mercandisas
574 599 649 630 salvo
662 601 696 630 ὃς
709 600 802 631 secure
815 601 933 641 ducere,
951 602 1082 634 solvendo
1099 605 1191 635 custu-

143 648 203 669 mas
217 637 322 670 debitas
334 637 367 669 &
382 639 466 668 etiam
481 637 598 667 usitatas:

179 675 215 706 Et
228 676 305 714 quod
319 675 406 706 nullus
416 675 543 705 nostrfim
558 675 689 705 inimicos
700 675 804 706 alterius
812 678 974 717 receptabit,
993 687 1037 710 aut
1049 682 1132 710 etiarn
1139 680 1191 710 sus-

142 714 260 752 tinebit,
280 724 334 745 nec
348 714 409 751 iplis
421 713 457 743 de
473 713 652 752 victualibus,
669 715 766 753 armis,
781 723 826 745 aut
840 717 919 746 rebus
932 717 988 747 aliis
1008 719 1190 757 quibussibet,

143 751 282 790 praestabit
293 752 424 783 auxilium
440 750 485 781 vel
499 750 670 781 succursum:

182 790 219 821 Et
230 790 306 829 quod
321 789 409 819 nullus
424 788 551 819 nostrum
567 790 694 820 bannitos
709 789 744 820 de
766 789 871 827 Regno
884 791 988 823 alterius
997 816 1006 831 ,
1022 794 1051 823 in
1064 795 1138 824 terris
1146 802 1191 824 aut

145 828 277 866 potestate
283 827 329 859 sua
336 827 503 865 receptabit,
521 838 572 857 nec
582 829 734 866 permittet,
752 836 796 858 aut
804 829 885 860 faciet
891 829 1037 868 aliqualiter
1045 833 1190 870 receptari3

141 868 179 899 set
201 867 290 905 potius
310 864 381 902 ipsos
398 865 434 895 de
455 865 524 896 terra
544 866 576 896 &
600 865 731 903 potestate
745 866 790 896 sua
803 868 917 905 expellet
932 868 1000 899 infra
1014 870 1190 907 quadraginta

139 904 197 936 dies
232 902 378 942 postquam
394 902 469 941 super
483 904 538 933 hoc
554 903 633 935 fuerit
647 904 801 943 requisitus,

180 927 262 978 Nos,
285 941 408 972 volentes
431 942 591 979 praediffls,
618 952 733 981 pacem,
759 943 1029 975 confoederationem
1043 945 1076 975 &
1090 946 1191 975 amici-

139 980 223 1019 tiam,
239 979 351 1010 firmiter
364 979 516 1018 observari,
534 981 584 1009 tibi
591 982 782 1019 praecipimus,
799 981 912 1012 firmiter
919 983 1190 1021 injungenteS,qu0d

140 1018 263 1056 easdem,
289 1028 404 1056 pacem,
430 1017 697 1049 confoederationem
719 1019 752 1049 &
772 1021 939 1059 amicitiam,
956 1022 984 1050 in
996 1022 1128 1051 omnibus
1142 1021 1191 1051 suis

141 1056 288 1094 ArticuliS,
311 1063 340 1087 ut
360 1056 389 1086 su
410 1057 477 1086 erius
495 1056 554 1086 sunt
575 1056 704 1096 expreffi,
722 1058 750 1086 in
767 1058 848 1094 pleno
862 1058 1006 1089 Comitatu
1019 1068 1084 1097 tuo,
1102 1060 1135 1090 &
1149 1061 1190 1089 ni-

142 1094 311 1125 chilominus
333 1095 363 1124 in
385 1066 566 1133 Civitatibus,
584 1094 697 1134 Burgis,
713 1095 810 1134 Villis,
830 1095 1019 1135 Mercatoriis,
1034 1097 1068 1127 ὃς
1081 1097 1191 1133 smgulis

143 1132 199 1165 allis
214 1133 298 1171 locis,
316 1131 385 1163 infra
398 1133 526 1163 ballivam
540 1141 632 1171 tuam,
648 1135 678 1163 in
693 1134 789 1171 quibus
803 1134 901 1164 videris
909 1135 1052 1173 expedire,
1069 1135 1191 1165 dictinc-

141 1172 170 1201 te
190 1172 223 1203 &
241 1172 348 1209 aperte,
372 1170 427 1200 sine
447 1171 575 1201 dilatione
588 1171 723 1209 qualibet,
742 1172 851 1209 publice
866 1172 947 1203 facias
961 1173 1139 1210 proclamari,
1157 1174 1190 1204 ὃ(

141 1208 190 1239 sub
211 1211 288 1247 gravi
312 1208 481 1240 forisfactura
494 1210 529 1239 ab
542 1210 653 1240 omibus
664 1209 775 1241 subditis
787 1210 885 1241 nostris
897 1212 926 1241 in
942 1211 1044 1242 Balliva
1057 1211 1102 1241 tua
1120 1221 1190 1249 prae-

142 1247 221 1278 diota
229 1271 240 1286 ,
256 1247 447 1279 inviolabiliter
460 1247 611 1277 observari:
823 1248 825 1251 ’

178 1286 269 1316 Facias
281 1288 364 1316 etiam
376 1285 537 1323 proclamari
552 1285 626 1323 quod
641 1295 737 1316 omnes
750 1286 926 1326 alienigenae,
941 1287 976 1317 de
984 1286 1114 1325 potestate
1120 1287 1191 1317 dieti

142 1322 231 1362 Regis
258 1324 397 1361 Franciae,
424 1333 543 1361 quorum
565 1331 641 1352 terme
662 1324 695 1354 &
710 1332 863 1355 tenementa
877 1327 906 1355 in
920 1326 997 1356 dieta
1012 1324 1113 1355 Balliva
1127 1326 1173 1355 tua

143 1371 275 1400 praetextu
296 1370 458 1399 guerrarum
480 1360 677 1398 praedietarum
692 1383 702 1399 ,
727 1363 755 1391 in
780 1372 863 1393 manu
885 1363 979 1393 nostra
999 1363 1131 1401 existunt,
1156 1348 1190 1394 ad

143 1400 343 1431 Cancellariam
358 1397 483 1428 nostram
498 1398 630 1429 accedant
645 1421 655 1437 ,
678 1407 759 1429 terras
774 1401 807 1430 &
822 1409 977 1431 tenementa
992 1401 1034 1431 sua
1043 1401 1173 1438 praedidta
1182 1425 1191 1440 ‚

140 1438 293 1469 secundum
305 1437 430 1468 sormam
443 1436 623 1467 ordinationis
639 1437 796 1477 praediecae,
811 1438 846 1468 de
855 1438 952 1468 nostris
961 1440 1086 1469 manibus
1094 1450 1190 1478 recep-

141 1485 264 1546 tuffeste
280 1513 363 1551 Rege
379 1513 451 1552 apud
467 1513 563 1545 villam
580 1513 675 1544 Sancti
687 1514 821 1552 Johannis
839 1514 874 1545 de
892 1513 983 1546 Perrh.
1007 1524 1055 1545 10.
1071 1514 1146 1554 Julii.

139 1588 344 1667 guffonfimsses
371 1589 468 1621 litterae
490 1589 647 1629 diriguntur
673 1590 783 1629 singulis
807 1590 1030 1622 Vicecomitibus
1055 1601 1104 1630 per
1130 1591 1189 1622 An-

197 1638 237 1659 rn.

311 1703 422 1735 Eodem
438 1704 528 1736 modo
541 1704 704 1736 mandatum
720 1703 760 1735 est
773 1704 943 1744 subscriptis,
960 1707 1016 1737 viz.

176 1779 331 1848 Justileiario
343 1779 560 1821 Northwalliae,
578 1782 650 1823 quod
661 1785 690 1812 in
704 1781 888 1821 civitatibus,
904 1781 964 1818 &a
978 1785 1007 1812 in
1018 1781 1145 1821 partibus
1156 1782 1191 1812 il-

176 1829 335 1896 Justignrio
350 1857 537 1898 West-wallise,
554 1858 627 1897 quod
635 1862 664 1888 in
679 1859 864 1897 Civitatibus,
880 1857 939 1894 &c.

179 1895 338 1941 Justiciario
358 1896 464 1936 Cestriae
474 1919 484 1936 ,
507 1897 579 1936 quod
590 1900 621 1927 in
640 1897 827 1937 Civitatibus,
851 1896 912 1932 &c.
938 1896 1013 1937 infra
1021 1901 1191 1928 Comitatum

179 1935 422 2011 Johfgzdttssggman
442 1972 602 2013 Justz'ciario
622 1973 778 2012 Hiberniae,
800 1974 873 2014 quod
879 1977 909 2003 in
923 1974 1113 2013 Comitatibus,
1130 1973 1190 2009 ὀνο.

246 2010 321 2049 infra
329 2012 488 2049 praediolum
502 2019 604 2041 terram
617 2012 762 2042 Hiberniae.

180 2048 295 2080 Roberto
308 2050 338 2079 de
354 2049 517 2089 Burghersh
529 2050 635 2091 Custodi
647 2054 762 2091 quinque
779 2053 908 2081 Portuum
922 2053 1017 2090 Regis,
1034 2051 1106 2090 quod
1109 2053 1138 2080 in
1147 2054 1192 2081 Ci-

248 2088 402 2127 vitatibus,
420 2087 479 2122 &c.
497 2088 572 2128 infra
586 2092 686 2119 Portus
693 2089 841 2128 praedicflos.

182 2125 289 2164 Majori
306 2125 344 2161 ὠ·
362 2126 485 2156 Ballivis
501 2130 599 2157 Portus
614 2130 734 2157 Dovorr.
770 2129 824 2157 uod
837 2131 865 2157 in
878 2128 964 2157 eodem
979 2129 1081 2166 Portu,
1098 2126 1157 2161 &c.

182 2164 290 2202 Majori
314 2164 353 2200 ὠ»
379 2165 504 2196 Ballivis
521 2168 619 2196 Portus
637 2167 669 2196 de
689 2169 744 2196 San
763 2170 846 2205 wico,
865 2166 937 2205 quod
946 2169 974 2196 in
988 2166 1074 2195 eodem
1089 2168 1190 2206 Portu,

181 2201 344 2280 Majgic'&
359 2241 481 2272 Ballivis
499 2245 600 2273 Portus
619 2242 651 2274 de
669 2240 836 2283 ijchelfi’,
853 2242 925 2281 quod
939 2245 968 2272 in
987 2242 1073 2272 eodem
1089 2244 1190 2282 Portu,

181 2277 340 2355 Majssc&
353 2318 475 2349 Ballivis
487 2321 588 2349 Portus
599 2318 630 2349 de
642 2320 666 2349 R
662 2329 713 2359 ye,
729 2318 802 2358 quod
809 2321 838 2348 in
852 2318 939 2347 eodem
955 2321 1039 2348 Portu
1047 2343 1057 2359 ,
1076 2319 1136 2355 (ᾔει.

184 2356 205 2376 ³¹²
219 2356 325 2393 Maiori
342 2357 380 2393 «ῥυ
392 2357 514 2387 Ballivis
530 2361 626 2387 Portus
639 2357 670 2387 de
683 2355 874 2396 Faversham,
889 2358 989 2398 quodin
996 2359 1081 2388 eodem
1090 2361 1193 2397 Portu,

181 2393 413 2462 Ballffics'pmus
423 2433 455 2462 de
467 2432 561 2462 Fordw
577 2432 612 2471 k,
631 2435 705 2472 quod
711 2437 741 2463 in
753 2433 839 2462 eodem
854 2435 956 2470 Portu,
973 2431 1033 2467 &c.

181 2469 302 2509 Ballivis
315 2473 412 2500 Portus
426 2471 458 2500 de
472 2470 545 2500 Folke
568 2481 616 2509 on,
634 2472 705 2511 quod
713 2476 742 2501 tn
756 2471 842 2499 eodem
857 2473 951 2499 Portu.

181 2507 303 2539 Ballivis
314 2512 412 2539 Portus
424 2509 455 2538 de
471 2508 604 2548 Pevense,
622 2511 693 2550 quod
704 2513 733 2539 in
746 2509 831 2538 eodem
849 2511 942 2538 Portu.

181 2546 304 2577 Ballivis
319 2550 417 2577 Portus
432 2547 463 2577 de
478 2546 620 2587 Hastinges
629 2571 639 2586 ,
657 2548 728 2588 quod
737 2551 764 2576 in
779 2547 866 2576 eodem
879 2549 972 2576 Portu.

182 2584 306 2616 Ballivis
319 2589 417 2617 Portus
431 2586 462 2615 de
474 2585 566 2616 Hethe
574 2609 584 2625 ,
598 2591 669 2626 quod
680 2590 709 2616 in
723 2585 809 2615 eodem
825 2587 910 2615 Portu
919 2608 928 2624 ,
947 2583 1007 2620 &c.

501 2715 550 2748 De
564 2712 674 2746 orando
689 2723 743 2759 pro
763 2713 850 2759 Rege.

220 2797 245 2830 E
253 2797 284 2829 X
298 2797 445 2836 Religiofis
457 2798 522 2829 viris
535 2799 564 2827 in
581 2796 696 2828 Christo
731 2797 780 2827 fibi
793 2796 941 2828 dileetis...
950 2820 957 2827 .
969 2795 1102 2828 Priori&
1111 2796 1196 2828 Con-

147 2803 210 2869 R
229 2838 324 2868 ventui
339 2836 457 2867 Ordinis
472 2836 587 2874 Majoris
602 2820 775 2866 Cartulienfis
789 2835 825 2865 de
832 2834 1020 2879 Hemptonia,
1037 2835 1157 2866 salutem.

185 2876 329 2915 Qualiter,
354 2885 407 2913 pro
420 2875 601 2914 tranquilitate
616 2875 648 2905 ὃ(
663 2884 730 2912 pace
743 2873 839 2911 Regni
853 2873 957 2915 nostri,
975 2873 1009 2904 ad
1023 2875 1194 2911 proterviam

148 2915 181 2945 &
203 2914 337 2945 malitiam
356 2913 524 2951 Scotorum,
547 2913 732 2943 inimicorum
751 2912 783 2943 &
804 2911 949 2942 rebellium
971 2911 1147 2950 nostrorum,
1165 2914 1193 2943 in

148 2951 192 2982 sua
207 2953 356 2990 pertinacia
367 2951 591 2990 perdurandum,
606 2949 813 2989 reprimendam
825 2949 916 2981 sumus
923 2949 1036 2989 nosipsi,
1054 2960 1122 2981 cum
1131 2950 1191 2981 Co-

148 2990 248 3025 mitivi
269 2989 407 3020 nobilium
428 2989 498 3020 dieti
513 2989 624 3029 Regni,
641 2991 671 3024 in
687 2988 768 3019 dietis
782 2988 903 3027 partibus
918 2987 1022 3022 Scotiae
1036 2988 1195 3028 constituti,

149 3038 208 3060 non
221 3028 362 3058 credimus
375 3038 426 3059 vos
437 3027 527 3058 latere.

187 3065 223 3096 Et
241 3067 304 3104 quia
320 3066 487 3096 in‘homine
505 3064 563 3096 non
585 3064 626 3096 est
640 3065 774 3096 auxilium
794 3064 850 3095 fine
864 3063 946 3103 Deo,
962 3075 995 3097 ac
1010 3073 1123 3103 propter
1136 3065 1193 3097 hoc

147 3112 259 3143 oportet
272 3105 468 3143 impotentiam
484 3103 608 3139 nostram
623 3103 727 3135 divinae
743 3103 839 3134 manus
854 3103 983 3141 praesidiis
995 3103 1142 3134 sustentari.

185 3141 244 3173 Vos
257 3141 404 3174 affeetuose
417 3142 620 3180 requirimus&
628 3152 777 3181 rogamus,
792 3143 914 3180 quatinus
919 3151 969 3171 nos
1004 3142 1195 3179 Margaretam

147 3179 318 3212 Consortem
343 3180 468 3212 nostram
481 3179 653 3214 kariffimam
663 3203 672 3219 ,
688 3181 788 3210 liberos
797 3203 808 3219 ,
824 3179 905 3217 ligios
920 3180 953 3210 &
966 3164 1056 3212 fi'deles
1071 3179 1194 3220 nostros,

146 3220 181 3250 &
200 3229 300 3250 omnes
318 3220 398 3250 nobis
410 3217 592 3256 adhaerentes,
609 3227 643 3248 ac
658 3217 862 3256 expeditionem
875 3217 999 3248 nostram
1015 3220 1043 3249 in
1056 3218 1195 3256 praedietis

145 3258 266 3294 partibus
278 3281 288 3296 ,
312 3258 345 3289 ὅτ
362 3257 426 3288 alibi
440 3257 611 3294 ubicumque
644 3257 673 3285 in
688 3257 833 3287 missarum
847 3256 1019 3295 solempniis,
1036 3257 1194 3287 orationum

146 3294 298 3335 suffragiis,
321 3297 354 3326 ὃς
374 3295 431 3326 aliis
449 3294 588 3324 beneficiis
607 3278 755 3361 fffiecialiter
774 3294 1018 3325 recommendatos
1040 3295 1168 3325 habentes
1184 3318 1194 3334 ,

147 3332 246 3364 Deum
259 3334 292 3365 δε
307 3333 469 3364 Dominum
481 3332 609 3363 nostrum
647 3333 816 3363 roteriiorem
825 3355 835 3371 ,
853 3343 905 3371 pro
919 3333 1000 3363 nobis
1012 3332 1194 3371 &ips1s,sup-

145 3370 255 3408 pliciter
268 3372 398 3402 exoretis:
419 3370 458 3401 Ita
473 3371 566 3409 quod,
583 3380 632 3408 per
645 3369 728 3401 vestri
742 3379 901 3401 orationum
914 3370 1058 3409 suffiagia,
1076 3373 1194 3408 gratiam

144 3409 226 3440 nobis
238 3410 271 3440 &
283 3410 343 3447 ipsis
357 3409 505 3448 adaugeat,
522 3409 640 3446 nosque⁹
656 3409 689 3439 δε
703 3406 810 3439 dictam
826 3408 994 3439 Consortem
1009 3409 1132 3439 nostram
1145 3410 1196 3448 ,li-

145 3447 244 3486 beros,
267 3447 349 3484 ligios
371 3447 495 3485 nostros,
518 3448 551 3478 &
574 3446 665 3476 fideles
684 3445 848 3485 praedietos,
865 3447 944 3477 nobis
957 3447 1138 3486 adhaerentes,
1162 3457 1195 3479 ac

146 3485 193 3517 Re
215 3494 283 3516 num
297 3484 442 3523 nostrum,
458 3484 502 3514 sua
518 3487 614 3523 piemte
628 3485 663 3515 ab
673 3484 804 3514 omnibus
814 3485 1015 3516 adversitatibus
1031 3494 1142 3516 tueatur.

210 3532 220 3554 t
246 3523 280 3554 de
304 3532 422 3554 numero
445 3521 590 3553 missarum
602 3545 612 3560 ,
634 3523 792 3553 orationum
808 3523 841 3553 &
855 3523 1073 3562 beneficiorum,
1091 3534 1151 3561 quae
1167 3525 1196 3554 in

145 3560 198 3592 hac
213 3570 289 3600 parte
310 3561 439 3593 duxeritis
453 3560 594 3599 facienda,
610 3570 660 3591 nos
671 3560 787 3592 reddatis
798 3570 848 3600 per
863 3560 963 3592 vestras
982 3562 1079 3594 litteras
1094 3564 1195 3593 certio-

148 3607 200 3630 res.

145 3675 270 3756 JtilTeste
282 3675 365 3716 Rege
378 3674 452 3715 apud
465 3674 570 3708 Villam
584 3674 679 3706 saneti
689 3674 838 3714 Johannis,
851 3674 887 3706 de
902 3673 1005 3715 Perth,
1022 3675 1135 3708 decimo
1150 3676 1195 3708 die

190 3726 218 3746 u.

460 3800 520 3831 Per.
529 3799 612 3830 breve
626 3800 657 3830 de
664 3803 779 3838 privato
784 3797 880 3840 sigillo.

181 3883 291 3919 Eodem
305 3886 394 3918 modo
410 3886 573 3920 mandatum
587 3885 628 3918 est
680 3884 772 3918 Priori
787 3885 821 3918 &
834 3885 1116 3921 ConventuiOrdinis
1123 3898 1195 3928 prae-

147 3922 218 3956 dieti
230 3926 260 3957 in
275 3925 428 3958 Selewode.

1220 180 1792 231 PUBLICA.

2221 213 2274 249 29

2292 268 2367 300 Ann.
2379 270 2422 303 D:

2291 317 2368 383 aaliz?
2373 330 2403 374 ἰζ

1228 352 1322 384 Tenor
1351 356 1526 387 Literarum
1545 356 1672 404 Philippi
1690 362 1776 406 Regis
1793 364 1943 405 Franciae‚
1965 373 2019 409 per
2035 377 2129 411 quas,
2154 379 2210 399 non
2225 366 2275 400 ob-

1264 397 1363 442 stante
1388 407 1549 448 exceptione
1565 408 1596 437 in
1613 408 1746 440 mistam
1757 433 1766 449 ,
1790 418 1904 443 tenetur
1916 410 2050 457 prestare
2069 418 2140 460 Regi
2159 417 2275 463 Angliez

1275 448 1427 482 auxilium
1447 462 1549 484 contra
1567 456 1674 500 Regem
1692 456 1883 491 Alemanniae.

1226 531 1317 600 PH.
1334 542 1382 570 par
1404 533 1429 564 la
1452 544 1534 571 grace
1558 536 1651 575 Dieu,
1675 537 1744 568 Rois
1763 539 1798 570 de
1813 540 1932 582 France,
1949 555 1964 575 a
1978 553 2046 577 touz
2059 555 2138 585 ceuS,
2163 548 2210 585 qui
2225 557 2271 579 ces
2292 546 2365 577 Ann-
2381 547 2420 578 D-

1265 571 1418 637 Ιχξτεῑεηῐεε
1433 572 1519 603 lettres
1534 584 1648 605 verront
1663 576 1695 606 δε
1710 586 1823 616 orront,
1840 579 1929 610 salutz.
2311 595 2394 626 1303.

1299 618 1348 638 ous
1363 609 1438 640 feson
1452 611 1566 642 assavoir
1582 624 1634 650 que
1649 623 1750 652 come,
2291 627 2342 651 An.
2361 634 2403 660 3¹·

1262 645 1349 676 Entre
1369 657 1426 677 noz
1446 659 1525 679 amcz
1545 651 1577 681 ὃς
1600 651 1687 689 feaus,
1712 651 1798 681 Loois
1817 653 1908 684 nostre
1922 656 2048 689 treschier
2065 659 2145 691 Frere
2178 660 2271 694 Conte
2289 665 2318 688 E.
2341 671 2364 688 ¹-

1226 682 1387 728 d’Eureuxffi
1398 685 1505 716 Robert
1520 687 1554 717 de
1570 688 1731 726 Burgoigne
1765 691 1798 720 &
1809 690 1899 728 Johan
1912 693 1947 723 de
1962 694 2106 733 Bretaigne
2140 683 2222 730 hux:
2239 702 2272 732 &
2291 704 2330 726 Ex
2342 704 2397 727 Rot.

1228 720 1322 751 Prerre
1344 722 1462 758 Seignur
1481 724 1515 754 de
1537 725 1669 757 Chambli
1692 712 1783 758 nostre
1805 728 1937 760 Chivaler
1959 732 1992 762 δε
2013 721 2195 767 Cambe'uan·
2222 749 2272 770 nos
2291 737 2367 774 infra.

1228 758 1639 831 ggeffiffffd’ffneproctuoeours'
1657 765 1782 796 Envoiez
1796 767 1829 798 &
1843 767 1972 800 establiez
1987 780 2002 800 a
2017 781 2069 801 ceo
2084 761 2272 811 especiaiment
2291 776 2369 803 Turr.

1459 810 1505 837 par
1520 825 1526 831 .

1264 834 1299 864 Et
1320 836 1414 879 nobles
1428 837 1556 870 hommes
1572 840 1645 870 Ame
1661 840 1753 872 Conte
1768 842 1803 872 de
1816 843 1933 883 Savoie,
1949 844 2040 876 Henri
2053 846 2088 878 de
2104 848 2144 879 La
2194 850 2275 884 Con-
2292 817 2345 841 Dor

1228 880 1254 902 te
1275 872 1310 902 de
1327 873 1449 913 Nicole,
1466 886 1482 906 e
1496 876 1576 908 Otho
1587 878 1622 908 de
1638 878 1786 910 Gransonn
1800 880 1930 913 Chivaler
1939 906 1950 922 ,
1967 884 2109 922 Meffages
2124 859 2273 921 &cl’rocu-

1228 920 1320 940 reours
1339 910 1374 942 de
1397 912 1537 945 Excellent
1558 915 1676 954 Prince,
1699 917 1790 948 nostre
1811 919 1929 950 trescher
1951 922 2043 962 cosm,
2067 924 2100 954 &
2115 925 2208 956 nostre
2223 928 2276 959 feel

1228 947 1300 978 Edd.
1318 958 1366 998 ¹³,ss
1380 949 1412 994 la¹
1423 961 1505 987 grace
1522 953 1613 992 Dieu,
1631 954 1688 984 Roi
1703 954 1907 996 d'Engleterre,
1925 959 2059 997 Seigneur
2071 962 2224 1003 d’Irlaund,
2241 967 2275 996 &

1228 985 1295 1053 ἕως
1311 987 1330 1016 d
1341 988 1478 1025 Aqtutann
1487 1012 1497 1028 ,
1513 994 1632 1022 envoiez
1646 993 1680 1023 &
1692 992 1820 1023 establiez
1835 994 1925 1026 d’iceli
1938 996 2275 1036 Roiespecialmentaceo

1257 1033 1332 1054 autre
1348 1034 1423 1064 part,

1241 1101 1246 1105 ῃ
1262 1063 1310 1092 Art
1324 1063 1379 1093 este
1395 1065 1572 1096 novelement
1587 1077 1624 1096 en
1639 1066 1704 1106 fait,
1721 1068 1754 1099 ὅ(
1766 1069 1884 1108 acorde,
1901 1072 1934 1102 &
1949 1072 2055 1113 ferme,
2071 1086 2087 1106 e
2100 1087 2135 1108 en
2150 1088 2226 1116 apres
2233 1090 2276 1110 ra·-

1227 1099 1298 1138 trfie,
1323 1111 1422 1140 agree,
1439 1113 1580 1140 approuve
1593 1105 1626 1135 δε
1642 1107 1789 1137 conferme
1804 1107 1840 1137 de
1852 1118 1937 1147 nouS,
1954 1111 1986 1140 ὃς
2002 1112 2039 1142 du
2055 1113 2095 1143 dit
2109 1115 2174 1156 Roy
2189 1117 2275 1148 d'En-

1228 1138 1344 1182 glererre
1377 1150 1424 1177 par
1440 1140 1529 1171 lettres
1543 1142 1696 1180 pendantz,
1717 1144 1810 1175 seelees
1824 1145 1871 1176 des
1887 1146 1957 1177 seaus
1972 1148 2007 1178 de
2021 1150 2258 1186 l'un&del⁷autre

1226 1176 1324 1207 Trarte
1339 1162 1373 1207 de
1389 1177 1479 1208 ferme
1493 1179 1607 1211 Aliance
1622 1181 1654 1211 ὃς
1670 1182 1803 1224 d’amistie
1814 1193 1891 1214 entre
1907 1195 1993 1224 nouS,
2011 1197 2062 1224 por
2075 1200 2124 1219 nos
2139 1192 2210 1222 heirs
2242 1179 2275 1225 &Z

1227 1224 1279 1258 por
1301 1226 1350 1245 nos
1373 1215 1549 1247 successeurs:
1577 1218 1611 1249 Et
1632 1219 1658 1249 le
1680 1220 1721 1250 dit
1738 1219 1801 1261 Roy
1815 1221 2022 1263 d'Engleterre,
2040 1236 2092 1263 por
2105 1227 2157 1266 lui,
2175 1216 2226 1267 por?
2238 1231 2276 1262 ses

1226 1253 1314 1292 heirs,
1329 1254 1361 1284 &
1381 1263 1433 1291 por
1447 1254 1484 1285 ses
1500 1255 1680 1296 succeffeurs,
1699 1257 1797 1289 d'estre
1814 1260 1882 1290 bons
1899 1271 1976 1301 amys
1988 1285 1999 1301 ,
2024 1264 2057 1294 δε
2070 1265 2161 1296 aidans
2179 1277 2276 1301 contre

1226 1299 1353 1374 [Οιὲξῦνε.
1364 1329 1472 1367 l'Eglise
1489 1331 1523 1362 de
1540 1331 1636 1363 Rome
1649 1355 1659 1371 ,
1675 1333 1708 1364 &
1725 1343 1855 1378 excepte,
1872 1346 1924 1374 por
1945 1337 2038 1368 nostre
2063 1349 2139 1377 parte
2150 1364 2160 1380 ,
2179 1342 2277 1374 Excel-

1224 1367 1296 1411 lente
1311 1367 1409 1398 Prmce
1424 1369 1527 1400 Aubert
1539 1370 1604 1410 Roy
1620 1371 1815 1412 d'Almaigne,
1827 1375 1860 1406 ὃς
1883 1375 1920 1405 ses
1935 1373 2098 1408 succeffeurs
2118 1379 2188 1410 Rois
2199 1381 2277 1413 d'Al-

1226 1415 1400 1476 m{lonceo'me
1423 1445 1441 1475 il
1460 1446 1500 1476 est
1540 1446 1579 1477 lus
1591 1447 1766 1491 ‘pleinement
1786 1459 1909 1481 contenu
1929 1461 1957 1481 es
1971 1451 2057 1484 lettres
2070 1454 2108 1485 du
2122 1455 2162 1487 dit
2175 1459 2261 1489 treitie

1224 1481 1318 1550 ‘sie'eletes
1345 1484 1392 1515 des
1414 1484 1485 1515 seaus
1508 1457 1556 1515 dpes
1575 1485 1635 1516 drtz.
1656 1486 1796 1525 Messages
1816 1489 1849 1519 &
1868 1488 2050 1522 Procureours
2068 1492 2150 1524 d’une
2164 1505 2222 1533 part
2243 1481 2276 1528 δῖ

1253 1531 1284 1550 au
1298 1531 1343 1559 re,

1260 1558 1295 1589 Et
1313 1569 1340 1589 es
1357 1568 1441 1591 autres
1458 1560 1546 1591 lettres
1557 1561 1593 1592 de
1606 1572 1691 1600 nous,
1703 1563 1736 1594 ὃς
1749 1563 1787 1594 du
1799 1564 1840 1595 dit
1853 1564 1919 1605 Roy
1933 1566 2132 1609 d'Engleterre,
2146 1570 2221 1602 faites
2235 1571 2276 1604 sur

1224 1595 1248 1626 la
1261 1597 1462 1629 confirmacion
1473 1599 1548 1629 desus
1559 1600 1629 1639 dite,

1263 1636 1281 1655 ³¹⁵
1300 1636 1343 1680 Se·
1357 1647 1392 1667 ne
1412 1637 1442 1667 fu
1457 1647 1562 1675 onques
1575 1660 1585 1676 ,
1607 1649 1642 1669 ne
1665 1638 1734 1670 n'est
1754 1640 1846 1671 nostre
1861 1644 2009 1674 entencion
2022 1655 2072 1684 qe,
2089 1646 2109 1677 si
2124 1646 2149 1677 le
2163 1647 2205 1679 dit
2216 1648 2277 1679 Roi

1224 1673 1420 1718 d'Almargne,
1436 1685 1474 1706 ou
1485 1686 1574 1719 aucun
1589 1676 1624 1706 de
1637 1676 1674 1707 ses
1688 1677 1870 1718 succeffours,
1887 1681 1994 1712 vouloit
2007 1683 2073 1714 faire
2084 1685 2226 1725 novelete,
2237 1697 2275 1719 ou

1226 1722 1338 1743 movoir
1359 1723 1456 1751 guerre
1474 1724 1507 1744 au
1531 1714 1572 1744 dit
1586 1714 1643 1744 Roi
1655 1715 1860 1757 d’Engleterre,
1877 1728 1911 1749 en
1923 1719 1971 1750 son
1985 1720 2114 1753 Roaume
2133 1733 2170 1755 ou
2190 1735 2225 1755 en
2238 1725 2277 1756 ses

1225 1758 1321 1789 terres,
1338 1762 1373 1781 en
1387 1752 1572 1795 despointant,
1589 1753 1778 1793 empeschant,
1797 1766 1833 1786 ou
1847 1757 1982 1788 troublant
1993 1760 2056 1790 iceli
2070 1760 2135 1802 Roy
2143 1762 2277 1800 d'Engless

1226 1796 1310 1827 terre,
1328 1800 1356 1819 es
1368 1789 1528 1829 franchises,
1545 1801 1572 1821 es
1587 1791 1715 1830 libertez,
1732 1803 1759 1823 es
1772 1794 1946 1834 privilieges,
1964 1806 1991 1827 es
2005 1797 2084 1829 droiz
2096 1822 2106 1838 ,
2129 1810 2157 1830 es
2171 1801 2276 1833 droitu-

1225 1837 1280 1894 }eS,
1298 1828 1330 1858 &
1343 1838 1370 1858 es
1382 1829 1537 1859 coustumes
1550 1829 1584 1859 de
1599 1829 1637 1860 lui
1652 1853 1662 1869 ,
1686 1831 1719 1862 &
1732 1830 1767 1861 de
1781 1831 1829 1863 son
1845 1832 2001 1873 Roiaume,
2019 1846 2053 1874 qe
2066 1847 2101 1867 en
2119 1838 2177 1869 cest
2196 1849 2242 1870 cas
2258 1839 2277 1870 il

1241 1873 1267 1895 ut
1284 1875 1414 1905 excepte,

1263 1903 1357 1934 Enties
1375 1904 1504 1936 serroiens
1516 1928 1526 1944 ,
1550 1915 1586 1935 en
1607 1906 1675 1936 cesti
1698 1917 1757 1946 cas,
1774 1918 1861 1947 nous,
1879 1919 1928 1940 nos
1951 1910 2037 1950 heirs,
2055 1913 2089 1944 &
2108 1924 2158 1944 nos
2172 1915 2278 1946 succes->

1225 1941 1312 1981 seurs,
1330 1953 1364 1975 au
1384 1943 1424 1973 dit
1438 1943 1496 1974 Roi
1509 1943 1713 1983 d'Engleterre,
1731 1956 1747 1976 a
1760 1956 1805 1976 ces
1818 1947 1894 1985 hers,
1913 1949 1946 1979 &
1959 1960 1974 1979 a
1992 1959 2037 1980 ces
2053 1950 2202 1983 succeffors
2209 1954 2279 1984 bons

1226 1982 1259 2012 &
1278 1981 1361 2011 loiaus
1379 1982 1462 2020 amis,
1482 1982 1515 2012 &
1532 1982 1629 2012 aidanz
1652 1992 1748 2013 contre
1762 1984 1825 2014 iceli
1839 1984 1905 2026 Roy
1920 1987 2115 2027 d’Almaigne,
2132 1992 2165 2022 &
2179 2000 2278 2023 contre

1227 2028 1306 2049 toutz
1317 2027 1418 2058 autres,
1437 2030 1452 2049 a
1463 2019 1610 2059 defendre,
1628 2021 1724 2058 garder
1738 2023 1770 2053 &
1785 2024 1928 2054 maintenir
1948 2025 1986 2055 les
2003 2026 2146 2058 franchises
2160 2052 2170 2068 ,
2193 2030 2230 2060 les
2246 2031 2280 2060 li-

1227 2058 1336 2096 bertez,
1353 2057 1389 2087 les
1402 2058 1562 2098 privileges,
1579 2058 1615 2089 les
1627 2060 1735 2098 droitz,
1752 2060 1789 2090 les
1801 2060 1948 2101 droitures,
1965 2064 1998 2094 &
2013 2064 2050 2095 les
2063 2066 2219 2098 coustumes
2231 2068 2282 2100 de-

1228 2095 1350 2134 susdites,
1368 2096 1441 2126 selon
1453 2096 1478 2127 la
1496 2095 1587 2126 forme
1602 2097 1636 2127 de
1649 2098 1673 2127 la
1684 2098 1741 2128 dite
1754 2098 1878 2129 Aliance.

1267 2133 1310 2164 En
1324 2133 1478 2170 tesmoigne
1489 2134 1524 2165 de
1537 2135 1562 2165 la
1576 2136 1653 2173 quele
1667 2136 1766 2175 chose,
1783 2146 1851 2168 nous
1865 2148 1961 2169 avoms
1972 2139 2020 2171 fait
2032 2140 2112 2173 seeler
2125 2152 2170 2174 ces
2191 2143 2280 2175 lettres

1229 2172 1264 2202 de
1275 2171 1366 2202 nostre
1383 2172 1441 2202 scal.

2295 1630 2315 1652 *Ψ
2324 1632 2428 1669 II.937.

1266 2247 1363 2280 Donn.
1387 2259 1402 2279 a
1417 2248 1603 2287 Loncchamp
1616 2249 1642 2279 le
1660 2249 1775 2281 Samedi
1787 2261 1825 2281 ou
1840 2252 1899 2282 'our
1914 2252 1949 2283 de
1963 2253 2040 2285 Feste
2054 2255 2131 2288 Seint
2144 2256 2232 2289 Barth.
2241 2258 2280 2290 A-

1228 2287 1337 2327 postre,
1354 2287 1406 2317 l'an
1418 2287 1454 2318 de
1469 2297 1551 2325 grace
1565 2288 1631 2325 mil,
1646 2288 1808 2328 troiscentz,
1870 2291 1944 2321 trois.
1984 2308 2008 2322 ,ι

1228 2411 1323 2444 Tenor
1352 2413 1527 2444 Literarum
1563 2414 1648 2458 Regis
1670 2415 1800 2445 Francia
1819 2439 1829 2455 ‚
1869 2425 1924 2460 per
1944 2427 2019 2462 quas
2046 2418 2163 2450 anullat
2185 2432 2281 2453 omnes

1273 2462 1394 2493 Literas
1416 2458 1604 2506 obligatoriam
1624 2459 1659 2492 de
1688 2459 1922 2507 hostagiamentis
1940 2477 1950 2503 3
1995 2476 2101 2497 necnon
2123 2470 2159 2504 (ῥ’
2184 2480 2281 2501 omnes

1272 2508 1370 2550 alias,
1387 2508 1490 2552 fabius
1499 2508 1590 2553 fhper
1607 2507 1765 2541 traditione
1784 2511 1924 2543 Ducasus
1945 2514 2127 2557 Aquitania.

1228 2591 1312 2661 ΡΗ.
1331 2602 1376 2629 par
1388 2592 1412 2622 la
1424 2602 1506 2629 grace
1519 2591 1609 2629 Dieu,
1626 2591 1696 2622 Rois
1708 2591 1743 2623 de
1756 2591 1874 2632 France,
1891 2605 1906 2625 a
1918 2602 1985 2626 touz
1997 2605 2076 2636 ceus,
2095 2599 2143 2636 qui
2157 2609 2203 2630 ces
2217 2609 2279 2638 pre-
2300 2566 2428 2647 221131331').

1292 2629 1375 2660 sentes
1389 2630 1477 2661 lettres
1489 2638 1616 2669 verront,
1633 2630 1705 2660 salut.
2295 2648 2346 2672 An.
2368 2655 2411 2681 3¹-

1252 2667 1346 2698 Come
1359 2679 1393 2698 en
1404 2669 1428 2698 la
1443 2678 1502 2707 paes

1303 2708 1307 2712 .
2296 2687 2325 2710 Ε.
2350 2692 2372 2710 t.
2389 2687 2429 2711 Ex

1263 2707 1337 2736 Faite
1355 2715 1430 2736 entre
1442 2717 1492 2737 nos

1330 2746 1337 2756 ‚
2064 2711 2097 2742 &
2112 2722 2147 2743 en
2160 2723 2236 2745 noun
2243 2714 2279 2746 de
2297 2724 2352 2748 Rot.
2362 2720 2429 2759 infra

1228 2755 1297 2775 nous
1310 2745 1328 2774 d
1338 2755 1391 2775 une
1406 2753 1477 2783 part,
1495 2745 1527 2775 &
1539 2745 1575 2774 les
1590 2742 1731 2781 Messages
1744 2745 1776 2776 &
1792 2745 1971 2778 Procureours
1982 2748 2017 2778 de
2023 2750 2155 2782 excellent
2162 2751 2278 2793 Prince,
2297 2760 2374 2787 Turr.

1228 2783 1320 2813 nostre
1337 2782 1453 2813 trescher
1472 2782 1575 2821 Cosin,
1592 2784 1625 2814 &
1638 2782 1728 2813 nostre
1750 2783 1800 2814 feal
1820 2783 1937 2815 Edward
1952 2808 1962 2823 ,
1978 2796 2025 2825 par
2040 2787 2064 2818 la
2079 2799 2164 2826 grace
2185 2790 2262 2822 Dieu
2299 2800 2360 2826 Dor.

1229 2821 1287 2851 Roi
1299 2821 1502 2859 d'Engleterre,
1517 2821 1637 2858 Seignur
1644 2820 1812 2860 d'Irlaunde,
1829 2823 1862 2853 &
1871 2822 1937 2853 Duc
1951 2824 2212 2866 d'Acquitann,por
2225 2815 2282 2870 lui:

1228 2860 1261 2891 &
1273 2870 1308 2890 en
1322 2870 1398 2890 noun
1411 2859 1445 2890 de
1457 2860 1495 2890 lui
1509 2859 1611 2890 d'autre
1623 2867 1699 2897 part,

1269 2898 1328 2928 Soit
1342 2897 1458 2936 acorde,
1476 2908 1512 2936 qe
1525 2905 1612 2928 toutes
1626 2899 1757 2928 manieres
1769 2897 1816 2928 des
1828 2897 1930 2937 lettres,
1947 2899 1980 2930 &
2000 2900 2125 2933 d‘escritz
2140 2903 2280 2942 obligato-

1230 2947 1270 2966 res
1286 2935 1500 2974 d'ostagement,
1517 2936 1599 2966 d⁹une
1612 2943 1670 2974 part
1684 2936 1717 2967 &
1731 2936 1848 2974 d'autre,
1865 2937 1898 2967 &
1911 2945 1997 2968 toutes
2010 2947 2095 2970 autres
2108 2940 2281 2981 lettres,tou-

1231 2975 1321 3005 chanz
1338 2974 1362 3004 le
1384 2975 1446 3004 baill
1466 2974 1503 3004 du
1517 2973 1630 3004 Duchie
1645 2973 1820 3012 d’Aquitain,
1837 2974 1887 3005 fait
1900 2985 1915 3005 a
1929 2986 2013 3015 nous,
2030 2987 2067 3007 ou
2080 2989 2096 3008 a
2110 2989 2160 3010 nos
2176 2989 2280 3022 gentz,

1231 3013 1266 3043 de
1301 3023 1329 3043 ar
1343 3012 1368 3043 le
1383 3012 1422 3042 dit
1438 3011 1496 3042 Roi
1510 3011 1712 3050 d’Engleterre,
1726 3012 1812 3043 soient
1826 3013 1944 3043 annulles
1962 3013 2030 3045 deca
2041 3015 2074 3046 &
2086 3016 2164 3056 dela,

1300 3061 1348 3081 ous
1362 3050 1398 3080 les
1411 3049 1478 3080 dites
1490 3049 1593 3087 lettres,
1609 3050 1643 3080 &
1658 3050 1744 3081 escriz
1757 3050 1802 3080 des
1813 3050 1872 3081 ditz
1884 3051 2095 3092 hostagemens‚
2132 3066 2264 3089 ueanous

1229 3100 1267 3120 ou
1281 3100 1295 3119 a
1309 3098 1365 3119 noz
1377 3098 1450 3125 genz
1465 3087 1553 3118 furent
1570 3087 1671 3131 livrez,
1688 3098 1725 3118 ou
1743 3088 1851 3120 bailliez
1863 3099 1910 3128 par
1922 3089 1947 3120 le
1960 3090 2001 3121 dit
2008 3090 2066 3121 Roi
2076 3065 2281 3136 d’ssngleterre}

1230 3138 1267 3158 ou
1281 3127 1318 3158 ses
1336 3136 1436 3165 gentz,
1452 3136 1490 3156 ou
1503 3127 1540 3157 ses
1553 3124 1671 3164 sourmS,
1689 3136 1724 3156 en
1738 3126 1853 3165 quelque
1866 3128 1941 3158 main
1954 3139 2008 3166 que
2021 3129 2083 3161 elles
2093 3130 2279 3171 soient,anul-

1230 3166 1306 3204 lons,
1323 3166 1447 3203 irritons,
1467 3165 1499 3195 &
1520 3165 1662 3194 anientons
1681 3163 1881 3204 desorendroit3
1897 3166 1930 3196 &
1951 3167 2068 3198 voulons
2084 3179 2138 3208 que
2152 3171 2214 3202 elles
2225 3172 2279 3203 soi-

1230 3212 1276 3235 ent
1288 3204 1387 3241 nulles,
1402 3204 1434 3234 &
1448 3202 1483 3232 de
1495 3202 1567 3232 nulle
1580 3201 1674 3239 value,
1692 3203 1728 3233 de
1744 3210 1802 3233 tout
1816 3211 1913 3241 temps.

1229 3241 1310 3311 sffllEn
1333 3241 1485 3309 tesmfiigne
1502 3240 1537 3271 de
1561 3240 1586 3271 la
1607 3240 1686 3278 quele
1705 3240 1803 3279 chose,
1820 3251 1889 3272 nous
1911 3252 1996 3274 avons
2013 3243 2062 3275 fait
2076 3253 2174 3277 mettre
2189 3245 2280 3277 nostre

1293 3290 1328 3310 en
1342 3290 1387 3311 ces
1409 3288 1494 3310 ettres.

1507 2691 1648 2743 lVIeffiges
1659 2707 1692 2737 &
1706 2705 1886 2738 Procureours
1898 2718 1948 2746 por
1961 2719 2045 2749 nous,

1268 3356 1365 3387 Donn.
1389 3367 1405 3386 a
1426 3355 1484 3386 Par.
1501 3355 1526 3384 le
1546 3353 1642 3384 Mardi
1655 3363 1729 3392 apres
1742 3353 1766 3386 la
1779 3354 1856 3386 Feste
1870 3355 1947 3388 Seint
1961 3356 2048 3389 Barth.
2070 3357 2205 3397 Apostre,
2221 3359 2275 3391 l‘an

1230 3394 1266 3425 de
1280 3405 1362 3434 grace
1376 3395 1441 3433 mil,
1458 3392 1609 3431 troiscenz,
1627 3393 1660 3424 &
1675 3394 1748 3423 trois.

1230 3526 1288 3560 Ad
1315 3529 1422 3572 Regem
1444 3525 1593 3567 francia,
1618 3523 1654 3558 de
1676 3523 1793 3606 clamys
1815 3521 2040 3559 Mercatoribus
2066 3525 2159 3560 illatis
2179 3540 2278 3561 emen·

1694 3573 1754 3606 dan
1777 3578 1810 3606 is.

1277 3656 1499 3701 Xcellentiffimo
1519 3656 1658 3701 Principi,
1675 3657 1804 3701 Domino
1825 3656 1955 3696 Philippo
1969 3681 1982 3703 ,
2003 3657 2060 3689 Dei
2082 3659 2181 3698 gratia,
2199 3659 2277 3699 Regi
2295 3678 2340 3710 An
2385 3679 2417 3711 D

1229 3666 1276 3728 E
1295 3697 1460 3727 Francorum
1483 3695 1576 3725 illustri
1590 3719 1599 3733 ,
1622 3696 1752 3726 Domino
1771 3705 1803 3726 ac
1825 3694 2039 3740 Consangumeo
2059 3695 2107 3727 suo
2120 3697 2275 3738 kariffimo,
2342 3690 2368 3711 n·
2416 3704 2423 3711 ⁴

1229 3735 1392 3779 dersardus,
1409 3733 1507 3764 eadem
1520 3734 1622 3771 grati-32,
1639 3734 1700 3763 Rex
1715 3734 1842 3801 AngliaeY,
1849 3733 1989 3764 Dominus
1999 3734 2200 3779 Hiberniae,&
2208 3737 2275 3768 Dux
2293 3728 2408 3794 ‘1203312

1230 3771 2016 3854 sermasiensisazareirficgssorffissspns
2024 3773 2221 3843 &nisan
2237 3813 2273 3844 de
2294 3799 2325 3859 ἢ

1229 3849 1426 3887 Gippeswico,
1443 3857 1490 3884 per
1502 3847 1604 3891 litteras*
1612 3847 1684 3886 suas,
1701 3858 1817 3879 comuni
1829 3847 1917 3885 sigillo
1929 3847 1976 3878 suo
1983 3848 2096 3886 signatas
2121 3851 2272 3888 quodcum
2294 3837 2334 3860 C.
2354 3842 2399 3870 3¹⁴

1229 3888 1358 3925 Rogerus
1371 3886 1404 3916 de
1419 3885 1504 3916 Barun
1518 3885 1553 3915 de
1566 3886 1690 3916 Flicham
1705 3886 1741 3916 de
1757 3887 1851 3916 Lenne
1866 3886 2025 3925 Mercator,
2040 3886 2077 3918 de
2095 3872 2200 3926 Regno
2219 3900 2273 3919 no-
2290 3875 2319 3897 E.
2345 3880 2355 3898 ¹

1229 3925 1285 3956 stro
1298 3925 1422 3961 Angliae,
1439 3933 1538 3961 nuper,
1556 3923 1617 3961 post
1632 3934 1730 3962 pacem
1744 3925 1812 3954 inter
1826 3934 1893 3963 n03,
1910 3926 1940 3954 in
1953 3924 2032 3955 diCto
2050 3925 2155 3964 Regno
2175 3927 2269 3957 nostro
2291 3917 2326 3935 m'
2349 3918 2372 3944 3‘
2390 3909 2417 3937 ι’

1172 3987 1174 3989 v
1228 3963 1341 4002 publice
1355 3962 1561 4000 proclamatum
1580 3962 1718 4000 quandam
1737 3972 1835 3994 navem
1849 3961 1991 4000 Goldingi
2003 3962 2129 4003 Mayden
2148 3964 2184 3995 de
2197 3965 2273 4003 Gip-

1229 4002 1359 4040 pewico,
1376 4000 1440 4030 lanis
1460 3999 1538 4037 ipsius
1560 3999 1668 4037 Rogeri
1679 4021 1689 4038 ,
1711 4001 1744 4031 ad
1762 4000 1906 4032 valentiam
1922 3996 2104 4032 'ducentarum
2126 4002 2274 4040 librarum,

1232 4039 1305 4078 apud
1325 4038 1526 4077 Gippewicum
1545 4038 1728 4116 carcanssang,
1744 4038 1777 4070 &
1798 4039 1833 4070 ab
1854 4038 1951 4070 eadem
1962 4038 2036 4071 Villa
2048 4039 2130 4079 usque
2143 4040 2176 4072 ad
2190 4048 2276 4109 pag?
