2570 4261
9 267 84 300 Anti.
101 266 141 298 D.

29 307 112 345 1264.

11 350 74 375 Hen.
89 355 102 382 3
109 365 116 371 ·

21 1846 74 1877 οΙ.
92 1856 155 1886 793.

764 184 875 225 ET
957 185 1223 228 ACTA

162 292 182 309 ‚‚
200 270 443 302 conservationem
462 271 538 309 pacis
552 269 656 302 nostrae
670 271 832 309 pertinent,
850 270 993 310 diligenter
1011 272 1176 311 intendatis,
1193 279 1224 302 ut

161 332 181 347 ,‚
200 309 370 348 praedictum
385 310 441 348 est,

198 370 218 385 ,‚
237 347 366 378 Firmiter
386 349 420 379 ὃς
441 348 554 386 publice
577 358 625 386 per
644 356 737 378 toturn
761 345 941 377 Comitatum
960 349 1128 386 praedi6fflm
1150 348 1225 379 inbi-

158 408 181 424 ‚,
197 386 311 424 benres,
330 395 364 415 ex
384 395 459 423 parte
479 386 573 416 nostra
585 409 595 424 ‚
614 396 650 416 ne
664 388 739 426 quis,
759 385 808 414 sub
823 394 908 427 poena
926 387 1170 426 exhaeredationis,
1189 388 1222 417 &

159 447 180 463 „
199 425 323 464 periculo
344 424 410 453 vitae
433 425 466 455 &z
488 426 685 454 membrorum
699 447 709 462 ‚
733 424 812 462 super
829 423 949 460 aliquem
970 433 1060 456 currat
1074 449 1083 463 ,
1101 435 1156 456 nec
1176 425 1226 455 ali-

161 485 182 503 „
201 473 288 502 quem
306 462 498 500 depraedetur,
514 472 568 492 ricc
581 463 735 493 homicidia
752 461 797 491 vel
811 462 956 501 incendia,
973 465 1109 502 roberias,
1126 463 1224 501 tostas,

159 525 181 541 9,
198 502 244 532 seu
265 500 314 531 alia
336 499 492 536 huiusmodi
514 509 651 540 perpetret
669 501 795 530 enormia
808 522 818 537 ,
844 509 897 529 nec
917 503 1046 541 cuiquam
1068 503 1226 542 dampnum

159 563 181 579 „
199 538 313 577 aliquod
328 538 443 577 inferat,
458 547 557 568 contra
570 548 670 578 pacem
685 537 828 575 nostram,
846 548 899 567 nec
912 540 997 570 etiam
1017 539 1052 570 de
1067 550 1173 571 caetero
1186 550 1229 570 ar-

159 601 181 618 „
198 587 245 608 ma
271 584 364 613 portet
385 578 416 606 in
436 577 542 616 Regno
561 576 662 607 nostro
676 599 685 614 ‚
707 577 763 607 fine
783 576 895 607 licenti&
924 578 1018 608 nostra
1039 580 1072 610 &
1095 579 1228 609 mandato

160 639 183 655 υ
200 613 299 645 nostro
314 614 440 654 speciali:

208 676 218 692 ,
236 652 293 690 Et,
312 655 331 684 fi
352 663 422 693 quos
443 652 602 692 hujusmodi
624 652 814 683 malefa&ores
829 663 842 691 3
858 653 892 683 ὃς
914 655 988 691 pacis
1003 655 1107 685 nostrae
1122 663 1229 693 pertur-

162 715 184 733 „
196 676 311 722 batores
322 716 333 732 ,
352 692 397 725 vel
418 693 502 721 etiam
519 715 529 730 ‚
546 700 578 722 ut
592 691 759 730 praediCtum
773 691 831 729 est,
849 702 924 722 arma
957 702 1076 723 ortantes
1091 695 1231 724 inveneri-

160 754 180 771 „
198 731 230 760 tis
245 753 255 768 ‚
273 740 322 760 eos
339 730 395 760 fine
410 730 543 760 dilatione
564 730 689 769 arestari,
711 731 744 761 &
758 729 833 761 salvo
846 729 928 761 custo
949 731 981 761 iri
995 731 1117 769 faciatis,
1134 732 1229 763 donec

162 793 184 810 2,
201 768 275 799 aliud
288 768 354 798 inde
367 769 591 807 praeceperimus.

201 830 224 846 „
241 806 279 837 Et
297 806 333 836 ad
353 806 410 836 hoc
426 829 435 844 ,
459 807 480 837 fi
500 805 611 837 necesse
629 806 712 836 fuerit
725 829 733 843 ‚
759 814 852 836 totum
874 807 952 844 posse
971 807 1042 837 dieti
1056 807 1232 847 Comitatus,

164 869 185 885 υ
204 854 272 875 cum
295 852 359 875 toto
374 844 453 882 posse
474 844 674 875 Comitatuum
695 844 898 882 adjacentium,
917 845 1064 876 vobiscum
1079 847 1232 884 assumatis,

164 907 186 924 ‚,
205 882 368 927 custodibus
386 882 509 922 ipsorum
532 883 733 914 Comitatuum
754 883 789 914 ad
811 884 984 922 consimilia,
1002 894 1071 914 cum
1090 894 1160 924 opus
1172 885 1233 915 fue-

165 945 188 962 „
207 929 243 952 rit
277 921 393 952 viriliter
407 922 578 952 auxiliantes:

199 982 222 999 „
239 943 278 989 fit
292 980 302 999 ,
320 960 341 991 fi
356 960 428 990 forte
450 960 522 1000 ipsos
540 959 729 991 malefaetores
749 959 865 990 evadere
879 962 1041 1000 contingat,
1060 959 1139 998 quod
1157 960 1233 991 nulla

165 1022 187 1040 „
205 999 312 1028 ratione
332 998 466 1029 vellemus
479 1022 488 1036 ‚
507 1008 577 1029 tunc
600 998 635 1028 de
657 999 820 1029 nominibus
840 1009 940 1028 eorum
954 1000 1037 1029 nobis
1049 998 1176 1029 constare
1193 1000 1233 1030 fa-

165 1061 188 1078 υ
204 1037 299 1076 entis,
317 1045 348 1066 ut
361 1037 438 1077 quod
455 1037 558 1068 ‘ustum
573 1037 656 1067 fuerit
669 1036 793 1076 deipsis,
810 1036 869 1066 fieri
881 1037 1022 1069 faciamus.

202 1095 212 1113 ‚
243 1073 281 1105 Et
302 1076 367 1113 quia
410 1048 524 1106 inslanti
543 1075 732 1106 Parliamento
751 1074 850 1105 nostro
863 1098 872 1113 ,
890 1075 926 1105 de
944 1076 1062 1120 negotiis
1081 1075 1182 1106 nostris
1199 1077 1234 1107 &

167 1136 189 1153 „
209 1097 305 1153 Regni
329 1098 418 1144 nossri
439 1124 507 1145 cum
527 1114 667 1152 Praelatis,
685 1112 884 1152 Magnatibus,
902 1114 935 1145 &
955 1113 1014 1143 aliis
1027 1113 1153 1145 fidelibus
1168 1125 1235 1145 nos-

167 1175 189 1192 „
206 1152 253 1182 tris
267 1152 383 1183 tra6h³re
396 1152 550 1183 necessario
563 1162 616 1182 nos
629 1152 790 1190 oportebit,

205 1213 226 1230 ‚,
244 1189 335 1221 Vobis
356 1191 520 1222 mandamus
551 1191 657 1221 uatinus
670 1199 788 1229 quatuor
802 1190 837 1220 de
854 1189 1029 1229 legalioribus
1043 1190 1077 1221 &
1092 1190 1235 1221 discretio-

164 1252 188 1269 „
207 1229 282 1259 ribus
294 1228 437 1260 Militibus
450 1230 520 1260 dicti
563 1227 713 1266 omitatsis,
731 1238 780 1266 per
793 1228 928 1258 assensum
938 1228 1059 1266 ejusdem
1073 1227 1235 1259 Comitatus

165 1288 190 1307 ,‚
204 1267 238 1298 ad
253 1267 311 1298 hoc
325 1268 432 1298 eleetos
441 1290 452 1305 ,
470 1268 504 1298 ad
521 1278 574 1298 nos
588 1276 640 1304 pro
654 1274 717 1296 toto
730 1265 879 1297 Comitatu
893 1266 943 1296 illo
956 1267 1084 1304 mittatis;

209 1328 230 1344 „
250 1305 292 1336 Ita
305 1307 383 1345 quod
396 1306 449 1337 sirit
460 1306 495 1337 ad
508 1315 561 1336 nos
575 1304 709 1334 London.
724 1305 753 1333 in
766 1304 886 1334 octabis
900 1303 1024 1334 instantis
1035 1303 1109 1334 Festi
1123 1304 1234 1336 Sanctae

167 1367 188 1384 ,‚
205 1344 351 1375 Trinitatis
365 1345 400 1376 ad
410 1345 559 1381 ultimum,
578 1342 726 1372 nobiscum
739 1342 880 1372 tradiaturi
900 1342 936 1372 de
948 1343 1067 1381 negotiis
1081 1343 1234 1382 praedietis:

167 1406 190 1423 „
207 1381 269 1413 Vos
282 1391 376 1414 autem
390 1384 420 1412 in
438 1382 489 1412 hiis
501 1381 634 1412 omnibus
647 1379 815 1417 exequendis
837 1388 894 1410 tam
910 1380 1025 1411 fideliter
1039 1382 1072 1412 &
1085 1381 1232 1421 diligenter

170 1444 191 1460 „
206 1431 258 1452 vos
269 1420 408 1459 habeatis,
423 1430 459 1451 ne
473 1430 522 1461 per
535 1419 733 1459 negligentiam
752 1417 836 1449 vestri
854 1418 888 1449 ad
903 1428 955 1451 vos
967 1419 1001 1451 &
1016 1419 1106 1451 vestra
1118 1421 1236 1461 graviter

168 1482 191 1500 „
209 1469 307 1499 capere
320 1459 479 1491 debeamus,

208 1559 230 1577 2,
242 1523 335 1568 Teste
348 1536 431 1576 Rege
445 1535 519 1575 apud
533 1534 671 1568 sanetum
692 1533 811 1566 Paulum
830 1533 966 1566 London.
983 1544 1084 1575 quarto
1096 1536 1141 1568 die
1152 1536 1240 1576 Junii.

204 1636 215 1653 ,
245 1612 357 1658 Eodem
378 1612 469 1643 modo
488 1612 666 1657 constituitur
688 1611 827 1656 Ricardus
847 1611 883 1643 de
897 1612 983 1652 Tany
1003 1611 1108 1644 Custos
1119 1613 1194 1654 pacis
1212 1614 1242 1644 in

171 1675 193 1693 ,‚
210 1637 402 1684 Comitatibus
413 1651 534 1682 Effexiae
545 1651 579 1683 &
593 1649 778 1681 Hertfordiae.

209 1728 481 1799 ῑζί1;1Ξ.)οι16111Γ1110110
501 1726 683 1760 constituitur
708 1726 852 1766 Johannes
871 1727 909 1759 de
928 1727 1021 1768 Eyvill
1043 1729 1072 1758 in
1094 1726 1244 1760 Comitatu

173 1792 195 1809 ‚‚
279 1777 364 1798 racen
375 1778 395 1796 1.

209 1868 231 1884 „
245 1845 265 1865 *
284 1844 398 1875 Eodem
413 1842 504 1874 modo
515 1842 696 1875 constituitur
706 1841 852 1882 Johannes
858 1843 894 1874 de
908 1843 1003 1883 Burgo
1016 1843 1117 1875 Senior
1132 1845 1163 1875 in
1178 1843 1243 1876 Co-

173 1906 194 1923 „
211 1884 311 1915 mitatu
327 1882 502 1914 Norfolciae.

208 1983 232 2031 ,ἐ
246 1959 358 2030 {gdem
380 1958 473 1991 modo
492 1958 673 1992 constituitur
694 1958 866 1990 Willielmus
887 1959 922 1990 de
937 1959 1031 1991 Bovill
1045 1960 1075 1991 in
1090 1959 1242 1992 Comitatu

171 2022 194 2039 „
235 2009 252 2030 u
306 2008 369 2030 ciae.

209 2098 229 2115 ,‚
248 2063 371 2106 Eodem
383 2073 474 2105 modo
495 2074 676 2108 constituitur
695 2073 827 2115 AEgidius
848 2075 884 2106 de
906 2075 1082 2115 Argentenn.
1097 2076 1127 2106 in
1142 2074 1248 2107 Corni-

173 2137 194 2154 „
212 2122 272 2145 tatu
288 2112 490 2153 Cantabrigiae.

247 2189 361 2221 Eodem
389 2190 481 2222 modo
507 2191 686 2224 constituitur
713 2191 857 2223 Henricus
885 2191 1014 2232 Engaine
1039 2193 1069 2223 in
1097 2191 1247 2223 Comitatu

172 2252 194 2269 „
248 2238 307 2260 unt.

209 2330 231 2346 „
248 2306 363 2338 Eodem
377 2306 468 2338 modo
481 2307 662 2340 constituitur
675 2308 849 2340 Willielmus
867 2307 894 2339 le
911 2307 1079 2339 Mareschall
1095 2308 1126 2338 in
1141 2306 1248 2338 Comi-

173 2369 194 2386 „
212 2354 271 2378 tatu
287 2345 474 2385 Northampt.

211 2445 233 2462 „
251 2421 365 2454 Eodem
385 2422 477 2454 modo
497 2423 675 2456 constituitur
696 2423 870 2454 Godefridus
889 2422 925 2453 de
948 2422 1123 2454 Escudemor
1136 2424 1166 2454 in
1183 2423 1248 2454 Co-

173 2484 194 2501 „
211 2462 313 2492 miratu
326 2461 424 2492 Wilts.

212 2560 223 2577 ,
248 2537 364 2608 Enqlqiffi
378 2537 675 2614 ffissffian‘ig‘t‘ffitmffl
690 2537 835 2576 Johannes
851 2537 889 2569 de
916 2537 1022 2579 Saneto
1049 2537 1200 2569 Walerico
1217 2540 1252 2570 in

176 2599 196 2617 „
551 2600 556 2605 .

213 2651 476 2724 &ssossff-mc'do
495 2653 675 2685 constituitur
689 2652 862 2684 Willielmus
878 2654 914 2685 de
932 2653 1026 2693 Tracy
1047 2654 1078 2684 in
1101 2652 1249 2685 Comitatu

176 2715 198 2733 „
277 2702 295 2722 u
356 2702 413 2722 nae.

209 2768 362 2839 'ondffltn
379 2768 673 2837 Exodostconstituitur
692 2768 861 2807 Radulphus
882 2767 971 2800 Basset
990 2768 1026 2800 de
1048 2768 1192 2807 Sapercon
1217 2770 1248 2800 iri

176 2831 197 2848 ‚,
246 2816 334 2838 ornita
347 2817 365 2837 u
406 2817 475 2848 eyce
503 2817 559 2838 riae.

215 2883 372 2956 &Eodem
398 2883 489 2917 modo
508 2884 689 2916 constituitur
708 2883 841 2915 Thomas
863 2882 898 2914 de
925 2883 1033 2925 Estleys
1051 2885 1082 2916 in
1101 2882 1249 2917 Comitatu

177 2946 200 2963 „
245 2963 247 2965 ι
262 2934 314 2955 arr.

223 3023 233 3038 ‚
250 2999 365 3031 Eodem
377 2999 468 3030 modo
480 3000 658 3032 constituitur
673 3000 818 3032 Robertus
835 2998 871 3030 de
887 2999 1028 3042 Stradeley
1051 3001 1082 3030 in
1100 3000 1249 3032 Comitatu

173 3053 195 3078 >¹³
249 3047 301 3069 ott.

217 3114 372 3185 ‚bFssdem
390 3115 482 3146 modo
503 3115 683 3148 constituitur
703 3115 844 3148 Ricardus
864 3115 899 3147 de
921 3114 1041 3147 Vernon
1055 3117 1086 3147 in
1099 3116 1248 3148 Comitatu

184 3176 206 3193 ,‚
258 3164 274 3185 e
309 3177 316 3183 .

254 3229 367 3261 Eodem
380 3229 472 3261 modo
486 3229 663 3262 constituitur

218 3253 458 3308 ⁷ssuckinghamiae
672 3230 818 3270 johannes
832 3230 903 3262 filius
912 3230 931 3270 J
933 3230 1050 3261 ohannis
1058 3232 1089 3262 in
1102 3231 1249 3262 Comitatu

181 3291 204 3308 n
460 3292 467 3298 .
844 3289 845 3292 Ἴ

219 3368 241 3384 „
257 3344 371 3376 Eodem
385 3344 476 3375 modo
488 3344 669 3375 constituitur
682 3344 826 3376 Walterus
838 3345 874 3377 de
884 3345 1047 3386 Beuchamp
1064 3346 1100 3377 de
1115 3345 1251 3378 Chalves-

186 3406 208 3424 „
225 3392 266 3415 ter
278 3385 309 3414 in
322 3382 472 3413 Comitatu
486 3383 618 3414 Bedford.

222 3484 255 3531 ,ὁ
259 3459 374 3491 Eodem
388 3457 479 3490 modo
493 3456 673 3489 constituitur
686 3456 835 3490 Gilbertus
853 3457 889 3489 de
901 3459 1041 3492 Ellesfend
1054 3462 1085 3492 in
1100 3460 1249 3492 Comitatu

182 3523 207 3539 2,
258 3509 323 3530 xon.

222 3598 247 3645 i}
260 3574 372 3645 Elpdem
385 3572 478 3605 modo
491 3571 670 3604 constituitur
682 3570 826 3605 Robertus
840 3573 911 3606 filius
923 3574 1034 3615 Nigelli
1048 3576 1078 3607 in
1100 3574 1249 3607 Comitatu

185 3636 207 3654 „
249 3624 276 3645 er
297 3623 317 3644 s.

223 3687 489 3761 ᾔὲῐξξεπιὺιῃοάο
509 3687 688 3720 constituitur
704 3685 849 3725 johannes
870 3688 907 3720 de
918 3688 1044 3722 Plessetis
1057 3692 1086 3722 iri
1100 3690 1251 3722 Comitatu

186 3751 219 3769 υἴ
328 3739 376 3761 um
399 3752 405 3758 ·

219 3804 372 3874 ‚ongem
390 3803 481 3835 modo
502 3803 679 3835 constituitur
695 3801 825 3834 Thomas
842 3802 879 3833 de
896 3802 1032 3837 Muleton
1051 3807 1082 3837 in
1100 3805 1250 3837 Comitatu

185 3864 207 3882 ²,
254 3853 303 3874 um
324 3854 346 3874 r-

221 3922 224 3923 ’
258 3918 372 3952 Eodem

184 3979 208 3997 „
221 3941 390 3990 wettinus

226 4033 512 4107 ᾖξτῐέιρὲξσῗὲἰῑω
533 4035 663 4070 Henrioo
683 4034 721 4068 de
743 4033 918 4067 Monteforti
931 4032 1105 4069 vicecomiti
1124 4034 1241 4070 Kantiae

393 3921 485 3952 modo
502 3918 682 3952 constituitur
692 3917 837 3957 Joliannes
857 3918 894 3949 de
908 3917 1042 3952 Marevill
1056 3920 1087 3950 in
1101 3919 1250 3953 Comitatu

1305 188 1780 234 PUBLICA:
2276 199 2327 248 89

1263 294 1283 310 „
1297 273 1378 341 quod
1392 275 1513 306 intendat
1532 277 1668 308 custodiae
1684 279 1758 322 pacis
1770 302 1780 316 ,
1796 278 1857 310 &e
1872 288 1937 324 quae
1949 281 2100 313 commissa
2113 282 2166 314 fiiit
2180 282 2267 313 Petro
2287 285 2322 315 de
2342 284 2417 315 Ann.
2431 285 2475 316 D:

1263 332 1283 348 ,‚
1329 312 1509 352 rehampron,
1524 315 1672 347 deferenda
1683 317 1776 346 eidem
1788 317 1928 350 Henrico.
2358 323 2444 362 1264.

1302 386 1455 456 bclicsidem
1483 390 1572 420 modo
1601 392 1779 423 constituitur
1803 394 1946 432 Johannec
1972 396 2008 427 de
2029 397 2098 428 Aur.
2123 399 2153 428 in
2180 397 2327 431 Comitatu
2337 367 2401 391 Hm.
2419 373 2445 399 3·

1267 445 1287 462 2>
1384 447 1390 453 ·

1304 500 1456 570 {helii’dem
1471 503 1560 534 modo
1574 505 1753 537 constituitur
1766 507 1878 539 Brianus
1890 509 1926 540 de
1941 509 2050 542 Gowiz
2070 512 2098 542 in
2114 511 2262 545 Comitatu
2277 514 2332 545 So-

1268 560 1288 577 „
1380 563 1386 570 .

1317 639 1327 652 ‚
1345 616 1459 648 Eodem
1481 618 1569 649 modo
1589 620 1768 652 constituitur
1788 621 1920 653 oliverus
1939 624 1975 654 de
1996 624 2112 664 Dynant
2133 626 2163 656 in
2182 626 2331 659 Comitatu

1270 676 1290 692 „
1342 665 1427 685 evon.

1307 753 1327 768 ,‚
1343 730 1453 779 Eodem
1471 733 1560 764 modo
1573 735 1751 777 constituitur
1764 736 1927 777 Radulphus
1938 737 2029 769 Baffet
2040 739 2075 770 de
2091 741 2221 782 Drayton
2234 740 2334 772 inCo-

1270 790 1291 806 „
1309 777 1407 800 mitatu
1418 771 1511 808 balop.
1526 774 1559 803 ὃ(
1574 774 1653 804 Staff.
1840 788 1845 793 ·

1272 918 1297 935 ,‚
1324 894 1371 926 De
1391 894 1587 929 Ordinatione
1609 909 1664 944 per
1688 903 1835 934 Simonem
1861 900 1896 934 de
1927 903 2098 946 Montfort‚
2123 906 2160 941 ά*
2180 905 2338 951 Complices

1484 970 1508 987 ‚,
1527 945 1599 990 sitos
1620 947 1702 992 apud
1718 949 1849 983 London.
1863 961 1918 995 pro
1927 961 2000 995 pace
2015 955 2118 997 Regni.

1272 1048 1293 1064 „
1312 1023 1473 1085 HAEC
1499 1027 1545 1073 est·
1558 1029 1648 1060 forma
1705 1032 1744 1061 cis
1757 1033 1772 1061 a
1796 1030 1929 1064 Domino
1953 1034 2036 1075 Rege
2052 1059 2062 1074 ‚
2080 1036 2113 1066 δε
2129 1035 2262 1066 Domino
2277 1036 2335 1067 Ed·
2382 1031 2443 1071 ΚΕΖ*

1273 1086 1294 1102 ,,
1385 1102 1389 1107 .
1406 1066 1568 1097 wardofilio
1575 1068 1640 1105 suo,
1685 1068 1836 1106 raelatis,&
1850 1071 2014 1103 Proceribus
2025 1075 2157 1105 omnibus
2191 1076 2223 1105 &
2238 1075 2333 1105 Corn-
2349 1072 2459 1102 ⁶³P'12'0·

1273 1125 1293 1140 ,‚
1311 1110 1521 1173 ffittltr‘iitaxtedgpta
1530 1104 1639 1174 tRegni
1657 1106 1771 1146 Angliae
1790 1111 1983 1140 communiter
1997 1112 2031 1142 &
2046 1097 2223 1143 concorditer
2233 1123 2334 1153 appro-
2351 1102 2485 1178 ‘22¹34D‘

1485 1153 1529 1173 ice
2450 1163 2457 1169 .

1274 1162 1294 1178 ῃ
1310 1200 1330 1217 ,,
1350 1163 1442 1223 Q'uod
1455 1166 1583 1219 quaeda'm
1602 1180 1757 1227 ordinatio,
1774 1183 1847 1215 faeta
1861 1185 1890 1215 in
1904 1182 2091 1218 Parliamento
2106 1187 2238 1219 London.
2254 1190 2335 1221 habi·
2351 1184 2404 1207 Aa.
2415 1180 2468 1215 4&

1273 1239 1294 1255 „
1311 1225 1342 1247 to
1363 1227 1438 1262 eirca
1461 1219 1576 1251 Festum
1592 1220 1755 1253 NatiVitatis
1771 1222 1845 1253 beati
1861 1224 1999 1262 johannis
2028 1224 2156 1264 Baptistae
2174 1250 2184 1265 ,
2203 1230 2333 1265 proximo
2350 1223 2385 1245 H.
2402 1227 2428 1255 3·

1273 1277 1294 1293 „
1309 1264 1479 1299 praeteritum
1493 1281 1503 1297 ,
1522 1268 1580 1303 ‘pro
1599 1269 1668 1299 pace
1688 1259 1783 1300 Regni
1805 1262 1991 1293 conservanda
2031 1264 2173 1303 quousque
2191 1274 2243 1304 pax
2263 1268 2335 1296 inter
2352 1261 2370 1283 P
2372 1263 2399 1284 Μ
2405 1277 2409 1282 ·
2422 1254 2470 1291 48“

1274 1316 1294 1332 „
1312 1294 1423 1341 51¹qu
1436 1295 1599 1340 Dominum
1616 1297 1747 1338 Regem,
1765 1299 1799 1330 &
1811 1299 1929 1331 Baiones
1940 1285 2015 1341 apud
2028 1301 2135 1340 Leues,
2152 1313 2201 1342 per
2213 1304 2334 1335 formam
2353 1299 2386 1322 H.
2406 1304 2430 1330 3·

1276 1355 1296 1370 ,‚
1312 1332 1452 1370 cujusdam
1465 1335 1546 1380 ‘ml'fae
1561 1358 1571 1373 ,
1588 1337 1741 1376 praelocuta
1762 1339 1967 1378 compleretur,
1983 1340 2111 1371 duratura
2131 1342 2265 1372 omnibus
2280 1343 2339 1373 die·
2354 1343 2389 1360 m·
2406 1333 2433 1358 ⁶·
2445 1330 2472 1358 ‘¹’

1277 1393 1298 1409 „
1312 1368 1364 1401 bus
1399 1372 1513 1417 *raedieti
1537 1373 1660 1405 Domini
1683 1374 1789 1415 Regis,
1805 1377 1838 1408 δε
1859 1379 1942 1408 etiam
1964 1379 2137 1418 temporibus
2148 1379 2269 1410 Domini
2282 1380 2341 1411 Ed·
2354 1382 2380 1398 ῃ·
2399 1379 2443 1399 ¹0·

1279 1432 1300 1448 „
1319 1420 1376 1440 war
1396 1421 1427 1449 i,
1451 1411 1601 1451 postquam
1620 1415 1649 1444 in
1671 1413 1784 1453 Regem
1803 1415 1885 1446 fuerit
1904 1416 2074 1457 assumptus,
2093 1417 2178 1455 usque
2198 1418 2232 1448 ad
2247 1421 2343 1449 termi-

1278 1470 1300 1487 „
1316 1458 1388 1492 ntum
1411 1459 1497 1493 quem
1512 1459 1546 1480 ex
1560 1461 1638 1483 nunc
1650 1452 1759 1483 duxerit
1778 1453 2002 1493 moderandum,
2022 1455 2100 1485 firma
2115 1464 2242 1495 maneat,
2261 1456 2346 1489 stabi-

1279 1509 1303 1524 ,‚
1321 1487 1371 1527 lis,
1390 1488 1423 1519 &
1438 1489 1620 1528 inconcussa·²
1640 1491 1715 1522 dieta
1728 1500 1821 1522 autem
1835 1493 1978 1524 ordinatio
1991 1494 2049 1524 talis
2061 1493 2111 1524 est.

1318 1587 1339 1604 ,‚
1359 1565 1406 1597 Ad
1422 1565 1655 1610 reformationem
1670 1567 1761 1599 Statsis
1776 1568 1871 1609 Regni
1879 1569 1991 1610 Angliae
2007 1571 2140 1611 eligantur
2153 1572 2350 1604 &nominen-
2434 1571 2454 1591 *³

1281 1624 1302 1642 „
1319 1612 1364 1634 tur
1379 1612 1432 1635 tres
1445 1604 1553 1636 discreti
1567 1606 1600 1635 &
1614 1605 1706 1649 fideles
1720 1608 1756 1638 de
1771 1607 1798 1637 R
1837 1619 1892 1646 no,
1907 1610 1954 1647 qui
1975 1610 2094 1640 habeant
2108 1611 2301 1643 auooritatem
2310 1614 2344 1644 &

1282 1663 1303 1680 „
1324 1643 1491 1688 potestatem
1514 1645 1535 1688 ‘a‘
1552 1643 1693 1689 Domino.
1707 1645 1788 1690 Rege
1801 1617 1930 1686 eeffigendi
1945 1671 1955 1686 ,
1981 1649 2025 1678 seu
2047 1650 2230 1689 nominandi,
2248 1651 2267 1671 *³
2283 1652 2348 1682 vice
2363 1659 2415 1688 *1,
2428 1661 2495 1695 794..⁴

1282 1703 1304 1719 ,‚
1322 1680 1447 1725 Domini
1461 1681 1566 1726 Regis,
1585 1681 1766 1714 Consiliarios
1786 1695 1910 1724 novem3
1929 1686 1965 1716 de
1985 1687 2085 1731 quibus
2099 1697 2220 1726 novem,
2238 1697 2292 1720 tres
2311 1690 2347 1721 ad.

1281 1741 1304 1758 „
1322 1727 1415 1750 minus
1429 1720 1586 1751 alternatim
1618 1721 1662 1752 seu
1676 1722 1797 1753 vicissim
1812 1724 1917 1761 semper
1929 1725 1980 1754 sint
1996 1735 2024 1755 in
2039 1724 2125 1756 Curifi
2139 1727 2303 1767 praesenres3

1319 1780 1340 1797 ‚‚
1358 1757 1399 1802 Et
1419 1758 1565 1790 Dominus
1619 1770 1651 1790 ex
1664 1783 1673 1798 ‚
1692 1771 1740 1798 per
1754 1763 1900 1793 consilium
1914 1764 2082 1794 eorumdem
2095 1775 2171 1796 nove
2210 1789 2219 1803 ,
2237 1768 2350 1799 ordinet

1284 1819 1304 1836 ,‚
1322 1798 1357 1828 ὅ(
1372 1797 1499 1842 disponat
1513 1797 1548 1828 de
1566 1797 1696 1829 custodis
1717 1799 1880 1832 Castrorum
1894 1824 1904 1840 ,
1922 1802 1955 1832 &
1969 1803 2101 1834 omnibus
2121 1804 2177 1834 aliis
2222 1807 2286 1844 egni
2300 1816 2353 1836 ne-

1283 1858 1304 1874 „
1321 1844 1419 1875 gotiis:

1323 1898 1344 1914 „
1362 1874 1503 1919 Praeficiat
1516 1876 1600 1919 etiam
1615 1875 1835 1908 Dominus'Rex
1850 1889 1899 1919 per
1911 1878 2072 1911 Confilium
2080 1880 2283 1918 praedictorum
2298 1892 2353 1913 no-

1284 1936 1305 1952 „
1323 1924 1409 1958 vem,
1420 1913 1612 1958 Justiciarium
1627 1937 1636 1952 ‚
1654 1914 1876 1956 Cancellarium,
1890 1918 2123 1957 Thesaurarium,
2141 1921 2174 1950 &
2188 1921 2255 1950 alios
2270 1920 2351 1951 Offi-

1283 1974 1304 1990 „
1322 1953 1419 2024 cialegc
1415 1963 1532 2022 1111Ξ1016ξ
1546 1954 1580 1984 δε
1595 1954 1736 1993 minores,
1751 1955 1780 1985 in
1801 1955 1850 1985 hiis
1865 1966 1928 1994 quae
1942 1957 2066 1997 spectant
2079 1957 2114 1988 ad
2133 1958 2274 1997 Regimen
2289 1958 2352 1990 Cu-

1322 2001 1371 2022 riae
1501 2001 1544 2021 ni:

1283 2012 1305 2029 υ
1322 2053 1343 2070 „
1355 2000 1500 2070 Jurabur‘iff
1505 2038 1600 2075 autem
1611 2031 1695 2071 primi
1707 2030 1849 2062 Elector&
1863 2032 1917 2063 five
1925 2032 2130 2065 Nominatores
2141 2033 2235 2074 quod,
2252 2036 2350 2068 secun-

1284 2090 1306 2106 „
1324 2071 1395 2100 dum
1417 2069 1618 2100 conscientiam
1638 2069 1737 2113 suam,
1762 2070 1863 2109 eligent
1882 2072 1927 2102 vel
1949 2074 2137 2103 nominabunt
2153 2072 2351 2114 Consiliarios,

1287 2130 1307 2146 „
1324 2118 1395 2148 quos
1413 2108 1527 2139 credent
1541 2108 1645 2139 honori
1661 2106 1719 2139 Dei
1733 2109 1766 2140 &
1780 2108 1928 2149 Ecclesiae,
1949 2111 2083 2142 Domino
2105 2112 2180 2152 Regi
2194 2114 2227 2144 &
2245 2113 2350 2154 Regno

1287 2168 1307 2185 „
1325 2147 1404 2178 utiles
1420 2148 1453 2178 &
1468 2147 1577 2178 fideles:

1323 2208 1344 2226 ,‚
1362 2184 1521 2217 Consiliarii
1543 2196 1679 2231 quoque,
1699 2196 1732 2217 ac
1749 2196 1848 2219 omnes
1866 2188 2015 2227 officiales,
2034 2190 2150 2228 majores
2162 2189 2196 2220 &
2212 2190 2335 2220 minores

1285 2246 1306 2263 „
1324 2226 1354 2255 in
1378 2224 1421 2255 sua
1443 2224 1617 2265 Creatione,
1652 2226 1770 2256 urabunt
1786 2227 1861 2266 quod
1884 2227 1979 2258 officia
1999 2229 2059 2265 sua,
2080 2236 2132 2265 pro
2143 2227 2221 2267 posse
2236 2227 2298 2266 suo,
2318 2239 2332 2258 a

1287 2285 1307 2302 ,‚
1325 2263 1467 2294 honorem
1487 2264 1547 2294 Dei
1569 2265 1602 2295 &
1650 2264 1757 2295 cclesiae
1769 2288 1778 2303 ,
1803 2266 1837 2296 &
1857 2266 1891 2296 ad
1913 2266 2060 2297 utilitatem
2082 2266 2206 2296 Domini
2221 2265 2353 2305 Regis&

1285 2323 1311 2341 „-
1324 2301 1421 2342 Regni
1441 2301 1542 2343 absque
1556 2312 1673 2334 munere
1686 2326 1696 2341 ,
1713 2311 1812 2341 praeter
1833 2303 1969 2335 esculenta
1991 2306 2024 2336 &
2039 2305 2210 2345 poculenta,
2228 2315 2292 2343 quae
2305 2315 2356 2337 co-

1287 2364 1309 2381 „
1327 2342 1449 2372 munitet
1461 2343 1491 2372 in
1507 2342 1607 2372 mensis
1621 2342 1776 2381 praesentari
1788 2342 1890 2383 solent,
1905 2341 2021 2374 fideliter
2035 2352 2214 2381 exequentur.

1323 2402 1344 2419 „
1363 2380 1472 2419 Quod,
1491 2381 1512 2411 fi
1532 2380 1661 2420 praedicti
1684 2378 1842 2412 Consiliarii
1857 2405 1866 2420 ‚
1884 2382 1929 2413 vel
1950 2383 2036 2420 aliqui
2071 2382 2115 2412 seu
2129 2382 2225 2421 aliquis
2237 2392 2354 2423 eorum,

1287 2441 1308 2458 „
1322 2421 1353 2448 in
1368 2418 1626 2458 administratione,
1645 2418 1694 2449 sibi
1708 2419 1872 2453 commissa,
1891 2421 1963 2450 male
1983 2404 2077 2451 vertiti
2093 2420 2138 2451 vel
2156 2421 2272 2452 versatus
2291 2423 2353 2453 fue-

1288 2480 1309 2496 „
1324 2458 1377 2487 rint
1393 2465 1441 2487 aut
1461 2458 1558 2497 fuerit,
1573 2457 1618 2489 seu
1635 2467 1669 2487 ex
1682 2457 1732 2487 alia
1753 2457 1831 2488 causa
1845 2459 1971 2489 mutandi
1989 2458 2110 2497 fuerint,
2129 2457 2272 2489 Dominus
2289 2461 2356 2491 Rex

1288 2518 1308 2534 „
1327 2504 1375 2534 per
1390 2496 1538 2526 confilium
1552 2496 1677 2534 priorum
1690 2496 1775 2526 trium
1787 2495 1953 2527 Electorum
1968 2496 2013 2527 seu
2028 2498 2240 2528 nominatorum
2252 2521 2263 2537 ,
2281 2509 2354 2537 quos

1286 2556 1306 2575 ‚,
1328 2534 1504 2565 amovendos
1516 2535 1633 2572 viderit,
1647 2542 1791 2564 amoveat:
1811 2534 1849 2565 Et
1871 2535 1937 2566 loco
1950 2545 2050 2571 eorum
2059 2559 2070 2574 ‚
2087 2545 2135 2575 per
2147 2535 2275 2575 eosdem,
2288 2537 2357 2569 alios

1288 2594 1308 2611 ,‚
1324 2572 1417 2603 fideles
1432 2573 1465 2603 δε
1481 2574 1600 2603 idoneos
1613 2572 1743 2612 subroget
1758 2572 1792 2603 &
1805 2572 1955 2604 substituat.

1325 2633 1345 2649 „
1363 2611 1393 2641 Si
1412 2618 1507 2641 autem
1521 2609 1670 2655 officialeS,
1686 2611 1803 2648 majores
1821 2611 1868 2642 vel
1891 2614 2030 2652 minores,
2048 2613 2076 2642 in
2097 2612 2201 2644 officiis
2216 2613 2267 2644 suis
2280 2615 2355 2647 male

1287 2672 1308 2688 ,‚
1324 2649 1465 2680 versentur
1479 2673 1489 2688 ,
1508 2649 1652 2679 Dominus
1670 2647 1750 2687 Rex,
1770 2658 1819 2686 per
1840 2648 1997 2681 Consilium
2017 2651 2216 2691 praedi&orum
2228 2662 2356 2693 novem,

1252 2714 1255 2717 .
1287 2711 1308 2727 ‚,
1326 2688 1398 2727 ipsos
1417 2696 1548 2719 amoveat
1560 2710 1570 2727 ‚
1587 2688 1621 2718 &
1640 2686 1707 2718 alios
1726 2688 1783 2717 sine
1801 2686 1933 2720 dilatione
1944 2712 1954 2728 ,
1970 2700 2018 2730 per
2032 2688 2190 2721 Consilium
2203 2691 2355 2730 praedicto-

1289 2749 1310 2765 „
1326 2736 1407 2765 rum,
1418 2727 1485 2757 loco
1500 2720 1618 2765 eorum,
1633 2725 1784 2757 substituat.

1329 2788 1348 2804 „
1365 2765 1457 2804 Qiod
1469 2788 1479 2804 ,
1497 2766 1515 2796 si
1537 2765 1619 2806 primi
1638 2769 1691 2795 tres
1710 2764 1855 2796 Eieaores
1874 2765 1920 2797 seu
1940 2767 2130 2798 nominator&
2143 2791 2154 2806 ,
2168 2769 2198 2798 in
2213 2767 2354 2801 eleetione

1290 2827 1311 2844 „
1327 2804 1372 2834 vel
1388 2804 1584 2834 nominatione
1597 2801 1844 2844 Consilia-riorum,
1862 2814 1908 2835 aut
1920 2804 1993 2836 forte
2001 2804 2178 2845 CorisrHarfi,
2194 2808 2223 2836 in
2237 2808 2356 2839 creatio-

1290 2866 1310 2882 „
1327 2852 1364 2872 ne
1378 2842 1561 2881 officialium,
1577 2843 1622 2872 vel
1635 2843 1691 2872 aliis
1706 2844 1824 2882 negotiis
1839 2843 1963 2873 Domini
1977 2844 2062 2883 Regis
2075 2845 2108 2875 &
2126 2843 2220 2884 Regni
2228 2847 2356 2884 gerendis

1289 2904 1309 2920 „
1322 2881 1369 2911 seu
1388 2880 1564 2921 disponendis
1579 2904 1589 2920 ,
1603 2881 1742 2911 discordes
1764 2881 1864 2912 fuerint
1879 2905 1889 2921 ‚
1909 2882 1986 2920 quod
2000 2884 2014 2912 a
2029 2882 2133 2913 duabus
2148 2883 2267 2920 partibus
2283 2895 2355 2917 con-

1289 2942 1309 2959 „
1327 2920 1450 2950 corditer
1469 2919 1578 2950 fa&um
1599 2919 1680 2951 fuerit
1698 2919 1742 2949 vel
1761 2920 1922 2950 ordinatum
1941 2920 2055 2951 firmiter
2074 2921 2250 2960 observetur3
2269 2923 2356 2954 dum-

1289 2981 1309 2998 „
1328 2958 1418 2988 modo
1449 2957 1485 2988 de
1499 2958 1549 2988 illis
1562 2957 1668 2988 duabus
1681 2958 1819 2998 partibus,
1835 2969 1904 2989 unus
1926 2959 1957 2989 sit
1971 2959 2097 2999 praelatus
2111 2958 2246 2991 Ecclesiae
2261 2962 2291 2992 in
2305 2972 2356 2994 ne-

1288 3019 1310 3036 „
1327 2998 1410 3036 gotiis
1421 2982 1578 3027 {Ecclesiam
1596 2998 1834 3036 contingentibus.

1329 3057 1349 3074 „
1367 3034 1422 3074 Et,
1437 3035 1456 3064 si
1467 3036 1612 3074 contingat
1626 3035 1692 3066 duas
1704 3044 1792 3076 partes
1804 3035 1948 3066 dictorum
1966 3045 2073 3067 novem
2089 3037 2118 3067 in
2134 3037 2227 3078 aliquo
2239 3041 2358 3079 negotio

1290 3097 1311 3113 „
1328 3084 1388 3104 non
1404 3073 1461 3104 esse
1475 3073 1648 3113 concordes,
1664 3073 1700 3104 de
1714 3073 1849 3104 discordia
1869 3074 1914 3104 illa
1929 3073 2046 3105 stabitur
2060 3075 2230 3107 ordinationi
2245 3080 2357 3118 primo⁴

1289 3135 1309 3152 ,,
1327 3122 1399 3181 run:³
1411 3113 1498 3143 trium
1518 3111 1686 3143 Elaitorum
1705 3112 1751 3143 vel
1770 3113 1984 3144 nominatorum
1996 3135 2007 3152 ,
2022 3121 2070 3145 aut
2083 3115 2193 3152 majoris
2210 3118 2292 3153 partis
2304 3126 2355 3147 eo-

1329 3161 1379 3181 run
1400 3160 1455 3181 em<

1290 3173 1309 3190 υ
1362 3189 1417 3229 Et,
1432 3190 1451 3220 fi
1466 3189 1590 3219 videatur
1605 3188 1815 3220 Communitati
1830 3189 2014 3222 Praelatorum
2029 3191 2062 3222 &
2077 3191 2219 3223 Baronum
2233 3201 2355 3223 concor-

1289 3251 1309 3268 „
1326 3212 1398 3258 diter
1410 3228 1556 3266 expedire,
1574 3227 1651 3267 quod
1663 3228 1746 3268 aliqui
1761 3228 1806 3259 vel
1819 3229 1931 3269 aliquis,
1946 3229 2013 3260 loco
2033 3230 2188 3270 aliquorum
2203 3239 2250 3260 aut
2265 3231 2354 3261 alicu-

1290 3290 1310 3306 „
1326 3267 1367 3304 jus
1379 3267 1534 3307 primorum
1552 3267 1637 3296 trium
1649 3269 1864 3297 nominatorum
1879 3267 2061 3307 subrogentur
2081 3269 2126 3300 vel
2143 3267 2355 3308 substituantur,

1291 3328 1311 3344 ,‚
1329 3304 1473 3335 Dominus
1494 3303 1559 3334 Rex
1574 3327 1583 3343 ,
1598 3314 1648 3345 per
1671 3304 1832 3336 Consilium
1847 3305 2087 3345 Communiraris,
2103 3305 2303 3346 Praelatorum,
2321 3308 2356 3339 ὃς

1289 3366 1309 3382 ,,
1327 3343 1485 3382 Baronum,
1503 3343 1568 3373 alios
1583 3343 1628 3373 vel
1644 3343 1730 3374 alium
1745 3343 1896 3374 substituat.

1327 3405 1346 3421 „
1365 3381 1472 3412 Omnia
1491 3390 1583 3411 autem
1605 3382 1738 3419 praedicta
1758 3383 1839 3413 faciat
1864 3381 2010 3414 Dominus
2037 3382 2103 3414 Rex
2122 3392 2170 3422 per
2191 3381 2356 3415 Consilium

1290 3443 1310 3459 „
1324 3420 1527 3460 praedictorum
1549 3428 1655 3450 novem
1675 3421 1705 3450 in
1718 3420 1810 3451 forma
1824 3420 1996 3460 supradicia,
2010 3422 2054 3452 vel
2071 3421 2120 3462 ipsi
2134 3422 2197 3452 vice
2210 3421 2242 3451 &
2255 3421 2356 3452 aueto-

1290 3482 1310 3498 „
1328 3460 1408 3489 ritate
1425 3458 1547 3488 Domini
1564 3458 1667 3497 Regi53
1690 3460 1822 3497 praesente
1835 3458 2011 3490 ordinatione
2022 3460 2148 3490 duratura
2161 3482 2170 3497 ,
2183 3458 2276 3489 donec
2290 3459 2356 3491 Mi-

1290 3520 1311 3536 „
1328 3497 1353 3527 sa
1364 3496 1437 3535 apud
1451 3497 1550 3528 Lewes
1562 3496 1648 3535 sadra,
1669 3497 1703 3528 ὃ(
1735 3497 1811 3529 ostea
1826 3498 1842 3527 ὲ
1875 3498 1977 3528 artibus
1990 3499 2113 3537 sigillata,
2131 3496 2212 3528 fuerit
2226 3507 2351 3529 concor-

1289 3559 1309 3575 „
1326 3536 1396 3566 diter
1410 3535 1621 3573 consummata3
1639 3535 1683 3566 vel
1698 3537 1747 3568 aia
1760 3507 1885 3577 pronis,
1903 3545 1988 3575 quam
2002 3546 2090 3576 partes
2103 3535 2282 3567 concorditer
2296 3537 2353 3569 du-

1288 3597 1309 3613 „
1325 3575 1415 3604 xerint
1430 3573 1646 3614 approbandam.

1324 3636 1344 3652 „
1361 3612 1438 3643 Haec
1451 3620 1545 3642 autem
1556 3611 1694 3642 ordinatio
1705 3612 1777 3642 faita
1790 3613 1841 3643 fuit
1857 3611 1991 3644 London.
2004 3611 2040 3642 de
2054 3611 2186 3644 consensu

1285 3672 1308 3690 „
1327 3660 1370 3689 te,
1388 3651 1421 3681 δε
1437 3658 1579 3691 praecepto
1593 3649 1720 3680 Domini
1733 3650 1837 3690 Regis;
1856 3660 1970 3681 necnon
1983 3650 2181 3690 Praelatorum,

1287 3714 1307 3730 „
1321 3700 1355 3720 ac
1370 3690 1455 3720 etiam
1469 3688 1707 3727 communitatis,
1725 3697 1795 3719 tune
1808 3689 1914 3720 ibidem
1930 3689 2077 3727 praesentis.

1357 3726 1391 3757 In
1412 3728 1491 3764 cujus
1511 3727 1549 3756 rei
1567 3725 1763 3757 testimonium
1787 3726 1908 3757 Domini
1923 3727 1963 3758 R.
1978 3727 2193 3768 Lfficolniensrs,
2211 3730 2245 3761 &
2260 3728 2352 3770 Hugo

1286 3791 1306 3806 „
1322 3751 1440 3797 hiensis
1455 3764 1605 3804 Episcopi,
1623 3765 1661 3795 R.
1678 3763 1787 3795 Comes
1803 3765 1967 3796 Norfolciae
1981 3766 2016 3797 δε
2031 3765 2210 3799 Marescallus
2223 3768 2353 3808 Angites,

1286 3830 1306 3845 „
1325 3804 1364 3835 R.
1378 3803 1414 3834 de
1434 3802 1508 3834 Veer
1527 3802 1635 3833 Comes
1649 3802 1835 3840 Oxonienfis,
1852 3803 2058 3842 Humphredus
2076 3805 2112 3836 de
2134 3806 2253 3846 Bobun,
2270 3806 2353 3837 Will.

1285 3868 1305 3884 „
1323 3843 1358 3910 dg.
1382 3841 1488 3911 hflonte
1503 3840 1617 3872 Canisio
1635 3841 1670 3872 δε
1691 3840 1788 3879 Major
1805 3842 1939 3873 London.
1962 3841 2049 3883 Signa
2069 3843 2114 3876 fila
2129 3845 2197 3877 huic
2209 3847 2351 3883 scripturae

1287 3907 1308 3923 ,‚
1323 3893 1338 3913 a
1358 3891 1397 3920 po
1408 3889 1516 3911 uerunt.

1324 3944 1344 3959 ‚,
1363 3920 1472 3950 Adtum
1499 3920 1529 3948 in
1553 3915 1742 3961 Parliamento
1762 3917 1859 3950 Lond.
1875 3919 1970 3950 mense
1987 3919 2067 3959 Junii
2081 3944 2092 3960 ,
2123 3932 2200 3953 anno
2223 3921 2356 3952 Domini.

1291 3984 1310 4000 ’²
1327 3960 1463 4066 sszftssmg
1471 3995 1631 4026 ordinatum
1650 3993 1691 4025 est
1714 3993 1793 4034 quod
1817 3994 1900 4027 status
1919 3995 2056 4032 Ecclefiae
2070 3997 2235 4039 Anglicanae
2248 3997 2279 4027 in
2297 3996 2353 4028 sta-

1820 4069 1860 4103 M

2193 3613 2356 3683 ,Egroluntai

2250 3663 2353 3692 onum,

1291 4060 1312 4078 ‚‚
1330 4045 1393 4069 tum
1407 4035 1442 4068 de
1463 4034 1534 4066 itum
1545 4033 1721 4067 reformetur.

2224 4096 2246 4112 „
2263 4073 2352 4111 Item,
