2570 4261
693 225 805 278 ET
889 226 1156 281 ACTA

0 332 64 363 11111.
78 327 118 360 D.
141 333 196 363 ταν,
215 335 267 356 iit-c
288 324 369 365 possit
385 325 469 355 libere
483 346 492 362 ,
511 328 593 361 prout
609 321 644 352 ad
658 332 723 352 eum
739 322 860 361 1966131,
874 322 908 352 de
923 323 1028 364 Regno
1043 327 1076 356 &
1090 325 1190 356 'nribus

10 368 90 407 1265.

0 415 50 438 ien.
60 417 85 445 3.

5 2281 136 2319 ’,1-821·

140 365 258 394 (1111511111
276 366 370 403 Regni
383 363 541 402 disponere,
562 371 615 390 nec
631 362 702 391 circa
719 361 925 398 dispositionem
947 364 1073 401 hujusmo
1094 366 1102 394 i
1117 373 1188 393 con-

140 405 229 434 iil-...in
245 404 362 432 liberum
376 402 488 439 habeat,
506 400 551 430 vel
563 399 700 437 habendi,
721 409 790 436 quos
803 400 894 428 mallet
907 404 1090 441 consiliarios,
1106 401 1188 431 liberss

142 451 243 473 tatem·

177 465 377 519 Sed³praedi5ti
398 476 542 515 Magnates
556 498 565 513 ,
584 476 616 505 &
637 475 754 504 Nobilis
774 478 817 506 vir
832 475 939 512 Symon
951 478 985 508 de
1001 477 1189 514 Monteforti,

139 519 280 558 Praecipue
299 517 334 546 de
356 515 441 554 Regis
460 515 556 552 ipsius,
575 523 659 552 quem
672 514 790 543 invitum
804 513 944 554 detinent,
963 517 1060 547 coacta
1072 516 1189 553 praesen-

142 557 179 588 tia
192 556 306 596 quaesito
319 554 413 583 colore
423 576 431 590 ,
447 553 494 583 sub
510 552 627 593 ejusdem
645 551 730 590 Regis
751 552 832 581 titulo
847 576 856 591 ,
876 554 911 583 sic
927 557 961 585 de
975 555 1112 594 praediffls
1124 564 1190 584 om-

142 596 238 630 nibus,
256 603 308 630 pro
323 591 367 622 suci
381 593 522 621 voluntate
537 591 700 627 diiponunt,
720 598 767 626 ut,
786 591 853 620 sicut
866 592 919 628 jam
933 595 970 623 rei
988 594 1124 624 evidentia
1131 602 1191 623 ma-

141 631 250 663 nifestat
263 653 272 669 ,
289 631 338 661 suo
353 630 443 670 potitis
459 652 468 667 ,
486 629 569 667 qu‘am
584 628 783 666 praediffiorum
798 628 883 668 Regis
895 633 928 662 &
948 632 1041 672 Regni
1056 641 1190 662 commo-

139 670 181 700 dis
195 670 345 707 inhiantes,
360 669 393 698 ad
409 671 433 697 ie
448 669 475 697 R
514 667 540 695 ni
553 665 671 703 ejusdem
685 667 867 704 gubernacula
881 678 1044 700 convertere
1055 670 1191 707 satagant3

138 717 198 739 tam
211 708 381 745 castrorum,
399 715 481 744 quam
520 714 647 742 ortuum,
664 706 838 742 aliorumque
855 707 949 747 Regni
964 708 1082 745 ejusdem
1086 709 1192 746 jurium

139 745 277 779 custodiit
304 746 363 776 illos
385 743 446 773 suos
472 743 643 773 domesticos
661 742 841 781 deputantes,
867 746 881 774 ’ξι
904 746 1002 784 quibus
1019 755 1192 786 nequaquan]

140 785 246 826 praefati
266 784 352 823 Regis
365 782 526 820 jussionibus
544 782 651 819 liberis,
670 790 715 811 aut
735 791 899 814 memoratae
913 784 1048 823 Reginae,
1063 785 1108 814 vel
1125 785 1191 820 tibi,

141 832 188 855 aut
203 822 297 853 vestris
317 829 452 861 pareretur
473 821 501 849 in
519 819 625 858 aliquot
644 820 691 850 Set
705 821 739 849 ita
754 820 841 849 solum
855 822 945 852 eidem
960 823 1076 862 Symoni
1087 823 1192 860 suisque

142 861 330 898 complicibus
350 859 478 889 obeditur
493 881 502 896 ,
517 858 613 897 quud,
638 858 685 888 nisi
699 858 809 888 forsitan
829 859 866 888 eis
886 861 977 890 invitis
992 884 1002 900 ,
1027 871 1079 891 nec
1099 861 1192 890 eidem

142 900 241 938 Regi,
260 898 305 928 vel
319 898 370 927 tibi
390 906 423 926 ex
439 896 539 926 eodem
560 896 664 931 Remo
685 896 753 926 liber
773 905 874 933 pateret
891 900 994 938 exitus,
1012 908 1065 929 nec
1079 899 1112 929 ad
1125 898 1192 928 illud

144 938 267 972 Regina:
280 935 421 976 praedidiae
436 935 540 964 securus
553 935 638 964 aditus
652 934 822 973 panderetur.

180 970 289 1006 Verum
301 998 309 1012 ,
329 983 358 1004 ut
378 973 556 1004 verisimiliter
572 973 648 1003 credi
667 973 757 1010 potest
772 996 781 1011 ,
800 973 864 1004 ideo
878 973 938 1012 ille,
957 976 1004 1014 qui
1018 974 1153 1014 sperantes
1166 975 1195 1004 in

145 1015 173 1045 se
194 1024 251 1044 non
269 1013 364 1043 deserit
377 1036 386 1051 ,
404 1012 557 1041 liberationi
579 1020 633 1041 tuae
648 1011 856 1041 misericorditer
869 1012 967 1052 astitit,
982 1013 1045 1043 ideo
1060 1014 1106 1043 Te
1126 1013 1197 1043 illius

146 1051 332 1083 misericordis
345 1051 381 1081 de
393 1051 573 1081 inimicorum
590 1051 716 1079 manibus
727 1050 870 1088 liberavit,
887 1059 917 1080 ut
930 1052 1009 1081 tantis
1022 1051 1143 1089 ejusdem
1156 1052 1197 1081 tui

148 1091 279 1131 genitoris
295 1090 381 1119 incliti
405 1088 553 1118 relevandis
567 1087 789 1127 oppressionibus
804 1088 837 1119 &
855 1090 939 1119 totius
957 1089 1052 1129 Regni
1072 1089 1198 1127 praedieti

151 1128 346 1167 reintegrando
358 1127 438 1157 statui
452 1136 606 1166 oportunus
620 1128 649 1156 in
662 1127 707 1156 tali
722 1135 849 1164 tempore
864 1128 1003 1164 parareris:

189 1168 216 1198 A
237 1177 252 1197 e
277 1168 367 1206 itaque
393 1165 430 1196 fiii
449 1175 500 1205 pro
520 1166 623 1195 viribus
635 1188 644 1203 ,
668 1175 735 1195 cum
757 1164 964 1196 mansuetudine
977 1174 1071 1196 tamen
1083 1164 1176 1196 (160113
1188 1188 1198 1203 ,

149 1208 208 1246 quo
249 1205 314 1235 faeti
332 1204 442 1242 qualitas
463 1205 546 1242 exigit
561 1226 570 1241 ,
595 1203 689 1242 regalis
701 1204 805 1241 generis
818 1203 943 1233 debitum
956 1204 1071 1235 viriliter
1083 1205 1181 1235 exhibe
1191 1226 1200 1241 ‚

150 1246 246 1283 tuique
275 1244 379 1273 enetosi
393 1244 479 1272 animi
495 1242 682 1272 strenuitatem
699 1242 733 1271 ad
748 1241 814 1279 ista,
833 1250 915 1279 prout
928 1241 1023 1281 decet,
1043 1243 1201 1273 constanter

152 1284 187 1315 &
202 1292 253 1322 pru
273 1291 351 1312 enter
365 1291 470 1311 exerce.

188 1320 234 1351 Ad
248 1331 327 1360 quae,
346 1321 409 1350 licet
432 1329 459 1349 16
480 1317 564 1347 filialis
578 1317 695 1347 affectus
728 1317 761 1347 &
777 1318 885 1354 propria
897 1319 1002 1348 virtutis
1014 1318 1140 1349 instantia
1154 1329 1201 1349 ve-

150 1361 294 1390 hementer
314 1361 459 1388 hortentur
471 1378 484 1397 2
501 1355 564 1393 quia
583 1364 675 1385 tamen
698 1339 842 1385 Dominus
857 1355 1041 1386 humilitatem
1062 1357 1203 1396 nostram,

151 1406 235 1436 prout
257 1398 307 1428 sibi
323 1397 426 1434 placuit
440 1417 449 1433 ‚
468 1399 545 1431 super
560 1402 654 1432 gentes
673 1393 822 1435 &Regna
835 1393 1023 1434 constituens,
1047 1397 1128 1426 nobis
1143 1397 1204 1426 uni-

151 1437 294 1467 versorum
313 1444 409 1465 curam
428 1441 578 1471 regnorum
591 1432 778 1462 commisit&
790 1431 922 1471 Regum3
939 1443 1006 1472 nos,
1026 1443 1058 1462 ex
1071 1434 1205 1464 commis-

152 1475 188 1506 sae
204 1476 284 1504 nobis
298 1471 481 1503 sollicitudinis
493 1470 603 1508 debito,
621 1469 655 1499 de
673 1469 872 1508 praedfflkorum
886 1472 1084 1502 acceleratione
1097 1473 1205 1503 solliciti

152 1513 338 1544 devotionem
358 1519 435 1541 tuam
450 1518 615 1547 monemus,
634 1518 762 1548 rogamus
777 1509 809 1539 &
830 1510 973 1540 hortamur
984 1512 1101 1549 attente,
1121 1513 1149 1541 in
1165 1521 1208 1540 re-

154 1551 315 1582 missionem
330 1550 380 1580 tibi
401 1548 598 1589 peccaminum
617 1548 803 1586 injungentes,
821 1549 948 1585 quatinus
959 1549 992 1579 ad
1012 1549 1124 1587 Regem
1138 1560 1208 1580 eun-

154 1589 220 1620 dem
235 1589 269 1619 de
283 1599 340 1619 tam
355 1586 521 1618 detestandae
535 1586 667 1616 servitutis
688 1587 843 1624 ignominia
862 1587 1051 1625 liberandum,
1070 1585 1103 1618 &
1117 1588 1151 1618 ad
1163 1598 1207 1619 re-

153 1628 281 1659 levandas
293 1626 469 1657 ecclesiarum
484 1625 517 1655 &
530 1623 773 1654 ecclesiasticarum
780 1624 956 1661 personarum
968 1636 1001 1656 ac
1015 1626 1099 1656 torius
1114 1626 1208 1666 Regni

153 1666 261 1705 praefati
272 1664 462 1705 oppressiones
477 1662 641 1700 horrendas,
657 1662 836 1700 ipsorumque
851 1662 953 1694 statum
968 1665 1038 1701 pros
1051 1675 1129 1695 erum
1143 1675 1208 1704 pro-

155 1705 311 1735 curandum
330 1703 434 1740 omni,
453 1710 511 1740 quo
525 1701 640 1744 poteris,
657 1701 750 1730 studio
768 1703 897 1732 innitaris.
934 1702 1027 1733 Nichi
1038 1705 1149 1734 ominus
1162 1714 1210 1744 ge-

159 1743 251 1773 rendis
266 1743 346 1780 ipsius
359 1740 454 1782 Regni
467 1747 598 1776 negotiis,
613 1738 646 1769 &
661 1740 768 1782 juribus
782 1741 973 1779 prosequendis
985 1741 1018 1771 ad
1033 1741 1151 1780 ejusdem
1170 1743 1210 1773 tui

193 1782 238 1811 tris
256 1781 394 1809 honorem
409 1801 419 1816 ,
437 1776 568 1820 ipsiusque
587 1786 720 1821 nornine,
735 1777 829 1808 donec
842 1779 998 1818 hujusmodi
1011 1780 1055 1811 sua
1068 1781 1210 1820 liberatio,

156 1792 225 1850 geo
240 1818 373 1856 31161016,
391 1823 566 1857 provenerit,
583 1815 698 1846 sollicite
713 1825 865 1847 vacaturus.

173 1891 176 1893 ,
197 1857 266 1887 Νο3
279 1857 403 1894 etenim,
419 1863 449 1885 ut
464 1855 516 1884 11113
531 1853 623 1884 utilius
634 1855 667 1885 &
682 1853 822 1885 efficacius
833 1855 975 1887 intendere
987 1857 1088 1895 valeas,
1106 1858 1213 1889 (1116610

157 1894 218 1926 filio
231 1894 329 1925 nostro
344 1893 383 1923 O.
399 1893 495 1924 8311611
517 1891 633 1923 Adriani
652 1892 788 1923 Diacono
803 1893 958 1934 Cardinali,
977 1895 1151 1940 Apostolicae
1163 1897 1213 1928 Se-

157 1934 200 1965 dis
212 1934 319 1973 Legato
331 1955 341 1969 ,
359 1931 458 1962 nostris
472 1930 568 1960 damus
587 1931 679 1961 litteris
694 1933 722 1961 in
745 1933 877 1963 mandatis
891 1956 901 1971 ,
919 1942 948 1964 ut
963 1935 1100 1964 universos
1113 1937 1146 1966 &
1161 1937 1214 1966 sin-

157 1972 238 2012 gulos
258 1970 490 2008 Archiepiscopos
505 1992 515 2008 ,
530 1969 684 2010 Episcopos
698 1993 707 2007 ,
733 1970 766 2000 &
787 1972 852 2001 alios
870 1972 1045 2003 ecclesiarum
1060 1973 1192 2004 Praelatos
1206 1998 1216 2013 ,

159 2020 274 2041 necnon
291 2008 440 2046 Comites,
460 2007 592 2045 Batones,
607 2008 774 2048 caeterosque
790 2009 952 2049 Magnates,
971 2011 1004 2041 &
1017 2021 1116 2042 omnes
1134 2011 1217 2043 Civi-

157 2057 246 2079 tatum
260 2072 269 2087 ,
297 2048 470 2090 aliorumque
489 2046 619 2076 locorum
641 2045 870 2078 Cominunitates
882 2071 892 2086 ,
918 2051 951 2080 ὃ(
970 2050 1074 2080 incolas
1095 2050 1214 2091 saepefati

158 2087 254 2127 Regni
270 2085 420 2116 efficaciter
435 2092 547 2115 moveat
569 2086 602 2115 &
622 2085 734 2116 inducat
753 2086 850 2126 qubd,
869 2087 1069 2127 praeditstorum
1084 2088 1217 2129 Symonis

165 2126 199 2157 &
214 2124 388 2165 complicum
401 2122 508 2166 sequelzi
527 2123 636 2162 1611613,
672 2124 768 2154 raefato
787 2125 878 2164 Regi,
897 2136 964 2156 cum
978 2126 1102 2157 liberatus
1117 2129 1218 2167 fuerit,

159 2165 194 2234 ἐξ
215 2164 265 2194 1101
286 2164 342 2201 ejus
361 2172 477 2192 nomine
498 2162 610 2192 interim
630 2164 711 2202 pene
731 2164 760 2192 in
779 2164 918 2201 praedicitis
938 2165 1069 2196 obediant
1082 2167 1115 2197 &
1128 2168 1219 2198 inten-

181 2211 240 2233 ant·

194 2225 249 2280 Et’,
267 2239 301 2270 ad
314 2239 508 2269 liberationem
522 2239 679 2277 hujusmodi
694 2239 820 2270 celeriter
834 2241 1036 2282 obtinendam,
1054 2244 1219 2275 modisom-

158 2279 241 2310 nibus
255 2302 265 2316 ,
278 2278 389 2322 ¹quibus
410 2285 541 2315 poterunt
555 2300 565 2315 ,
583 2285 707 2315 patenter
723 2278 834 2309 faveant
849 2279 882 2310 &
897 2289 1024 2320 potenter
1040 2283 1059 2301 ἢ*
1079 2282 1218 2322 assistant,

103 2337 111 2343 -
159 2328 208 2348 eos
222 2318 256 2347 ad
276 2316 303 2346 id
324 2326 373 2356 per
387 2315 530 2346 censuram
544 2316 774 2355 ecclesiasticam,
792 2319 826 2348 &
844 2319 894 2349 alia
906 2342 915 2357 ,
936 2328 1020 2356 prout
1033 2321 1162 2360 expedire
1177 2323 1220 2352 vi-

0 2826 83 2867 }Ann
106 2825 148 2856 D.

36 2850 118 2903 126'5.

15 2908 68 2933 An.
84 2914 130 2939 49.

13 2951 52 2975 Η.
72 2952 96 2978 3.

10 2983 58 3008 'Ex
74 2983 131 3007 An-

6 3029 10 3040 1
17 3025 82 3056 rogr.

160 2357 246 2395 derit,
261 2355 452 2393 districtione,
469 2354 576 2385 sublato
590 2355 778 2395 appellationis
791 2356 937 2388 obstaculo
950 2381 959 2396 ,
978 2360 1183 2399 compellendo.

197 2436 264 2467 Dat.
281 2434 375 2466 Perus.
393 2433 433 2465 Id.
447 2433 602 2472 Septembr.
616 2434 798 2467 Pontificatsis
811 2436 898 2467 nostri
910 2448 985 2468 anno
997 2440 1098 2480 primo.

866 2506 920 2536 Sub
930 2507 978 2548 filo
993 2508 1099 2538 canabi.

164 2639 256 2673 Bulla
282 2639 437 2671 Clementis
457 2641 536 2684 Papae
554 2637 598 2670 ad
622 2637 820 2670 inducendam
842 2641 986 2680 Comites,
1021 2641 1057 2677 (ῤ’
1076 2641 1222 2680 Ramnes,

207 2691 244 2726 φ’
263 2697 372 2719 caeteros
389 2690 481 2733 Regni
498 2687 613 2733 Angliae
624 2714 633 2728 ‚
666 2685 711 2718 ad
726 2686 948 2732 relinquendam
960 2688 1076 2733 stfsam
1098 2691 1226 2722 Simonis

210 2735 247 2768 de
260 2735 462 2781 Monteforti,
491 2738 527 2773 (ῤ’
547 2735 727 2780 complicum
737 2736 876 2780 sitorum.

171 2819 357 2883 CLemens
382 2819 482 2859 Episco
501 2829 532 2849 us
545 2841 554 2857 ,
577 2818 667 2851 servus
690 2821 833 2851 servorum
856 2819 936 2859 Dei,
967 2820 1072 2852 (1116610
1092 2820 1166 2850 Filio
1187 2819 1225 2850 O.

247 2859 342 2889 Sanc‘ti
358 2859 473 2889 Adriani
523 2859 624 2888 iacono
639 2858 779 2889 Cardinali
793 2882 802 2898 ,
819 2858 992 2899 Apostolicae
1012 2859 1089 2890 Sedis
1105 2859 1228 2898 Legato,

169 2896 283 2928 salutem
297 2899 330 2928 &
345 2896 538 2936 Apostolicam
553 2896 787 2928 benediffionem.

207 2936 298 2966 Gravi
325 2935 426 2966 diutius
451 2935 588 2973 Regnum
609 2935 719 2976 Angliae
737 2936 894 2966 turbatione
913 2937 1084 2968 concussum
1099 2959 1109 2975 ,
1135 2937 1228 2966 immo

169 2974 228 3011 jam
244 2975 361 3014 graviter
381 2973 459 3003 durae
480 2972 669 3004 concussionis
688 2974 865 3004 diuturnitate
889 2975 1042 3012 quassatum
1056 2998 1065 3013 ,
1082 2975 1229 3011 nondum,

172 3012 245 3051 proh
260 3011 355 3042 dolor!
376 3013 501 3055 requiem
517 3013 639 3050 invenit,
656 3012 716 3052 sed,
733 3013 783 3043 sub
801 3013 874 3042 falsae
896 3013 1102 3044 inumbratione
1118 3013 1231 3051 quietis,

172 3058 252 3079 tanto
269 3051 441 3094 gravioribus
463 3049 555 3094 adhuc
574 3051 701 3090 periculis
717 3053 820 3091 agitur,
839 3060 943 3090 quanto
962 3052 1011 3082 sub
1024 3053 1083 3083 veri
1098 3051 1231 3082 Redioiis

173 3088 312 3119 velamine
326 3087 502 3125 periculosius
517 3089 645 3118 manibus
658 3091 804 3128 exponitur
818 3090 998 3127 direptorum.

187 3164 193 3170 ·
209 3125 290 3156 Sicut
303 3127 382 3170 enim
395 3125 448 3156 toti
461 3125 518 3169 fere
527 3123 586 3169 jam
598 3126 660 3156 orbi
672 3128 822 3167 publicavit
838 3130 911 3159 fama
931 3129 1105 3167 communis,
1123 3127 1167 3158 vel
1180 3136 1233 3164 po-

173 3172 226 3208 tius
249 3164 373 3209 publica·
384 3164 514 3202 patefecit
540 3163 653 3195 infamia
665 3188 676 3204 ,
701 3167 903 3197 nonnullorum
935 3167 1104 3206 Magnarum
1137 3165 1232 3203 Regni

173 3201 294 3247 ejusdem
309 3202 421 3246 13611013
437 3201 616 3246 praesumptio
638 3204 667 3232 in
688 3213 750 3234 eam
771 3207 896 3245 prorupit
909 3206 1070 3244 audaciam,
1086 3213 1116 3236 ut
1129 3204 1213 3234 iidem
1223 3225 1232 3239 ,

175 3240 241 3279 post
257 3251 351 3279 graves
365 3241 504 3271 carissimo
517 3251 546 3270 in
564 3238 680 3271 Christo
696 3241 768 3272 Filio
782 3243 879 3274 nostro
1006 3244 1095 3283 Regi,
1110 3244 1142 3273 ὃ(
1156 3241 1234 3271 caris-

176 3279 253 3323 simae
268 3278 429 3322 inflChristo
443 3279 523 3308 Filiae
536 3277 638 3308 nostrae
652 3279 772 3318 Reginae
787 3281 897 3321 Angliae
911 3281 1073 3320 illustribus,
1091 3291 1122 3311 ac
1138 3279 1236 3310 Nobi-

176 3318 249 3348 libus
271 3317 344 3346 Viris
364 3316 507 3358 Edwardo
529 3317 562 3347 δε
583 3316 739 3348 Edmundo
762 3318 844 3350 Natis
862 3321 985 3358 ipsorum
999 3344 1009 3359 ,
1034 3319 1162 3351 ecclesiiis
1174 3341 1183 3357 ‚
1202 3328 1235 3348 ac

177 3355 301 3399 personis
322 3353 511 3385 ecclesiasticis
523 3376 546 3398 ,⁸
557 3355 685 3394 irrogatas
704 3357 814 3394 injurias
826 3380 836 3395 ,
855 3358 918 3398 post
928 3360 988 3397 jura
1006 3359 1078 3398 regia
1092 3359 1125 3388 &
1145 3356 1238 3387 eccle-

185 3392 288 3438 siastica
308 3403 360 3431 pro
377 3401 456 3437 parte
467 3401 594 3436 *mamma
605 3403 767 3437 occupata,
786 3396 814 3424 in
827 3396 935 3427 (116111111
949 3397 1060 3436 Regem
1074 3395 1238 3437 perduellio—

182 3442 224 3463 nis
236 3441 308 3470 reas,
325 3432 358 3462 ὃς
374 3439 404 3461 111
418 3430 589 3461 cariffimum
602 3440 632 3461 in
650 3431 768 3462 Christo
781 3432 882 3464 Filium
896 3435 1025 3465 nostrum
1039 3435 1077 3465 R.
1093 3436 1122 3465 in
1131 3434 1239 3464 Roma-

181 3481 283 3502 norum
306 3469 418 3514 Regem
439 3468 592 3514 Ε166111111,
617 3479 650 3500 36
669 3470 760 3508 ipsum
778 3470 949 3503 Edwardurn
963 3496 973 3511 ,
991 3474 1137 3503 memorati
1153 3470 1240 3510 Regis

180 3516 280 3553 eorum
294 3508 415 3538 Domini
431 3515 649 3548 primogenitum
664 3530 674 3546 ,
692 3509 726 3539 &
741 3508 872 3541 Dominis
894 3511 1066 3550 hujusmodi,
1083 3512 1103 3542 fi
1117 3510 1240 3540 mortali-

182 3556 244 3578 tatis
267 3547 564 3587 imperturbatusordo
585 3545 751 3584 permiserit,
770 3547 972 3588 successorem,
987 3560 1084 3580 manus
1098 3549 1241 3579 inicientes

183 3585 319 3616 hostiliter
334 3608 344 3624 ,
388 3585 516 3615 1166116103
537 3583 648 3623 Regem
661 3606 671 3622 ,
697 3583 828 3616 EleQm
840 3610 851 3624 ,
868 3597 902 3619 ac
917 3587 1090 3620 Edwardum
1105 3587 1153 3618 diu
1170 3595 1243 3625 9116-

185 3624 345 3662 sumpserint
381 3624 483 3653 etinere
496 3624 632 3660 captivos.

224 3662 280 3700 Et,
298 3671 464 3701 quamquam
484 3660 560 3691 idem
577 3659 729 3691 Edwardus
745 3683 755 3698 ,
772 3660 882 3691 Divino
894 3662 976 3693 fultus
989 3664 1110 3700 auxilio,
1128 3672 1243 3693 eorum-

186 3700 254 3731 dem
269 3701 434 3739 potestatem
447 3699 577 3737 evaserit,
598 3707 766 3728 memoratos
780 3707 875 3729 tamen
888 3700 1023 3732 Ε166111111
1034 3701 1125 3732 adhuc
1140 3703 1168 3731 in
1183 3702 1245 3731 vin-

188 3740 271 3776 culis,
291 3737 337 3769 Re
358 3749 402 3768 em
417 3748 502 3776 vero,
518 3738 568 3767 sub
582 3737 711 3767 libertatis
726 3737 857 3774 nomine,
875 3737 924 3768 sub
938 3749 974 3768 eo
994 3740 1094 3770 servilis
1105 3737 1246 3770 conditio-

189 3778 232 3807 nis
245 3778 311 3816 iugo
344 3778 464 3815 etinent,
481 3776 558 3815 q'uod
569 3776 635 3813 juris
649 3774 761 3805 censura
774 3785 834 3805 non
848 3776 968 3806 multum
983 3779 998 3808 a
1010 3778 1143 3808 servitutis
1158 3778 1246 3816 specie

191 3812 304 3845 differre
324 3815 466 3851 censetur;
491 3824 559 3844 cum
583 3823 636 3843 1166
656 3823 714 3853 quo
735 3813 795 3843 vult
816 3813 899 3843 eundi
913 3823 965 3852 pro
978 3816 1058 3846 libito
1071 3817 1103 3846 &
1119 3817 1202 3846 libera
1218 3816 1249 3846 sit

189 3853 319 3892 facultas,
334 3863 388 3884 nec
408 3853 489 3892 possit
503 3853 604 3890 libere,
622 3860 704 3889 prout
718 3851 752 3881 ad
769 3861 834 3881 eum
848 3851 967 3890 spectat,
982 3853 1016 3883 de
1038 3853 1144 3884 Reono
1157 3855 1190 3885 &
1203 3855 1249 3892 ju-

192 3891 267 3921 ribus
280 3892 400 3930 ejusdem
413 3892 508 3931 Regni
529 3890 673 3928 disponere
688 3914 697 3928 ,
712 3900 766 3919 nec
782 3891 857 3919 circa
871 3889 1076 3928 dispositionem
1087 3879 1249 3930 'hujusmodi

191 3928 340 3997 sgnfflium
360 3931 481 3961 liberum
498 3929 594 3960 habeat
606 3951 616 3966 ,
640 3928 686 3958 vel
706 3928 828 3958 habendi
844 3950 854 3966 ,
868 3938 937 3967 quos
957 3930 1051 3960 mallet
1065 3931 1251 3968 consiliarios,

203 3977 210 3996 i
234 3974 357 3997 ertatem.

228 4004 277 4047 Set
297 4005 422 4041 praedicti
446 4004 594 4047 Magnates
608 4029 617 4044 ,
643 4004 675 4035 &
695 4003 813 4034 Nobilis
832 4002 884 4033 Vir
904 4003 1015 4040 Symon
1029 4004 1065 4036 de
1079 4006 1252 4037 Monteforti

192 4049 351 4086 praeeipue,
369 4043 405 4073 de
419 4044 506 4083 Regis
521 4045 617 4082 ipsius,
632 4053 717 4083 quem
731 4043 851 4072 invitum
864 4041 1008 4081 detinent,
1024 4045 1122 4074 603613
1134 4044 1252 4084 praesen-

194 4090 232 4110 tia
248 4080 363 4119 quaesito
378 4081 490 4121 colore,
508 4083 557 4113 sub
572 4082 693 4120 ejusdem
707 4081 794 4120 Regis
809 4080 889 4110 titulo
904 4079 941 4109 fic
958 4080 995 4110 de
1007 4081 1144 4124 praediffis
1156 4083 1253 4112 omni-

194 4119 333 4187 bpzhprlo
347 4118 393 4187 111313
402 4120 571 4187 11301631316,
586 4120 751 4160 disponunt,
769 4128 816 4158 ut,
833 4118 904 4150 sicut
914 4119 974 4157 jam
989 4128 1028 4151 rei
1041 4119 1178 4152 evidentia
1191 4129 1252 4151 rna-

1238 220 1715 275 PUBLICA.

1235 318 1345 362 ⁴nisestat
1358 342 1368 358 ,
1387 318 1435 350 suo
1449 319 1540 359 potius
1558 316 1855 361 quiimpraedfflorum
1869 315 1956 385 Regis

1233 357 1367 387 inhiantes
1383 380 1392 394 ,
1417 358 1451 387 ad
1468 357 1494 387 se
1516 355 1610 402 Regni
1626 357 1748 394 ejusdem
1761 356 1920 395 gubernacu
1931 365 1946 385 a

2232 228 2286 280 99?

1965 363 2129 386 convertere
2141 354 2258 394 satagant
2272 366 2283 392 3

1969 316 2003 348 &
2018 315 2111 355 Regni
2122 310 2284 352 commodis
2300 313 2374 344 Ann.
2390 297 2434 343 D:

2324 353 2408 389 1265‘.

1232 396 1291 425 tam
1306 394 1488 432 Castrorum,
1506 404 1590 432 quam
1611 403 1762 431 portuum,
1780 393 1953 432 aliorumque
1966 393 2057 432 Regni
2067 393 2173 431 jurium
2187 391 2285 430 custo·
2301 395 2366 420 Hen.
2385 395 2412 428 3⁴.

1233 432 1288 463 diae
1308 433 1369 463 illos
1390 433 1450 463 suos
1470 431 1640 462 domesticos
1654 431 1813 469 deputantes
1826 455 1836 470 ,
1852 433 1867 461 a
1881 433 1980 471 quibus
1992 440 2164 470 nequaquam
2190 430 2285 460 'raefati

1234 472 1319 511 Regis
1328 471 1491 510 jussionibus
1507 470 1612 508 liberis,
1630 478 1676 500 aut
1691 478 1854 499 memoratae
1869 469 2004 508 Reginae,
2020 470 2066 499 vel
2081 470 2161 499 (11610
2194 470 2286 500 dwa'r-

1234 509 1288 548 (10,
1305 510 1361 540 sive
1381 510 1431 539 11113
1452 516 1588 549 pareretur
1610 509 1639 537 in
1652 508 1762 545 aliquo,
1782 507 1819 537 set
1837 508 1873 537 ita
1886 507 1973 537 solum
1987 507 2078 537 eidem
2090 507 2209 547 Symoni
2223 507 2286 537 suis-

1233 558 1288 585 que
1304 548 1490 586 complicibus
1502 545 1645 583 obeditur,
1662 545 1755 585 quod,
1770 545 1819 574 nisi
1834 545 1945 575 forsitan
1958 547 1994 575 eis
2008 546 2176 583 invitis,nec
2190 545 2283 576 eidertl

1234 586 1324 626 Regi,
1344 587 1388 616 seu
1403 585 1519 623 praefato
1533 584 1674 615 Edwardo
1692 593 1726 613 ex
1740 583 1841 613 eodem
1862 583 1967 621 Regno
1980 583 2049 613 liber
2062 592 2163 622 pateret
2179 585 2285 623 exitus,

1235 635 1288 654 nec
1300 624 1333 654 ad
1347 625 1413 654 illud
1428 624 1547 662 Reginae
1563 622 1704 660 praedietae
1718 621 1825 651 securus
1838 620 1924 651 aditus
1937 621 2105 661 panderetur.

1274 663 1382 693 Verum
1423 670 1453 692 ut
1470 660 1650 691 verisimiliter
1669 659 1743 690 credi
1766 658 1872 699 potest,
1890 659 1954 689 ideo
1966 659 2026 697 ille,
2045 661 2091 697 qui
2104 658 2237 703 sperantes
2254 656 2286 691 iri

1235 701 1262 730 se
1276 711 1334 731 non
1348 685 1459 737 (1616111,
1477 700 1629 730 liberationi
1641 698 1786 727 memorati
1800 697 1842 727 Ed
1849 697 1933 727 wardi
1955 697 2168 728 misericorditer
2181 697 2284 737 astitit;

1236 740 1300 769 ideo
1320 739 1409 779 ipsum
1423 761 1432 776 ,
1449 738 1518 767 illius
1537 735 1720 768 misericordia
1732 758 1742 774 ,
1759 735 1794 765 de
1807 736 1988 766 inimicorum
2001 737 2125 765 manibus
2142 736 2286 775 liberavit,

1236 786 1267 807 ut
1289 778 1369 807 tantis
1387 775 1507 815 ejusdem
1525 775 1562 805 sui
1583 775 1712 814 genitoris
1731 774 1818 803 incliti
1832 773 1982 813 relevandis
1995 773 2233 813 oppressionibus,
2251 775 2286 806 δί

1237 816 1320 845 totius
1342 815 1435 853 Regni
1456 814 1581 854 praedieti
1594 812 1786 852 reintegrando
1800 811 1879 842 statui
1891 819 2044 850 oportunus
2060 813 2089 842 in
2100 812 2146 843 tali
2160 819 2289 852 ternpore

1238 861 1383 890 pararetur.
2282 884 2285 886 -

1276 891 1356 920 Licet
1372 898 1464 920 autem
1478 889 1561 920 filialis
1573 888 1704 927 affeffls,
1723 889 1755 919 &
1768 889 1886 926 propriae
1900 889 2007 919 virtutis
2027 887 2154 919 instantia
2168 888 2290 919 eundem

1239 928 1408 960 Edwardum
1422 952 1431 965 ,
1450 936 1481 958 ut
1500 928 1533 958 ad
1553 928 1699 967 praefatum
1719 926 1832 966 Regem
1853 926 1888 956 de
1901 935 1957 957 tam
1970 926 2137 957 detestandae
2156 926 2293 958 servitutis

1239 967 1391 1005 ignominia
1403 965 1576 996 liberandum
1585 989 1595 1004 ,
1612 966 1644 996 ὃ(
1659 965 1693 995 ad
1708 964 1862 995 relevandas
1874 963 2058 995 Ecclesiarum
2070 987 2079 1002 ,
2096 966 2130 996 «Sc
2142 964 2292 995 Ecclesias-

1239 1007 1356 1035 ticarum
1374 1004 1566 1043 personarum,
1582 1013 1614 1033 ac
1628 1004 1711 1033 totius
1724 1002 1819 1042 Regni
1855 1002 2015 1032 raesatorum
2029 1002 2218 1040 oppressiones
2224 1002 2293 1032 hor-

1240 1043 1334 1073 rendas
1348 1066 1358 1081 ,
1375 1042 1552 1081 ipsorumque
1571 1041 1672 1070 statum
1693 1050 1830 1079 procurari
1851 1049 1900 1070 um
1919 1040 2078 1080 prosperum
2094 1041 2218 1072 intendat
2230 1039 2292 1070 effi-

1241 1083 1344 1112 caciter
1352 1104 1361 1119 ,
1377 1081 1558 1110 vehementer
1573 1079 1734 1115 hortentur;

1280 1120 1358 1159 Qia
1371 1127 1465 1148 tamen
1485 1117 1628 1147 Dominus
1644 1116 1835 1146 ‘humilitatem
1855 1114 1996 1154 nostram,
2015 1124 2097 1154 prout
2110 1116 2159 1147 fibi
2175 1116 2298 1155 placuit,

1243 1158 1321 1198 super
1338 1165 1433 1197 gentes
1448 1157 1486 1197 86ι
1496 1155 1598 1193 Regna
1611 1152 1799 1191 constituens,
1817 1153 1899 1183 nobis
1906 1155 2096 1184 universorum
2110 1164 2205 1185 curam
2219 1155 2299 1194 Reg-

1243 1206 1345 1226 norum
1360 1195 1520 1231 commisit,
1538 1195 1571 1224 &
1586 1193 1718 1232 Regum,
1736 1200 1771 1222 ex
1785 1190 1943 1233 commiffae
1955 1193 2036 1222 nobis
2049 1192 2236 1223 sollicitudinis
2248 1193 2298 1223 de-

1243 1236 1322 1272 bito,
1347 1233 1382 1264 de
1402 1232 1602 1271 praedietorum
1620 1230 1820 1261 acceleratione
1842 1230 1949 1260 solliciti
1964 1252 1974 1268 ,
1992 1231 2160 1260 nominatim
2185 1230 2300 1262 Edwar-

1244 1273 1314 1302 dum
1334 1271 1489 1311 rogandum
1501 1293 1510 1309 ,
1530 1269 1704 1300 monendum
1725 1278 1773 1308 per
1789 1267 1893 1297 nostras
1902 1267 2032 1298 duximus
2044 1269 2130 1299 literas
2144 1290 2153 1306 ‚
2171 1270 2298 1299 attentius

1245 1312 1278 1342 ὃς
1300 1309 1469 1340 hortandum
1483 1333 1493 1346 ,
1516 1309 1545 1337 in
1564 1306 1754 1338 remissionem
1775 1306 1825 1336 sibi
1844 1307 2040 1342 peccaminum
2054 1307 2240 1345 in'ungentes,
2254 1314 2301 1345 ut,

1246 1358 1329 1389 agens
1350 1357 1402 1385 pro
1422 1347 1526 1377 viribus
1545 1346 1622 1390 quod
1640 1344 1707 1376 faeti
1728 1344 1840 1383 qualitas
1858 1345 1900 1373 exi
1920 1345 1957 1382 it,
1977 1345 1996 1364 ²*
2017 1355 2050 1375 36
2084 1344 2194 1374 ebitum
2208 1345 2304 1384 regalis

1247 1387 1353 1426 generis
1371 1386 1483 1416 viriliter
1503 1384 1635 1415 exhibens
1649 1406 1658 1421 ‚
1680 1383 1774 1421 suique
1793 1391 1897 1422 genero
1908 1395 1917 1412 i
1939 1383 2025 1412 animi
2046 1382 2251 1421 strenuitatem,
2269 1383 2305 1414 ad

1249 1426 1316 1463 ista,
1335 1432 1419 1462 prout
1431 1424 1530 1462 decet,
1547 1421 1705 1453 constanter
1726 1422 1759 1452 &
1778 1419 1926 1459 prudenter
1939 1429 2084 1459 exercens,
2102 1420 2136 1451 ad
2169 1430 2304 1452 106111311-

1249 1464 1318 1494 (111111
1337 1464 1529 1493 liberationem
1543 1485 1552 1500 ,
1576 1461 1773 1491 relevationem
1795 1469 1827 1489 ac
1847 1459 2007 1496 prosperum
2027 1458 2128 1490 statum
2167 1459 2304 1497 ujusmodi

1249 1502 1353 1539 omni,
1370 1511 1428 1541 qiio
1450 1501 1550 1538 poterit
1565 1523 1574 1538 ,
1592 1498 1683 1528 studio
1702 1499 1856 1535 innitatur,
1874 1497 2073 1528 nichilominus
2085 1498 2210 1537 gerendis
2224 1498 2305 1536 ipsius

1252 1541 1348 1580 Regni
1369 1540 1485 1578 negotiis
1499 1562 1509 1577 ,
1527 1540 1561 1570 &
1573 1538 1677 1576 juribus
1689 1535 1900 1574 prosequendis,
1916 1535 1950 1565 ad
1968 1535 2088 1574 ejusdem
2100 1536 2139 1566 sui
2153 1537 2233 1574 patris
2251 1537 2305 1566 ho-

1250 1588 1349 1609 norem
1364 1603 1373 1617 ,
1397 1577 1529 1617 ipsiusque
1548 1576 1666 1607 nomine
1678 1597 1688 1612 ,
1710 1574 1803 1604 donec
1825 1573 1979 1612 hujusmodi
2004 1574 2048 1604 sua
2068 1574 2192 1605 liberatio
2206 1598 2216 1613 ,
2235 1573 2306 1605 Deo

1250 1618 1380 1655 31161016,
1397 1616 1574 1655 provenerit,
1592 1614 1707 1644 sollicite
1721 1620 1873 1643 vacaturus.

1290 1654 1370 1685 Cum
1384 1655 1480 1694 igitur,
1498 1662 1529 1684 ut
1542 1655 1576 1684 ad
1590 1652 1813 1692 prosperitatem,
1831 1651 1869 1680 eis
1889 1650 2065 1681 necessariam
2076 1673 2087 1690 ‚
2106 1651 2242 1690 nobisque
2255 1661 2309 1682 vo-

1252 1696 1358 1732 tivam,
1380 1693 1535 1723 eorundem
1548 1692 1635 1729 Regis
1651 1691 1683 1721 &
1697 1689 1791 1729 Regni
1807 1689 1890 1719 status
1909 1688 2052 1729 proficiat,
2069 1690 2156 1729 plenis
2177 1690 2311 1721 desidere-

1253 1743 1316 1763 mus
1334 1731 1482 1762 affectibus
1495 1754 1504 1768 ,
1522 1731 1566 1761 illa
1585 1728 1763 1759 libentissime
1784 1737 1965 1767 procuramus
1980 1750 1989 1765 ‚
2006 1737 2055 1768 per
2090 1738 2132 1759 uae
2152 1736 2310 1759 memorato

1253 1771 1393 1839 Edwarcgo
1413 1769 1547 1810 praedieta
1566 1767 1656 1798 utilius
1668 1767 1701 1798 ὃ(
1715 1766 1856 1797 efficacius
1870 1765 2051 1806 prosequendi
2077 1766 2178 1797 acuitas
2193 1776 2310 1805 promp-

1255 1819 1310 1841 tior
1322 1818 1356 1840 111
1378 1818 1464 1839 uatur.

1295 1848 1332 1879 Et
1352 1848 1417 1878 ideo
1439 1856 1526 1883 cum,
1544 1845 1612 1876 sicut
1627 1853 1672 1875 tua
1691 1844 1819 1875 discretio
1832 1853 1891 1874 non
1906 1844 2028 1883 ignorat,
2046 1853 2098 1874 nos
2110 1844 2199 1881 olim,
2216 1844 2245 1873 in
2257 1844 2313 1873 mi-

1259 1888 1320 1917 nori
1335 1885 1435 1916 officio
1447 1884 1608 1922 constituti,
1625 1884 1694 1913 dum
1708 1884 1737 1913 in
1756 1882 1862 1921 Regno
1875 1882 2027 1920 praedicto,
2043 1881 2167 1920 Wasiia,
2186 1882 2219 1912 &
2234 1881 2312 1918 Iber-

1259 1926 1304 1955 nia
1334 1925 1477 1964 legationis
1505 1931 1662 1962 gereremus
1684 1921 1814 1951 officium
1829 1944 1838 1958 ,
1864 1921 1892 1950 111
1914 1921 2080 1958 praediitum
2101 1920 2258 1961 Symonem
2277 1919 2314 1950 de

1259 1963 1429 1993 Monteforti
1452 1960 1619 2002 Leycestriae
1633 1983 1642 1998 ,
1665 1960 1698 1990 &
1721 1960 1868 1998 Rogerum
1887 1959 2071 1989 Norfolchiae
2085 1957 2228 1989 Comites,
2247 1958 2314 1997 Hu-

1257 2012 1363 2042 gonem
1370 1998 1787 2040 DispensatoremJusticiai·ium
1801 1997 1926 2036 Angliae,
1943 2007 1975 2028 ac
1988 1997 2052 2027 alios
2066 1996 2210 2035 Magnatoe
2219 1994 2316 2036 Regni

1260 2040 1378 2078 ejusdem
1387 2064 1396 2078 ,
1413 2038 1569 2076 huiusmodi
1581 2038 1744 2067 turbationis
1756 2036 1878 2073 3610163,
1897 2045 1964 2067 611111
1977 2035 2109 2065 omnibus
2122 2035 2172 2065 illis
2186 2058 2194 2072 ,
2211 2036 2259 2074 qui
2274 2036 2314 2065 eis

1260 2079 1355 2110 darent
1368 2077 1532 2114 consilium,
1550 2075 1681 2106 auxilium
1694 2075 1740 2106 vel
1755 2075 1897 2112 favorem,
1916 2083 2014 2104 eorum
2028 2073 2116 2113 culpis
2130 2074 2316 2113 exigentibus,

1262 2119 1348 2148 varias
1370 2114 1696 2147 excommunicationum
1717 2113 1857 2143 sententias
1872 2113 2028 2142 duxerimus
2040 2112 2265 2150 promulgandas,
2284 2112 2318 2142 &

1261 2165 1342 2187 terras
1355 2165 1470 2192 eorum,
1488 2164 1520 2184 ac
1535 2154 1632 2183 omnia
1645 2153 1708 2182 loca
1720 2151 1822 2181 eisdem
1835 2150 1999 2181 adhaerentia
2008 2173 2017 2188 ,
2035 2152 2068 2181 &
2083 2151 2252 2180 nominatim
2265 2149 2319 2179 Ci-

1260 2197 1375 2225 vitatem
1397 2191 1625 2224 Londoniensem
1638 2213 1647 2228 ,
1668 2191 1702 2222 &
1724 2190 1862 2229 Quinque
1881 2189 1982 2219 Portus
2004 2188 2132 2227 Angliae,
2148 2188 2321 2226 supposueri-

1265 2244 1327 2264 mus
1342 2231 1530 2264 ecclesiastico
1543 2229 1706 2267 111161611610,

1300 2272 1338 2302 Et
1352 2270 1556 2312 postmodum,
1573 2277 1657 2308 prout
1669 2267 1799 2298 Domino
1811 2265 1929 2311 placuit,
1946 2264 1980 2295 ad
1995 2265 2104 2302 apicem
2124 2264 2227 2295 summi
2242 2271 2324 2304 aposss

1263 2310 1365 2342 tolatsis
1381 2309 1513 2349 assumpti
1526 2331 1536 2346 ,
1553 2307 1714 2337 memoratis
1734 2305 1906 2341 Nobilibus,
1923 2304 1956 2334 &
1975 2303 2049 2342 aliis,
2065 2303 2100 2333 ad
2114 2302 2247 2334 Ecclesiae
2259 2312 2322 2342 gre-

1266 2351 1358 2380 mium
1375 2348 1465 2379 redire
1482 2357 1542 2377 non
1559 2344 1734 2382 curantibus,
1752 2344 1796 2374 sed
1817 2345 1847 2374 in
1861 2343 1906 2373 sua
1918 2341 2019 2372 malitia
2032 2340 2190 2380 obstinatis,
2210 2343 2323 2379 procesn‘

1268 2387 1330 2418 sum
1348 2396 1396 2426 per
1409 2397 1460 2417 nos
1474 2394 1570 2416 contra
1585 2383 1654 2422 ipsos
1668 2383 1811 2420 habitum,
1828 2382 1862 2413 &
1877 2380 1999 2425 praefatas
2019 2380 2049 2408 in
2070 2380 2157 2419 ipsos,
2175 2389 2273 2417 161133,
2287 2380 2322 2410 &

1267 2427 1331 2456 loca
1354 2424 1487 2464 praedie‘ca
1505 2423 1620 2463 prolatas
1643 2422 1784 2451 sententias
1804 2421 1834 2449 in
1854 2419 1900 2449 die
1918 2427 2012 2448 coenae
2026 2417 2167 2454 Domini,
2182 2418 2211 2447 in
2224 2418 2323 2456 majori

1267 2464 1392 2495 Ecclesia
1412 2462 1535 2493 Perusin.
1557 2460 1660 2490 astante
1680 2459 1785 2489 ibidem
1808 2457 1930 2488 fidelium
1949 2455 2127 2486 multitudine
2141 2455 2270 2494 copioss,
2288 2455 2324 2485 de

1268 2504 1383 2533 fratrum
1395 2500 1556 2532 nostrorum
1569 2499 1686 2529 consilio
1699 2520 1709 2535 ,
1727 2496 1952 2527 ratificaverimus
1969 2495 2002 2525 &
2017 2494 2276 2533 approbaverimus‚
2289 2501 2325 2523 ex

1269 2549 1344 2571 certa
1363 2541 1474 2570 scientia
1493 2539 1527 2569 &
1549 2537 1710 2567 auctoritare
1731 2533 1896 2572 Apostolica
1911 2531 2188 2571 confirmaverimus,
2205 2541 2238 2562 ac
2251 2541 2324 2570 prae-

1269 2579 1423 2615 ceperimus
1437 2577 1492 2607 illas
1505 2575 1696 2605 inviolabiliter
1711 2574 1746 2603 ab
1759 2573 1893 2603 omnibus
1908 2570 2064 2608 observari,

1306 2616 1475 2647 Discretioni
1493 2623 1548 2644 tuae
1571 2623 1618 2650 per
1631 2611 1793 2651 Apostolica
1812 2610 1909 2649 scripta
1923 2608 2084 2639 mandamus
2097 2609 2239 2647 quatinus,
2258 2618 2326 2647 pro-

1270 2655 1376 2686 cessum
1392 2656 1424 2685 &
1439 2653 1581 2683 sententias
1598 2652 1721 2690 praefatas
1734 2673 1744 2688 ,
1770 2650 1828 2679 tarn
1847 2650 1876 2678 in
1894 2647 2018 2677 Franciae
2032 2669 2042 2685 ,
2071 2649 2154 2686 quam
2174 2648 2204 2677 in
2224 2646 2327 2677 eodem

1273 2694 1383 2732 Angliae
1402 2692 1529 2731 Regnis,
1547 2691 1575 2720 in
1590 2689 1659 2719 locis
1671 2712 1681 2727 ,
1695 2688 1730 2718 de
1750 2687 1850 2732 quibus
1867 2687 1900 2718 &
1919 2686 2046 2725 quotiens
2064 2684 2191 2754 61ἑ9661116
2211 2685 2329 2723 videris,

1271 2733 1431 2772 publicans,
1448 2732 1480 2761 &
1496 2738 1543 2766 per
1557 2728 1623 2758 alios
1636 2727 1770 2764 publicari
1788 2725 1907 2762 faciens,
1924 2723 2071 2762 praedietos
2105 2732 2259 2762 ymonem,
2276 2722 2331 2754 Ba-

1272 2780 1352 2800 rones
1367 2793 1376 2808 ,
1399 2768 1545 2807 Magnates
1558 2789 1568 2804 ,
1593 2767 1626 2797 &
1645 2765 1710 2795 alios
1731 2773 1828 2794 eorum
1850 2773 1918 2794 com
1940 2763 2005 2793 lices
2024 2761 2057 2793 &
2076 2761 2193 2792 fautores
2208 2785 2218 2801 ,
2235 2762 2330 2792 donec

1272 2810 1301 2839 in
1321 2807 1478 2847 hujusmodi
1500 2804 1601 2836 malitia
1622 2804 1666 2834 sua
1679 2802 1870 2844 perstiterint,
1889 2811 1926 2839 pu
1937 2800 1995 2831 satis
2013 2799 2152 2838 campanis
2175 2801 2209 2832 &
2229 2799 2332 2831 cande-

1273 2848 1305 2878 lis
1324 2847 1443 2878 accensis
1459 2869 1469 2883 ,
1491 2844 1752 2874 excommunicatos
1772 2840 1880 2880 singulis
1900 2839 1998 2870 diebus
2016 2838 2176 2869 Dominicis
2201 2838 2235 2868 &
2254 2837 2332 2868 festi-

1273 2887 1314 2917 vis
1336 2885 1481 2916 denunties
1495 2906 1505 2921 ,
1523 2883 1555 2913 &
1577 2881 1659 2912 facias
1675 2879 1833 2911 denunciari
1853 2878 1889 2909 ab
1907 2878 1979 2916 aliis,
1997 2887 2029 2907 36
2050 2876 2086 2907 30
2103 2876 2237 2907 omnibus
2249 2872 2332 2907 artius

1276 2934 1293 2954 e
1314 2934 1348 2953 ia
1374 2948 1380 2953 .

1294 2932 1569 2992 VIitnnichilominus
1587 2957 1727 2989 universos
1746 2957 1779 2987 &
1799 2955 1917 2995 singulos
1936 2950 2168 2995 Archiepiscopos‘
2182 2974 2192 2990 ,
2210 2952 2244 2983 &
2263 2950 2332 2982 alios

1276 3000 1453 3031 ecclesiarum
1468 2997 1616 3035 praelatos,
1628 3006 1740 3026 necnon
1756 2994 1899 3031 Comites,
1914 2989 2230 3028 Baronoe‚caeter0sque
2245 2989 2333 3029 Mag-

1277 3049 1368 3075 nates,
1387 3041 1420 3070 &
1442 3046 1540 3067 omnes
1558 3034 1714 3065 Civitatum
1729 3056 1737 3070 ,
1754 3034 1929 3070 aliorumque
1942 3030 2073 3060 iocorum
2083 3026 2331 3066 communitates,

1277 3078 1311 3109 &
1327 3077 1445 3116 reliquos
1460 3074 1567 3105 Incolas
1582 3073 1700 3110 saepefati
1712 3071 1819 3111 Regni,
1838 3080 1886 3107 per
1899 3077 1944 3107 te,
1962 3068 2007 3099 vel
2022 3077 2070 3108 per
2084 3067 2188 3106 aliurn,
2204 3066 2335 3104 seualios,

1277 3115 1427 3145 efficaciter
1439 3122 1552 3143 moneas
1568 3112 1600 3141 &
1620 3111 1733 3141 inducas
1747 3118 1793 3147 ut,
1831 3107 2011 3138 raedietor'um
2026 3106 2046 3137 S
2059 3106 2174 3143 monis,
2191 3104 2225 3136 &
2240 3104 2335 3134 Corn-

1278 3154 1386 3194 plicum
1402 3176 1412 3191 ,
1427 3153 1471 3183 seu
1491 3151 1647 3186 fautorum,
1665 3147 1772 3186 sequelzi
1783 3118 1892 3184 relicta,
1911 3145 2027 3185 praefato
2044 3116 2136 3183 Regi,
2153 3153 2222 3174 cum
2237 3143 2336 3173 libera-

1280 3202 1322 3222 tus
1337 3192 1436 3229 fuerit,
1453 3200 1485 3220 ac
1497 3189 1607 3219 interim
1619 3187 1666 3225 ipsi
1681 3184 1839 3224 Edwardo,
1856 3185 1912 3222 ejus
1926 3184 2060 3221 nornine,
2078 3183 2161 3222 plene
2176 3183 2205 3212 in

1279 3231 1312 3261 tis
1325 3229 1459 3260 obediant
1472 3229 1505 3259 &
1524 3225 1674 3256 intendant.

1318 3267 1355 3298 Et
1369 3267 1403 3297 ad
1418 3266 1612 3297 liberationem
1624 3261 1782 3301 hujusmodi
1795 3262 1920 3292 celeriter
1933 3258 2136 3296 obtinendam,
2155 3267 2208 3288 nec
2229 3266 2288 3287 non
2303 3256 2338 3286 &

1281 3308 1311 3336 in
1328 3307 1433 3336 caeteris
1446 3305 1545 3344 quibus
1558 3325 1568 3340 ,
1585 3310 1616 3332 ut
1632 3301 1808 3339 praemittitur
1821 3323 1831 3339 ,
1849 3300 1938 3339 ipsum
1959 3308 2056 3329 vacare
2068 3296 2230 3328 mandamus
2242 3293 2336 3324 modis

1282 3344 1414 3375 omnibus
1434 3342 1534 3381 quibus
1553 3347 1684 3380 poterunt
1704 3347 1826 3376 patenter
1848 3340 1958 3368 faveant
1970 3360 1980 3376 ,
2003 3337 2037 3367 &
2055 3343 2183 3375 potenter
2203 3331 2341 3376 assistant,

1283 3392 1331 3413 eos
1350 3381 1385 3412 ad
1407 3381 1434 3411 id
1448 3404 1457 3418 ,
1482 3390 1530 3420 per
1552 3377 1695 3409 censuram
1717 3377 1938 3407 Ecclesiasticam
1952 3398 1962 3412 ,
1979 3375 2013 3405 &
2025 3374 2074 3404 alia
2090 3396 2100 3411 ,
2118 3379 2200 3410 prout
2213 3369 2342 3409 expedire

1285 3420 1400 3458 videris,
1418 3419 1608 3454 districtione,
1626 3416 1733 3445 sublato
1746 3415 1934 3453 appellationis
1947 3412 2109 3449 obstaculo,
2127 3407 2340 3453 compellendo:

1286 3459 1426 3490 invocato
1438 3457 1473 3487 ad
1487 3457 1542 3486 hoc
1551 3478 1560 3492 ,
1579 3455 1598 3484 si
1612 3465 1632 3484 o
1652 3464 1682 3483 us
1695 3454 1795 3492 fuerit,
1813 3453 1915 3483 auxilio
1929 3451 2035 3481 brachii
2047 3448 2176 3491 secularis.
2299 3485 2305 3490 ·

1324 3495 1414 3535 Quod
1436 3495 1455 3525 fi
1473 3494 1555 3534 aliqui
1575 3493 1610 3522 de
1650 3492 1844 3530 rchiepiscopis
1857 3514 1867 3529 ,
1885 3489 2043 3529 Episcopis,
2059 3486 2196 3530 PraelatiS,
2215 3483 2344 3529 Comiti-

1288 3536 1340 3565 bus
1352 3558 1361 3572 ‚
1388 3532 1543 3564 Batonibus
1556 3554 1565 3569 ‚
1585 3530 1786 3570 Magnatibus,
1805 3528 1916 3571 &aliis
1934 3526 2107 3568 supradiffls,
2124 3532 2178 3561 iam
2193 3522 2344 3567 disto-pri-

1289 3583 1339 3604 mo
1359 3573 1435 3602 enito
1455 3570 1639 3606 adhaeserunt,
1657 3569 1701 3598 vel
1721 3569 1751 3598 in
1766 3567 1905 3605 praedietis
1923 3573 1980 3595 tuae
1991 3565 2118 3594 duxerint
2131 3570 2282 3591 monitioni
2299 3571 2348 3598 pa-

1291 3622 1338 3642 ren
1361 3620 1428 3648 um,
1447 3618 1476 3639 tu
1496 3610 1533 3638 eis
1556 3607 1625 3645 (illis
1645 3606 1788 3653 Episcopis
1801 3628 1810 3643 ,
1827 3605 1864 3634 de
1882 3604 1980 3642 quibus
1991 3603 2040 3632 tibi
2055 3599 2204 3644 novissime
2216 3598 2253 3636 de
2267 3599 2347 3643 abso-

1289 3649 1401 3680 lutionis
1423 3646 1562 3678 beneficio
1582 3646 1615 3676 ὃ(
1634 3646 1697 3675 31133
1715 3653 1820 3674 certam
1835 3643 1956 3672 formam
1969 3639 2194 3680 praescnpsimus‚
2208 3637 2346 3676 exceptis)

1291 3688 1455 3718 auctoritate
1473 3684 1566 3715 nostra
1586 3683 1730 3723 provideas
1748 3705 1757 3720 ,
1777 3689 1858 3719 prout
1877 3680 1979 3709 honori
1996 3677 2130 3707 Eccieiiae
2150 3675 2294 3719 Romanae
2312 3682 2347 3706 36

1292 3725 1360 3765 pros
1375 3735 1423 3755 ero
1437 3723 1516 3754 statui
1531 3722 1618 3760 Regis
1630 3722 1663 3752 δε
1674 3719 1770 3759 Regni
1782 3717 1937 3750 eorundem
1949 3716 2085 3759 putaveris
2097 3714 2237 3752 expedire:
2259 3752 2264 3758 ⁸

1331 3735 1405 3793 Npon
1425 3760 1598 3792 obstantibus
1620 3760 1637 3788 si
1657 3760 1694 3788 eis
1709 3781 1718 3796 ,
1736 3757 1781 3789 vel
1800 3765 1900 3786 eorum
1922 3755 2004 3785 alicui
2039 3755 2056 3784 a
2074 3752 2135 3783 sede
2147 3751 2300 3791 apostolica
2316 3750 2348 3780 sit

1293 3802 1433 3833 indultum
1448 3799 1524 3837 quod
1539 3796 1802 3838 excommunicari,
1812 3793 1934 3831 suspendi
1943 3815 1953 3831 ,
1970 3777 2022 3822 vel⁷

1294 3849 1342 3881 per
1358 3841 1444 3869 literas
1460 3836 1623 3875 apostolicas
1638 3858 1647 3873 ,
1671 3839 1729 3865 non
1750 3834 1880 3864 facientes
1899 3831 2011 3868 plenam
2027 3831 2060 3862 &
2080 3828 2301 3871 expressamssac
2315 3826 2351 3869 d‘e

1295 3879 1384 3910 verbo
1398 3877 1431 3908 ad
1453 3876 1571 3906 verbum
1586 3873 1621 3904 de
1640 3872 1747 3903 indulto
1767 3870 1923 3909 hujusmodi
1947 3869 2143 3906 mentionem,
2160 3875 2206 3898 aut
2220 3862 2353 3903 quibussi-

1295 3918 1344 3948 bet
1358 3915 1455 3957 privile
1475 3915 1504 3943 iis
1517 3936 1527 3952 ,
1547 3912 1592 3942 seu
1614 3910 1789 3950 indulgentiis
1803 3907 1976 3948 apostolicis,
1994 3907 2030 3937 de
2044 3907 2160 3945 quibus,
2177 3911 2355 3942 quorumque

1297 3956 1362 3986 totis
1375 3923 1532 3989 tenorizus,
1549 3952 1578 3980 in
1593 3949 1691 3979 nostris
1706 3949 1787 3979 literis
1801 3946 1919 3992 specialis
1934 3946 2042 3975 mentio
2054 3945 2085 3975 sit
2097 3943 2248 3984 habenda,
2258 3941 2290 3970 &
2305 3948 2353 3983 pet

1298 4003 1362 4033 quae
1377 3991 1552 4031 praesentium
1568 3987 1683 4019 66661113
1694 3985 1824 4025 impediri
1838 3983 2053 4026 quomodolibet
2065 3983 2153 4014 valeat
2166 3980 2211 4012 vel
2223 3977 2338 4009 differs!-

2218 3179 2337 3221 praedic*

2035 3790 2161 3822 interdici
2175 3800 2234 3820 non
2246 3788 2350 3830 possint

1334 4073 1400 4105 Dat.
1422 4070 1542 4109 Perusii,
1560 4068 1603 4100 Id.
1619 4066 1807 4107 Septembris,
1823 4063 2007 4098 Pontificatcis
2021 4063 2110 4095 nostri
2127 4070 2202 4092 anno
2216 4059 2321 4097 primo.

2024 4110 2078 4144 Sub
2087 4108 2140 4152 filo
2155 4106 2261 4140 canabi.

1718 4150 1753 4182 N
1773 4161 1791 4182 2-
2271 4137 2356 4174 Bulla

2321 1356 2340 1376 ²*
2358 1357 2457 1388 1.822;
