2570 4261
729 186 840 227 ET
922 186 1189 227 ACTA

6 264 131 304 AnazD'.
152 269 222 300 nerii
236 268 273 314 de
283 269 440 310 Hyneton,
459 270 598 309 Corporis
605 269 718 309 Castri,
737 272 771 302 ὃς
785 271 867 302 Villae
882 271 918 302 de
926 271 1099 312 'Hastinges‚
1117 273 1151 303 &
1165 270 1215 301 ad-

25 316 110 348 1299.
152 318 340 340 vocationum
354 309 571 348 pr2edi6tarum,
587 310 695 340 valeant
710 311 738 339 in
755 311 889 340 omnibus
902 311 1034 340 exitibus:

5 349 72 378 w.
91 355 116 375 ι.
191 347 230 378 Ita
246 348 327 387 quod
352 348 383 386 (si
405 350 491 379 exitus
506 348 705 378 Manerioruni
725 348 762 377 de
778 348 963 385 Aldeburghe
997 348 1165 387 Lydenham
1181 348 1215 378 ὃς

5 384 132 422 ‘11.858·
153 385 303 417 Wermele
317 411 326 424 ,
345 386 379 416 ad
395 386 416 406 *²
429 387 579 417 valentiam
592 387 707 417 manerii
721 386 757 416 de
772 386 909 426 Hyneton
924 410 934 425 ,
954 371 1094 423 &orporis
1107 385 1217 424 Castri,

152 425 188 455 &
201 424 284 455 Villae
298 424 335 455 de
349 424 515 463 Hastinges,
533 435 592 454 non
604 425 752 463 attingant)
768 433 836 455 tunc
848 425 896 463 id,
915 425 994 463 quod
1008 426 1074 455 inde
1088 425 1216 462 defuerit,

151 463 204 493 sibi
219 464 284 494 alibi
297 462 376 493 reddi
390 463 534 493 faciemus.

189 501 228 532 Et
251 501 283 539 (ii
307 502 395 531 exitus
412 501 614 531 Maneriorum
624 500 831 538 praedietorum
847 500 883 530 de
897 500 1080 540 Aldeburgh,
1099 500 1215 539 Lyden-

148 540 217 571 ham
225 563 236 579 ,
253 541 288 570 δε
301 539 464 578 Wermele,
483 539 620 569 excedant
634 539 784 569 valentiam
798 539 923 570 exituum
937 540 1139 577 praedietorum
1150 539 1217 569 Ma-

149 579 222 646 netgl
231 602 241 616 ,
259 576 403 615 Corporis
422 577 534 616 Castri,
558 579 592 609 ὃς
607 577 701 614 Villae)
718 585 787 608 tunc
799 577 846 616 id,
862 578 940 616 quod
954 578 1021 609 inde
1035 578 1217 618 superfuerit,

150 624 192 647 no
214 625 236 646 is
248 624 398 647 remaneat.

179 654 224 699 *In
244 655 324 694 cujus
344 656 386 685 rei
400 654 597 686 testimonium
615 652 663 684 has
679 653 781 685 litteras
793 654 901 686 nostras
913 654 975 686 fieri
988 655 1108 686 fecimus
1121 665 1218 696 paten-

152 699 210 725 (δί

189 769 284 800 Teste
297 766 492 807 meipso-apud
508 767 636 799 Westm.
651 768 862 800 decimonono
876 768 1019 808 dieJulii„
1035 779 1111 804 anno
1119 769 1217 809 Regni

152 808 243 839 nostri
257 807 491 847 quinquagesimo
504 808 598 838 tertio.

190 884 262 915 Nos
281 891 376 914 autem
398 884 501 914 litteras
520 884 575 914 illas
589 908 598 922 ,
622 891 739 922 propter
761 891 907 922 rupturam
922 884 1050 923 prceditsti
1065 885 1164 924 sigilli,
1182 884 1217 915 ad

153 922 362 992 requisitionem
380 923 500 960 ejusdem
511 923 668 963 Johannis,
686 923 817 953 duximus
832 924 1033 962 exemplandas.

205 970 224 990 n
238 971 334 1000 cujus²
354 963 414 992 &c.

190 1036 282 1069 Teste
296 1036 380 1077 Rege
395 1037 470 1076 apud
482 1037 610 1068 Westm.
629 1037 746 1069 decimo
758 1037 865 1070 ostavo
878 1038 924 1069 die
939 1038 1086 1070 Oetobris.

817 1114 872 1146 Per
885 1115 975 1153 ipsum
989 1115 1112 1155 Regem.

178 1238 316 1275 Amadei
328 1242 452 1274 Comitis
474 1238 632 1275 Sabaudiae
647 1239 808 1273 Relaxatio
825 1241 994 1274 Terrarum
1013 1243 1045 1272 in
1065 1239 1193 1285 Anglia.

1 1315 82 1351 'Ann-
96 1315 139 1347 D·
157 1326 345 1390 AMadeus
360 1346 372 1365 ,
394 1324 505 1356 Comes
527 1324 674 1356 Sabaudiae
687 1348 699 1364 ,
724 1326 864 1365 cognovit
884 1325 943 1357 hoc
966 1325 1099 1364 scriptum
1114 1325 1142 1355 in
1154 1323 1218 1355 haec

28 1364 115 1394 ¹299·
233 1366 320 1398 verba

5 1399 58 1425 ⁴⁷¹·
72 1405 117 1430 27·
192 1387 354 1440 Omnibus,
372 1402 429 1433 hoc
450 1401 587 1440 scripturn
610 1401 706 1433 visuris
720 1402 766 1433 vel
780 1402 928 1442 audituris,
947 1401 1091 1433 Amadeus
1106 1400 1218 1432 Comes

2 1437 34 1462 Σ·
57 1442 83 1478 ¹:
155 1443 318 1480 Sabaudiae,
335 1441 460 1472 Salutem
475 1442 503 1471 in
518 1439 661 1477 Domino.

5 1471 137 1501 mam-⁶⁰⁴
187 1481 344 1512 vNoveritis
364 1490 417 1510 nos
429 1504 438 1518 ,
462 1489 515 1518 pro
536 1480 619 1509 nobis
640 1480 674 1510 &
686 1478 856 1510 Haeredibus
874 1478 994 1517 nostris,
1012 1478 1157 1517 relaxasse,
1175 1479 1218 1509 di-

6 1519 62 1538 ram
75 1514 134 1546 Rege
154 1519 260 1550 miiiffe
273 1542 284 1558 ,
308 1519 342 1550 ὃς
361 1520 484 1549 omnino
507 1519 635 1557 quietum
656 1518 787 1548 clamasse
807 1518 1052 1548 Excellenrisfimo
1074 1517 1217 1556 principi,

5 1551 60 1579 Μ’·
73 1557 120 1586 43·
157 1557 294 1588 Domino
311 1556 413 1588 nostro
432 1556 562 1587 Edvardo
579 1580 589 1595 ,
615 1556 674 1586 Dei
695 1557 803 1596 gratia,
827 1556 906 1594 Regi
920 1556 1032 1595 Angli-:e
1047 1555 1164 1594 illustri,
1183 1558 1217 1587 &

155 1596 329 1627 Haeredibus
347 1595 415 1634 suis,
431 1603 525 1626 totum
541 1596 585 1633 jus
608 1595 642 1626 &
657 1594 816 1633 clameum,
835 1594 913 1633 quod
927 1595 1091 1632 habuimus,
1110 1595 1155 1624 vel
1170 1594 1218 1624 ha—

156 1635 258 1666 bemus
272 1658 282 1673 ,
307 1634 352 1665 vel
371 1634 584 1673 quoquomodo
597 1633 701 1664 habere
713 1635 867 1671 poterimus
881 1635 910 1663 in
923 1633 1043 1664 Baronia
1059 1633 1092 1663 ὃ(
1107 1633 1219 1663 honore

154 1673 192 1703 de
207 1672 329 1712 Aquila,
347 1674 380 1704 ὅτ,
396 1674 480 1702 etiam
494 1673 522 1702 in
539 1671 674 1702 Manerio
692 1671 727 1701 de
739 1670 882 1710 Coteseia3
906 1682 975 1702 cum
989 1672 1123 1702 omnibus
1137 1673 1222 1709 perti-

153 1713 254 1743 nentiis
268 1712 338 1751 suis,
356 1712 390 1742 &
404 1712 433 1741 in
447 1711 584 1741 omnibus
597 1710 654 1740 aliis
666 1711 744 1740 terris
759 1711 793 1740 δε
809 1711 993 1748 tenementis,
1011 1720 1077 1749 quae
1093 1720 1220 1749 unquam

154 1751 268 1782 fuerunt
280 1748 502 1781 Antecessorum
517 1747 682 1778 nostrorum
696 1749 726 1778 in
739 1748 846 1788 Regno
861 1748 989 1789 Angli-ae:

193 1788 235 1819 Ita
248 1788 329 1827 quod
342 1797 395 1818 nec
407 1797 477 1826 nOS,
492 1797 546 1817 nec
561 1786 699 1817 Haeredes
709 1786 797 1817 nostri
819 1797 874 1818 nec
889 1788 1007 1826 aliquis,
1025 1788 1145 1817 nomine
1161 1796 1218 1817 no-

157 1826 235 1866 stro,
253 1835 301 1858 aut
321 1825 482 1857 Haeredum
500 1824 683 1863 nostrorum,
700 1826 729 1855 in
743 1825 899 1865 praedietis,
917 1825 1052 1864 Baronia,
1067 1826 1221 1856 honore&

157 1867 305 1896 manerio:
321 1874 368 1896 aut
381 1864 519 1902 aliquibus
532 1865 704 1902 pertinentiis
716 1864 888 1895 eorundem·
910 1865 956 1895 seu
971 1866 1000 1894 in
1017 1865 1154 1903 aliquibus
1168 1872 1223 1895 ter-

157 1905 193 1934 ris
244 1904 290 1935 vel
311 1903 481 1934 tenementis
504 1901 597 1942 Regni
619 1901 767 1941 praedisti,
793 1889 896 1941 aliquid
914 1904 982 1941 juris
998 1926 1008 1942 ,
1027 1903 1219 1940 proprietatis,

157 1927 335 1981 POffeffiossiS
350 1966 359 1980 ,
380 1941 426 1972 seu
441 1940 550 1978 clamii,
567 1950 755 1979 quocumque
768 1940 876 1980 modo,
890 1942 970 1981 jure,
987 1941 1034 1973 vel
1048 1941 1147 1981 titulo,
1165 1942 1224 1972 exi-

158 1990 228 2020 gere
241 1982 288 2011 seu
302 1979 446 2011 vindicare
460 1980 616 2017 poterimus
628 1980 658 2009 in
673 1989 850 2017 perpetuum.

194 2018 329 2088 1s0.0¹¹J'US
351 2021 390 2049 rei
409 2017 605 2049 testimonium
621 2018 749 2058 praesenti
768 2018 871 2057 scripto
892 2017 1018 2059 Sigillum
1030 2018 1162 2050 nostrum
1175 2027 1225 2056 ap-

157 2067 197 2096 po
210 2067 311 2088 nimus.

513 2132 578 2164 Hiis
591 2132 706 2165 testibus
721 2132 857 2164 Dominis
865 2157 877 2172 ,

195 2210 313 2240 Roberto
328 2208 516 2249 cantuarienfi
532 2209 754 2250 Archiepiscopo,

194 2250 311 2279 Ricardo
323 2249 506 2289 Londonienfi
512 2271 522 2287 ,

195 2287 338 2326 Radulpho
355 2288 474 2327 Elienfi,
492 2288 531 2322 &-

197 2326 321 2356 Waltero
338 2326 520 2366 coventrensi
532 2323 569 2360 ό
584 2324 766 2367 Lichfeldenfi
775 2348 785 2364 ,
801 2324 957 2366 Episcopis.

195 2403 340 2432 Edmundo
355 2402 512 2440 Cornubiae,

198 2441 334 2479 Johanne
348 2441 379 2470 de
397 2443 542 2471 Warrenn.
560 2443 635 2469 Surr.
653 2438 692 2474 ὠ·
708 2439 819 2478 Sufflx,

197 2478 347 2519 Huni-frido
366 2479 396 2508 de
412 2482 491 2508 Boun
507 2477 695 2517 Herefordiae,
714 2475 837 2545 Cofssab.
856 2476 946 2514 Angl.

199 2520 309 2555 Rogerio
324 2516 412 2554 Bigod
427 2515 599 2555 Nmffilciae,
617 2516 753 2554 Marescal
766 2527 778 2545 ο
793 2515 906 2553 Angliae
914 2536 931 2554 ,.

198 2558 317 2586 Henrico
333 2556 365 2585 de
380 2558 455 2596 Lacy
470 2554 594 2585 Linceln.

195 2594 298 2624 Thoma
313 2593 482 2633 Lamastriae
493 2617 502 2631 ,

197 2634 318 2663 Guidone
332 2633 363 2662 de
378 2631 454 2661 Bello
470 2639 575 2670 campo,
594 2630 752 2668 lVarwick,
769 2629 808 2665 &

196 2671 311 2701 Roberto
325 2671 357 2701 de
372 2674 422 2701 Ver
437 2674 551 2700 Oxons'ae
560 2693 570 2709 ,
588 2669 760 2700 Comitibus.

197 2713 232 2739 A
229 2719 320 2748 ymero
338 2710 369 2739 de
385 2708 512 2747 Valeme,

198 2750 315 2778 Henrico
328 2748 360 2778 de
374 2746 557 2787 Lancastrid,
576 2745 800 2785 Consanguineis
815 2743 918 2776 nostris
927 2767 938 2784 ,

196 2824 330 2864 Johanne
346 2824 435 2863 Wak,

197 2863 331 2903 Johanne
344 2863 375 2893 de
390 2861 509 2903 Hasting
520 2886 530 2901 ‚

198 2904 312 2939 Hugone
327 2901 350 2931 le
362 2901 509 2941 Despenser
519 2925 528 2937 ,
549 2899 586 2935 ὠ·

198 2940 332 2980 Johanne
344 2941 375 2970 de
391 2942 490 2970 Sanc'lo
506 2939 657 2979 Johanne,
673 2938 816 2968 Militibus
831 2937 865 2968 &
881 2937 948 2968 aliis.

200 3015 270 3047 Dat.
290 3016 362 3055 apud
383 3016 522 3047 SanCnim
543 3015 688 3046 Albanum
704 3038 714 3054 ,
739 3016 767 3044 in
788 3013 909 3045 crastino
928 3012 1098 3043 Animarum
1110 3036 1120 3050 ,
1137 3010 1226 3055 Anno

161 3056 256 3095 gratiae
272 3055 424 3085 millesimo
439 3054 651 3095 ducentesimo,
671 3054 871 3093 nonagesimo,
889 3061 986 3090 nono,
1004 3051 1038 3082 &
1052 3050 1148 3088 Regni
1161 3049 1228 3080 Do-

165 3095 237 3125 mini
253 3093 345 3131 Regis
361 3092 490 3132 praedieti
502 3092 648 3123 Vicesimo
663 3092 801 3130 Septimo.

11 3218 150 3256 ⁴11.859.
181 3216 209 3244 ’k
235 3220 285 3252 De
292 3217 492 3264 fitfferentia,
510 3224 564 3261 per
581 3212 712 3294 Cl'lusllodes
728 3217 826 3294 Scobriae
837 3241 847 3256 ‚
871 3216 988 3246 nomine
1004 3210 1158 3260 Johannis
1175 3208 1211 3242 de

531 3266 587 3296 Bai
612 3275 625 3293 ο
650 3288 659 3304 ,
685 3272 771 3308 appro
791 3273 855 3296 ata.

19 3361 146 3393 ΑΜΒ·
168 3346 861 3428 Μ’Ξῇῗέῗῇἓαῗέξ”ἳὲῗέιῑῑέῗωοῗεῗᾉῇἒὲῗῖἓέἐ
868 3343 1227 3423 ssihagss²3355i¹i³iig1ssdissg

17 3408 133 3468 &2929ss
167 3428 325 3465 Episcopus
341 3451 351 3464 ,
376 3426 521 3456 Robertus
544 3425 580 3454 de
598 3422 792 3467 ErusComes
815 3423 851 3454 de
873 3423 992 3453 Car-rici<
1008 3447 1017 3461 ,
1036 3421 1226 3465 &johannes

18 3480 42 3506 1
72 3487 83 3505 1
106 3448 120 3476 7
169 3467 250 3497 Com
271 3476 291 3495 ri
312 3465 399 3501 filius,
415 3463 559 3493 Custodes
580 3463 676 3501 Regni
695 3461 800 3492 Scotiae
813 3485 822 3499 ,
849 3463 967 3492 nomine
982 3462 1105 3499 praeclarl
1119 3459 1228 3490 Princi-

42 3497 50 3505 ’
89 3498 96 3505 ’
169 3506 229 3544 pis,
281 3504 372 3534 omini
388 3502 525 3541 Johannis
540 3523 549 3539 ,
574 3501 634 3531 Dei
652 3499 739 3539 gratia
755 3524 764 3536 ,
792 3500 881 3537 Regis
898 3500 1004 3530 Scotiae
1025 3499 1133 3529 illustris
1149 3521 1158 3542 ,
1177 3508 1225 3538 per

170 3543 421 3574 Communitateni
443 3539 565 3578 ejusdem
586 3539 679 3577 Regni
694 3537 856 3575 constituti,
873 3548 906 3579 ac
920 3538 1043 3577 ejusdem
1060 3537 1157 3574 Regni
1173 3537 1227 3575 ipsa

170 3581 391 3617 Communitas,
410 3579 527 3609 caritatis
540 3577 677 3615 Spiritum
691 3586 754 3616 erga
768 3577 931 3614 proximum
945 3587 1013 3607 cum
1027 3576 1117 3606 salute.

208 3618 402 3651 Sereniffimus
423 3617 557 3655 Princeps
577 3617 610 3646 ὃ(
630 3615 775 3645 Dominus
789 3638 799 3653 ,
825 3614 969 3645 Dominus
991 3615 1151 3652 Philippus,
1169 3613 1227 3643 Dei

171 3658 279 3697 gratia,
298 3657 475 3687 Francorum
496 3654 562 3685 Rex
577 3677 586 3693 ,
608 3653 716 3691 semper
740 3652 869 3691 illustris,
887 3663 936 3691 per
949 3654 1049 3684 litteras
1063 3654 1119 3683 suas
1134 3661 1230 3690 paten-

173 3706 231 3736 tes,
250 3697 332 3727 nobis
347 3705 436 3733 nuper
449 3693 607 3730 intimavit,
625 3691 722 3730 quod,
738 3691 773 3720 ad
789 3691 996 3729 requisitionem
1009 3692 1101 3729 suani,
1119 3691 1152 3720 ad
1169 3700 1232 3721 cer-

174 3744 239 3768 tum
252 3745 379 3773 tempus,
398 3743 446 3770 per
459 3732 539 3770 ipiius
555 3731 689 3761 Nuncios
705 3730 786 3759 nobis
801 3729 1013 3760 certificandum
1023 3753 1032 3769 ,
1051 3731 1085 3759 ab
1098 3731 1180 3759 omni
1189 3731 1232 3759 in-

173 3775 289 3805 vasione
308 3773 403 3803 hostili
419 3796 429 3810 ,
454 3770 536 3800 nobis
557 3771 590 3801 &
612 3769 718 3808 Regno
736 3767 842 3798 Scotiae
856 3768 1019 3807 inferenda,
1037 3768 1175 3799 cessaretis
1187 3768 1233 3799 seu

174 3811 388 3888 defibslkglrviltilscfue
399 3848 450 3878 Vir
463 3847 608 3877 Dominus
620 3845 763 3884 Johannes
778 3844 847 3874 Dux
862 3844 1027 3883 Britanniae,
1044 3844 1111 3875 dieti
1129 3845 1236 3876 Domi-

175 3888 207 3918 ni
221 3888 311 3926 Regis
325 3889 449 3919 Franciae
462 3885 597 3916 Nuncius
613 3885 642 3913 in
657 3883 759 3919 Anglii
774 3892 843 3913 tunc
855 3883 1048 3925 existens,per
1065 3884 1164 3914 litteras
1178 3884 1235 3914 suas

176 3934 316 3966 patentes,
334 3927 417 3957 nobis
433 3925 566 3961 direttas,
585 3924 642 3952 hoc
657 3922 732 3951 idem
747 3922 829 3951 nobis
843 3921 970 3959 asseruit,

216 3964 301 3995 Dum
312 3974 408 3996 tamen
421 3966 456 3994 ab
471 3961 617 3993 hostilibus
631 3959 872 3998 aggressionibus,
888 3960 972 3990 vobis
982 3959 1126 3999 &Regno
1141 3959 1237 3991 vestro

177 4002 328 4033 inferendis
342 4002 542 4034 desisteremus.
703 4038 708 4042 ¹
733 4037 738 4043 .
1012 4038 1017 4043 ι

214 4036 306 4072 Unde
329 4041 428 4071 vestrae
450 4040 550 4079 Regiae
572 4036 758 4075 Celsitudini,
777 4044 877 4066 tenore
889 4036 1070 4074 praesentium
1107 4037 1240 4068 volumus

178 4078 243 4111 effe-
253 4087 359 4112 nomm
379 4079 460 4119 quod
479 4079 516 4111 ab
528 4078 611 4110 omni
630 4075 773 4109 invasione
787 4074 900 4114 hostili,
919 4075 1004 4107 vobis
1017 4075 1052 4108 &
1066 4060 1177 4115 Regno
1191 4086 1242 4109 ve-

1270 185 1736 230 PUBLICA.
2232 196 2333 245 215'

1260 269 1317 300 stro
1332 280 1382 309 per
1403 282 1454 301 nos
1468 273 1631 312 inferenda,
1648 274 1734 312 usque
1747 273 1781 304 ad
1793 282 1920 313 tempus,
1938 275 2010 306 inter
2025 275 2133 307 dietum
2147 276 2311 308 Dominum
2329 279 2402 310 Ann.
2417 279 2459 310 D.

1258 307 1375 376 51ssng
1390 309 1530 348 Franciae,
1549 314 1667 342 nomine
1679 312 1795 352 nostro,
1809 314 1843 344 &
1856 324 1908 346 vos
1920 322 2094 346 conventum
2108 339 2118 353 ,
2142 317 2250 353 penitus
2264 316 2313 348 de·
2355 328 2438 357 1299.

1306 358 1321 376 e
1355 358 1394 377 us.
2331 359 2394 386 Edv.
2417 366 2442 384 i.

1287 383 1333 428 ¹Et
1354 386 1439 423 ipsam
1459 387 1643 419 desistentiam
1658 389 1703 419 seu
1724 389 1910 421 sufferentiam
1931 400 1980 430 per
1994 386 2094 422 litteras
2111 396 2252 431 patenteS,
2270 392 2316 424 Si-

1263 423 1335 461 gillo
1350 424 1450 454 nostro
1465 429 1614 457 communi
1628 427 1755 467 signataS,
1775 428 1855 459 vobis
1867 429 2010 460 tradendas
2026 431 2260 469 approbavimus,

1299 461 1381 492 Dum
1395 471 1487 493 tamen
1504 475 1553 502 per
1566 466 1664 496 litteras
1675 466 1778 496 vestras
1790 477 1928 506 patentes,
1946 479 1995 506 per
2008 469 2126 499 latorem
2141 469 2317 508 praesentium

1260 501 1343 544 nobis
1362 501 1581 569 trangniittendas
1597 528 1606 542 ,
1623 504 1742 534 eandem
1755 505 1941 537 desistentiam
1954 507 1999 537 seu
2012 506 2201 538 sufferentiam
2216 508 2315 540 volue-

1259 548 1317 568 ritis
1330 549 1417 576 appro
1440 551 1494 571 are.

1298 576 1335 607 Et
1356 578 1413 608 hoc
1435 578 1514 610 dicio
1535 579 1669 610 Domino
1685 580 1760 619 Regi
1775 580 1900 612 Franciae
1918 582 2135 620 significavimus
2147 608 2156 622 ,
2177 583 2316 615 Volunta-

1260 624 1318 646 tem
1340 615 1460 646 vestrani
1472 642 1480 656 ‚
1500 617 1576 655 super
1593 618 1736 656 praemiffis
1750 621 1782 648 ἅ
1797 620 1936 661 praemissa
1950 623 2196 661 contingentibus,
2214 623 2315 661 nobis,

1260 654 1280 683 si
1294 654 1401 692 placet,
1420 665 1469 692 per
1483 655 1602 687 latorem
1617 657 1796 694 praesentium
1811 659 1982 697 rescribatis,

1299 730 1367 760 Dat.
1386 732 1415 774 in
1431 731 1549 776 Forestsi
1563 733 1608 763 del
1622 733 1734 772 Torre,
1753 733 1836 764 tertio
1851 732 1966 765 decimo
1981 734 2038 766 Die
2051 735 2317 776 Novembris,An-

1261 778 1302 799 no
1318 768 1441 799 Domini
1457 771 1597 802 milesimo
1611 772 1797 810 nonagesimo
1811 782 1899 803 nono.

1414 846 1467 876 Sub
1482 847 1659 888 Sigilloflavi
1672 848 1760 878 coloris
1767 849 1900 888 pendente
1915 848 1934 879 ἃ
1948 849 2034 880 cauda
2044 856 2163 888 pergam.

1297 919 1385 951 Dors.

1258 962 1419 1028 ReDwfsimt
1425 962 1572 1006 ‘Edwardo
1587 965 1642 993 Dei
1655 966 1750 1001 gratia
1764 965 1830 1001 Regi
1846 963 1932 1002 Angl.
1944 964 2067 1005 Custodes
2082 963 2121 999 ὠ·
2138 967 2319 995 Communitas

1296 1009 1344 1035 gm
1379 1010 1404 1027 co
1419 1010 1463 1029 ιω.

1260 1122 1350 1154 Bulla
1375 1123 1544 1168 responfiilis
1561 1123 1607 1156 ad
1630 1126 1746 1158 litteras
1774 1129 1880 1173 Regis,
1900 1136 1955 1172 per
1977 1139 2051 1173 quas
2068 1132 2188 1174 rogavit
2205 1130 2319 1173 Papam

1309 1181 1345 1202 nt
1371 1175 1486 1203 veniret
1511 1173 1615 1217 verfhs
1635 1174 1819 1220 Lugdunum
1839 1201 1848 1217 ‚
1870 1186 1926 1220 pro
1947 1176 2194 1220 confhmmatione
2213 1179 2322 1221 negotii

1307 1222 1385 1252 inter
1405 1220 1500 1266 ipsitm
1517 1224 1553 1258 (9²
1576 1224 1685 1268 Regem
1701 1225 1842 1256 Franciae.

1261 1303 1471 1365 BOnifiicius
1479 1304 1648 1345 Episcopus,
1667 1306 1758 1338 servus
1773 1308 1920 1341 servorum
1934 1308 2011 1347 Dei,
2029 1306 2184 1339 Carisfimo
2198 1309 2226 1338 iri
2234 1307 2322 1339 Chri·
2340 1321 2405 1352 Am,
2427 1319 2460 1351 D

1321 1343 1379 1389 'sto
1394 1343 1469 1383 filio,
1488 1343 1522 1374 E.
1543 1344 1619 1383 Regi
1633 1346 1744 1386 Angliae
1758 1346 1859 1378 illustri
1874 1347 2000 1378 Salutem
2014 1347 2047 1378 δί
2061 1346 2260 1385 Apostolicam
2274 1349 2323 1377 be—
2361 1346 2444 1399 1259·
2460 1341 2470 1355 “

1261 1382 1468 1414 nedistionem.
2340 1405 2380 1428 Aa
2407 1408 2441 1434 27

1300 1420 1423 1461 Veniens
1445 1422 1478 1453 ad
1496 1422 1681 1462 apostolicam
1700 1423 1803 1454 Sedem
1820 1424 1950 1455 Diledlms
1972 1423 2073 1462 Filius,
2092 1423 2274 1455 Guillielmus
2287 1423 2322 1453 de
2338 1445 2356 1467 E
2385 1423 2410 1466 ’1
2447 1418 2455 1426 ”

1262 1459 1350 1501 Dyen
1390 1460 1476 1490 Miles
1494 1460 1596 1501 Regiae
1616 1461 1796 1493 Celsitudinis
1818 1462 1965 1501 Nuntius,
1984 1471 2042 1494 tuas
2056 1462 2141 1493 nobis
2154 1462 2274 1502 litteras,
2291 1464 2321 1492 in
2340 1462 2380 1505 Ea
2393 1479 2450 1504 Au,

1262 1499 1349 1529 Festo
1388 1522 1394 1528 .
1414 1499 1531 1529 Martini
1546 1500 1723 1531 Confefforis
1737 1503 1870 1539 proximo
1885 1503 2045 1540 praeterito,
2059 1501 2247 1542 praesentavit,

1301 1537 1372 1567 Nos
1393 1546 1486 1568 autem
1509 1539 1611 1569 litteras
1634 1539 1717 1577 ipsas,
1735 1542 1769 1571 ὃς
1784 1540 1931 1571 Nuntium
1947 1541 2068 1571 libenter
2081 1540 2219 1577 vidimus,
2236 1541 2270 1571 ὃς
2283 1540 2326 1570 af-

1262 1575 1392 1606 festuos‘e
1407 1578 1565 1614 recepimus
1579 1579 1681 1609 intuitu
1693 1578 1870 1617 destinantis,
1887 1579 2035 1618 gaudentes
2050 1588 2134 1617 quam
2151 1578 2323 1616 plurimum,

1263 1625 1297 1644 ac
1315 1616 1422 1651 ingenti
1437 1615 1529 1646 laetitia
1542 1616 1571 1645 in
1588 1616 1722 1647 Domino
1736 1617 1900 1655 exultantes,
1917 1617 2087 1655 quod,sicut
2102 1616 2225 1655 ejusdem
2235 1616 2325 1647 Nun-

1265 1654 1295 1682 tii
1309 1654 1440 1693 patefecit
1455 1655 1582 1692 assertio,
1601 1655 1678 1685 sanus
1693 1656 1725 1686 &
1742 1655 1894 1686 incolumis
1907 1678 1918 1694 ,
1940 1666 1990 1694 per
2004 1656 2061 1695 ejus
2074 1657 2208 1694 gratiam,
2227 1656 2275 1694 qui
2286 1655 2326 1685 sa-

1263 1691 1353 1722 lutem
1369 1692 1415 1722 dat
1429 1691 1573 1732 Regibus,
1594 1695 1754 1730 perseveras.

1303 1730 1377 1761 Sane
1395 1731 1545 1761 litterarum
1566 1732 1684 1768 ipsarum
1706 1732 1802 1770 series,
1821 1734 1892 1763 inter
1908 1741 2026 1769 caetera,
2045 1732 2226 1769 continebat,
2245 1730 2326 1770 quod

1264 1768 1300 1799 ad
1319 1769 1495 1800 tradiandum
1516 1769 1552 1800 de
1573 1772 1647 1807 pacis
1667 1771 1854 1801 reformandae
1867 1772 2000 1810 negotio,
2019 1773 2089 1801 inter
2102 1780 2146 1810 te,
2164 1771 2197 1801 ὃ(
2211 1769 2326 1800 Carissi-

1266 1817 1349 1837 mum
1367 1809 1396 1838 in
1411 1807 1530 1839 Christo
1544 1808 1645 1839 Filium
1659 1809 1789 1840 nostrum
1803 1833 1812 1848 ,
1832 1809 1999 1847 Philippum
2020 1809 2133 1848 Regem
2150 1808 2326 1839 Francorum

1265 1845 1417 1884 illustrem,
1434 1848 1511 1884 juxta
1533 1847 1636 1878 nostrae
1657 1848 1839 1878 ordinationis
1859 1849 2003 1878 arbitrium
2031 1848 2083 1877 'am
2107 1847 2198 1885 plures
2212 1846 2325 1876 diversis

1263 1886 1439 1924 temporibus
1455 1885 1580 1915 solennes
1600 1886 1634 1916 ad
1654 1885 1778 1916 nostram
1803 1886 1976 1924 praesentiam
2039 1887 2130 1916 untios
2150 1884 2297 1915 destinaras
2312 1908 2322 1922 ,

1265 1924 1299 1954 &
1317 1926 1378 1962 jam
1398 1924 1528 1954 traeratus
1550 1924 1735 1962 hujusmodi,
1759 1933 1895 1963 quantum
1909 1924 1942 1954 ad
1955 1935 1986 1954 ea
2021 1935 2082 1963 uae,
2099 1923 2253 1966 secundum
2268 1924 2329 1952 sor-

1265 1971 1344 1992 mam
1360 1962 1544 1992 ordinationis
1559 1962 1699 2000 ejusdem,
1717 1973 1766 2000 pei·
1780 1972 1807 1993 te
1822 1973 1854 1993 ac
1869 1964 1990 1993 eundem
2001 1935 2117 2003 cRegem
2134 1985 2144 2001 ,
2162 1963 2189 1991 in
2206 1963 2214 1991 i
2236 1966 2266 1992 iis
2279 1971 2327 1991 ex-

1266 2000 1402 2037 pedienda
1425 2001 1545 2037 partibus
1568 2000 1721 2031 existebant
1734 2024 1745 2040 ,
1769 2010 1898 2039 optatum
1916 2012 1966 2039 per
1980 2001 2038 2032 Dei
2053 2002 2172 2040 gratiam
2185 2010 2201 2031 e
2227 1999 2325 2030 εᾶυτη

1267 2038 1331 2069 fore
1344 2039 1496 2069 dinoscitur
1510 2038 1686 2069 consecutus.

2339 1524 2404 1553 logr-

1304 2076 1361 2107 Sed
1373 2087 1441 2108 cum
1456 2077 1545 2115 aliqua
1559 2077 1662 2108 restare
1675 2077 1825 2108 noscantur
1834 2101 1844 2116 ,
1862 2079 1890 2108 iri
1904 2077 2008 2109 eodeni
2022 2077 2183 2116 exequenda
2197 2078 2327 2116 negot'o,

1266 2115 1424 2153 nostroque
1437 2116 1551 2146 arbitrio
1563 2115 1736 2146 terminanda
1745 2141 1754 2155 ,
1774 2125 1804 2147 tu
1819 2126 1934 2147 memor
1947 2116 2064 2147 existens
2073 2141 2081 2154 ,
2090 2124 2120 2146 ut
2134 2115 2328 2153 asseris,quod

1267 2163 1321 2184 nos
1340 2154 1473 2184 ha&enus
1493 2155 1575 2184 certis
1592 2155 1611 2174 ²*
1630 2153 1749 2185 Nuntiis
1768 2154 1865 2194 Regiis
1879 2179 1888 2192 ,
1913 2165 1966 2192 pro
1987 2155 2109 2194 ejusdem
2133 2155 2328 2192 prosecutione

1268 2193 1380 2229 negotii
1402 2192 1541 2223 destinatis
1552 2217 1561 2231 ,
1584 2192 1662 2230 spem
1681 2193 1826 2232 dedimus,
1845 2194 1925 2232 quod
1941 2193 1975 2223 ad
1991 2202 2080 2230 partes
2093 2193 2327 2224 Ultramontanas

1267 2230 1359 2261 versus
1375 2231 1552 2268 Lugdunum
1569 2253 1579 2269 ,
1603 2241 1656 2269 pro
1671 2233 1745 2269 pacis
1759 2232 2006 2262 consummatione
2021 2232 2182 2269 praediffiiae,
2201 2231 2330 2268 persona-

1268 2268 1333 2300 liter
1345 2269 1481 2300 accedere
1496 2278 1680 2308 curaremus,
1706 2271 1739 2301 &
1759 2271 1874 2308 cupiens
1886 2269 1990 2300 nostrae
2004 2270 2115 2300 visionis
2131 2271 2247 2299 recreari
2263 2268 2331 2299 sola-

1270 2308 1313 2338 tio
1324 2329 1335 2345 ,
1351 2307 1518 2346 dititutiique
1537 2309 1684 2347 negotium
1704 2308 1822 2338 feliciter
1846 2308 2036 2339 consummati
2057 2307 2239 2338 veliementer
2262 2306 2331 2338 affe-

1270 2345 1367 2385 &ans,
1386 2347 1464 2386 quod
1484 2348 1572 2384 etiarn
1588 2346 1624 2376 de
1639 2347 1758 2384 praefato
1771 2346 1854 2385 Rege
1867 2347 1890 2376 F
1892 2349 1994 2377 ranciae
2008 2346 2124 2377 firmiter
2138 2346 2330 2384 supponebas,

1269 2384 1354 2414 nobis
1375 2394 1425 2422 per
1444 2385 1551 2415 easdem
1575 2385 1674 2415 litteras
1693 2394 1762 2414 cum
1781 2385 1907 2415 instantia
1929 2384 2084 2422 supplicasti
2097 2408 2106 2422 ‚
2133 2392 2163 2414 ut
2183 2383 2217 2414 ad
2276 2393 2330 2415 rtes

1269 2422 1432 2462 praedidtas,
1450 2424 1470 2453 si
1489 2423 1581 2461 posset
1595 2422 1752 2453 commode
1764 2422 1839 2462 fieri,
1855 2422 1961 2462 gressus
1976 2423 2088 2453 nostros
2100 2421 2219 2462 dirigere
2253 2424 2330 2462 igna-

1269 2469 1373 2491 remur.

1307 2498 1377 2536 Spes
1390 2500 1468 2530 enini
1483 2500 1533 2531 tibi
1550 2509 1610 2530 non
1625 2499 1708 2530 dubia
1722 2499 1884 2540 suggerebat
1899 2499 1979 2538 quod
1996 2500 2025 2530 in
2040 2508 2147 2530 mutuae
2160 2499 2274 2530 visionis
2289 2498 2332 2530 af-

1268 2535 1387 2575 fatibus,
1405 2540 1501 2569 votiva
1517 2538 1651 2576 praelibati
1664 2539 1770 2577 negotii
1787 2538 1995 2569 consummatio
2008 2539 2185 2577 proveniret,
2204 2537 2329 2568 cuntio-

1269 2584 1391 2613 rumque
1413 2576 1538 2607 fidelium
1556 2599 1566 2614 ,
1589 2578 1623 2608 &
1645 2576 1786 2613 potissime
1806 2578 1906 2607 Terrae
1928 2576 2039 2607 Sani&
2052 2577 2177 2615 negotii,
2197 2575 2231 2607 ad
2245 2586 2331 2614 quarn

1270 2611 1372 2652 Regni:
1389 2614 1591 2652 compassionis
1604 2614 1722 2645 affeeius
1735 2615 1880 2653 dirigitur,
1897 2615 2001 2646 valeret
2017 2615 2115 2645 utilitas
2131 2616 2283 2652 procurari.

1308 2653 1337 2683 Si
1355 2656 1425 2683 vero
1442 2663 1523 2684 tuum
1539 2653 1592 2683 hac
1615 2662 1691 2691 parte
1703 2653 1870 2683 desiderium
1885 2654 2005 2683 minime
2019 2652 2165 2690 adimpleri
2180 2654 2332 2692 continge-

1269 2699 1327 2730 ret,
1346 2701 1397 2721 nos
1411 2692 1528 2730 locum,
1546 2692 1714 2730 tempusque
1728 2702 1888 2730 congruum
1900 2716 1909 2729 ,
1939 2691 2011 2721 infra
2027 2691 2142 2721 Festum
2157 2690 2332 2722 Purificatio-

1270 2729 1312 2758 nis
1333 2729 1422 2760 beatae
1443 2730 1566 2769 Virginis
1587 2731 1683 2767 primo
1705 2738 1857 2760 venturum
1871 2755 1880 2768 ,
1906 2739 2011 2768 quanto
2033 2730 2148 2760 celerius
2164 2731 2205 2769 agi
2219 2729 2330 2768 posset,

1271 2776 1340 2797 cum
1360 2778 1440 2798 mora
1463 2769 1600 2806 prolixior
1620 2768 1760 2808 dispendia
1773 2778 1896 2808 pareret,
1916 2778 2074 2799 curaremus
2091 2769 2240 2805 benignius
2251 2768 2333 2807 affig-

1269 2814 1353 2844 nare,
1369 2808 1397 2836 in
1414 2808 1513 2845 quibus
1527 2806 1561 2837 ad
1575 2817 1643 2845 nos,
1659 2817 1712 2844 pro
1722 2807 1780 2845 jam
1796 2807 1865 2837 dit‘ti
1877 2806 2127 2837 consummatione
2137 2808 2262 2846 negotii,
2278 2806 2324 2837 so-

1269 2843 1366 2874 lennes
1381 2854 1437 2876 tuae
1452 2845 1654 2885 Magnitudinis
1669 2845 1771 2875 Nuntii
1783 2844 1964 2876 destinentur.

1306 2881 1343 2912 Et
1364 2883 1480 2921 quidem
1496 2908 1505 2923 ,
1532 2885 1583 2914 Fili
1605 2883 1756 2921 carissime,
1778 2893 1807 2914 ut
1822 2883 1911 2914 nostri
1927 2883 2050 2921 pensons
2063 2883 2160 2914 intima
2176 2883 2333 2914 verborum

1268 2921 1390 2951 oraculis
1412 2923 1564 2952 referemus
1580 2945 1590 2960 ,
1614 2921 1726 2952 summo
1741 2922 1876 2952 desiderio
1890 2921 2039 2960 ducimur,
2057 2922 2090 2952 &
2107 2922 2180 2952 votis
2193 2921 2331 2952 ferventi-

1267 2960 1320 2989 bus
1340 2959 1505 2990 affec'tamus
1520 2984 1530 2999 ,
1555 2960 1676 2998 Regiam
1698 2960 1800 2990 habere
1821 2960 1993 2999 praesentiam
2011 2983 2020 2998 ,
2048 2959 2159 2998 ejusque
2179 2959 2332 2997 plenariam

1269 2997 1368 3027 nostris
1379 2997 1528 3028 affec‘tibus
1549 3000 1666 3036 copiam
1688 2999 1830 3036 exhiberi,
1850 3008 1880 3029 ut
1892 3008 1978 3036 quem
1995 2998 2159 3028 mentalibus
2170 2998 2274 3037 jugiter
2287 2999 2331 3028 in-

1269 3044 1381 3068 tuemur
1403 3037 1561 3067 obtuitibus
1576 3060 1585 3073 ,
1612 3038 1757 3074 corporeis
1771 3037 1877 3075 oculis,
1895 3037 1952 3068 vita
1966 3037 2091 3075 comite,
2107 3035 2268 3075 videamus,
2287 3045 2330 3067 te-

1271 3084 1340 3105 cum
1366 3074 1481 3114 diligens
1507 3075 1627 3105 habituri
1651 3075 1853 3113 colloquium,
1878 3075 1955 3113 super
1977 3075 2028 3105 hiis
2043 3099 2052 3113 ,
2079 3084 2143 3112 quae
2173 3075 2212 3104 tui
2233 3076 2331 3113 tuique

1271 3113 1386 3152 Regni,
1405 3114 1520 3144 honoris
1540 3114 1572 3144 &
1595 3113 1762 3144 exaltationis
1783 3122 1966 3153 augmentum
1980 3137 1990 3151 ,
2015 3123 2047 3143 ac
2061 3112 2183 3151 ejusdem
2198 3114 2304 3152 negotii
2320 3135 2330 3151 ‚

1269 3152 1350 3182 cordi
1371 3151 1470 3182 nostro
1496 3151 1647 3190 specialiter
1671 3152 1809 3182 insidentis
1822 3176 1830 3189 ,
1854 3152 1994 3189 dietzeqne
2011 3151 2112 3182 Terrae
2140 3151 2252 3182 Santstae
2274 3150 2328 3181 sta-

1269 3199 1332 3221 tum
1359 3191 1490 3221 votivum
1518 3192 1551 3221 &
1580 3189 1743 3227 prosperum
1766 3190 1900 3227 respicere
1919 3189 2099 3220 dinoscuntur
2115 3213 2124 3227 ,
2150 3199 2329 3227 omnemque

1267 3237 1416 3267 propterea
1472 3238 1557 3267 quem
1579 3229 1707 3266 corporis
1729 3228 1817 3258 nostri
1837 3227 1966 3259 conditio
1981 3252 1991 3266 ,
2016 3229 2084 3258 citra
2108 3227 2260 3258 Montium
2288 3236 2329 3257 ta·-

1270 3277 1339 3297 men
1361 3278 1417 3298 con
1439 3269 1482 3297 nia
1500 3289 1509 3304 ,
1531 3277 1598 3296 cuni
1614 3266 1647 3295 ad
1663 3267 1789 3304 ipsorum
1804 3267 1947 3297 transitum
1969 3276 2147 3304 nequaquam
2169 3265 2329 3295 sufficerent

1266 3306 1428 3336 nostrarum
1447 3306 1547 3337 virium
1563 3304 1704 3335 facultates
1716 3328 1726 3343 ,
1749 3305 1840 3344 pollet
1859 3305 1977 3336 tolerare
1991 3305 2133 3342 laborem,
2151 3302 2331 3334 libentissime

1271 3345 1433 3374 subiremus.

1308 3383 1364 3413 Sed
1379 3392 1474 3413 revera
1488 3405 1497 3420 ,
1522 3389 1551 3411 ut
1565 3382 1662 3411 veritas
1684 3391 1744 3411 non
1765 3390 1899 3421 negetur,
1918 3379 2151 3419 compatiendum
2171 3378 2234 3409 fore
2255 3389 2329 3410 con-

1270 3421 1382 3459 spicitur
1404 3421 1495 3458 patri,
1517 3421 1574 3457 jam
1595 3429 1676 3450 aetate
1696 3420 1849 3459 grandaevo
1863 3445 1872 3458 ,
1884 3422 1942 3457 jam
1959 3421 2155 3449 circumvento
2170 3417 2329 3448 Senectutis

1271 3459 1463 3527 incosrnmodis
1477 3482 1486 3496 ‚
1511 3467 1599 3496 quem
1620 3459 1704 3497 longa
1722 3459 1849 3496 gravavit
1869 3457 2028 3495 infirmitas,
2046 3457 2079 3487 ὃς
2094 3456 2216 3495 langoris
2230 3455 2331 3487 diutini

1293 3502 1332 3528 rel
1347 3507 1367 3528 it
1380 3508 1450 3527 onus
1462 3507 1468 3526 :

1272 3509 1291 3536 p
1308 3534 1551 3574 Compatiendum
1566 3533 1607 3564 est
1621 3535 1705 3565 etiam
1720 3534 1800 3572 ipsius
1812 3534 1914 3564 Terrae
1928 3533 2038 3563 Sanistae
2052 3531 2197 3574 periculiS,
2216 3531 2329 3571 ejusque

1274 3575 1424 3605 miserabili
1446 3574 1525 3603 statui
1539 3595 1548 3611 ,
1573 3583 1658 3611 quam
1682 3583 1741 3602 non
1763 3573 1820 3602 sine
1842 3573 1925 3602 totius
1939 3571 2151 3601 Christianitatis
2163 3571 2331 3608 obprobio,

1273 3613 1418 3651 multaque
1431 3611 1519 3642 nostri
1534 3611 1712 3642 contumelia
1724 3611 1873 3641 Salvatoris
1882 3633 1892 3648 ,
1915 3609 2008 3640 hostes
2020 3609 2165 3639 catholic-ie
2181 3607 2247 3639 fidei
2259 3608 2331 3640 deti-

1274 3662 1342 3682 nent
1357 3659 1538 3688 occupatam:

1312 3687 1555 3727 Compaticndum
1577 3697 1694 3725 quoque
1714 3686 1864 3717 dinoscitur
1886 3685 2018 3716 universis
2039 3694 2088 3722 pet
2108 3685 2211 3715 orbem
2240 3684 2330 3716 fideli-

1274 3729 1326 3759 bus
1346 3727 1503 3758 cons’titiitis
1518 3748 1528 3764 ,
1553 3727 1618 3763 qui,
1637 3734 1720 3763 prout
1735 3734 1768 3755 ex
1783 3724 1921 3755 evidentia
1935 3723 2000 3753 faffi
2012 3724 2106 3760 aperte
2121 3724 2276 3764 colligitur,
2294 3726 2328 3756 &

1272 3766 1382 3805 liquido
1398 3765 1563 3802 innotescit,
1579 3764 1620 3793 ob
1634 3773 1728 3802 tuam,
1744 3765 1777 3795 δε
1793 3762 1912 3801 ejusdem
1928 3762 2015 3801 Regis
2029 3761 2215 3801 discordiam,
2232 3762 2328 3793 multi-

1275 3806 1382 3843 pliciter
1396 3811 1613 3842 praegravantur.

1313 3843 1473 3878 Cieterum,
1493 3841 1512 3870 si
1529 3850 1581 3878 pro
1591 3840 1650 3878 jam
1663 3838 1733 3870 dieii
1747 3839 1992 3870 consummatione
2009 3839 2134 3880 negotii,
2154 3838 2267 3878 Regalis
2275 3839 2328 3870 Su-

1277 3882 1397 3912 blimitas
1418 3879 1547 3910 Nuntios
1570 3878 1605 3908 ad
1624 3889 1675 3908 nos
1703 3878 1857 3908 decreverit
1875 3876 2072 3912 destinandos3
2101 3880 2138 3907 iic
2150 3878 2179 3907 in
2194 3878 2330 3907 omnibus

1275 3920 1443 3951 sufficienter
1465 3917 1590 3947 instruCti
1604 3941 1614 3954 ,
1635 3917 1672 3947 sic
1691 3916 1827 3954 potestate
1839 3915 1955 3953 muniti,
1974 3915 2007 3945 &
2021 3914 2330 3953 plenariainformatio-

1278 3970 1313 3990 ne
1327 3958 1448 3994 suffulti,
1461 3956 1553 3993 sicque
1569 3963 1624 3985 tuae
1640 3957 1791 3985 voluntatis
1803 3955 1836 3985 &
1850 3954 2012 3983 intentionis
2027 3954 2133 3984 conscii
2145 3954 2331 3984 transmittan-

1279 4006 1339 4035 tur,
1358 4005 1387 4026 ut
1410 4005 1457 4025 eos
1472 3994 1578 4032 praefati
1590 3993 1740 4024 occasione
1760 4003 1796 4022 ne
1814 3994 1883 4030 otii,
1901 3991 1935 4022 ad
1949 4001 2026 4022 tuam
2038 3992 2128 4023 redire
2141 3992 2333 4033 praesentiam,

1278 4039 1311 4069 &
1326 4033 1519 4072 subsequenter
1538 4033 1564 4062 A
1586 4031 1736 4062 ostolicani
1750 4031 1787 4061 Se
1807 4039 1854 4061 em
1867 4039 1994 4068 repetere
2007 4039 2067 4061 non
2082 4031 2114 4061 sit
2128 4040 2207 4068 opus.

1317 4073 1387 4106 Nec
1407 4081 1521 4111 propter
1578 4072 1723 4102 untiorum
1739 4069 1865 4108 ipsorum
1883 4069 2038 4102 adventum
2052 4091 2066 4109 ,
2082 4077 2334 4138 quantumcusgflue

2289 4115 2339 4137 en-

2345 2176 2478 2212 ⁸11.860.
