2560 4261
61 283 139 314 Ann.
152 283 192 315 D.

90 331 174 353 1200.

63 633 113 660 *Ι-
134 631 194 660 118.

61 3709 190 3746 ¹⁸1.ii9.

248 295 276 316 2.
297 283 389 324 Qiod
405 283 469 314 Rex
480 282 624 321 Johannes
636 279 753 312 donavit
767 281 849 311 nobis
864 280 898 310 &
912 278 1070 310 haeredibus
1085 276 1186 308 nostris
1199 275 1270 306 sicut

210 325 304 354 restris
317 325 403 354 haeres
420 322 508 358 Regis
522 319 638 349 Ricardi
651 319 741 349 fratris
756 320 828 357 ejus,
847 318 1002 349 Civitatem
1024 316 1215 347 Ebroicarurn
1235 315 1270 344 &

211 362 365 393 Ebroicen.
392 370 460 391 curn
480 358 614 389 omnibus
637 357 726 388 feodis
749 359 782 389 &
804 357 958 395 dominiis,
983 356 1054 386 sicut
1075 355 1270 399 subsequentes

213 410 298 430 metae
313 400 498 430 determinant
513 397 611 434 (metae
626 401 721 426 autem
735 395 797 426 sunt
811 396 908 434 positae
920 397 948 424 in
963 394 1056 424 media
1070 403 1115 423 Via
1134 401 1206 435 inter

212 440 375 469 broicinum
396 438 429 468 δε
451 435 580 465 Novum
597 434 737 473 Burgum)
760 435 794 465 &
807 442 901 465 totum
915 433 961 472 id,
980 431 1059 471 quod
1075 433 1127 474 erit·
1137 437 1208 459 intra
1223 428 1270 457 has

213 486 300 507 metas
316 486 347 506 ex
363 484 440 513 parte
452 474 596 511 ancie,
615 475 666 504 erit
677 473 827 510 nostrum3
846 472 873 502 id
888 480 983 502 autem
997 469 1075 509 quod
1090 477 1141 499 erit
1157 477 1191 497 ex
1203 466 1270 497 alte-

213 525 241 545 ra
256 524 331 552 parte
344 513 435 543 versus
450 511 580 543 Novum
592 511 736 550 Burgum,
755 513 805 542 erit
819 510 909 548 Regis
923 509 1042 548 Angiiae.

250 563 275 593 3.
295 552 332 582 Et
355 560 493 590 quantum
510 560 592 581 terne
612 550 778 580 habebimus
801 549 893 579 versus
906 548 1034 578 Novum
1049 546 1192 585 Burgum,
1210 550 1271 573 tan-

213 600 275 622 tum
290 600 372 621 terrae
386 590 552 620 habebimus
565 589 658 620 versus
673 588 825 624 Conches,
844 588 877 617 &
891 586 983 617 versus
998 585 1137 622 Akenny,
1155 582 1189 612 ad
1205 591 1270 624 ean-

211 630 279 660 dem
295 628 470 667 mensuram,
489 638 523 658 ex
539 638 570 658 ea
583 635 660 665 parte
673 627 722 657 ubi
739 628 753 643 ²*
772 625 918 666 Abbathia-
925 623 961 654 de
974 623 1048 653 Noa
1062 622 1109 666 sita
1123 621 1181 665 esp,
1200 622 1270 649 licut

210 678 281 706 aqua
304 667 406 698 Itoniae
427 667 514 698 currit
537 666 684 703 Guitebo,
704 664 880 700 ubicumque
901 666 951 699 iit,
969 661 1086 692 donav1t
1101 661 1184 690 nobis
1204 658 1270 688 Rex

210 707 256 737 An
278 707 328 737 liae.

248 716 277 784 Ξ
295 745 423 777 Tilleriae
444 753 512 775 cum
534 740 706 781 pertinentiis
728 739 794 779 suis,
818 740 852 771 ὃς
873 737 1005 782 Danvilla
1026 747 1173 782 remanent
1193 735 1273 773 Regi

212 783 343 822 Angliae3
362 786 398 814 ita
418 793 513 813 tamen
537 780 615 818 quod
633 779 779 810 Dominus
798 778 834 808 de
845 777 985 809 Bruerolis
1000 777 1114 808 habebit
1129 776 1174 813 id,
1193 774 1272 814 quod

211 823 297 854 debet
312 824 414 853 habere
428 821 456 849 in
469 820 632 850 Dominatu
645 819 681 847 de
695 817 840 848 Bruerolis.
1095 855 1100 859 ”

254 870 280 900 5.
307 858 455 891 Concess‘it
479 859 565 888 etiam
587 856 623 886 de
650 855 820 893 Episcopatu
840 854 1006 885 Ebroicensi
1032 854 1114 897 nobis
1140 853 1169 884 id
1191 852 1271 921 cffiod

211 900 252 930 est
272 901 341 929 intra
363 899 411 928 has
431 904 518 927 metas
534 920 544 933 ,
570 894 646 925 unde
666 893 821 932 Episcopus
844 892 1021 923 Ebroiccnsis
1041 893 1124 922 nobis
1145 893 1179 923 δε
1233 902 1272 921 ae-

210 938 322 968 redibus
343 936 444 966 nostris
465 933 658 972 respondebit3
678 933 755 963 idem
779 942 873 963 autem
893 931 1049 969 Episcopus
1071 930 1148 968 Regi
1162 930 1273 970 Angliae

209 978 243 1007 &
267 975 437 1007 Haeredibus
458 973 509 1004 suis
531 971 709 1010 respondebit
732 971 768 1002 de
789 972 864 1009 hoc,
884 969 962 1009 quod
985 970 1037 1001 erit
1050 978 1127 1000 extra
1140 969 1187 1000 has
1210 979 1272 1000 me-

207 1023 254 1045 tas.

247 1054 274 1083 6.
296 1051 333 1083 Et
346 1050 491 1083 sciendum
505 1049 584 1090 quod
599 1060 693 1089 neque
709 1060 778 1088 nOS,
796 1059 888 1088 neque
901 1047 968 1079 Rex
982 1047 1094 1088 Angliae
1116 1048 1273 1091 poterimus

209 1092 322 1122 firmare
336 1092 406 1122 intra
420 1101 524 1128 metas,
543 1090 706 1120 constitutas
722 1091 791 1119 intra
806 1088 934 1119 Novum
950 1087 1077 1124 Burgum
1091 1087 1124 1117 ὃ(
1140 1086 1273 1117 Ebroici-

208 1140 297 1168 num,
315 1140 410 1168 neque
423 1129 495 1167 apud
510 1128 657 1166 Guiteb03
676 1138 768 1165 neque
783 1126 848 1157 Rex
862 1126 973 1166 Angliae
986 1135 1020 1156 ex
1042 1134 1120 1163 parte
1142 1125 1204 1164 sua,
1221 1135 1272 1168 ne-

208 1179 265 1207 que
280 1179 333 1199 nos
348 1179 381 1199 ex
394 1178 472 1206 parte
486 1167 598 1206 nostra,
616 1167 666 1197 nisi
681 1167 729 1198 ubi
743 1165 887 1197 firmatum
899 1165 941 1196 est
955 1164 1025 1196 infra
1044 1173 1132 1196 metas
1152 1163 1272 1202 praedie-

209 1216 257 1238 tas.

249 1254 274 1283 7.
302 1245 443 1278 Praeterea
463 1245 602 1278 foi-talitiae
622 1243 658 1277 de
682 1244 776 1277 Pori-is
797 1245 830 1276 &
851 1244 887 1276 de
903 1241 1013 1275 Laudes
1026 1242 1215 1274 incontinenti
1227 1241 1270 1272 di-

208 1294 340 1324 ruentur,
360 1296 453 1324 neque
468 1287 507 1316 ibi
521 1286 578 1316 aliae
593 1285 730 1316 fortalitiae
747 1293 880 1322 poterunt
894 1281 1074 1322 re-aedificari.

247 1324 274 1354 8.
294 1323 370 1354 Haec
386 1334 480 1355 autem
492 1326 605 1363 omnia,
625 1334 689 1362 quae
704 1323 814 1354 Comes
827 1322 1006 1353 Ebroicensis
1024 1321 1094 1351 infra
1116 1321 1163 1363 has
1182 1328 1270 1351 metas

208 1363 340 1401 tenebat,
358 1363 425 1394 fecit
446 1364 527 1394 nobis
548 1364 674 1402 quittari,
693 1373 708 1392 a
729 1363 809 1392 rec‘to
828 1361 952 1392 Haerede
967 1360 1132 1404 Ebroicensi
1148 1359 1185 1389 de
1198 1359 1225 1390 V
1228 1360 1270 1403 ul-

204 1402 319 1432 casione
340 1401 514 1440 Normano,
532 1402 623 1433 Terra
645 1402 697 1432 erit
718 1401 796 1438 Regi
817 1400 947 1439 Angliae,
965 1400 999 1430 &
1014 1397 1185 1429 Haeredibus
1199 1397 1269 1436 suis,

206 1449 354 1471 remanent
376 1440 472 1471 Feoda
489 1442 522 1472 &
547 1440 739 1477 Dominium,
758 1440 827 1470 sicut
849 1438 1082 1476 Archiepiscopus
1106 1436 1271 1480 Rothorna-

205 1479 295 1518 gensis
311 1487 344 1508 ex
358 1479 450 1509 modo
465 1488 562 1509 tenens
576 1488 648 1517 erat,
667 1478 711 1508 die
726 1488 783 1516 quo
798 1477 865 1508 fecit
879 1477 1059 1508 excambium
1081 1474 1118 1506 de
1138 1474 1269 1506 Andelia-

207 1526 264 1555 co,
282 1526 379 1547 totum
393 1517 534 1548 residuum
551 1517 703 1547 Vulcasino
716 1518 798 1547 nobis
811 1525 945 1547 remanet.

246 1565 272 1592 9.
301 1555 370 1585 Nos
399 1566 470 1585 vero
498 1565 558 1586 non
582 1557 736 1593 poterimus
757 1555 869 1585 firmare
890 1564 966 1586 retro
989 1553 1112 1594 Gamag.
1136 1562 1171 1584 ex
1192 1561 1270 1591 parte

208 1593 319 1624 Norm.
346 1604 440 1632 neque
460 1594 531 1625 ultra
552 1594 640 1624 finem
661 1593 785 1624 Forestae
807 1593 966 1632 Vernonis,
991 1593 1037 1623 sed
1058 1594 1145 1630 infra:¹
1173 1601 1269 1630 neque

201 1631 273 1662 Rex
289 1632 399 1672 Angliae
412 1642 488 1663 retro
502 1632 650 1663 Forestam
665 1631 766 1662 Andel.
787 1634 891 1670 poterit
904 1632 1031 1669 firmare,
1048 1631 1094 1661 sed
1107 1631 1186 1661 infra.

250 1680 294 1700 10.
313 1671 404 1702 Dedit
424 1681 520 1702 autem
540 1673 568 1701 in
593 1670 746 1710 Maritagio
771 1670 926 1701 Ludovico
938 1670 996 1701 filio
1011 1670 1110 1700 nostro
1125 1679 1194 1700 cum
1215 1668 1270 1699 filia

206 1707 294 1749 Regis
316 1708 462 1748 Castellae,
482 1720 518 1740 ne
540 1719 566 1740 te
587 1710 649 1747 sua,
668 1708 800 1739 Feodum
822 1708 981 1745 Exolduni2,
1000 1709 1070 1738 item
1086 1708 1217 1738 Feodum
1228 1707 1269 1737 E-

204 1748 327 1785 rascarii,
346 1749 379 1779 ὃς
402 1747 498 1779 Feoda
545 1748 662 1785 ituresii,
682 1747 751 1777 sicut
771 1746 897 1776 Andreas
911 1746 948 1777 de
963 1746 1130 1777 Calviniaco
1143 1756 1175 1776 ea
1190 1755 1269 1777 tene-

205 1785 252 1816 bat
265 1786 301 1817 de
316 1787 399 1826 Rege
411 1787 536 1831 Angliae:
556 1785 633 1817 Item
648 1786 684 1816 de
697 1786 832 1815 omnibus
846 1786 876 1815 iis
891 1786 996 1816 erimus
1010 1794 1062 1816 nos
1075 1784 1169 1823 saiiiti,
1180 1785 1267 1823 usque

206 1824 279 1855 dum
300 1827 516 1856 matrimonium
536 1824 706 1863 pacificum
728 1824 760 1854 sit
781 1823 1029 1861 consummatum,
1054 1824 1105 1861 &,
1132 1822 1267 1861 quicquid

206 1864 355 1901 contingat
377 1863 414 1894 de
432 1864 635 1902 matrimonio,
662 1862 820 1900 priusquam
838 1862 947 1892 faCtum
967 1863 1068 1905 fuerit,
1086 1872 1140 1892 nos
1159 1862 1269 1892 tenebi-

206 1911 270 1932 mus
286 1901 419 1940 praedic‘ia
434 1902 530 1932 Feoda
544 1901 604 1932 tota
619 1901 676 1931 vit-51
690 1900 801 1938 nostra,
820 1901 869 1938 &,
887 1900 951 1938 post
966 1900 1111 1931 decessum
1125 1900 1267 1938 nostrum,

205 1940 337 1971 redibunt
358 1941 490 1979 praediCta
508 1939 604 1970 Feoda
625 1940 658 1969 ad
683 1939 798 1978 Regem
819 1939 931 1978 Angliae
952 1941 986 1971 ὃς
1000 1938 1137 1970 Haeredes
1147 1938 1227 1977 suos,
1246 1939 1266 1970 fi

205 1979 356 2048 ffaediffius
375 1980 543 2048 lLudovicus
564 1977 723 2010 Haeredem
741 1988 802 2009 non
823 1978 949 2010 habuerit
971 1977 1007 2010 de
1029 1977 1161 2018 praedicta
1181 1986 1267 2016 nepte

273 2028 293 2047 is
337 2029 354 2048 n
386 2029 428 2049 iae.

237 2027 290 2086 e1g1.
310 2057 340 2087 Si
354 2027 425 2088 &ero
440 2057 553 2088 Reoem
567 2056 677 2098 Anglise
690 2058 765 2088 mori
779 2058 945 2097 contigerit,
963 2057 1067 2096 absque
1086 2055 1211 2088 Haerede
1232 2055 1270 2088 de

204 2103 294 2125 uxore
309 2095 354 2126 sua
368 2083 543 2135 desponiffta,
561 2107 629 2127 cum
644 2096 783 2134 praedietis
798 2090 898 2127 Feodis
912 2096 989 2127 dedit
1010 2096 1113 2127 eisdem
1133 2097 1163 2126 in
1185 2097 1269 2126 mari-

206 2136 314 2173 tagium
330 2134 460 2165 Feodum
475 2135 556 2173 Hug.
575 2135 612 2166 de
626 2135 761 2166 Garnaco
774 2136 841 2166 citra
857 2145 933 2166 mare
949 2134 1078 2173 Angliae,
1098 2135 1167 2165 sicut
1182 2134 1211 2165 id
1225 2143 1268 2166 te-

205 2181 254 2202 net
272 2171 308 2202 de
329 2172 402 2210 ipso:
424 2174 456 2205 δε
481 2173 613 2204 Feodum
630 2173 755 2205 Comitis
776 2174 937 2205 Albemarle
959 2175 1028 2204 citra
1048 2183 1125 2204 mare
1139 2173 1268 2213 Angliae,

205 2211 253 2279 {tn
262 2210 394 2278 lii-eodum
410 2211 535 2244 Comitis
554 2212 658 2244 Pertici
672 2237 682 2252 ,
708 2212 779 2244 sicut
799 2223 830 2244 ea
851 2221 949 2244 tenent
969 2211 1006 2243 de
1024 2213 1083 2251 ipso
1102 2213 1171 2243 citra
1190 2222 1268 2244 mare

284 2259 326 2280 iae.

247 2257 291 2317 1g2.
311 2288 449 2321 Praeterea
467 2291 550 2320 nobis
571 2290 649 2322 dedit
669 2290 735 2321 Rex
758 2289 868 2330 Angliie
888 2290 988 2329 viginti
1003 2289 1087 2320 millia
1103 2289 1267 2322 Marcamm

204 2325 427 2368 sterlingorum,
445 2329 479 2359 ad
502 2329 613 2367 pondus
635 2331 668 2361 ὃς
682 2329 773 2368 legem
789 2330 817 2358 in
833 2340 892 2367 quo
905 2329 1032 2367 fuerunt,
1053 2328 1196 2366 (videlicet
1211 2338 1267 2360 tre-

204 2364 301 2395 decim
315 2366 434 2405 iolidos,
453 2369 486 2399 &
502 2377 623 2406 quatuor
636 2368 764 2398 denarios
780 2378 832 2405 pro
850 2367 962 2404 Marca)
986 2376 1099 2405 propter
1119 2369 1267 2399 rechatum

203 2403 334 2435 nostrum
343 2406 392 2443 ,δῖ
406 2415 520 2444 propter
534 2406 557 2436 F
559 2406 629 2436 eoda
644 2406 807 2443 Britanniae,
826 2416 890 2444 quae
903 2416 955 2435 nos
968 2406 1017 2443 ipsi
1030 2406 1203 2446 dimisimus,
1212 2408 1267 2444 ipse

203 2452 275 2473 vero
287 2445 403 2481 recipiet
417 2444 555 2475 Asturum
570 2446 599 2475 in
620 2445 787 2483 hominem,
803 2446 839 2475 ita
859 2444 939 2483 quod
958 2445 1076 2475 Arturus
1095 2444 1267 2477 Britanniam

206 2482 315 2512 tenebit
328 2482 363 2512 de
379 2483 461 2522 Rege
474 2483 593 2523 Angliae.

244 2529 288 2560 13.
309 2520 384 2551 Item
407 2521 473 2552 Rex
495 2522 622 2560 Angli-ae,
649 2522 718 2553 sicut
737 2523 830 2553 reffitus
851 2521 973 2559 Haeres,
997 2523 1104 2553 tenebit
1126 2522 1163 2554 de
1183 2524 1267 2554 nobis

204 2559 302 2589 omnia
316 2559 340 2590 F
341 2559 428 2598 coda,
448 2561 518 2591 sicut
530 2560 611 2591 Pater
623 2562 680 2595 eius
694 2562 727 2592 &
743 2561 766 2591 F
768 2569 838 2591 ratei·
851 2562 908 2599 ejus
923 2561 988 2590 Rex
1014 2561 1151 2591 Ricardus
1171 2572 1202 2592 ea
1225 2570 1266 2593 te-

208 2607 329 2629 nuerunt
343 2609 358 2629 a
371 2600 472 2637 nobis,
489 2601 522 2630 &
543 2599 612 2630 sicut
637 2599 732 2629 Feoda
752 2600 874 2638 debent,
893 2600 1015 2637 exceptis
1030 2599 1191 2637 supradicitis
1204 2611 1269 2639 quae

206 2636 289 2665 nobis
304 2646 467 2675 remanent,
486 2638 556 2668 sicut
569 2638 758 2675 supradictum
773 2638 822 2667 est.

246 2684 290 2712 14.
311 2674 359 2705 De
372 2676 491 2706 Comite
506 2676 673 2713 Engolesmi
691 2678 724 2706 ὃς
740 2676 922 2706 Vicecomite
937 2676 1126 2706 Lemovicen.
1146 2677 1183 2707 fic
1198 2679 1268 2716 erit,

205 2712 372 2780 quoddRex
394 2714 507 2752 Angliae
525 2714 641 2752 recipiet
663 2724 711 2745 eos
734 2715 764 2744 in
786 2715 934 2752 homines,
952 2715 989 2745 ita
1002 2715 1080 2753 quod
1095 2717 1131 2745 cis
1142 2716 1203 2753 jura
1217 2726 1267 2746 eo-

204 2761 269 2781 rum
308 2761 418 2782 iinittet.

247 2799 289 2827 15.
307 2789 356 2820 De
377 2789 542 2821 Comitibus
564 2791 700 2822 Flandriae
720 2792 753 2823 ὃ(
776 2791 905 2822 Boloniae
927 2791 963 2821 sic
976 2792 1041 2822 erit:
1063 2791 1141 2830 quod
1156 2792 1267 2824 Comes

204 2827 341 2858 Flandriie
355 2830 463 2860 tenebit
476 2829 512 2860 de
527 2839 598 2861 terra
610 2830 704 2861 nostra
720 2830 747 2860 id
756 2855 765 2869 ,
787 2830 865 2868 quod
879 2839 963 2861 tenet.

246 2868 290 2896 16.
311 2866 383 2898 Item
399 2879 450 2899 nos
464 2878 494 2898 ea
504 2892 512 2906 ,
532 2879 595 2907 quie
608 2878 736 2900 tenemus
752 2869 788 2899 de
800 2870 882 2899 rebus
895 2868 1020 2899 Comitis
1033 2868 1179 2908 Boloniae,
1194 2870 1217 2899 F
1219 2880 1268 2901 eo—

203 2903 274 2948 dum
297 2906 330 2936 ἃ,
352 2906 542 2945 Dominiurn,
569 2909 602 2939 ὅτ
623 2918 673 2946 ea,
698 2918 761 2946 quoe
782 2906 893 2937 Comes
914 2907 1030 2938 Pontini
1055 2908 1146 2938 modo
1173 2918 1267 2948 tenet,

204 2942 336 2973 feodum
352 2946 385 2975 &
401 2945 588 2984 Dominium,
606 2955 752 2977 remanent
765 2947 847 2976 nobis
860 2948 893 2977 ὃς
910 2944 1022 2976 Comiti
1037 2945 1162 2976 Pontini.

245 2990 288 3019 17.
309 2981 427 3019 Propter
443 2985 515 3021 hoc,
536 2984 613 3022 quod
631 2985 740 3015 Comes
755 2984 891 3015 Flandriae
909 2993 985 3015 tenet
1001 2984 1036 3014 de
1049 2985 1130 3015 rebus
1145 2985 1264 3024 nostris,

206 3019 318 3052 Comes
334 3020 468 3064 F'laiidiiae
481 3023 563 3053 facie:
575 3025 657 3055 nobis
673 3024 839 3063 homagium
853 3024 959 3063 ligium.

248 3060 291 3089 18.
312 3058 367 3097 Et,
388 3062 404 3089 li
429 3060 503 3102 idern
517 3060 626 3092 Comes
644 3062 797 3099 Flandriae,
816 3070 862 3092 aut
875 3062 970 3099 aliquis
984 3062 1137 3092 hominum
1153 3063 1266 3093 nostro-

206 3107 270 3127 rum
280 3122 289 3135 ,
308 3108 357 3141 qui
370 3098 467 3140 melius
483 3104 548 3136 lint,
568 3109 614 3129 aut
627 3100 746 3131 debeant
760 3101 816 3131 effe
831 3101 962 3131 homines
977 3101 1065 3130 nostri
1080 3111 1164 3139 quam
1182 3101 1268 3141 Regis

204 3136 332 3175 Anghae,
344 3141 398 3178 ⁴ipii
420 3138 502 3166 nobis
525 3138 631 3167 nulum
651 3140 755 3168 vellent
776 3140 867 3169 facere
888 3141 921 3170 ὃ(
937 3149 1058 3176 nocere,
1077 3140 1142 3170 Rex
1155 3139 1268 3176 Angiiae

206 3185 266 3204 non
285 3176 368 3212 pollii
384 3185 431 3204 eos
446 3185 544 3205 contra
558 3186 608 3205 nos
618 3177 713 3213 juvare
728 3178 773 3206 vel
789 3186 949 3215 manutere,
968 3188 1061 3215 neque
1074 3188 1125 3207 nos
1146 3178 1269 3209 similiter

205 3213 337 3253 homines
356 3213 411 3251 sui,
426 3215 473 3251 qui
486 3214 583 3244 melius
597 3215 664 3253 sint,
683 3224 728 3245 aut
743 3216 863 3246 debeant
879 3216 935 3246 eise
945 3241 954 3254 ,
973 3226 1058 3254 quam
1075 3216 1177 3247 nostri:
1197 3217 1269 3249 salva

205 3256 297 3281 roi-nia
311 3252 390 3290 liujus
405 3253 478 3289 pacis
492 3252 644 3290 praedidtae.

248 3299 291 3326 19.
314 3290 344 3319 In
367 3289 617 3321 Conventionibus
638 3290 694 3321 istis
721 3291 795 3331 Regi
809 3290 921 3329 Angliae
935 3293 1071 3323 habemus
1086 3293 1267 3325 Conventio-

206 3337 275 3356 ncni
290 3327 366 3365 quod
380 3328 436 3365 ipse
449 3332 545 3367 nepoti
559 3330 607 3359 suo
622 3329 735 3360 Othoni
750 3330 859 3360 nullum
871 3331 1005 3361 auxilium
1027 3332 1126 3370 faciet,
1145 3343 1199 3363 nec
1220 3343 1268 3370 per

207 3364 376 3407 Pecuniam,
395 3377 448 3397 nec
462 3378 512 3406 per
527 3368 652 3406 Milites,
670 3378 724 3398 nec
741 3379 789 3406 per
801 3368 930 3398 Gentem
940 3394 948 3407 ,
962 3380 1015 3399 nec
1031 3380 1079 3407 per
1094 3371 1137 3408 se,
1149 3381 1203 3401 nec
1218 3381 1267 3409 per

205 3403 308 3442 alium,
327 3406 375 3435 nili
388 3415 436 3443 per
450 3407 600 3436 consilium
615 3408 648 3438 &
664 3407 800 3437 assensum
815 3406 953 3436 nostrum.
1124 3417 1129 3425 ¹

245 3451 292 3485 29.
312 3442 359 3472 De
374 3443 480 3475 Arturo
496 3446 533 3474 iic
548 3446 598 3475 erit
608 3470 617 3483 ,
636 3445 714 3483 quod
729 3445 795 3475 Rex
811 3444 922 3484 Angliae
935 3455 995 3475 non
1008 3447 1117 3477 minuet
1131 3457 1199 3477 eum
1213 3457 1267 3478 nec

206 3477 244 3522 de
260 3479 374 3522 keodo,
394 3492 447 3512 nec
461 3483 498 3513 de
512 3484 656 3514 Dominio
673 3483 820 3514 Britanni-oe
833 3484 900 3514 citra
914 3493 1006 3521 mare,
1024 3485 1074 3514 nili
1087 3495 1136 3522 per
1154 3486 1268 3516 rectum

205 3516 344 3555 judicium
360 3518 455 3551 Curiae
470 3521 532 3552 suae.

246 3555 384 3600 31:1³4&
400 3558 509 3600 Angliae
530 3558 606 3591 dedit
624 3561 706 3592 nobis
723 3561 878 3593 securitates
899 3559 936 3591 de
956 3560 1122 3592 hominibus
1141 3561 1192 3592 suis
1205 3562 1270 3593 sub-

208 3592 313 3630 scriptis
322 3618 331 3632 ,
350 3596 469 3636 icilicet,

208 3669 359 3699 Baldwino
379 3675 477 3702 comite
497 3674 583 3704 Albae
597 3675 718 3715 Mada»,

209 3711 310 3737 Comite
325 3707 466 3739 Wllielmo
485 3713 646 3752 Illarqscallo
654 3737 664 3752 ,

210 3748 323 3782 Hugone
337 3747 369 3775 de
386 3750 523 3789 Gornaro,

211 3783 348 3815 us'tllelmo
359 3785 390 3813 de
405 3787 506 3815 Humet
514 3811 524 3826 ‚
543 3789 719 3829 Constabula-

245 3827 285 3852 rio
302 3825 481 3853 Normanniae
491 3847 501 3862 ,

755 3677 870 3706 Roberto
885 3677 917 3706 de
931 3675 1076 3715 Herefort,

757 3716 775 3732 ³*
795 3716 926 3752 Johanne
939 3715 970 3744 a'e
985 3713 1108 3751 Pratell‚

759 3755 800 3781 W
797 3753 893 3782 illelmo
905 3756 982 3783 Kaer
989 3777 999 3791 ,

757 3792 856 3826 Rogero
869 3794 900 3821 de
922 3796 1008 3830 Toen,

758 3831 862 3858 Garino
876 3832 907 3859 de
920 3830 1037 3868 Glapion
1046 3841 1055 3859 :

212 3899 275 3937 Qii
283 3900 444 3937 juraverunt
457 3900 515 3930 hoc
531 3902 638 3944 modo,
656 3904 733 3942 quod
748 3904 797 3941 ipsi
812 3914 881 3935 cum
894 3907 1029 3936 omnibus
1043 3905 1144 3936 Feodis
1160 3905 1211 3936 suis
1227 3905 1269 3935 ci-

210 3947 251 3969 tra
271 3947 347 3968 mare
362 3938 399 3979 ad
418 3948 469 3968 nos
490 3949 634 3982 venirent,
652 3943 672 3972 si
691 3944 763 3973 hanc
783 3953 884 3980 pacem
905 3943 971 3973 Rex
982 3945 1093 3985 Angliae
1111 3944 1194 3974 nobis
1209 3953 1269 3974 non

211 3984 333 4013 teneret,
353 3978 421 4006 sicut
436 3976 477 4006 est
491 3977 582 4007 divisa.

249 4024 297 4057 22:
317 4014 350 4043 N
354 4025 390 4057 os⁴
407 4025 529 4058 quoque<
543 4015 664 4058 iimiliter
684 4016 810 4050 dedimus
832 4020 858 4050 ei
879 4019 1034 4052 securitates
1053 4020 1089 4053 de
1102 4021 1268 4052 hominibus

209 4052 311 4084 nostris
324 4052 477 4092 subieriptis
485 4077 495 4093 ,
512 4053 631 4093 scilicet,

1228 388 1269 419 E-
1314 388 1446 455 Gervcsso
1458 390 1490 418 de
1507 388 1636 428 Castello,

675 182 1478 236 CONVENTIONES,
1534 186 1919 240 LITERAE,

1313 313 1358 340 De
1372 314 1472 341 Comite
1485 311 1598 341 Roberto
1612 315 1737 352 Drocar,

1862 310 1976 342 Galtero
1991 314 2129 342 Camerar.
2146 314 2250 352 Patre,

1314 348 1449 388 Gauftido
1462 353 1562 380 Comite
1576 352 1693 390 Pertici,

1863 349 1970 388 Vascon.
1981 350 2043 392 filio
2055 352 2112 390 ejus
2120 374 2131 390 ,

1863 388 1984 428 Philippo
1997 390 2027 419 de
2040 392 2153 430 Leucis,

1314 425 1396 455 Wlle
1408 438 1448 456 mo
1463 428 1494 456 de
1507 426 1652 466 Gapland,
1864 427 1977 459 Galtero
1990 432 2144 459 camerario
2155 433 2270 460 minore:

1312 465 1405 494 Burch
1421 466 1453 495 de
1469 468 1536 495 Roia
1544 489 1554 504 ,

1313 540 1375 579 Qi
1387 541 1510 573 similiter
1518 542 1695 581 juraverunt,
1715 542 1809 581 quod,
1827 552 1896 573 cum
1908 544 2042 575 omnibus
2056 543 2159 574 Feodis
2172 544 2240 583 suis,
2257 545 2292 575 ad
2312 545 2374 577 Re-

1312 579 1506 647 {ierrssAnghae
1518 582 1606 620 irent,
1626 581 1646 611 si
1658 591 1711 612 nos
1723 583 1796 612 hanc
1811 591 1912 619 pacem
1927 584 1953 612 ei
1970 592 2030 613 non
2047 592 2223 622 teneremus,
2241 583 2311 616 sicut
2330 584 2373 616 est

1344 628 1362 647 V
1383 628 1405 647 a.

1352 663 1399 691 23.
1419 655 1488 686 Nos
1500 666 1595 688 autem
1607 659 1641 689 &
1656 657 1766 698 ostagii
1781 659 1976 697 praenominati
1989 659 2051 689 haec
2063 661 2161 690 omnia
2174 659 2308 697 praedida
2317 657 2377 692 bo-¹

1314 703 1350 737 na
1366 693 1421 724 fide
1430 719 1440 733 ‚
1458 695 1491 725 δε
1506 695 1564 725 sine
1576 696 1652 726 malo
1665 697 1794 736 ingenio,
1813 697 1928 727 fideliter
1940 699 1973 728 &
1986 697 2103 728 firmiter
2116 698 2287 729 observanda
2297 700 2374 738 jura—

1313 742 1424 776 vimus3
1442 733 1521 771 quod
1536 742 1567 763 ut
1576 742 1743 771 perpetuum
1756 736 1844 766 robur
1857 736 1998 775 obtineat,
2015 736 2182 774 praesentem
2193 738 2325 777 paginam
2338 737 2374 768 fi-

1312 770 1370 810 gilli
1382 771 1471 802 nostri
1482 771 1648 803 auctoritate
1659 773 1864 805 roboravimus

1352 847 1463 879 Actum
1477 848 1550 886 apud
1567 848 1695 879 Gulcton
1710 849 1798 881 Anno
1812 851 1847 881 ab
1861 850 2056 883 Incarnatione
2070 851 2195 885 Domini
2216 850 2374 885 Millesimo

1313 885 1537 925 Ducentesimo,
1556 887 1652 917 mense
1667 887 1758 918 Maio.

1313 1014 1499 1046 Innocentius
1527 1017 1610 1060 Papa
1637 1017 1766 1060 imperat
1794 1015 1926 1048 Praelatis
1948 1016 2112 1063 Anglican.
2141 1016 2223 1064 quod
2235 1018 2301 1060 stne
2322 1029 2376 1064 pe-

1359 1065 1449 1094 cunia
1468 1089 1478 1105 ‚
1512 1075 1604 1110 quam
1630 1073 1736 1110 petunt
1755 1089 1766 1106 ,
1800 1074 1962 1097 numerata
1988 1069 2256 1100 excommunicatos
2279 1064 2376 1112 absol·

1362 1121 1450 1144 vant.

1312 1196 1721 1259 INnocentius'Episcopus⁷
1739 1197 1831 1243 servus
1845 1196 1991 1243 servorum
2005 1198 2064 1244 Qei
2098 1199 2303 1231 venerabilibus
2318 1200 2375 1232 sta-

1361 1237 1448 1267 tribus
1462 1237 1701 1276 Archiepiicopis,
1720 1238 1754 1269 &
1768 1236 1930 1276 Episcopis,
1947 1248 1980 1268 ac
1993 1238 2051 1268 aliis
2066 1223 2255 1269 Ecclefiarum
2272 1238 2374 1270 Praela-

2393 273 2471 304 Ann.
2484 273 2527 305 Ι).

2415 322 2501 343 1200.

2393 1207 2470 1240 Ann.
2479 1205 2522 1242 D.

2414 1257 2500 1278 1200.

1311 1275 1362 1312 tis,
1378 1276 1406 1305 in
1425 1275 1534 1314 Regno
1553 1275 1665 1316 Angliae
1686 1275 1863 1314 constitutis,
1880 1276 1994 1307 salutem
2014 1278 2048 1309 &c
2070 1276 2269 1315 Apostolicam
2283 1278 2373 1309 bene-
2391 1286 2526 1326 A‚2,J0b,

1313 1312 1480 1344 dictionem.
2373 1341 2375 1343 ·

2392 1330 2486 1354 Exem-

1348 1351 1394 1382 Ad
1417 1362 1494 1383 aures
1516 1353 1637 1391 nostras,
1655 1353 1798 1384 kariffimo
1819 1353 1848 1383 in
1869 1352 1988 1384 Christo
2007 1352 2066 1384 filio
2080 1353 2196 1393 nostro,
2214 1353 2300 1393 Rege
2314 1354 2376 1386 An-
2391 1363 2449 1403 th·

1312 1389 1425 1429 glorum
1439 1391 1535 1422 illustri
1548 1392 1566 1422 s
1587 1391 1734 1430 nificante,
1752 1393 1896 1430 pervenit3
1915 1391 1995 1431 quod
2007 1393 2137 1423 nonnulli
2150 1402 2185 1423 ex
2198 1394 2376 1432 vobis,cum

1311 1430 1339 1459 in
1355 1430 1485 1460 homines
1501 1430 1562 1469 ejus
1576 1440 1623 1461 em
1636 1431 1741 1470 Regis,
1759 1439 1813 1468 pro
1823 1431 2019 1469 contumacia,
2037 1431 2084 1462 vel
2094 1431 2150 1461 aliis
2165 1441 2267 1462 eorum
2280 1442 2377 1464 exces-

1312 1467 1402 1506 sibus,
1419 1469 1721 1500 excommunicationis
1731 1469 1895 1499 sententiam
2094 1469 2256 1508 proferunt,
2275 1471 2378 1503 nolunt

1312 1506 1498 1545 postmodum
1518 1508 1527 1538 i
1547 1507 1622 1546 sam,
1638 1507 1688 1537 nisi
1707 1508 1782 1545 prius
1802 1506 1888 1537 soluta
1907 1506 1957 1537 sibi
1971 1515 2047 1538 certa
2060 1509 2190 1545 pecuniae
2208 1511 2360 1547 quantitate

1312 1545 1358 1577 vel
1373 1545 1410 1576 de
1420 1546 1519 1577 solven
1538 1555 1554 1575 a
1568 1546 1613 1576 illa
1627 1545 1777 1576 sufficienti
1788 1546 1921 1576 cautione
1934 1545 2071 1584 praestita,
2088 1546 2216 1577 relaxare.

1347 1582 1428 1614 Cum
1441 1585 1524 1624 igitur
1537 1594 1599 1615 non
1613 1583 1705 1615 solum
1720 1594 1735 1614 a
1748 1584 1842 1622 malo,
1860 1583 1899 1614 set
1913 1583 1949 1613 ab
1963 1584 2044 1614 omni
2069 1583 2161 1622 specie
2182 1585 2249 1615 mali
2269 1586 2318 1625 sit,
2335 1587 2377 1618 se-

1313 1621 1442 1653 cundum
1455 1622 1649 1662 Apostolum,
1667 1621 1865 1653 abstinendum
1874 1646 1884 1660 ,
1901 1623 1935 1654 &
1948 1621 2128 1653 absolutionis
2141 1622 2313 1655 beneficium
2326 1625 2377 1655 de-

1312 1662 1410 1698 negari
1423 1671 1484 1692 non
1497 1661 1598 1692 debeat
1611 1660 1679 1692 illud
1693 1661 1834 1692 humiliter
1846 1660 1996 1698 postulanti
2004 1684 2014 1698 ,
2031 1661 2200 1693 universitati
2212 1662 2315 1693 vestrae
2327 1674 2378 1701 per

1314 1699 1481 1737 Ap'ostolica
1498 1699 1596 1737 scripta
1616 1699 1781 1730 mandamus
1817 1708 1969 1737 quatenus,
1986 1698 2066 1736 super
2087 1699 2250 1740 praerniffis,
2268 1700 2378 1732 studea-

1313 1739 1346 1768 tis
1360 1738 1448 1769 taliter
1461 1738 1626 1777 providere,
1644 1737 1723 1776 quod
1737 1723 1892 1769 nuliatenus
1910 1736 2033 1775 ejusdem
2046 1737 2135 1777 Regis
2146 1737 2193 1769 seu
2208 1740 2316 1770 alterius
2332 1741 2377 1779 jus

1312 1775 1443 1821 laedatur,
1467 1785 1515 1808 aut
1532 1776 1623 1816 juste,
1647 1786 1762 1816 propter
1783 1776 1858 1816 hoc,
1876 1774 1960 1814 possit
1980 1775 2140 1808 scandalum
2159 1777 2276 1816 aliquod
2292 1778 2378 1810 subo—

1311 1825 1366 1845 rin.

1349 1852 1419 1884 Nos
1434 1854 1511 1884 enim
1526 1864 1586 1884 non
1600 1853 1764 1893 possumus,
1782 1853 1852 1885 sicut
1864 1854 1950 1886 etiam
1962 1863 2016 1885 nec
2030 1852 2185 1893 debemus,
2196 1853 2319 1888 indebita
2331 1856 2376 1895 ip-

1311 1891 1364 1923 sius
1376 1893 1536 1932 gravamina
1548 1893 1595 1924 vel
1611 1894 1719 1932 injurias
1732 1893 1858 1925 tolerare.

1349 1967 1417 1999 Dat.
1438 1969 1571 2009 Lugdun.
1593 1979 1630 2000 10
1649 1969 1714 2001 Kal.
1726 1970 1810 2010 Julii,
1827 1969 2014 2003 pontificatus
2025 1970 2115 2003 nostri
2130 1970 2220 2002 Anno
2231 1970 2284 2002 ΠΙ.

2366 1535 2378 1550 ³

1582 2095 1702 2130 Littera
1719 2098 1757 2131 V
1755 2098 1901 2130 icecomiti
1915 2097 2110 2130 Lemovicen.

1351 2182 1503 2222 Ohannes,
1521 2181 1581 2214 Dei
1593 2182 1698 2223 gratia,
1715 2181 1776 2215 &c.
1792 2181 1857 2213 Vic.
1877 2181 2066 2214 Lemovicen.
2085 2180 2209 2212 salutem.

1386 2221 1557 2253 Audivimus
1575 2232 1607 2252 m
1619 2245 1630 2261 ‚
1675 2231 1719 2252 uae
1738 2222 1821 2252 nobis
1841 2221 1993 2252 mandastis
2013 2231 2062 2260 per
2080 2220 2201 2251 dileetos
2221 2220 2256 2251 δε
2280 2217 2375 2250 fideles

1364 2260 1476 2292 nostros
1488 2231 1810 2300 Dominumchusdegai.
1828 2259 2082 2304 Archiepiscopum
2110 2259 2144 2290 &
2160 2257 2286 2288 Fratrem
2299 2257 2374 2302 Petr.

1312 2297 1349 2342 de
1362 2299 1471 2330 Vernol
1507 2301 1541 2331 &
1558 2299 1641 2330 vobis
1653 2298 1819 2329 mandamus
1831 2306 1959 2342 quatinus
1971 2297 2006 2328 ad
2019 2307 2072 2328 nos
2084 2282 2179 2327 secure
2192 2295 2266 2334 apud
2287 2296 2375 2326 Luzi-

1312 2347 1383 2367 niac.
1402 2323 1556 2375 accedatis,
1572 2337 1619 2367 die
1639 2337 1778 2368 Mercurii
1797 2346 1925 2375 proxima
1946 2335 2011 2374 post
2032 2335 2149 2366 Festum
2169 2334 2376 2373 Apostolorum

1313 2375 1389 2406 Petri
1402 2377 1436 2408 &
1452 2376 1546 2415 Pauli,
1564 2375 1584 2406 fi
1599 2375 1658 2406 fieri
1671 2376 1781 2414 potest,
1799 2375 1845 2407 vel
1859 2377 1888 2405 in
1900 2374 2022 2405 crastino
2033 2383 2124 2405 mane.

2394 2176 2471 2208 Ann.
2482 2175 2527 2210 Di

2420 2225 2506 2246 1200.

2392 2259 2467 2283 Cart.
2483 2265 2513 2283 2.

2393 2293 2495 2331 Johan-

2395 2333 2431 2359 nis
2442 2353 2448 2363 ‚
2466 2338 2491 2369 p.
2501 2332 2529 2359 μ’

2446 2380 2473 2398 2.
2486 2381 2528 2398 m·

1352 2414 1390 2445 Et
1402 2414 1484 2445 vobis
1495 2414 1601 2445 salvum
1614 2414 1668 2452 ire,
1687 2413 1757 2445 stare
1771 2415 1805 2445 &
1818 2413 1908 2445 redire
1921 2412 2038 2452 damus3
2055 2413 2106 2452 &‚
2124 2411 2159 2443 ad
2176 2412 2315 2452 majorem
2336 2411 2377 2443 se-
2388 2408 2470 2446 simu!
2488 2417 2528 2437 ''¹-

1311 2454 1475 2491 curitatem,
1493 2454 1631 2484 mittimus
1644 2453 1727 2484 vobis
1743 2454 1862 2484 obviam

1312 2530 1333 2549 '¹‘
1354 2533 1501 2560 Dominum
1514 2528 1660 2567 Burdegal.
1681 2529 1928 2568 Archiepiscopum‚

1311 2571 1439 2598 Fratrem
1452 2571 1487 2598 P.
1506 2569 1538 2598 de
1551 2567 1661 2606 Vernol‚
1677 2566 1716 2602 (θ’

1311 2610 1441 2636 Comitem
1453 2606 1630 2637 Wllielmum
1643 2604 1837 2645 Marefcallum
1845 2629 1855 2644 ,
1873 2604 1913 2642 &-

1311 2649 1346 2676 G.
1365 2646 1398 2676 de
1411 2644 1488 2676 Cella
1501 2644 1679 2685 Senescallum
1692 2644 1809 2685 nostrum
1822 2646 1978 2682 Piaaviae,

1311 2720 1385 2760 apud
1401 2721 1558 2759 Luziniac3
1576 2720 1747 2752 Mandantes
1761 2718 1843 2759 quod
1856 2719 1953 2750 secure
1967 2718 2033 2750 illuc
2048 2719 2171 2750 veniatis.

1346 2796 1438 2829 Teste
1453 2797 1560 2883 meipso
1573 2796 1647 2835 apud
1664 2796 1833 2828 Chinonem
1847 2804 1882 2835 25
1899 2795 1945 2826 die
1953 2795 2039 2834 junii.

1311 2928 1361 2960 De
1385 2925 1494 2958 idoneis
1516 2924 1561 2958 ad
1585 2923 1786 2969 Ecclefiastica
1812 2923 1950 2970 beneficia
1961 2921 2169 2970 praefintandis
2187 2925 2374 2956 Innocentius

1355 2977 1440 3020 Papa
1467 2972 1602 3020 indulget
1625 2972 1816 3017 Ecclefiastic.
1843 2971 2010 3016 Beneficior.
2045 2975 2184 3005 Patronis
2205 2971 2288 3019 quod
2305 2982 2377 3019 quos

1357 3023 1482 3066 volunt,
1501 3023 1673 3069 praeftmare
1682 3020 1783 3069 pqffint
1804 3019 1930 3055 idoneos.

1313 3107 1535 3171 INnocentius
1550 3107 1723 3146 Episcopus,
1740 3107 1834 3137 servus
1846 3105 1994 3138 servorum
2009 3106 2084 3146 Dei,
2101 3106 2209 3137 dileetis
2229 3105 2291 3136 filiis
2312 3106 2376 3136 uni-

1362 3147 1446 3178 verfis
1469 3146 1661 3177 Ecclesiamm
1684 3146 1814 3176 Patronis
1848 3155 1898 3182 per
1913 3145 2053 3184 Regnum
2068 3145 2184 3183 Angliae
2199 3144 2377 3183 constitutis,

1312 3186 1427 3216 salutem
1444 3186 1478 3216 &
1493 3185 1692 3223 Apostolicam
1706 3183 1810 3214 Benedi
1842 3185 1949 3215 ionem.

1350 3224 1475 3254 Fervens
1498 3223 1662 3260 Anglorum
1682 3231 1806 3253 meretur
1828 3221 1964 3261 devotio,
1981 3231 2014 3253 ut
2028 3232 2078 3252 eos
2091 3221 2256 3260 Apostolica
2271 3220 2374 3260 Sedes,

1313 3270 1448 3300 tanquam
1469 3261 1597 3299 speciales
1619 3261 1708 3298 filios,
1726 3260 1845 3290 brachiis
1865 3270 2000 3291 maternae
2010 3260 2169 3291 affeffionis
2182 3261 2373 3298 amplectens,

2395 2446 2529 2485 μανψ*

2398 2533 2415 2550 ⁰
2430 2529 2455 2561 I.
2465 2541 2527 2567 ¹²⁰⁰.

2393 3112 2469 3144 Ann.
2482 3113 2525 3146 D.

2419 3162 2504 3182 1200.

2392 3195 2435 3219 An
2465 3201 2492 3219 2.

2392 3213 2456 3266 Job.

2392 3272 2487 3303 Exemq

1313 3302 1347 3331 ὃ(
1367 3300 1466 3331 favore
1487 3300 1558 3338 ipsos
1578 3300 1687 3330 muniat
1706 3308 1868 3337 oportuno,
1886 3309 1920 3329 ac
1937 3298 2037 3329 efferat
2050 3300 2145 3339 gratiae
2160 3299 2307 3336 privilegio
2320 3307 2374 3335 po-
2389 3305 2447 3344 plgf,

1313 3347 1408 3407 ἶὲῖιῗὲξ
1418 3339 1494 3416 j¹31¹r¹32⁶
1500 3337 1701 3406 vissirffi‘isss?
1702 3336 2136 3419 {aissis'fssnssgfflffissssffi
2144 3337 2277 3414 ‚mucthffin
2271 3346 2375 3404 ἐεέιέ

1314 3415 1419 3446 siastica
1438 3414 1591 3452 beneficia,
1619 3415 1649 3444 in
1672 3415 1773 3452 quibus
1791 3424 1835 3452 Jus
1857 3423 2017 3451 patronatus
2038 3414 2161 3451 habetis,
2179 3422 2248 3442 cum
2269 3421 2301 3442 ea
2322 3423 2372 3443 va—

1313 3463 1377 3484 care
1396 3454 1548 3490 contigerit
1562 3477 1572 3490 ,
1597 3453 1761 3490 praesentare
1781 3453 1833 3482 illis
1876 3451 1911 3482 ad
1932 3462 2004 3492 quos
2027 3451 2196 3483 eorumdem
2217 3449 2373 3481 beneficio—

1312 3502 1376 3522 rum
1394 3492 1498 3530 spectat
1518 3491 1650 3530 collatio,
1667 3491 1795 3529 personas
1816 3500 1833 3529 y
1854 3500 1955 3530 θυαε,
1974 3500 2039 3529 quae
2061 3490 2148 3521 velint
2162 3489 2196 3531 βε
2218 3488 2323 3525 poffint
2340 3490 2372 3519 in

1313 3532 1352 3560 eis
1373 3531 1474 3561 utiliter
1493 3528 1646 3568 deservire,
1663 3529 1767 3567 absque
1788 3529 1935 3567 cujussibet
1954 3527 2184 3560 contradifflonis
2205 3526 2371 3570 obstaculo,

1311 3569 1418 3638 gelwe,
1437 3577 1523 3606 prout
1535 3567 1569 3598 ad
1583 3578 1637 3599 vos
1650 3568 1787 3607 pertinet,
1806 3567 1933 3607 valeatis,
1950 3567 2114 3600 auetoritate
2128 3564 2307 3603 praesennum
2327 3566 2372 3596 in-

1383 3617 1470 3637 emus.

1349 3617 1385 3676 15
1388 3645 1436 3675 ulli
1451 3653 1539 3683 ergo,
1557 3645 1618 3676 &c.

1328 3761 1333 3766 .
1351 3720 1419 3752 Dat.
1439 3719 1573 3758 Lugdun.
1592 3719 1644 3751 111.
1663 3720 1748 3752 Non.
1768 3721 1905 3761 Augusti,
1923 3717 2109 3751 Pontificatfis
2123 3717 2212 3751 nostri
2226 3726 2303 3748 anno
2318 3725 2375 3749 ter-

1314 3769 1363 3791 tio.

1515 3895 1678 3941 Ejusmodi
1695 3896 1879 3942 indulgentia
1897 3894 2029 3926 Praelatis
2049 3891 2182 3937 conceffa.

1313 3980 1538 4042 INnocentius
1555 3980 1726 4020 Episcopus,
1743 3980 1836 4011 servus
1848 3978 1995 4008 servorum
2009 3975 2083 4014 Dei,
2101 3976 2307 4007 venerabilibus
2322 3977 2376 4007 sta-

1364 4019 1451 4049 tribus
1464 4019 1687 4058 Archiepiscopis
1696 4044 1706 4058 ‚
1724 4020 1758 4050 &
1772 4017 1938 4058 Episcopis,
1952 4025 2002 4058 per
2016 4014 2156 4051 Regnum
2172 4015 2285 4053 Angliae
2304 4024 2376 4047 con-

1312 4058 1411 4088 stitutis
1420 4079 1429 4095 ,
1448 4057 1563 4088 salutem
1578 4059 1611 4089 &
1626 4057 1823 4096 Apostolicam
1837 4053 2077 4096 benedidtionem.

1349 4095 1448 4127 Vestra
1462 4105 1588 4129 meretur
1601 4096 1719 4129 devotio
1735 4104 1765 4128 ut
1778 4102 1830 4126 vos
1845 4090 2011 4130 Apostohca
2024 4090 2110 4124 Sedes
2124 4100 2272 4131 oportuno
2292 4091 2374 4124 favo-

2395 3975 2471 4007 Ann.
2483 3975 2532 4006 D.›

2423 4024 2436 4044 1
2441 4023 2510 4044 200.

2395 4056 2430 4082 A.
2439 4063 2453 4080 2
2459 4050 2532 4090 Job*

2395 4095 2492 4126 Exem-⁵

2347 4138 2379 4160 re
2394 4129 2451 4168 ilis-

1277 4256 1296 4261 ..
1318 4243 1384 4261 ΑΩ.-
