2570 4261
0 324 102 356 ‚1299-
117 298 124 305 ·

0 357 62 387 adv.
82 363 107 381 i.

0 475 133 513 ¹*11.s53.

624 187 754 227 ET
838 188 1159 229 ACTA

325 309 457 341 Necnon
469 309 628 341 Nobilium
642 310 798 349 Virorum,
816 310 1018 342 Dominorum

183 387 274 419 Caroli
288 386 352 417 Vale
363 390 398 425 zi,

183 426 302 467 Ludoyci
313 424 479 465 Ebroicenfis
486 448 496 463 ,

185 467 204 485 ³*
224 464 355 495 Guidonis
368 465 463 493 Sandi
478 462 578 502 Pauli,
595 460 634 497 &¹

186 503 330 544 Johannis
347 501 505 569 Dr0⁶⁶⁷⁷¹7l³52
523 505 672 531 Comitum:

185 539 298 583 Raduffi
315 539 447 580 Constabit
460 543 530 569 arii:

183 582 300 611 Simonis
313 579 346 608 de
363 578 505 608 Meleduno
514 603 524 616 ,
542 575 580 612 ὠ

187 618 319 649 Gnidonis
334 617 366 646 de
381 616 510 654 Nigella,
531 613 768 654 Marescallorum:

187 656 303 687 Mathei
319 656 351 685 de
366 659 432 685 Cria
448 657 602 684 Panittarii
616 656 755 683 Franciae:

189 697 269 725 Petri
284 697 397 724 Domini
411 694 443 723 de
459 692 612 722 Cambliaco
621 716 630 729 ,

190 736 270 763 Petri
283 733 340 772 ejus
347 731 407 773 filii
422 733 535 760 Domini
550 731 581 760 de
597 733 639 760 W
637 733 730 767 irmis,

192 775 316 809 Hugom's
329 773 361 800 de
375 768 493 799 Bunuill
502 771 614 798 Domini
630 768 766 807 Milliaci,
783 767 1017 800 cambellanorum
1030 769 1096 800 diiii
1109 773 1224 800 Domini

232 813 327 848 Regis.-

191 887 232 919 Et
244 885 370 924 plurium
384 884 505 916 aliorum
518 884 663 923 praesentia
673 908 683 923 ‚

193 962 268 1001 Legi
286 960 383 992 feciffe
406 961 562 992 litterarum
586 961 822 1000 infrascriptarum
843 968 994 999 tenorem,
1012 960 1093 999 super
1111 961 1227 999 quibus-

160 1001 228 1031 dam
243 1000 370 1037 acor-dis,
388 1000 633 1039 ordinationibus,
649 1001 682 1031 &
699 1000 958 1037 conventionibus,
976 1000 1061 1030 dietae
1083 1001 1157 1037 pacis
1178 1010 1228 1030 ne-

156 1040 269 1080 gotium
288 1038 468 1078 tangentibus
483 1060 493 1077 ,
514 1041 651 1070 annotatis
671 1039 786 1069 inferius
800 1062 810 1076 ,
836 1038 1035 1068 confectarum
1054 1039 1083 1068 in
1105 1038 1226 1077 gallico,

155 1087 216 1110 tam
237 1077 354 1115 nostro,
369 1077 457 1115 quam
478 1077 624 1108 dictorum
642 1077 780 1114 Regum,
799 1078 833 1107 &
848 1076 983 1108 Edwardi
996 1076 1125 1114 praediffl
1140 1076 1229 1115 Regis

158 1117 272 1156 Angliae
285 1116 349 1155 filii,
368 1115 611 1154 Procuratorum,
628 1116 743 1146 inferius
763 1116 998 1153 nominatorum,
1023 1115 1117 1153 sigillis
1133 1115 1230 1155 sigilla-

158 1164 270 1193 tarum,
288 1155 416 1185 formam
431 1155 643 1185 continentium
659 1154 889 1192 subsequentem,

162 1233 222 1296 A
241 1232 325 1263 Tous
346 1241 427 1269 ceuS,
446 1233 496 1270 qui
519 1241 566 1262 ces
594 1230 731 1269 presentes
746 1230 858 1261 Lettres
871 1237 988 1261 verront
1000 1240 1040 1261 ou
1055 1238 1171 1268 orront,
1190 1229 1231 1260 R.

241 1281 291 1309 par
306 1271 331 1301 la
343 1279 427 1310 grace
441 1269 603 1300 souffrance
618 1270 654 1299 de
667 1269 763 1307 Dieu,
781 1268 923 1307 Evesques
937 1268 974 1299 de
988 1268 1134 1306 Vicence,
1153 1269 1234 1299 Mes-

161 1310 253 1349 sages,
268 1307 328 1344 &a
348 1316 380 1338 ut
389 1312 466 1347 prius
481 1311 511 1337 in
532 1308 667 1338 &li-aerata
686 1310 759 1337 Dat.
777 1307 850 1346 apud
868 1306 1053 1346 Musterolium
1067 1307 1152 1346 mense
1174 1307 1234 1346 Ju-

163 1353 221 1388 nii,
239 1349 318 1388 usque
332 1348 373 1377 ad
382 1346 434 1386 xsta
448 1345 553 1384 verba,
572 1348 635 1375 viz.

232 1425 330 1456 Uibus
350 1422 387 1453 fic
408 1422 502 1460 lestis,
520 1422 554 1452 &
570 1422 586 1451 Ξι
601 1420 682 1452 dieto
697 1422 833 1452 Domino
848 1421 936 1459 Rege
951 1421 1079 1452 Franciae
1089 1445 1097 1460 ,
1118 1433 1233 1453 necnon

262 1463 299 1493 ab
313 1461 370 1493 aliis
385 1461 420 1492 de
434 1461 515 1499 ipsius
529 1459 677 1498 Consilio,
696 1469 765 1491 tunc
794 1460 906 1491 ibidem
930 1459 1133 1500 assistentibus,
1148 1462 1236 1492 ascul-

164 1502 246 1539 tatis,
269 1500 348 1531 idem
368 1500 434 1530 Rex
456 1498 595 1537 praemiffa
618 1500 717 1530 omnia
737 1501 771 1531 &
792 1499 914 1537 singula,
932 1506 1017 1536 prout
1030 1499 1153 1537 superius
1174 1501 1236 1531 sunt

166 1539 313 1577 expressa,
331 1547 404 1577 rata,
421 1549 471 1576 ea,
490 1545 629 1575 quatenus
642 1545 761 1578 tangunt
774 1538 882 1576 ipsum,
901 1537 1038 1575 laudavit,
1053 1540 1235 1577 approbavit,

166 1585 263 1608 tenere
286 1578 320 1608 &
344 1577 464 1608 fideliter
485 1576 635 1607 observare
656 1577 803 1615 promisit,
822 1586 855 1607 ac
878 1577 909 1606 in
929 1577 1054 1606 animam
1074 1577 1170 1615 suam,
1188 1587 1238 1614 per

166 1615 314 1647 Nobilem
334 1616 448 1655 virum,
473 1615 642 1646 Dominum
661 1615 775 1645 Petrum
797 1615 898 1653 Flote,
920 1614 1084 1646 Dominum
1105 1615 1239 1654 Revelli,

166 1655 292 1686 militem
305 1655 384 1685 suum
394 1678 404 1694 ,
422 1655 503 1693 jurari
518 1654 596 1684 fecit.

203 1693 243 1724 Et
255 1692 374 1724 illustres
386 1695 456 1732 viri,
473 1692 612 1730 Domini,
630 1691 751 1722 Carolus
764 1690 882 1729 Valesii,
900 1692 935 1723 δε
950 1691 1119 1723 Lodovicus
1134 1693 1239 1723 Ebroi-

168 1732 258 1763 cenfis
271 1757 282 1771 ,
308 1732 442 1763 Comites
457 1755 466 1770 ,
489 1732 609 1768 superius
629 1731 769 1761 nominati
785 1753 794 1768 ,
819 1731 1008 1768 promiserunt
1029 1731 1063 1762 ὃς
1080 1732 1242 1769 juraverunt

169 1779 241 1801 tunc
256 1770 381 1808 ibidem,
399 1771 426 1800 se
441 1769 519 1800 bona
530 1769 587 1799 fide
602 1778 667 1808 erga
682 1769 795 1799 dicrum
809 1768 924 1808 Regem
940 1770 1067 1800 Franciae
1081 1770 1243 1800 &Ysabel-

169 1809 228 1839 lam
247 1809 305 1848 ejus
328 1808 414 1839 filiam
437 1816 582 1839 curaturos
596 1808 630 1838 &
646 1808 786 1846 facturos,
804 1807 883 1845 quod
897 1807 971 1837 dicsta
986 1809 1184 1848 matrimonia,
1202 1809 1244 1839 se-

169 1846 300 1878 cundum
315 1848 584 1885 pronunciationem
597 1846 786 1883 apostolicam
801 1845 1044 1876 consummentur.

207 1885 380 1923 Cujusmodi
400 1885 628 1919 ratihabitionem
642 1907 652 1922 ,
675 1884 914 1924 gratificationem
933 1909 943 1922 ‚
970 1885 1183 1924 promissiones,
1208 1887 1243 1918 &

168 1924 342 1964 juramenta,
360 1934 433 1964 nos,
451 1931 586 1962 tanquam
600 1921 671 1954 dicti
691 1923 816 1954 Domini
832 1922 918 1961 Papae
932 1923 967 1954 N
970 1925 1085 1962 uncins,

460 2000 496 2031 In
509 1999 656 2039 praesentiit
668 1999 843 2031 Venerabilis
859 1999 962 2038 Patris,

210 2077 370 2119 Johannis,
389 2081 445 2108 Dei
456 2080 552 2116 gratia
562 2101 572 2116 ,
590 2079 644 2116 Epi
658 2079 709 2116 copi
727 2076 922 2117 Wintonienfis
932 2077 1082 2115 praediffl:

211 2117 330 2157 Illustris
347 2121 404 2148 viri
420 2120 532 2147 Domini
547 2119 622 2146 Ame
641 2119 664 2145 ei
683 2119 793 2145 Comitis
805 2115 967 2149 Sabaudiaesst

212 2159 325 2186 Domini
338 2156 458 2187 Gerardi
471 2154 632 2186 Archidiac.
648 2154 865 2190 Richemundiae,

211 2197 326 2225 Necnon
341 2198 452 2225 Domini
465 2193 608 2234 Johannis
624 2194 657 2223 de
669 2195 777 2231 Barro,
796 2192 915 2232 Militis,

173 2309 205 2342 *A
213 2271 338 2340 Piiopter
359 2272 424 2303 haec
448 2270 484 2301 ad
507 2271 634 2302 Franciae
656 2277 746 2312 partes
757 2269 908 2301 mifforurn
921 2277 956 2299 ex
971 2277 1049 2307 parte
1063 2267 1133 2299 dieti
1155 2268 1248 2306 Regis

207 2321 227 2341 n
260 2321 294 2340 1ae

213 2320 348 2380 lNglomi'ne
363 2348 397 2378 &
413 2358 466 2386 pro
480 2347 642 2378 commodo
655 2347 738 2385 ipsius
752 2347 841 2386 Regis
859 2346 986 2386 Angliae,
996 2347 1030 2377 ὃς
1046 2345 1178 2384 praedicti
1190 2345 1249 2375 Ed-

180 2387 278 2427 vardi,
297 2388 353 2426 ejus
368 2386 434 2425 filii,
452 2386 572 2425 stipulati
586 2386 692 2416 fuimus
708 2387 742 2417 &
754 2386 928 2424 recepimus,
945 2393 1032 2422 prout
1055 2384 1092 2414 de
1113 2384 1248 2415 consensu

177 2426 324 2457 dictorum
338 2425 558 2463 procuratorum
571 2424 661 2454 fuerat
676 2424 895 2454 concordatum.

217 2464 257 2495 Et
278 2464 469 2495 incontinenti
488 2462 619 2500 praefatus
640 2462 707 2492 Rex
729 2462 854 2492 Franciae
869 2461 958 2499 dixit,
973 2461 1007 2492 &
1022 2462 1100 2491 bona
1112 2459 1168 2490 fide
1182 2469 1250 2498 pro-

181 2503 275 2541 misit,
292 2503 322 2532 in
337 2501 435 2531 nostra
449 2502 483 2532 ὃς
494 2500 638 2531 di&arum
651 2501 780 2540 gentium
795 2500 866 2529 dicti
886 2499 974 2538 Regis
994 2499 1109 2535 Angiiae
1131 2498 1252 2537 praesen-

180 2541 219 2572 tia
256 2540 335 2579 quod
357 2539 415 2577 ipse
438 2540 504 2570 Rex
528 2539 552 2569 F
553 2540 654 2569 ranciae
667 2539 800 2576 deinceps
815 2539 867 2567 erit
882 2538 974 2568 bonus
992 2538 1025 2568 &
1041 2537 1129 2568 fidelis
1143 2538 1251 2567 amicus

182 2565 265 2610 die²to
279 2579 359 2616 Regi
371 2578 498 2618 Angliae,
516 2579 550 2609 ὃς
564 2579 621 2615 ejus
633 2577 740 2607 haeredi
755 2577 831 2615 Regi
853 2576 985 2613 Angliae3
1004 2586 1058 2606 nec
1080 2577 1179 2620 faciet,
1196 2585 1251 2620 nec

182 2618 364 2656 procurabit,
380 2626 434 2647 nec
457 2616 613 2646 consentiet
633 2615 694 2646 fieri
715 2615 822 2645 malum
842 2615 888 2645 vel
910 2614 1068 2657 dampnum
1084 2614 1164 2644 dic‘to
1177 2614 1252 2653 Regi

183 2656 316 2695 Angliae,
340 2655 422 2693 ipfius
443 2654 562 2685 Haeredi
584 2655 659 2694 Regi
680 2654 809 2692 Angliae,
833 2653 1015 2691 hominibus,
1042 2653 1190 2692 iubjeffls,
1207 2661 1255 2683 aut

183 2696 264 2726 terris
275 2694 417 2733 ejusdem,
435 2693 591 2724 secundum
606 2693 732 2723 formam
744 2692 868 2730 superius
891 2692 1056 2730 expreflam.

224 2732 340 2763 Deinde
354 2732 533 2763 illustrissima
556 2732 685 2762 Domina
701 2731 852 2770 Johanna,
870 2729 928 2760 Dei
951 2729 1056 2769 gratia,
1074 2729 1201 2760 Franciae
1221 2730 1255 2760 &

185 2771 327 2802 Navarrae
345 2771 476 2809 Reoina,
494 2778 563 2801 tunc
578 2771 608 2799 in
621 2770 715 2801 nostra
729 2771 763 2801 ἅτ
776 2769 915 2800 dictarum
931 2770 1061 2806 gentium
1077 2769 1146 2799 dicti
1167 2768 1257 2807 Regis

188 2810 301 2850 Angliae
324 2795 469 2850 praesentia
506 2808 635 2846 promisit
655 2818 688 2838 ac
707 2809 792 2848 jurari
805 2808 889 2846 fecit,
908 2808 937 2836 in
952 2808 1076 2851 animam
1091 2808 1187 2851 suam,
1205 2816 1255 2844 per

189 2848 337 2879 Nobilem
350 2849 443 2879 virum
453 2871 463 2887 ‚
478 2832 647 2878 Dominum
658 2847 803 2885 Jacobum
822 2846 859 2877 de
879 2845 1069 2884 Castellione,
1088 2845 1257 2889 Dominum

188 2887 226 2918 de
247 2887 319 2918 Lusa
341 2887 374 2917 &
395 2887 431 2917 de
453 2885 614 2925 Condeco,
632 2894 700 2916 tunc
715 2886 821 2916 ibidem
837 2884 1022 2925 praesentem,
1041 2895 1106 2922 quae
1121 2885 1201 2922 super
1214 2884 1258 2914 di-

188 2926 241 2957 ἐὶο
256 2926 440 2956 matrimonio
455 2924 519 2956 filiae
532 2925 587 2955 suae
606 2924 750 2962 praedictae
760 2947 769 2963 ,
783 2925 860 2962 juxta
882 2921 1092 2953 ordinationem
1112 2922 1258 2961 praescrip-

188 2972 266 3003 tam,
285 2965 449 3002 promittere
461 2965 494 2995 ὃς
506 2964 592 3003 jurari
604 2964 697 2994 facere
713 2963 869 2993 tenebatur.

228 3002 263 3033 In
279 3004 358 3041 cujus
373 3003 415 3032 rei
427 3002 627 3033 testimonium
638 3012 692 3032 nos
708 3001 854 3039 praesentes
877 3000 997 3038 litteras,
1016 3000 1116 3038 quibus
1140 2999 1259 3039 figillum

190 3040 324 3071 nostrum
345 3041 451 3079 apponi
472 3040 592 3071 fecimus
605 3063 615 3079 ,
639 3040 722 3071 scribi
744 3064 754 3080 ,
775 3041 808 3072 &
829 3039 967 3078 publicari
989 3039 1202 3077 mandavimus,
1224 3037 1259 3068 ad

191 3079 333 3118 majorem
347 3078 494 3111 cautelam.

229 3156 342 3188 Aflum
360 3156 392 3186 in
410 3154 534 3185 Abbati&
554 3154 726 3186 Elemofinae
747 3155 915 3186 Cistercien.
933 3153 1092 3186 Carnoten.
1115 3153 1260 3192 diocesiis,

191 3205 299 3266 ἀΓι-ιὲῗί
308 3194 469 3264 Ιηῗὶᾶὶίἒηξ
477 3193 706 3263 ἒέῐιξῶἓὲᾷξηῐε,
727 3195 761 3226 &
776 3194 882 3226 Pontif.
902 3193 1057 3235 praedictis,
1081 3192 1261 3232 praesentibus

268 3245 277 3265 i
299 3244 330 3266 us
356 3243 409 3272 upe
424 3243 453 3263 iu
611 3243 619 3262 i
635 3253 655 3262 ,ι

233 3310 271 3342 Et
285 3320 340 3350 ego
355 3309 461 3340 Nerius
474 3308 614 3348 Spronelli
629 3307 666 3338 de
688 3307 900 3352 Bodiobonici,
919 3309 1091 3354 Apostolica
1111 3309 1145 3340 &
1168 3308 1264 3354 Impe-

197 3349 258 3379 riali
279 3348 446 3380 auctoritate
465 3349 604 3379 Notarius
627 3346 779 3386 Publicus,
793 3347 828 3379 δε
847 3348 935 3379 scriba
948 3348 1018 3378 dicti
1033 3348 1158 3378 Domini
1171 3347 1262 3385 Episc.

198 3387 361 3425 Vicentini,
379 3386 520 3423 praedietis
533 3386 652 3430 praesens
664 3385 796 3429 interfui,
810 3390 869 3429 ‘una
885 3397 954 3431 cum
967 3387 1084 3417 testibus
1106 3386 1263 3430 infrascrip-

197 3427 251 3464 tis,
277 3427 312 3457 &
333 3425 523 3469 suprascriptas
543 3425 648 3468 literas,
673 3423 838 3492 scriptaslin
859 3426 977 3469 gallico,
1003 3435 1038 3469 ex
1059 3433 1205 3468 autenticis
1227 3425 1263 3454 de

198 3462 1033 3545 {323223353231‘353&diffisa{itg‘fflfiiasffstltli
1051 3463 1267 3538 &offitii

198 3542 278 3580 scopi
300 3539 464 3584 Vmcentini
480 3562 491 3578 ,
514 3538 606 3576 lcripsi
621 3561 632 3578 ,
657 3538 692 3569 &
715 3538 857 3576 publicavi
878 3548 989 3579 rogatus
1005 3564 1016 3580 ,
1041 3550 1165 3579 meoque
1187 3540 1267 3579 signo

198 3579 335 3610 consueto
350 3577 463 3617 signavi.
864 3600 865 3603 ,

411 3657 482 3685 Cera
497 3653 589 3685 albida
598 3678 608 3693 ‚
626 3652 686 3684 lilia
699 3655 728 3684 in
741 3653 946 3695 Cmtrafigillo,
963 3655 1065 3687 vincul.
1083 3653 1229 3685 membran.

58 3810 191 3849 ‘II-8542
301 3797 329 3824 ’ἓ
348 3799 398 3831 De
412 3793 598 3842 affignatione
614 3794 691 3829 dotis
708 3798 896 3843 Margaretae
912 3797 1026 3844 Reginae
1044 3797 1171 3844 Angliae.

58 3895 192 3931 ‘Ann„D‚
273 3888 333 3920 EX
356 3889 492 3920 omnibus
506 3911 517 3927 ‚
543 3888 578 3919 ad
601 3898 672 3927 quos
692 3887 839 3927 praesentes
857 3887 957 3920 litterae
979 3892 1179 3931 pervenerint,
1205 3891 1274 3922 salu-

62 3943 176 4011 (ἓξὲξ,
238 3935 525 4015 AC1.'i:tti-rir’{¹'3‹2n§ti-salimus
538 3967 568 3997 in
585 3965 702 4034 Clffiisto
725 3965 827 4004 Pater,
841 3964 996 4012 Dominus·
1007 3966 1186 4012 Bonifacius,
1204 3967 1277 3999 divi-

63 4019 179 4086 {4:27.
215 4013 289 4072 ¹123„ss
290 4004 447 4083 5335&ss
454 4005 599 4083 ’ωὸἓῖῗέ
610 4005 1011 4081 sup‘zmffe’jsstzlnitiffsf
1020 4005 1278 4085 ἓὲξέῐῖῗῗτξὲὲἳῖἑ

1243 187 1827 236 PUBLICA.
2231 213 2308 253 ²13

1249 274 1399 306 occasione
1411 285 1609 317 quacumque,
1627 288 1716 318 nuper
1731 281 1850 319 exortis,
1868 280 1919 312 sub
1935 283 2017 312 certis
2030 281 2130 314 formis
2142 282 2175 315 &
2199 283 2312 323 modis,
2331 287 2459 320 Ann.D‚

1247 322 1283 342 ex
1300 322 1376 350 parte
1389 314 1486 345 nostra
1500 317 1534 346 δε
1548 317 1628 353 ipsius
1642 317 1749 357 Regis,
1767 319 1855 350 fuerat
1870 321 2110 358 compromissum
2120 345 2130 361 ,

1269 350 1361 395 ‘Inter
1381 361 1482 395 caetera
2135 360 2140 364 '

1247 397 1349 420 virtute
1363 389 1432 420 dicti
1447 393 1660 432 compromiffi,
1677 395 1828 427 ordinasset
1844 397 1924 435 quod
1940 399 2155 430 matrimonium
2173 400 2245 429 inter
2259 409 2312 429 nos

1248 427 1282 458 &
1307 427 1650 474 Mar-garetam'sororem
1673 433 1800 472 prandisti
1820 435 1849 465 R
1887 436 1908 465 is
1927 436 2055 467 Franciae
2076 438 2288 468 contraheretur
2302 461 2313 476 ,

1249 467 1299 495 sub
1314 468 1620 512 certislcondlitionibus
1633 479 1717 508 atque
1730 473 1841 509 poenis:
1887 483 1898 505 t
1914 475 1994 512 quod
2009 474 2168 506 dotalitium
2178 499 2187 515 ,
2204 476 2240 506 ad
2264 486 2313 507 va-

1249 504 1343 549 lorem
1357 505 1521 550 quindecim
1534 508 1646 538 milium
1659 509 1793 540 librarum
1806 511 2018 544 Turonensium
2028 537 2038 553 ,
2055 515 2085 544 in
2097 515 2175 544 terris
2187 515 2222 546 &
2236 524 2315 545 tene-

1247 551 1367 581 mentis,
1382 553 1411 573 in
1424 545 1494 575 loeis
1508 548 1736 583 competentibus
1744 559 1812 586 ,per
1827 560 1880 580 nos
1892 551 2072 588 affignaretur
2085 552 2195 589 eidem:¹

1288 581 1357 627 Nos
1366 604 1376 623 ,
1391 582 1532 613 honorem
1546 585 1579 614 ὃς
1596 584 1698 615 statum
1712 588 1856 622 praedictae
1878 588 2049 628 Margaretae
2072 591 2265 630 respicientes,
2282 601 2315 622 u-

1251 619 1346 649 berius
1359 620 1554 659 lubsequenter
1567 622 1736 660 preadictum
1749 623 1909 655 dotalitium
1923 627 1959 657 de
1971 630 2058 659 tribus
2074 631 2186 660 milibus
2205 631 2316 660 librata-

1252 667 1323 701 rurn⁴
1339 666 1420 704 terrae
1442 668 1566 690 monetae
1587 661 1738 692 Turonen.
1758 666 2018 705 augmentavimus,
2036 666 2072 697 de
2092 667 2190 698 nostra
2204 668 2319 706 propria

1253 696 1288 726 &
1306 696 1398 739 libera.
1410 698 1573 741 voluntate,
1591 699 1627 729 ita
1650 699 1745 739 quod,
1763 701 1792 730 in
1807 703 1954 741 universo,
1972 704 2086 743 habeat,
2105 708 2224 737 nomine
2244 707 2319 737 dotis

1252 733 1299 764 seu
1313 734 1431 777 dotalitii
1449 736 1543 774 quoad
1557 738 1656 768 vixerit
1671 746 1757 769 certas
1769 746 1854 770 terras
1870 741 1904 771 &
1921 749 2080 773 tenementa
2095 745 2123 773 in
2141 745 2211 775 locis
2235 754 2322 776 com-

1257 773 1433 817 petentibus,
1452 775 1523 804 infra
1534 775 1671 814 Regnum
1685 777 1834 817 nostrum,
1853 779 1938 816 usque
1958 779 1992 809 ad
2016 780 2143 811 valorem
2163 784 2266 814 decem
2286 784 2321 814 &

1258 810 1328 840 octo
1341 811 1464 842 millium
1477 813 1636 844 libratarum
1651 823 1732 845 terrae
1746 824 1871 847 monetae
1885 817 2037 848 Turonen.
2057 822 2218 859 annuatim,
2237 822 2323 860 [qua-

1258 856 1323 879 tuor
1338 849 1451 880 Turon.
1470 861 1524 889 pro
1538 862 1597 882 uno
1612 852 1752 893 Sterlingo
1765 856 1985 895 computandis]

1295 886 1334 931 Et
1349 887 1383 931 ad
1398 889 1552 929 praerniffa,
1570 891 1600 920 in
1615 892 1750 921 omnibus
1764 893 1799 923 &
1813 893 1941 932 singulis,
1952 896 2028 933 juxta
2043 897 2324 935 pronunciationem,

1258 924 1484 970 ordinationem,
1500 928 1533 958 ὃς
1544 931 1803 968 augmentationem
1818 933 1981 972 praedict-as,
2000 933 2121 971 plenarie
2134 934 2323 973 adimplenda,¹

1258 972 1470 996 nominaVimus
1482 967 1516 997 ὃς
1530 966 1726 1005 affignavimus
1741 968 1836 998 eidem
1851 970 2036 1010 erlargaretae,

1298 1040 1435 1071 Castrum
1451 1043 1485 1073 &
1502 1041 1608 1073 Villam
1620 1044 1656 1074 de
1673 1043 1856 1084 Cantebrigg.
1869 1055 1937 1076 curn
1950 1049 2065 1079 minutis
2080 1049 2168 1080 firmis
2182 1051 2210 1080 in
2227 1049 2325 1081 eadem

1260 1078 1354 1123 Villa,
1372 1081 1405 1111 &
1423 1080 1480 1110 ahis
1492 1082 1665 1124 pertinentiis
1679 1083 1730 1113 suis
1746 1084 1774 1113 in
1790 1082 1939 1114 Comitatu
1962 1086 2126 1127 Cantebrig.
2146 1090 2174 1118 in
2198 1089 2326 1120 valorem

1260 1117 1396 1156 sexaginta
1411 1119 1445 1149 &
1459 1119 1530 1148 οξὶο
1546 1119 1699 1158 librarum,
1716 1122 1750 1151 &
1763 1121 1888 1152 duorum
1901 1123 2074 1163 solidorum,

1303 1156 1469 1186 Manerium
1483 1157 1519 1187 de
1533 1158 1636 1201 Saham
1648 1183 1655 1196 ,
1671 1169 1740 1189 cum
1756 1162 1929 1197 pertinentiis
1944 1161 1973 1191 in
1985 1163 2089 1192 eodem
2111 1163 2279 1203 Comitatu,
2298 1166 2328 1195 in

1263 1194 1392 1227 valorem
1408 1203 1525 1225 centum
1547 1196 1695 1226 librarum:

1303 1233 1436 1272 Triginta
1449 1235 1481 1264 ὅ(
1498 1245 1583 1264 unam
1602 1237 1635 1267 ὃς
1650 1235 1732 1265 libras
1744 1246 1847 1267 annuas
1861 1237 1897 1267 de
1909 1237 1991 1268 firmi
2000 1262 2010 1277 ,
2030 1248 2115 1276 quam
2129 1239 2212 1270 Prior
2228 1242 2261 1272 &
2274 1240 2333 1271 Ca-

1266 1274 1379 1341 3onic(i3
1385 1271 1421 1301 de
1435 1271 1598 1315 'Bernewell
1618 1273 1756 1313 reddunt,
1774 1285 1827 1313 pro
1847 1278 1974 1307 manerio
1990 1278 2027 1307 de
2050 1276 2220 1316 Cestremn,
2239 1281 2269 1309 in
2283 1289 2333 1310 eo-

1287 1321 1334 1340 em
1380 1318 1517 1341 omitatu:

1303 1349 1442 1393 'Ca-strum
1457 1350 1490 1380 ὃς
1504 1349 1611 1381 Villam
1624 1350 1660 1381 de
1672 1351 1818 1391 Hadleye,
1839 1362 1909 1383 cum
1924 1363 2009 1390 parco
2024 1354 2058 1385 &
2083 1354 2141 1384 aliis
2164 1356 2337 1393 pertinentiis

1269 1388 1324 1418 suis
1347 1397 1377 1417 in
1400 1386 1549 1419 Comitatu
1568 1388 1672 1427 Essex3
1693 1391 1722 1419 in
1742 1390 1868 1422 valorem
1881 1391 2029 1423 tresdecim
2043 1392 2196 1432 librarum,
2214 1394 2258 1424 sex
2272 1395 2335 1424 soli-

1269 1426 1391 1466 dorum,
1410 1427 1443 1457 &
1458 1427 1529 1457 offilo
1543 1427 1733 1458 denariorum.

1309 1464 1473 1508 Manerium
1488 1465 1524 1496 de
1537 1466 1724 1506 Haveringg‚
1742 1477 1812 1498 cum
1826 1477 1931 1506 parco,
1950 1469 1984 1500 ὃς
1996 1469 2118 1508 foresta,
2132 1470 2166 1500 &
2181 1470 2237 1500 aliis
2251 1473 2336 1509 perti-

1270 1505 1460 1571 nenmff‘gms'
1479 1505 1509 1533 in
1530 1504 1634 1535 eodem
1655 1504 1820 1544 Comitatu3
1839 1507 1869 1536 in
1891 1508 2020 1539 valorem
2042 1517 2159 1540 centum
2172 1510 2206 1540 &
2219 1509 2338 1548 quadra-

1292 1550 1349 1572 tnta
1374 1552 1381 1570 i
1404 1551 1514 1572 rarum:

1270 1551 1289 1582 g
1311 1580 1441 1610 Maneria
1465 1580 1501 1611 de
1522 1581 1678 1620 Estwode,
1693 1581 1819 1621 Releye,
1838 1583 1872 1614 ὃς
1887 1583 1924 1614 de
1939 1584 1994 1615 No
2013 1584 2130 1623 launde,
2147 1596 2217 1616 curn
2233 1588 2339 1625 parcis,

1273 1619 1307 1649 ὃς
1322 1618 1378 1648 aliis
1394 1620 1567 1657 pertinentiis
1581 1620 1649 1657 suis,
1667 1621 1723 1650 una
1738 1631 1807 1650 cum
1820 1621 1969 1653 hundredo
2002 1633 2018 1653 e
2044 1623 2215 1655 Rocheford
2237 1626 2267 1655 in
2288 1635 2340 1656 eo-

1272 1657 1339 1726 ilgm
1351 1657 1519 1696 Comitatu,
1536 1659 1570 1690 &
1582 1659 1611 1688 iri
1623 1658 1773 1690 Comitatu
1783 1659 1948 1700 Suffolciae3
1965 1663 1995 1692 in
2009 1662 2138 1693 valorem
2153 1662 2340 1694 ducentarum

1284 1707 1291 1725 ι
1313 1706 1424 1726 rarum:

1313 1735 1529 1774 Quinquaginta
1543 1735 1577 1766 &
1591 1735 1696 1774 septem
1708 1735 1809 1775 libras,
1821 1736 1925 1768 decem
1937 1738 2057 1778 solidos,
2071 1740 2105 1771 &
2119 1741 2190 1770 octo
2203 1741 2341 1780 denarios,

1275 1771 1312 1803 de
1334 1773 1433 1812 firma,
1452 1783 1537 1811 quam
1556 1774 1653 1804 Abbas
1676 1775 1710 1805 &
1724 1774 1867 1805 Canonici
1883 1776 1919 1806 de
1932 1777 2081 1807 Waltham
2096 1778 2218 1810 reddunt
2230 1790 2280 1817 per
2293 1790 2344 1809 an-

1276 1821 1347 1842 num
1357 1835 1366 1849 ‚
1381 1822 1434 1850 pro
1451 1812 1586 1843 Manerio
1599 1813 1635 1843 de
1650 1813 1814 1852 Waltham,
1832 1815 1862 1844 in
1876 1814 1982 1845 eodem
1995 1815 2146 1848 Comitatu
2166 1816 2251 1847 Effex
2272 1828 2344 1856 prae-

1276 1859 1319 1882 ter
1334 1850 1516 1881 allocationes
1530 1851 1711 1882 constitutas:

1314 1888 1418 1919 Villam
1440 1889 1476 1919 de
1498 1889 1682 1928 Colecestre,
1701 1900 1770 1920 curn
1794 1891 1984 1930 pertinentiis,
2004 1893 2034 1922 in
2055 1893 2159 1924 eodem
2177 1893 2345 1924 Comitatu:

1273 1928 1304 1957 in
1320 1927 1448 1958 valorem
1462 1929 1574 1965 triginta
1589 1929 1623 1959 &
1637 1929 1763 1967 quinque
1777 1928 1930 1968 librarum,
1950 1939 2051 1969 praeter
2064 1932 2227 1963 elemosinas
2246 1933 2280 1963 ὃς
2302 1932 2344 1963 al-

1276 1966 1432 1996 locationes
1448 1965 1626 1997 constitutas:

1291 2021 1302 2048 '2
1312 2003 1505 2048 Hundredum
1520 2004 1556 2035 de
1571 2003 1748 2043 Berdestaple
1762 2006 1791 2035 in
1805 2005 1910 2037 eodem
1927 2006 2094 2047 Comitatu,
2108 2009 2137 2040 in
2154 2009 2283 2041 valorem
2298 2011 2344 2042 vi-

1275 2043 1512 2112 glngalilidtrliimgc:
1524 2081 1629 2112 Villam
1650 2081 1687 2112 de
1702 2080 1906 2121 Marleberge,
1924 2093 1993 2114 cum
2007 2084 2131 2116 Bertona
2146 2086 2180 2118 &
2195 2086 2346 2117 hundredo

1276 2118 1314 2149 de
1331 2119 1486 2159 Morkele,
1505 2121 1539 2151 &
1551 2120 1608 2150 aliis
1622 2122 1797 2158 pertinentiis
1813 2121 1880 2160 suis,
1898 2123 1928 2153 in
1938 2122 2091 2155 Comitatu
2104 2125 2148 2156 W
2149 2125 2200 2155 ilts.
2221 2127 2252 2155 in
2267 2126 2348 2157 valo-

1278 2167 1339 2188 rem
1352 2166 1471 2189 centum
1486 2159 1519 2190 &
1531 2159 1634 2196 viginti
1647 2159 1797 2190 librarum.

1317 2196 1451 2228 Castrum
1465 2198 1499 2228 δε
1513 2197 1618 2227 Villam
1632 2197 1669 2227 de
1682 2197 1808 2236 Devyses
1818 2221 1827 2235 ,
1845 2183 1912 2229 cum
1925 2183 2012 2237 parco
2026 2201 2059 2231 &
2082 2201 2193 2231 forestis
2213 2201 2249 2231 de
2271 2201 2350 2231 Mel-

1250 2233 1253 2236 ’
1278 2235 1411 2274 kesham,
1437 2235 1495 2266 Chi
1518 2236 1641 2273 penham
1663 2237 1696 2267 ὃς
1716 2236 1882 2268 Pevvesnam
1898 2260 1908 2275 ,
1935 2239 1968 2269 ὃς
1989 2239 2176 2276 purpresturis
2190 2263 2200 2277 ,
2224 2241 2258 2271 Sc
2278 2250 2351 2270 cum

1280 2272 1417 2304 Manerio
1435 2273 1471 2304 de
1528 2274 1620 2312 oude,
1639 2275 1674 2306 &
1693 2274 1751 2304 aliis
1768 2273 1947 2315 'pei-tinentiis
1959 2276 2050 2307 suisin
2061 2277 2166 2308 eodem
2183 2278 2350 2318 Comitatu,

1278 2313 1308 2341 in
1318 2312 1446 2343 valorem
1459 2314 1657 2351 quaterviginti
1669 2312 1819 2344 librarum:

1320 2351 1485 2381 Manerium
1504 2351 1541 2382 de
1560 2351 1768 2390 woderowe,
1799 2361 1868 2382 cum
1889 2353 2062 2391 pertinentiis
2076 2376 2086 2389 .,
2111 2356 2140 2385 in
2162 2354 2266 2386 eodem
2285 2355 2352 2386 Co-

1281 2390 1382 2421 mitatu
1396 2413 1407 2429 ,
1441 2391 1469 2419 in
1498 2389 1627 2421 valorem
1657 2390 1874 2428 quatuordecim
1903 2391 2038 2422 librarum
2067 2394 2101 2424 ὃς
2121 2392 2224 2424 decem
2247 2393 2352 2425 solido-

1283 2437 1362 2458 rum:
2079 2438 2082 2440 ’

1320 2466 1487 2505 Manerium
1501 2466 1806 2505 deSovenhampton,
1822 2477 1892 2498 cum
1908 2469 2080 2505 pertinentiis
2113 2470 2148 2500 &
2160 2479 2228 2500 cum
2250 2470 2353 2509 Burgis

1281 2503 1317 2534 de
1330 2503 1507 2535 Creckelede
1521 2506 1555 2536 ὅτ.
1571 2505 1796 2543 Hauteworthe,
1815 2506 1848 2536 &
1871 2516 1939 2536 cum
1964 2492 2115 2538 hundredis
2136 2507 2173 2544 de
2194 2508 2353 2540 Crekelade

1283 2543 1318 2573 &
1338 2542 1580 2574 Hauterwurthe:
1612 2543 1650 2574 Et
1672 2543 1802 2574 Maneria
1822 2543 1859 2574 de
1879 2544 2006 2575 Stratton
2027 2547 2061 2576 &
2080 2546 2325 2584 Stepellangeford
2343 2570 2355 2586 ,

1285 2590 1354 2612 cum
1376 2583 1550 2619 pertinentiis
1564 2606 1573 2619 ,
1596 2583 1626 2611 in
1647 2582 1750 2613 eodem
1771 2581 1942 2621 Comitatu,
1968 2584 1997 2613 in
2017 2584 2146 2624 valorem
2164 2585 2355 2617 ducentarum

1286 2620 1394 2657 quinqu
1432 2621 1487 2650 inta
1499 2621 1643 2650 librarum.
1666 2624 1670 2627 “

1323 2658 1409 2689 Duo.
1435 2659 1493 2689 cim
1508 2659 1591 2689 libras
1604 2668 1708 2689 annuas
1717 2683 1727 2696 ,
1739 2668 1807 2697 quas
1818 2658 1920 2690 Simon
1934 2659 1970 2690 de
1983 2659 2100 2692 Cumbe
2114 2662 2204 2693 reddit
2218 2662 2253 2694 ad
2266 2662 2355 2694 Scae-

1287 2698 1410 2736 carium,
1427 2708 1480 2735 pro
1504 2697 1639 2728 Manerio
1659 2697 1696 2727 de
1717 2697 1839 2728 Fitelton
1878 2699 1907 2728 in
1927 2697 2031 2729 eodem
2052 2700 2218 2732 Comitatu:
2247 2701 2356 2733 Villam

1289 2735 1326 2765 de
1338 2733 1547 2775 Suthampton,
1563 2746 1635 2767 cum
1648 2737 1764 2766 minutis
1787 2722 1939 2767 redditibus
1960 2737 1995 2768 ὃς
2014 2738 2070 2768 aliis
2091 2740 2266 2777 pertinentiis
2285 2739 2357 2778 suis,

1286 2775 1316 2804 in
1331 2773 1481 2805 Comitatu
1496 2775 1742 2813 Suthamptoniae:,
1759 2776 1789 2804 in
1813 2775 1937 2806 valorem
1959 2775 2146 2808 ducentarum
2158 2779 2202 2809 ⁴&
2220 2779 2304 2808 unius
2317 2778 2357 2807 *li-

1286 2814 1418 2852 brarum,
1435 2815 1523 2844 trium
1538 2813 1711 2851 solidorum,
1729 2815 1763 2845 &
1775 2812 1899 2845 duorum
1913 2812 2092 2847 denariorum
2100 2839 2111 2856 ,
2126 2825 2226 2855 praeter
2241 2817 2357 2847 elemo-·

1287 2851 1356 2882 sinas
1372 2853 1405 2882 δε
1420 2851 1601 2882 allocationes
1614 2851 1794 2883 constitutas:
2046 2862 2048 2864 ·
2111 2863 2113 2865 ·
2349 2860 2355 2878 ;

1326 2889 1346 2909 *
1366 2889 1503 2921 Castrum
1515 2891 1549 2922 &
1565 2890 1668 2922 Villam
1682 2889 1718 2921 de
1731 2890 1884 2929 Odyham,
1904 2900 1972 2922 cum
1986 2901 2073 2929 parco
2088 2893 2121 2924 &
2139 2893 2295 2929 ‚hundredo
2318 2893 2356 2925 de

1290 2927 1444 2968 Odyham,
1463 2930 1497 2960 &
1520 2929 1577 2959 aliis
1597 2929 1771 2966 pertinentiis
1792 2929 1857 2967 suis,
1874 2931 1904 2960 in
1926 2929 2029 2961 eodem
2045 2930 2213 2971 Comitatu,
2232 2933 2263 2962 in
2276 2932 2360 2964 vaio-

1289 2976 1352 2996 rem
1368 2966 1505 3006 sexaginta
1519 2967 1663 2997 librarum.

1327 3004 1493 3036 Manerium
1508 3006 1542 3036 &
1557 3004 1666 3035 Villam
1676 3005 1712 3036 de
1727 3006 1854 3045 Ault0n‚
1872 3016 1940 3037 curn
1954 3007 2102 3039 hundredo
2117 3008 2154 3039 de
2178 3008 2306 3048 Aulton‚
2324 3010 2360 3041 ὃς

1289 3053 1360 3075 curn
1382 3045 1499 3074 minutis
1520 3042 1672 3074 redditibus
1693 3046 1723 3074 in
1746 3045 1844 3075 eadem
1866 3045 1957 3083 Villa,
1975 3047 2009 3077 &
2026 3046 2085 3077 aliis
2099 3048 2274 3085 pertinentiis
2289 3048 2359 3087 suis,

1290 3083 1321 3112 in
1341 3083 1445 3113 eodem
1467 3082 1632 3120 Comitatu,
1651 3083 1683 3112 in
1704 3083 1832 3114 valorem
1846 3084 2058 3124 quaterviginti,
2071 3086 2113 3117 ’ὃς
2123 3086 2194 3117 orfito
2207 3086 2359 3125 librarum,

1291 3121 1458 3160 quindecim
1474 3121 1697 3159 solidoruin‚‘&
1713 3122 1758 3152 sex
1772 3121 1967 3152 denariorum:
2358 3131 2360 3134 ·

1307 3181 1309 3184 ι
1329 3159 1464 3191 Castrum
1486 3160 1520 3191 ὅτ
1538 3159 1642 3190 Villam
1662 3158 1698 3189 de
1716 3160 1882 3198 Porcestre,
1899 3171 1967 3192 cum
1989 3161 2123 3201 Foresta,
2144 3163 2177 3194 &
2197 3162 2358 3204 purprestu-

1291 3199 1346 3237 ris,
1364 3200 1398 3230 δε
1409 3199 1466 3229 aliis
1480 3199 1652 3237 pertinentiis
1663 3196 1715 3228 suis
1725 3222 1734 3237 ,
1752 3200 1780 3228 in
1792 3198 1898 3229 eodem
1914 3198 2082 3239 Comitatu3
2103 3202 2132 3231 in
2141 3201 2276 3232 *valorem
2299 3201 2359 3232 sex-

1291 3237 1389 3268 decim
1404 3238 1556 3275 librarum,
1575 3235 1723 3266 tresdecim
1736 3236 1906 3276 solidorum,
1924 3239 1958 3269 &
1972 3246 2093 3277 quatuor
2107 3240 2304 3270 denariorum:

1330 3276 1496 3307 Manerium
1509 3277 1543 3306 &
1557 3275 1660 3305 Villam
1677 3274 1898 3314 deAndovere,
1917 3285 1985 3307 cum
2002 3277 2150 3308 hundredo
2163 3279 2197 3308 ὃς
2219 3278 2276 3307 aliis
2291 3287 2357 3314 per-

1293 3316 1416 3345 tinentiis
1427 3315 1494 3352 suis,
1513 3315 1546 3345 &
1559 3323 1628 3343 cum
1642 3314 1822 3344 incremento
1838 3314 1929 3344 firmae
1942 3315 2064 3354 ejusdem
2088 3316 2179 3352 villae,
2199 3317 2226 3345 iii
2251 3316 2359 3347 eodem'

1296 3354 1462 3422 c(llomitattr,
1481 3354 1508 3383 in
1527 3352 1654 3384 valorem
1678 3360 1795 3383 centum
1807 3355 1841 3385 δε
1855 3361 1974 3391 quatuor
1987 3354 2137 3392 librarum,
2155 3355 2188 3385 &
2201 3353 2359 3385 duodecim

1315 3401 1491 3422 enariorum:
2336 3408 2338 3412 ν
2356 3404 2358 3412 ¹

1312 3447 1315 3449 >
1337 3430 1502 3461 Manerium
1522 3430 1556 3460 &
1573 3428 1680 3459 Villam
1697 3428 1733 3459 de
1754 3428 1955 3468 Basingstoke,
1974 3439 2041 3460 cum
2062 3429 2224 3467 hundredo,
2243 3430 2278 3460 &
2294 3430 2359 3462 red-'

1295 3469 1354 3500 ditu
1375 3469 1412 3500 de
1433 3475 1616 3505 tenemento,
1634 3466 1713 3505 quod
1735 3467 1790 3498 fuit
1809 3468 1953 3505 quondam
1974 3468 2095 3498 Walteri
2115 3467 2151 3498 de
2173 3467 2309 3506 Merton,
2321 3471 2361 3506 ιίη

1296 3507 1401 3576 eodcem
1416 3507 1582 3544 Comitatu,
1597 3506 1626 3536 in
1637 3504 1764 3537 valorem
1780 3507 1978 3544 quaterviginti
1988 3507 2120 3536 librarum
2128 3507 2178 3544 ,&
2192 3507 2359 3545 quindecim

1297 3547 1347 3578 soli
1367 3555 1466 3576 orum:
1943 3564 1946 3567 «

1334 3585 1389 3615 Sex
1400 3584 1499 3621 libras,
1514 3581 1663 3613 tresdecim
1680 3581 1797 3621 solidos,
1815 3582 1850 3613 δε
1864 3589 1983 3620 quatuor
1996 3581 2125 3612 denarios
2138 3592 2265 3622 annuos,
2288 3593 2362 3622 quos

1293 3623 1439 3662 Johannes
1460 3621 1495 3651 de
1515 3621 1622 3652 &unfro
1639 3621 1771 3659 johanne
1791 3620 1881 3651 reddit
1901 3620 1935 3650 ad
1956 3619 2137 3651 Scaccarium
2157 3630 2212 3660 pro
2235 3623 2316 3652 terris
2330 3623 2360 3652 in

1300 3662 1377 3693 Balin
1423 3661 1492 3691 oke:
2147 3679 2149 3681 ·

1336 3661 1498 3731 Mfflerium
1519 3697 1556 3728 de
1577 3696 1762 3738 Brymmore,
1778 3707 1848 3728 curn
1869 3696 2000 3735 proficuo
2018 3698 2112 3736 parci„
2140 3698 2174 3729 δι’,
2195 3697 2254 3728 aliis
2274 3699 2362 3736 perti-

1300 3740 1400 3770 nentiis
1421 3738 1490 3775 suis,
1508 3737 1536 3765 in
1559 3736 1664 3767 codem
1686 3735 1852 3773 Comitatu,
1871 3738 1900 3766 in
1917 3736 2044 3767 valorem
2059 3737 2261 3776 quinquaginta
2276 3738 2361 3767 libra-

1300 3787 1378 3809 rum:
1647 3795 1649 3797 ·

1339 3815 1472 3846 Castrum
1487 3813 1523 3843 de
1535 3812 1616 3843 Sunt.
1634 3813 1668 3843 &
1686 3812 1849 3843 Manerium
1861 3812 1898 3843 de
1913 3810 2091 3851 Lyndhurst‚
2110 3821 2180 3843 cum
2194 3812 2306 3851 Pareo,
2325 3814 2360 3844 &

1304 3865 1379 3885 nova
1401 3852 1528 3890 Forcsta,
1546 3853 1580 3883 δε
1602 3850 1727 3890 Ballivis,
1753 3850 1952 3882 &hundredo
1974 3850 2009 3880 de
2032 3850 2211 3891 Rudbrugg,
2234 3853 2267 3884 ὃ(
2291 3861 2361 3882 cum

1306 3892 1486 3931 quadraginta
1499 3889 1618 3921 solidatis
1632 3889 1775 3928 redditus,
1793 3900 1865 3927 quos
1878 3889 1973 3919 Abbas
1986 3888 2020 3919 &
2033 3886 2203 3920 Conventus
2224 3890 2262 3920 de
2282 3890 2361 3920 Red-

1306 3933 1386 3971 dyng
1399 3930 1534 3967 reddunt,
1543 3938 1592 3967 per
1605 3936 1728 3967 annum,
1741 3938 1794 3966 pro
1807 3927 1933 3966 quodam
1947 3935 2113 3958 tenemento
2126 3929 2155 3958 in
2171 3928 2277 3959 forestri
2290 3933 2363 3966 praess

1308 3971 1384 4000 dicta
1393 3993 1402 4007 ,
1416 3971 1448 4000 Sc
1463 3968 1596 3999 omnibus
1609 3967 1665 3997 aliis
1678 3968 1850 4005 pertinentiis
1862 3966 1912 3996 suis
1928 3967 1958 3996 in
1971 3964 2077 3997 eodem
2090 3965 2257 4005 Comitatu3
2274 3968 2303 3996 in
2317 3972 2365 3998 vab

1310 4010 1401 4044 lorem
1415 4015 1531 4038 centum
1544 4008 1578 4037 <Sc
1594 4007 1795 4045 quinquaginta
1805 4005 1957 4035 librarum:

1349 4047 1483 4077 Castrum
1505 4045 1542 4074 de
1565 4042 1842 4075 Cristecliurche‘dc
1859 4044 2042 4085 Twynham,
2058 4054 2127 4074 cum
2139 4044 2236 4081 Burgo
2250 4043 2283 4074 &
2299 4041 2367 4072 Ma-

65 4093 96 4120 1,
107 4097 202 4126 1‚m‚4‚
216 4079 414 4121 reformandi,
438 4084 473 4116 ὃς
493 4082 574 4122 super
594 4081 738 4114 discordiis
756 4082 792 4114 δε
810 4081 936 4122 guerris,
953 4082 1024 4114 inter
1043 4093 1096 4115 nos
1116 4085 1150 4116 ὃς
1171 4083 1279 4124 ipsum,
1311 4087 1392 4117 nerio
1412 4085 1448 4115 de
1466 4082 1639 4123 Westoure,
1656 4084 1690 4115 &
1713 4081 1862 4114 hundredo
1879 4082 1916 4112 de
1929 4081 2152 4121 Cristec'hurch‚
2169 4082 2270 4115 &aliis
2284 4080 2367 4120 perti-

1808 4120 1902 4159 Dd3

2274 4118 2375 4149 nentiis

2349 334 2433 364 1299.

1488 376 1498 391 ,
1512 364 1575 391 quae
1592 356 1621 384 in
1643 359 1886 396 pronunciationis
1900 359 1955 389 suae
1978 360 2044 390 serie
2062 368 2261 398 continentur,
2279 370 2313 392 ex
2329 367 2397 394 Edv.
2418 375 2443 393 ι.

2374 2910 2509 2947 ‘11355-
