2570 4261
119 104 202 143 204
606 92 644 131 C
672 92 714 132 O
745 89 789 130 N
822 89 860 131 V
889 90 923 130 E
951 90 996 130 N
1024 89 1065 129 T
1092 89 1111 129 Ι
1139 88 1182 129 Ο

3 222 50 243 nn.
66 211 108 242 D.

4 261 88 289 ¹3¹²·
159 266 210 299 De
227 274 301 310 pace
325 273 362 299 (9⁶
389 257 500 307 legibus
525 258 611 305 infra
634 263 768 307 Regnum
791 258 1008 294 inviolabiliter
1030 261 1144 306 confir-

0 294 40 319 xv.
54 300 79 318 ²‘
589 314 712 343 vamur.

0 406 51 426 nn.
68 394 109 426 D.
123 395 242 454 REX
261 395 436 426 Vicecomiti
453 394 602 433 eborum,
618 395 742 439 salutem.
921 433 926 440 ¹
1059 433 1064 439 .

0 445 73 475 ¹3¹2
214 435 311 473 Quia,
328 435 397 476 inter
413 442 532 471 caetera,
551 433 649 478 nostris
664 444 737 464 curis
749 433 962 472 incumbentia,
986 433 1107 464 cord-iter
1128 429 1198 476 affe-

0 477 27 501 'n.
45 482 75 509 5.
123 473 247 511 eramus,
265 473 343 504 &in
358 473 473 502 summis
492 472 630 503 desideriis
652 482 838 511 reportamus,
857 473 936 511 quiid
953 482 1004 510 pax
1024 472 1119 503 nostra
1135 472 1199 501 ubi-

27 522 52 538 2.

0 533 68 587 inus:
80 558 107 585 5.

2 610 7 615 .
26 598 51 615 Ζ.

0 636 13 653 ι.
25 636 33 652 i
39 636 66 662 5.
84 625 108 654 d.
124 627 225 657 usitata:
242 626 352 657 fuerunt
372 628 405 658 ὅ(
420 628 598 666 approbatae,
622 638 654 658 ac
670 629 756 658 etiam
774 628 849 666 quod
865 638 964 657 omnes
979 626 1199 664 Ordinationes,

0 1444 52 1467 nn.
65 1433 106 1466 D.

3 1484 86 1515 ¹3¹2·

2 1525 25 1543 a.
39 1523 66 1550 5.

0 2406 7 2425 i
31 2406 87 2435 111.

10 2455 76 2484 301·

4 2919 48 2940 nn.
65 2908 106 2941 D.

0 2958 82 2988 i3x2.

0 3074 18 3089 :c
31 3069 90 3092 Au·-

0 3112 39 3138 ,Ψ-

0 1599 38 1618 ·οι.
54 1599 82 1627 5.

0 1651 5 1657 .
14 1639 40 1658 2.
53 1639 87 1658 m.

119 522 173 548 que
192 510 260 542 infra
278 510 414 548 Regnum
424 508 465 541 -&
482 511 645 548 potestatem
665 511 789 542 nostram
807 512 1003 542 inviolabiliter
1018 511 1195 541 observetur:

123 551 155 580 &
171 549 249 588 quod
271 560 371 580 omnes
388 550 478 589 Leges
495 550 527 580 δε
550 550 790 588 Qnstietudines‚
808 561 871 588 quie
892 551 922 580 in
945 550 1048 580 eodem
1071 549 1197 592 Regno,

123 588 301 626 temporibus
321 587 540 624 Progenitorum
562 589 738 627 nostrorum,
759 589 901 627 quondam
927 588 1043 625 Regum
1068 587 1199 625 Angli-ae,

121 676 210 703 nuper
225 665 377 703 sacraene}
394 666 536 696 honorem
554 666 613 696 Dei
649 666 682 696 &
696 666 808 696 Sanctae
824 665 977 700 Ecclcli.e‚
995 666 1029 696 &
1051 664 1198 708 nostrum,

123 705 158 735 &
173 704 208 734 ad
217 704 408 735 commodum
419 704 548 735 nostrum
564 705 598 736 ὃ(
610 690 711 774 figuli
725 705 819 745 Regni
828 705 952 742 ejusdem
960 726 970 742 ,
991 714 1090 741 quaein
1099 703 1200 741 damp—

124 753 195 774 num
209 743 255 773 seu
269 743 465 781 praejudicium
480 743 566 773 nostri
581 752 625 774 aut
661 744 767 774 'oronae
778 743 883 774 nostr-„e
899 753 960 773 non
975 742 1149 780 redundant,
1165 742 1199 772 &

123 782 252 819 Legibus
272 782 305 812 &
329 780 582 813 Consuetudinibus
599 782 757 822 supradietis
774 792 833 813 non
850 783 1070 820 contrariantur,
1087 790 1201 811 teneari-

123 829 166 852 tur
181 821 214 851 &
229 820 424 859 observentur,
991 859 996 864 ι
1126 859 1131 865 ⁸
1169 861 1174 865 .

162 860 235 889 Tibi
248 860 446 898 praecipimus,
463 858 581 890 firmiter
594 860 788 898 injungentes,
805 859 882 898 quod
899 857 1150 903 praemisffitomiiia
1170 869 1199 888 in

121 896 209 936 pleno
224 896 371 928 Comitatu
384 906 434 929 tuo
443 921 453 937 ,
473 908 587 929 necnon
599 900 630 929 iri
645 897 831 937 Civitatibus,
846 898 962 936 Burgis,
980 897 1059 929 Villis
1069 897 1200 943 §Merca-

119 937 212 975 toriis,
230 936 262 966 δε
284 937 354 966 locis
369 936 425 966 aliis
438 937 668 976 quibuscunque,
686 938 716 967 in
736 937 839 968 eodem
863 936 1033 980 Comitatu,
1055 944 1114 966 tam
1130 936 1201 966 mfi'a

121 974 274 1013 liberttteS,
293 975 377 1013 quam
392 984 482 1014 extra,
500 977 550 1006 ubi
563 975 695 1014 expedire
709 976 826 1015 videris,
850 975 935 1006 facias
957 975 1072 1014 publice
1081 975 1199 1018 ⁴procla-

121 1015 191 1082 {nari
198 1037 236 1082 gd
227 1012 262 1043 Et
280 1014 357 1058 lioc,
375 1014 443 1046 sicut
460 1015 580 1053 teipsum
599 1015 783 1053 indempnem
802 1014 966 1046 conservare
982 1013 1119 1052 volueris,
1135 1013 1199 1044 nul-

132 1062 151 1082 ο
167 1061 196 1081 m
239 1062 259 1082 o
272 1061 394 1083 omittas.

160 1090 248 1122 Teste
266 1090 350 1129 Rege
365 1091 439 1130 apud
459 1091 605 1131 Eburum,
621 1091 669 1123 26.
686 1091 732 1123 die
745 1092 881 1132 Januarii.

762 1172 815 1200 Per
833 1168 915 1210 ipfinn
935 1172 1040 1208 Regem.

159 1226 274 1259 Eodem
293 1228 383 1259 modo
397 1228 562 1261 mandatum
570 1228 617 1266 fest
631 1228 743 1267 singulis
750 1219 979 1261 Vicecomitibus
993 1239 1042 1268 per
1053 1229 1203 1268 Angliam.

293 1358 343 1390 De
364 1355 521 1389 trac’tando
537 1357 630 1404 fhper
651 1360 789 1405 Treugra
811 1369 881 1392 cum
904 1361 1009 1392 Scotis.

120 1439 280 1510 LEsllQoi
299 1451 314 1471 a
333 1448 403 1472 touz
421 1452 511 1482 ceux,
530 1454 546 1474 a
563 1445 612 1482 qui
630 1443 716 1475 cestes
737 1443 844 1476 Lettres
855 1445 1014 1484 vendront,
1031 1455 1069 1476 ou
1081 1452 1196 1483 ortem,

207 1491 221 1510 a
233 1489 277 1510 ΠΖ.

157 1518 267 1549 Sachez
284 1529 338 1557 que
357 1529 427 1550 nous
445 1529 589 1558 grantoms
604 1544 613 1560 ,
637 1522 669 1552 ὃς
689 1522 814 1553 donoms
831 1534 846 1553 a
869 1533 940 1554 nous
957 1523 1036 1554 foials
1053 1524 1087 1554 &
1104 1522 1199 1561 loials,

120 1555 218 1588 David
237 1557 378 1589 d'Asceles
391 1582 402 1598 ,
430 1559 592 1591 Alisaundre
610 1560 646 1590 de
668 1561 815 1602 Abernyth
850 1585 859 1599 ,
887 1562 980 1593 Adam
1004 1563 1040 1592 de
1059 1561 1201 1600 Gurdon,

118 1595 226 1627 Gerard
243 1596 379 1637 Salveyn,
402 1599 435 1629 &
453 1610 468 1629 a
486 1609 544 1629 τισι,
561 1600 641 1630 chers
658 1599 737 1630 Clers
752 1623 762 1639 ,
789 1600 815 1630 λ’
829 1600 909 1631 eistre
926 1600 1038 1631 Robert
1054 1601 1091 1630 de
1110 1599 1201 1647 Pyke-

119 1645 132 1665 r
144 1644 209 1674 trig,
234 1636 267 1667 δι’
287 1635 406 1667 Meistre
425 1637 516 1682 Jolian
538 1638 692 1679 fraunccys
704 1661 714 1677 ,
741 1639 876 1670 Clianons
893 1639 938 1670 del
956 1639 1049 1677 Eglise
1066 1639 1102 1670 de
1117 1640 1201 1682 §seint

120 1644 200 1704 131ere
223 1674 398 1715 d‘Everwyk
412 1699 422 1713 ,
453 1677 529 1716 cynk
546 1677 579 1708 ὅ(
599 1687 694 1715 quatre
711 1677 748 1708 de
773 1688 827 1708 eux
853 1678 934 1715 (dont
950 1678 989 1708 les
1013 1678 1085 1708 deux
1109 1680 1199 1709 loient

120 1712 159 1743 les
185 1714 318 1744 avantdiz
337 1714 452 1745 Robert
480 1716 514 1746 ὃς
534 1716 637 1755 johan)
666 1717 760 1754 plener
785 1718 820 1748 &
839 1718 912 1754 plein
930 1727 1015 1755 poer,
1032 1717 1065 1748 ὅ(
1081 1716 1199 1755 especial

120 1751 305 1783 mandement
341 1753 378 1783 de
395 1755 505 1793 treiter‚
522 1765 557 1785 en
576 1765 652 1785 noun
672 1755 707 1785 de
726 1765 811 1794 nous,
831 1758 864 1786 &
892 1766 944 1794 por
969 1766 1053 1794 nous,
1078 1756 1200 1794 ovesque

121 1790 160 1821 lec
180 1790 266 1822 Genz
285 1792 312 1821 d'
325 1791 412 1823 ⁴'coce
434 1794 461 1831 (a
480 1794 527 1831 qui
545 1804 615 1824 nous
633 1804 733 1824 avoms
750 1798 858 1832 guerre)
878 1794 914 1824 de
937 1794 1059 1833 Trewe,
1087 1804 1126 1825 ou
1144 1794 1199 1826 suf—

119 1829 237 1860 fraunce
254 1831 374 1869 prendre
391 1840 470 1862 entre
487 1842 575 1871 nous,
596 1842 654 1863 iioz
672 1833 820 1872 hommes,
837 1842 895 1863 noz
913 1832 1034 1872 suzmis,
1049 1834 1082 1864 &
1096 1843 1147 1864 nos
1160 1835 1200 1864 ai-

119 1868 196 1899 danz
208 1868 294 1900 d'une
309 1878 385 1910 part,
403 1871 436 1901 &
450 1881 514 1910 eus,
531 1872 564 1902 ὅ(
583 1871 643 1901 lour
661 1871 749 1910 aliez,
774 1872 808 1903 &
822 1872 922 1902 aidanz
936 1872 1041 1903 d’autre
1059 1881 1134 1910 part,
1156 1872 1200 1903 sur

117 1907 158 1938 les
179 1918 308 1946 guerras,
333 1908 511 1949 dillerifions,
537 1910 571 1941 ὃ(
595 1910 718 1941 discords
736 1920 791 1948 que
807 1910 870 1942 sont
886 1920 966 1941 entre
991 1921 1062 1941 nous
1081 1911 1114 1942 δε
1131 1921 1200 1950 eux,

118 1946 209 1977 solom
230 1956 265 1978 ce
287 1947 325 1986 qil
343 1957 455 1978 vei'ront
481 1959 535 1987 que
554 1950 650 1980 mieuz
668 1949 720 1980 soit
737 1959 753 1979 a
771 1949 838 1981 faire
853 1950 878 1981 al
895 1950 986 1981 honur
1003 1950 1039 1981 de
1057 1959 1149 1989 nouS,
1166 1951 1200 1982 &

116 1985 201 2027 profit
218 1985 254 2016 de
272 1985 368 2017 nostre
386 1987 535 2018 Roialme:

156 2023 193 2057 Et
206 2024 242 2056 dc
258 2025 387 2056 meismes
408 2026 469 2056 cele
481 2035 568 2059 trewe
583 2026 617 2058 &
631 2025 787 2058 suffiaimce
809 2028 913 2065 otrier,
929 2027 1035 2066 doner,
1050 2026 1200 2066 affermer,

119 2061 154 2093 &
169 2063 205 2132 {ie
216 2065 290 2134 jigei-
305 2075 340 2108 en
355 2064 452 2107 nostre
464 2066 536 2097 alme
550 2066 586 2096 dc
599 2066 672 2097 celes
685 2075 791 2107 trewe,
809 2077 849 2098 ou
860 2065 1019 2098 suffraunce
1032 2065 1203 2098 fermement

143 2113 170 2132 ar
191 2113 221 2132 er
259 2111 270 2120 ⁷
284 2111 371 2133 tenir:

118 2110 141 2139 g
152 2139 189 2172 Et
201 2140 237 2172 de
252 2150 322 2172 totes
333 2151 421 2173 autres
435 2143 533 2174 choses
552 2143 620 2174 faire
646 2144 681 2175 δε
696 2145 853 2184 acomplir,
872 2146 920 2184 qui
935 2155 950 2175 a
972 2144 1045 2176 celes
1059 2153 1144 2177 trewe
1161 2154 1200 2176 ou

121 2174 278 2209 suffraunce
300 2181 404 2224 serront
426 2182 638 2221 bosoignables,
655 2193 694 2215 ou
713 2184 899 2222 covenables,
918 2192 959 2214 tut
980 2184 1034 2214 soit
1050 2184 1069 2214 il
1085 2184 1141 2222 qu’l
1156 2194 1200 2215 re-

121 2217 435 2300 ςυὲτὲιξὲξιεῖξέξὲηῗ
432 2222 489 2294 [2111ιᾴ
491 2230 628 2297 Εξὲἰῖιῗὶἶῖε
642 2266 694 2297 por
706 2260 810 2292 estable
819 2285 828 2299 ,
846 2271 918 2299 quan
932 2271 985 2299 que
998 2261 1036 2291 les
1049 2260 1200 2299 avantdiz,

124 2292 238 2332 Conte,
257 2294 434 2334 Alilaundre,
454 2297 566 2336 Adam,
581 2297 690 2341 Gerard
701 2322 710 2337 ,
729 2299 860 2338 Robert,
873 2301 912 2343 ⁴&
922 2300 1030 2338 johan,
1051 2300 1146 2340 cynk,
1161 2310 1200 2330 ou

121 2341 219 2370 quatre
236 2333 272 2363 de
291 2342 344 2376 eux
361 2334 443 2371 (dont
459 2335 496 2365 les
511 2335 582 2366 deux
598 2336 686 2367 solent
709 2338 747 2368 les
762 2339 898 2376 ,avantdiz
918 2339 1026 2369 Robcrt
1041 2339 1074 2369 &
1092 2339 1197 2377 Johan)

122 2380 240 2402 averont
255 2380 351 2410 trcite,
368 2373 402 2403 &
416 2375 506 2412 otrie,
523 2376 555 2405 δε
571 2375 707 2415 ordcine,
727 2376 777 2407 fait
797 2378 831 2408 ὅ(
851 2376 985 2416 afferme,
1002 2387 1038 2406 eri
1062 2387 1142 2408 noun
1164 2377 1200 2407 de

124 2410 143 2429 ’¹‘
159 2420 244 2449 nous,
264 2411 296 2441 &
312 2421 363 2449 por
376 2421 463 2451 nouS,
478 2414 511 2444 ὃ(
527 2424 652 2456 ροτροᾌ
666 2415 810 2454 hommes,
828 2416 861 2446 &
884 2427 936 2454 por
951 2426 1008 2446 noz
1029 2415 1148 2455 suzmis,
1165 2416 1199 2446 &

119 2458 190 2493 pour
204 2458 262 2479 noz
275 2451 391 2489 aidanz,
409 2451 452 2482 sur
468 2451 505 2482 les
518 2453 612 2482 clioles
628 2453 793 2492 avantdites,
813 2456 846 2485 δε
862 2455 983 2485 cliescun
999 2454 1080 2484 deles.

121 2487 201 2557 Lehri
216 2490 419 2525 tcmoignance
433 2489 469 2520 de
485 2501 557 2530 queu
573 2491 658 2523 chose
677 2503 747 2524 nous
762 2503 862 2524 avonis
881 2493 930 2525 fait
950 2494 1018 2524 faire
1035 2492 1123 2524 cestes
1140 2501 1199 2524 noz

164 2535 228 2557 ttres
242 2537 361 2559 overtes.

138 2650 141 2653 ,
156 2603 237 2636 Don.
256 2615 273 2636 a
288 2604 431 2646 Everwyk
450 2605 475 2652 le
494 2607 544 2640 26.
557 2608 625 2647 jour
641 2608 678 2639 de
689 2608 830 2649 Janeuoir.

59 2681 62 2685 ’
98 2679 105 2716 J
158 2678 357 2732 Dupplicatur.

125 2829 332 2875 ‘Imperatoris
359 2833 586 2875 Romanorum,
614 2832 650 2866 de
674 2837 866 2868 coronatione
881 2835 964 2882 sua,
990 2835 1178 2881 Mtificasio.

122 2916 320 2986 HEnricus,
338 2918 397 2963 Dei
412 2921 516 2959 gratis,
535 2920 737 2963 Romanorum
752 2923 907 2962 Imperator
921 2925 1028 2964 semper
1043 2923 1201 2967 Augustus,

202 2955 302 3000 illustri
319 2957 444 2995 Principi
455 2983 465 2998 ,
482 2959 626 2992 Edwardo
650 2962 728 3000 l'tegi
754 2964 887 3003 Angliae,
905 2966 1001 2996 amico
1023 2964 1144 3003 dilecto,
1162 2966 1202 2993 la-

124 2994 212 3033 lutcm
228 2995 260 3024 ὃς
276 2999 387 3027 linem-ri:
403 2998 561 3030 dilectionis
575 2999 720 3032 affectum.

162 3027 289 3076 Magnus
309 3034 452 3078 Dominus
472 3037 506 3068 ὃς
522 3038 682 3070 Laudabilis
697 3039 795 3079 valde,
814 3042 880 3080 qui,
898 3043 926 3072 in
946 3041 1063 3074 Excelso
1085 3041 1202 3072 Divini-

124 3080 185 3112 tatis
205 3072 259 3118 sum
280 3071 357 3116 Solio
373 3075 506 3116 residem,
539 3077 704 3117 Univeriis,
727 3089 790 3117 quie
812 3080 867 3111 suae
888 3080 1044 3119 Majestatis
1067 3079 1202 3114 ineffabili

130 3119 248 3141 mentia
261 3110 390 3141 condidit
407 3136 415 3149 ,
444 3114 598 3147 clementer
621 3127 654 3148 ac
675 3117 792 3149 suaviter
809 3120 926 3157 imperat
946 3129 1024 3152 tanto
1046 3119 1202 3157 Dignitatis

155 3159 243 3183 onore
253 3148 421 3193 ac-Dccore
431 3151 557 3196 Gloriae,
576 3156 740 3195 hominem,
761 3167 845 3195 quem
860 3159 930 3189 inter
948 3159 1099 3190 Universas
1114 3158 1202 3189 Crea-

124 3194 197 3218 turas
214 3188 327 3227 extulit,
352 3199 455 3233 ac'cui
473 3191 649 3234 {maginem
670 3195 723 3226 suae
741 3195 905 3227 Divinitatis
922 3198 1108 3238 impresserat,
1124 3197 1203 3236 super

126 3227 246 3271 cundia,
265 3237 329 3266 quae
342 3227 430 3267 feeit,
447 3230 576 3262 tribuerat
590 3232 797 3272 Principatum:

124 3301 130 3306 ⁶
163 3264 217 3303 Lt,
234 3274 263 3311 ut
278 3266 429 3311 Creatura,
447 3276 505 3298 tam
520 3268 655 3312 Nobilis,
673 3284 688 3303 a
702 3272 872 3304 Coelestium
886 3273 1053 3305 Hierarclii‘fi
1068 3285 1127 3306 non
1147 3275 1204 3306 dis-

127 3302 209 3334 ferret
229 3304 421 3350 bimilitudine
438 3306 572 3347 Ordinis,
590 3319 658 3339 cum
681 3313 780 3349 quibus
800 3315 937 3343 convenit
958 3314 1058 3351 grandi
1073 3313 1205 3352 parilitate

124 3343 261 3382 Naturae,
279 3344 368 3374 voluit
509 3384 514 3389 ι
892 3352 1135 3389 quemadmodum
1155 3352 1205 3383 sub

127 3380 156 3412 se
169 3380 243 3415 Deo,
251 3392 311 3412 uno
325 3393 426 3413 omnes
440 3382 566 3414 Ordines
581 3383 753 3416 Coelestium
764 3387 924 3424 Agminum
1193 3415 1204 3430 ,

128 3420 167 3449 sic
186 3420 304 3450 universi
319 3421 466 3460 homines,
483 3422 609 3464 distinc‘ti
624 3423 756 3464 Regnis,
774 3426 807 3456 ὃ(
830 3426 988 3459 Provinciis
1009 3428 1139 3468 separati,
1156 3432 1205 3460 uni

127 3455 256 3495 Principi
278 3458 448 3490 Monarchae
469 3460 625 3502 sabessent,
653 3464 788 3502 quatenus
806 3474 842 3495 eo
863 3467 1043 3504 consurgeret
1066 3467 1205 3500 Machina

126 3495 241 3533 {Mundi
256 3497 432 3537 praeclarior,
450 3510 506 3538 quo
521 3499 570 3531 sub
594 3512 651 3532 uno
675 3501 760 3541 Deo,
787 3503 906 3535 Fastore
925 3505 973 3535 suo
979 3528 990 3544 ,
1008 3507 1204 3546 progrediens,

132 3534 182 3565 sub
200 3545 257 3566 uno
277 3535 408 3574 Principe
426 3554 920 3564 --·--————-——-—
1071 3555 1106 3576 ac
1131 3547 1162 3576 in
1179 3549 1206 3577 le

127 3575 209 3611 ‘pacis
225 3583 258 3604 ac
271 3575 380 3605 unitatis
391 3574 543 3615 aug-menta
560 3577 706 3622 susciperet
727 3580 760 3611 &
1041 3594 1090 3622 per
1104 3586 1206 3615 amoris

134 3611 272 3650 gressum,
291 3613 325 3643 ὃ(
339 3612 463 3644 Devotae
478 3614 555 3646 Fidei
569 3616 754 3649 stabilimenta
767 3618 866 3650 rediret

171 3650 206 3694 Et
221 3673 230 3689 ,
254 3653 384 3695 quamvis
404 3652 540 3696 ejusmodi
562 3654 737 3694 Principatus
758 3659 895 3695 prioribus
915 3658 1021 3690 seculis
1043 3662 1074 3691 in
1096 3661 1207 3692 diversis

133 3686 213 3718 fuerit
232 3688 430 3728 Nationibus,
455 3695 528 3729 quali
972 3709 988 3728 a
1014 3698 1063 3730 suo
1091 3700 1206 3731 Paetore

134 3726 341 3768 oberrantibus,
359 3739 466 3767 errans,
491 3730 644 3761 novissime
663 3740 772 3772 tamen,
789 3737 1031 3774 appropinquante
1052 3738 1206 3778 pulchritu-

138 3762 202 3806 dine
232 3768 365 3809 temporis
387 3769 499 3805 quando
518 3768 594 3799 idem
619 3769 697 3800 Deus
716 3772 749 3801 ὃς
771 3771 917 3804 Dominus

138 3805 320 3834 inenarrabilis
384 3830 387 3831 Ξ
483 3823 587 3829 -·—-—
616 3807 668 3838 suis
683 3809 881 3842 Munilicentia
904 3813 997 3844 homo
1019 3814 1078 3845 fieri
1101 3814 1207 3853 voluit,

138 3847 169 3882 ut
184 3839 350 3882 hominem,
367 3854 415 3881 per
423 3842 530 3882 ‘Culpie
541 3844 646 3883 lapsum
664 3848 823 3888 perditum,
841 3850 875 3881 δε
889 3861 938 3888 per
953 3853 1053 3883 obruta
1071 3853 1207 3890 deviaque

139 3886 276 3907 Vitiorum
294 3879 454 3919 labentem,
471 3884 505 3912 ad
529 3883 592 3914 loca
613 3885 748 3916 virtutum

162 3954 166 3958 ῃ
368 3956 373 3961 ⁸
496 3929 605 3962 aeternae
619 3923 797 3954 Beatitudinis
811 3925 910 3963 pascua
924 3929 1039 3958 virentia
1049 3929 1209 3968 reservaret,

137 3952 249 3983 dic‘tum
272 3952 423 3990 Imperium
447 3962 561 3989 transeat
582 3960 615 3990 ad
639 3960 804 4001 Romanos,
822 3964 942 4000 provide
965 3965 1021 3996 Dei
1044 3967 1209 4004 disponente

131 3991 315 4031 ⁴(alcuimus,
332 3993 408 4030 quod
422 3995 486 4027 illuc
501 3999 609 4035 praeiret
622 3998 776 4039 Imperialis
798 4001 977 4036 excelientia:
990 4004 1142 4044 Thronus,
1161 4007 1210 4041 ubi

901 3905 1208 3914 ——.——.—-—-.—-

1212 83 1854 138 NE·S‚L1TVERAE,

1239 171 1328 201 futura
1342 178 1398 200 emt
1410 170 1591 203 sacerdotalis
1607 171 1640 203 &
1656 171 1821 210 Apostolica
1836 172 1940 213 Sedes,
1956 173 1990 205 &
2001 172 2032 204 in
2045 168 2147 206 eodem
2156 169 2226 206 loco
2239 172 2318 208 Pori-
2329 171 2406 205 Arm,
2419 169 2471 204 DJ

1239 210 1324 240 tificis
1337 211 1371 240 &
1386 208 1564 247 Imperatoris
1578 211 1740 242 Aquritas
1753 210 1912 249 refulgeret.
1950 231 1953 234 >

1603 297 1667 325 quae
1691 297 1747 328 pro
1773 289 1855 319 nobis
2024 305 2075 311 -—
2094 289 2223 329 Virginis
2242 300 2330 323 utero.

1240 325 1332 355 Natus
1343 324 1493 364 Sacerdos,
1508 325 1565 363 ipse
1576 325 1776 356 Sacerdotium
1791 336 1930 359 aeternum
1946 327 2064 359 instituit
2081 329 2115 360 &

1774 366 1846 404 ipse,
1864 375 1998 404 tanquam
2010 367 2075 397 Rex
2082 367 2202 406 Regum
2210 369 2244 399 δε
2253 367 2328 400 Do«.-

1240 402 1332 431 minus
1352 400 1594 440 Dominantium,
1618 402 1654 433 ad
1675 401 1816 434 Culminis
1834 405 1874 435 sui
1894 404 2046 444 Fastigium
2068 407 2167 438 omnia
2187 407 2315 447 trahens,

1241 441 1273 471 δε
1288 439 1337 469 sub
1349 439 1402 470 suae
1416 439 1543 470 Ditionis
1558 440 1687 479 Imperio
1701 443 1825 474 universa
1838 444 1995 482 subjiciens.

1278 478 1353 508 Sane
1371 478 1426 517 ipsa
1446 478 1587 509 evidentia
1601 489 1694 510 rerum
1712 497 2317 510 ——-—-————-·-—-——-—-

1345 516 1488 548 devenisse
1508 517 1653 548 Notitiam
1676 519 1754 557 quod
1772 520 1898 559 ,abolim,
1921 520 1986 558 post
2004 519 2149 552 tranfitum
2174 522 2315 555 Friderici

1241 555 1386 593 quondam
1401 555 1610 587 Praedecefforis
1618 556 1723 596 nostri,
1741 558 1814 588 olim
1820 558 2024 589 Romanorum
2031 558 2211 597 Imperatoris

1239 604 1273 623 ac
1289 594 1338 624 diu
1542 604 1660 626 vacante
1673 595 1814 636 Imperio,
1831 597 1899 628 licet
1922 598 2098 636 quamplures
2118 600 2260 637 praeclarae
2274 600 2316 631 fa-

1241 643 1297 662 mae
1311 633 1344 662 ὃ(
1358 633 1526 664 eximiorum
1536 637 1702 665 meritorum
1956 635 2102 675 Principes
2112 638 2147 668 ad
2161 638 2251 677 ipsum
2259 637 2319 670 Im·-

1240 672 1366 712 perium,
1384 682 1432 709 per
1446 671 1592 710 Principes
1604 673 1779 704 Alamanniae
1814 675 1914 712 quibus
1927 675 2088 713 hujusmodi
2101 677 2247 708 incumbit
2253 677 2320 708 Ele-

1240 712 1316 748 ctio,
1331 710 1517 754 'concorditer
1529 712 1561 742 &
1576 713 1628 742 rite
1642 712 1754 743 fuissent
1768 697 1876 752 E’ieeri,
1893 714 1982 744 nullus
1995 722 2091 745 tamen
2106 725 2223 755 eorum,
2241 724 2315 747 tem-

1240 750 1315 786 poris
1329 750 1502 787 impediente
1514 750 1642 790 Malitia,
1660 760 1708 782 aur
1721 751 1852 782 Fortunae
1872 751 2008 783 saevientis
2022 753 2149 793 Invidia,
2168 754 2203 785 ad
2218 754 2318 794 Impe-

1240 788 1274 817 rii
1290 787 1430 819 Diadema
1444 791 1578 826 pervenit.

1281 825 1363 857 Cum
1377 834 1489 866 autem,
1507 827 1619 858 Illustris
1634 827 1809 868 Memoriae,
1834 828 1978 869 Albertus,
2003 829 2069 861 Rex
2109 831 2234 863 nondam
2255 831 2323 864 Ro-

1242 867 1946 938 Βὲἓοᾷἒὲηἰὲῖὲυὲῗέὲῗεῖἱῖῗ]ὲὲοᾞὲξῗὶῗὲἕκῗθ
1958 868 2209 940 P‘aeaffiffl‘irosegff
2216 870 2321 942 ffflii'

1243 943 1351 981 ximus,
1368 929 1523 982 Impe’rialis
1541 929 1644 982 speera't
1659 916 1790 984 Eleliffio,
1807 955 1877 984 nos,
1894 916 2320 983 tuffibomitem'Luzgnbur,

1242 982 1373 1051 (gensenli,
1391 993 1426 1052 in71
1427 983 1553 1026 »Regem
1568 983 1774 1015 Romanorum
1780 1007 1791 1023 ,
1805 983 1931 1016 futurum
1952 983 2176 1025 Imperatorem,
2194 996 2322 1019 concor-

1264 1030 1315 1051 iter
1329 1031 1344 1051 e
1355 1025 1414 1059 egii
1427 1030 1489 1053 ent:

1282 1059 1418 1100 Nosque,
1435 1060 1501 1092 licet
1515 1061 1647 1092 sciremus
1665 1062 1798 1093 humeros
1817 1060 1927 1093 nostros
1946 1062 1981 1093 ad
1995 1071 2053 1094 tam
2068 1063 2238 1102 praegrande
2249 1075 2322 1097 onus

1243 1098 1393 1139 inhabiles,
1411 1100 1447 1130 de
1469 1100 1685 1139 Omnipotentis
1705 1100 1764 1131 Dei
1783 1100 1957 1140 Benignitate
1975 1101 2130 1141 confisuri,
2156 1103 2320 1141 praebuisse-

1244 1147 1307 1167 mus
1328 1138 1411 1169 faetae
1429 1138 1465 1169 de
1485 1140 1568 1170 nobis
1584 1139 1728 1170 Eleffloni
1746 1138 1942 1178 Consenfirm,
1960 1150 2029 1171 mox
2046 1141 2241 1181 decrevimus,
2258 1143 2320 1174 Re-

1244 1177 1308 1211 gnis
1331 1177 1473 1208 Almaniae
1494 1178 1677 1217 Boemiaeque
1694 1178 1841 1218 dispofitis,
1860 1178 1894 1209 ad
1917 1177 2051 1217 Urbem,
2069 1190 2121 1218 pro
2141 1180 2323 1219 suscipiendis

1243 1213 1468 1247 Consecratione
1487 1217 1521 1248 ὃ(
1542 1216 1681 1255 Imperiali
1712 1217 1907 1258 Dyademate,
1932 1217 2089 1257 proficisci,
2116 1220 2259 1252 mittentes
2276 1220 2322 1252 so-

1241 1253 1369 1292 lempnes
1383 1254 1518 1286 Nuncios
1532 1256 1565 1286 ad
1581 1255 1792 1287 sanctissimum
1805 1254 1915 1287 Patrem
1951 1255 2115 1288 Dominum
2127 1256 2325 1298 Clementem,

1243 1292 1355 1324 Sanctae
1370 1292 1514 1326 Romanae
1526 1305 1560 1326 ac
1574 1294 1748 1326 Universalis
1762 1294 1896 1326 Ecclefiae
1909 1279 2064 1327 §nmmum
2082 1295 2271 1338 Pontificem,
2284 1299 2321 1330 ad

1242 1341 1347 1370 quem,
1365 1331 1402 1363 de
1417 1331 1628 1365 Consuetudine
1641 1334 1674 1366 ὅ(
1691 1343 1771 1365 more
1787 1333 1952 1372 Major-um,
1969 1332 2130 1366 Coronatio
2151 1335 2244 1368 nostra
2258 1337 2317 1375 spe-

1243 1370 1320 1410 ctat,
1337 1379 1368 1401 ut
1382 1370 1417 1402 ad
1430 1372 1549 1403 Urbem
1563 1372 1726 1411 dignaretur
1739 1373 1854 1412 venire,
1872 1372 1906 1405 &
1925 1373 2011 1404 nobis
2026 1372 2228 1407 Coronationis
2249 1387 2324 1416 prae-

1242 1408 1308 1440 fatae
1321 1409 1465 1442 Solemnia
1477 1411 1616 1442 exhibere.

1283 1448 1346 1492 Qui
1365 1457 1399 1479 ex
1412 1450 1505 1481 innata
1522 1450 1573 1481 sibi
1587 1449 1750 1481 Clementia
1767 1450 1801 1482 &
1815 1458 1932 1491 patemo
1944 1448 2049 1482 affeetu
2085 1461 2170 1491 quem
2187 1452 2272 1485 habet
2285 1453 2322 1486 ad

1242 1498 1295 1519 nos
1307 1487 1476 1528 specialiter,
1495 1489 1529 1520 ὅ(
1543 1488 1577 1519 ad
1599 1490 1716 1521 Sacrum
1729 1489 1886 1527 Imperium
1895 1512 1906 1529 ,
1922 1473 2090 1534 satisfecisset
2105 1491 2254 1523 liberaliter
2266 1503 2320 1524 vo-

1240 1527 1275 1558 tis
1288 1526 1462 1565 nostris,nis1
1476 1527 1604 1559 Grandia
1623 1528 1753 1566 Negotia
1768 1528 1846 1559 Sacri
1863 1527 2044 1568 Concilii,in
2058 1531 2191 1570 proximo
2208 1531 2227 1551 ³*
2245 1532 2322 1563 cele-

1241 1565 1342 1596 brandi
1362 1588 1373 1604 ,
1404 1566 1437 1597 &
1459 1566 1578 1605 indieti,
1600 1569 1659 1606 jam
1678 1566 1836 1608 priusquam
1855 1566 1932 1606 super
1947 1568 2089 1606 praedictis
2103 1571 2287 1609 requireretur
2302 1581 2319 1603 a

1245 1605 1347 1643 nobis,
1365 1604 1444 1635 illum
1458 1605 1638 1636 detinuiss'ent
1652 1607 1682 1636 in
1697 1606 1897 1637 remotioribus
1908 1607 2029 1644 partibus
2042 1617 2234 1648 occupatum3

1280 1644 1408 1683 Verum,
1426 1643 1524 1675 nolens
1543 1644 1621 1676 idem
1644 1643 1795 1684 Pontifex,
1812 1645 1847 1675 δε
1869 1646 2022 1683 indignum
2041 1647 2216 1717 judicanslac
2233 1647 2327 1679 dis—-

1539 1699 1796 1706 ———-———
2190 1697 2219 1716 m
2258 1697 2303 1719 rio

1240 1729 1354 1761 propter
1369 1720 1408 1751 sui
1425 1719 1576 1752 absentiam
1611 1720 1734 1760 praefatae
1745 1721 1850 1754 nostrae
1861 1720 2052 1752 Coronations
2069 1724 2104 1754 &
2120 1697 2323 1757 Consegfatioff

1243 1762 1285 1829 3³⁵
1297 1744 1788 1830 gaudiife‘si¹d1?¹³’}sei¹³⁶‘i{ffi¹}3⁵
1803 1759 1945 1830 iffffibffli
1961 1759 2119 1831 Diffi&
2134 1762 2325 1833 ‘amuli-‘32⁸²‘

1264 1809 1337 1829 men.
1426 1809 1446 1829 o
1472 1809 1491 1829 0
1512 1809 1556 1830 cae
1627 1810 1650 1830 is
1731 1810 1745 1829 a
1876 1810 1926 1830 nar
1945 1810 1966 1830 ο
2121 1823 2128 1830 .
2236 1812 2246 1832 1
2285 1813 2320 1834 o-

1242 1838 1286 1869 lao
1301 1809 1461 1869 Ostien.p&
1476 1837 1627 1869 Velletren.
1650 1809 1813 1880 Episimpis,
1830 1839 1865 1870 δε
1885 1837 2033 1870 Francisco
2048 1838 2161 1870 Santstae
2176 1838 2277 1872 Luciae
2293 1843 2326 1878 in

1242 1877 1346 1915 Silice,
1364 1887 1398 1907 ac
1412 1876 1502 1908 Lucae
1513 1876 1626 1908 San&
1637 1875 1742 1908 Mariae
1756 1878 1786 1908 in
1798 1876 1854 1909 Via
1866 1876 1937 1916 lata,
1956 1876 2101 1918 Dyaconis
2109 1876 2325 1921 cardinalibus,

1243 1917 1319 1948 vices
1332 1916 1388 1946 suas
1403 1914 1571 1954 pleniffimas
1587 1916 1617 1946 in
1631 1915 1683 1947 hac
1698 1924 1774 1954 parte
1787 1917 1950 1956 commisit,
2280 1928 2283 1931 ⁴

1281 1954 1315 1985 In
1330 1953 1382 1985 suis
1396 1954 1497 1985 Literis
1509 1955 1633 1993 expresse
1646 1954 1788 1986 declarans
1801 1955 1835 1986 δε
1850 1955 1948 1986 volens
1962 1963 1993 1986 ut
2030 1955 2050 1986 fi
2060 1955 2200 1996 aliquem,
2218 1957 2263 1989 vel
2273 1958 2324 1989 ali·

1264 2004 1314 2025 uos
1335 2003 1438 2024 eorum
1459 1995 1641 2032 contingeret
1665 1994 1816 2034 impediri,
1841 2003 1892 2033 per
1907 1994 1986 2032 super
2014 1995 2062 2039 [tes
2083 1995 2128 2026 vel
2147 1995 2324 2035 superstitem

1266 2033 1353 2063 'citum
1368 2031 1568 2064 Coronationis
1579 2032 1685 2064 nostrae
1699 2033 1867 2070 Negotium
1880 2032 2022 2072 compleri
2033 2033 2149 2065 valeret:

1280 2070 1411 2110 Ipsosque
1430 2071 1464 2102 ad
1485 2082 1556 2111 nos,
1575 2072 1609 2103 &
1630 2072 1784 2103 nobiscum
2185 2084 2240 2115 pro
2256 2084 2323 2106 exe-

1241 2110 1353 2148 quenda
1365 2110 1582 2142 Commissione
1595 2110 1648 2142 illis
1662 2110 1738 2142 fasta
1752 2111 1876 2142 celeriter
1891 2112 1988 2142 venire
1999 2111 2158 2152 mandavit,
2175 2114 2324 2154 injungens

1216 2183 1219 2185 ,
1241 2149 1346 2180 eisdem
1361 2158 1408 2188 ut,
1426 2151 1455 2180 in
1471 2149 1518 2180 die
1534 2149 1740 2188 Affumptionis
1747 2149 1874 2188 Virginis
1886 2149 2008 2190 Mariae,
2027 2161 2114 2189 quem
2125 2162 2178 2182 nos
2189 2152 2253 2190 jam
2265 2152 2323 2184 ele-

1243 2198 1390 2227 geramus,
1408 2188 1443 2219 ad
1499 2188 1668 2219 rficiendum
1691 2187 1893 2220 Celebritatem
1911 2189 2095 2230 praedictam,
2112 2190 2159 2221 vel
2180 2190 2236 2222 alio
2255 2190 2325 2231 die,

1243 2237 1330 2265 quem
1347 2226 1440 2257 nostra
1502 2226 1601 2257 lsitudo
1615 2227 1729 2258 duceret
1743 2227 1930 2265 eligendum,
1948 2237 2114 2257 memoratae
2132 2228 2240 2260 nostrae
2255 2228 2322 2261 Co-

1243 2266 1394 2296 ronationis
1407 2264 1580 2302 Sollempnia
1594 2265 1778 2295 celebrarent.
2168 2284 2171 2285 ν

1284 2304 1361 2343 Qiia
1374 2305 1463 2342 vero,
1481 2303 1552 2333 dum
1566 2313 1614 2341 per
1630 2302 1853 2342 Lombardiam,
1869 2301 1993 2334 Terram
2005 2301 2131 2341 Imperio
2145 2303 2246 2336 nostro
2258 2305 2323 2338 sub-

1241 2343 1368 2381 jestam,
1388 2341 1624 2373 contenderemus
1639 2341 1674 2372 ad
1693 2341 1812 2373 Urbem
1850 2349 1896 2380 ut,
1913 2342 1942 2372 iri
1957 2341 2002 2372 die
2022 2341 2227 2380 Assumptionis
2247 2354 2323 2383 prae-

1244 2381 1325 2422 fatae,
1343 2382 1380 2412 de
1395 2380 1596 2412 Coronationis
1610 2379 1714 2412 nostrae
1732 2364 1870 2411 faelicibus
1889 2380 2028 2426 Auspiciis
2050 2380 2251 2426 gauderemus,
2269 2382 2324 2414 Ci-

1243 2422 1311 2451 vitas
1327 2420 1472 2452 Brixiensis
1481 2418 1631 2458 nephando
1646 2419 1723 2451 Ausu
1744 2418 1842 2450 nostro
1857 2417 1987 2450 Culmim
2007 2419 2169 2460 rebellavit,
2192 2422 2227 2453 &
2245 2422 2321 2453 iridi-

1244 2469 1339 2497 gnum
1361 2467 1417 2490 erat
1468 2457 1614 2497 minusque
1633 2458 1785 2497 providum
1811 2467 1865 2489 nos
1886 2457 1953 2488 inde
1975 2457 2134 2498 discedere,
2158 2459 2251 2491 donec
2271 2461 2324 2495 sub

1243 2498 1366 2536 Sceptro
1380 2483 1478 2529 nostro
1491 2497 1564 2528 colla
1576 2497 1768 2536 submitteret,
1787 2498 1825 2527 ne
1845 2496 1917 2528 forte
1932 2495 2008 2528 fieret
2020 2497 2133 2536 reliquis
2151 2497 2323 2531 Civitatibus

1245 2537 1432 2568 Lonibardiae
1447 2538 1477 2567 in
1495 2535 1654 2567 scandalum
1668 2537 1703 2568 &
1714 2537 1842 2574 ruinam,
1859 2535 1894 2567 ad
1913 2544 2024 2574 tempus
2043 2536 2210 2575 Negotium
2225 2536 2322 2569 (Ioro-

1243 2577 1363 2607 nationis
1376 2575 1482 2607 nostrae
1495 2574 1701 2614 suspendimus,
1714 2575 1749 2606 &
1760 2574 1870 2605 dietam
1883 2573 2038 2620 Civitatem
2049 2576 2107 2606 tam
2125 2575 2177 2607 diu
2191 2576 2253 2608 dira
2266 2578 2324 2609 ob-

1243 2614 1349 2646 sidione
1373 2616 1550 2652 vexavimus,
1567 2613 1662 2645 donec
1684 2623 1744 2644 nori
1765 2612 1859 2644 valens
1878 2613 1981 2644 diutius
1999 2623 2018 2651 p

1784 2651 1812 2682 se
1826 2652 1915 2682 libere
1929 2651 2032 2682 nostris
2042 2653 2072 2682 in
2083 2653 2214 2684 manibus
2227 2653 2323 2685 reddi·

1243 2692 1302 2730 dit,
1327 2693 1360 2723 &
1383 2691 1552 2722 Clementiae
1572 2690 1675 2722 nostrae
1695 2690 1811 2721 arbitrio
1825 2713 1834 2729 ,
1857 2691 1894 2722 de
1913 2690 2069 2722 commisso
2085 2692 2118 2722 in
2139 2691 2322 2730 Majestatem

1244 2732 1369 2762 nostram
1384 2731 1525 2768 crimine,
1543 2729 1736 2767 castigandam
1751 2729 1977 2768 puniendamque
1990 2728 2122 2761 submisit.

1281 2770 1345 2801 Hac
1359 2779 1431 2807 ergo
1445 2768 1579 2799 Pestifera
1590 2768 1714 2799 Civitate
1727 2767 1882 2799 vietoriose
1896 2767 2011 2799 subacta
2022 2768 2135 2799 Festum
2151 2768 2322 2801 Coronatio-

1245 2809 1288 2840 nis
1308 2808 1411 2839 nostrae
1426 2808 1636 2846 resumpsimus,
1653 2808 1687 2838 &
1705 2807 1896 2844 pervenientes
1916 2807 1952 2837 ad
1970 2806 2107 2847 Urbem,
2124 2808 2155 2838 in
2175 2807 2321 2846 praesentia

1245 2848 1515 2886 praenominatorum
1528 2845 1722 2877 Cardinalium
1743 2844 1904 2884 (Albanensi
1922 2845 1956 2876 &
1976 2844 2088 2876 Sanetae
2108 2845 2208 2877 Luciae
2222 2846 2323 2878 dunta-

1246 2895 1290 2917 xat
1303 2888 1442 2925 exceptis,
1460 2895 1530 2924 quos
1551 2886 1588 2916 ab
1611 2885 1738 2916 humano
1761 2883 1916 2914 Consortio
1938 2882 2080 2914 Conditio
2102 2884 2177 2917 Vitae
2199 2886 2323 2917 mortalis

1244 2925 1407 2963 absolverat)
1434 2924 1468 2955 ad
1491 2923 1696 2963 perficiendum
1719 2922 1918 2966 Coronationis
1939 2921 2044 2953 nostrae
2068 2922 2223 2955 Sollemnia
2245 2923 2324 2956 diem

1246 2964 1359 2995 Festum
1378 2962 1584 3002 Apostolorum
1600 2962 1676 2994 Petri
1688 2961 1722 2993 &
1737 2960 1814 2992 Pauli
1826 2960 1958 2992 duximus
1971 2961 2144 2999 eligendum.

1244 3041 1337 3073 dustos
1358 3041 1504 3124 Dommfs
1523 3039 1754 3124 car-‘ilffiilgseriale
1774 3074 1952 3120 Dyademate
1965 3075 2120 3115 Coronati,
2135 3087 2169 3108 ac
2190 3079 2324 3110 omnibus

1245 3119 1303 3149 ‘³¹⁸⁵
1320 3119 1502 3157 ⁵⁰¹¹emp¹¹¹¹⁵
1515 3114 1983 3197 deififffflffifssssisss'sffisse’c‘ssssioa
1999 3152 2185 3185 mulitudine
2199 3154 2321 3187 Arcae-

1240 3196 1446 3241 piscoporulm,
1464 3193 1853 3263 EpiscoporumUAbbatum
1875 3192 1909 3224 &
1925 3191 2045 3223 aliorum
2067 3190 2267 3237 Praelatorum,
2283 3195 2319 3226 δε

1244 3234 1507 3279 Eccleiiasticorum
1521 3233 1666 3277 Ordinum
1711 3232 1783 3270 rbls,
1800 3230 2066 3279 necnonADucum,
2083 3230 2257 3277 Comitum,
2269 3233 2322 3265 Ba.

1246 3284 1365 3331 ronum,
1383 3273 1533 3312 Militum,
1551 3271 1725 3309 Nobilium,
1739 3267 2321 3348 anigaefflpegglisadcsi:

1245 3322 1462 3382 ‹sibiidulireicggilla
1481 3357 1575 3380 exorta
1593 3347 1846 3393 Mundo-Gaudia
1877 3387 1883 3393 ⁸
2135 3331 2146 3348 ³

1467 3388 1604 3432 Romano
1620 3388 1749 3426 Imperio
1765 3387 1860 3432 denuo
1871 3396 1931 3431 jam
1945 3394 2041 3432 renato
2113 3426 2118 3431 ·

1567 3429 1636 3458 licut
1651 3427 1780 3465 flagranti
1796 3425 1944 3457 Desiderio
1958 3424 2069 3457 dudum
2089 3425 2185 3457 Videre
2203 3435 2321 3467 optave-

2270 3011 2322 3040 per

1246 3477 1304 3499 rant
1339 3474 1542 3499 convenerunt.

1283 3491 1356 3537 I-saec
1371 3515 1464 3536 autem
1479 3503 1704 3542 Magnificentiae
1716 3502 1818 3534 vestrae
1833 3502 1965 3534 insinuare
1973 3503 2226 3541 curavimus,certi
2240 3503 2323 3542 quod

1247 3554 1283 3575 eo
1301 3544 1436 3583 amplius,
1455 3554 1514 3582 prae
1528 3544 1634 3574 caeteris
1649 3543 1833 3580 hominibus,
1852 3552 1920 3580 vos,
1939 3540 2034 3581 Regio
2047 3540 2163 3586 Decore
2177 3542 2321 3581 praefulgi-

1247 3583 1294 3621 di,
1319 3583 1417 3614 nostris
1437 3581 1614 3613 Succeffibus
1634 3580 1773 3611 faelicibus
1788 3579 1942 3619 gaudeatis,
1960 3590 2018 3618 quo
2030 3589 2192 3623 *proximior
2207 3580 2248 3611 est
2259 3579 2322 3612 Irn-

1248 3622 1342 3660 periali
1360 3620 1500 3660 Majestati
1523 3619 1654 3657 Dignitas
1673 3619 1782 3658 Regia,
1798 3618 1832 3650 &
1865 3619 1935 3649 sicut
1954 3618 2006 3649 sibi
2026 3619 2152 3648 invicem
2174 3618 2234 3649 sunt
2253 3617 2323 3662 qua-

1248 3660 1316 3690 darn
1330 3659 1442 3690 Gloriae
1464 3658 1609 3689 vicinitate
1627 3657 1801 3695 consimiles,
1823 3640 1863 3687 si’c
1882 3657 1988 3687 debent
2006 3656 2062 3687 effe
2085 3657 2187 3687 amoris
2207 3657 2322 3694 partici-

2352 221 2438 254 1312.

2331 254 2398 283 Edv.
2416 260 2444 279 2.

2540 127 2568 307 Ξ

2356 1539 2377 1561 *
2393 1539 2451 1570 III.
2490 1550 2493 1553 ’

2380 1589 2447 1617 30²·

1248 3699 1315 3736 pio,
1332 3699 1366 3729 ὅτ.
1380 3699 1500 3729 caritatis
1512 3696 1639 3727 Unione
1653 3695 1833 3733 conformes,
1851 3695 1942 3734 quales
1956 3705 2009 3725 nos
2027 3693 2084 3726 esse
2097 3704 2164 3732 erga
2173 3693 2322 3731 Magnitu-
2367 3731 2372 3734 ⁴

1249 3736 1499 3805 dinemsvestram,
1517 3745 1605 3773 quum
1619 3733 1702 3766 fuerit
1717 3742 1927 3773 opportunum,
1953 3744 2000 3771 per
2016 3743 2136 3771 operum
2153 3731 2321 3764 evidentiam

1248 3786 1351 3814 cogno
1361 3785 1440 3806 cetis.

1289 3851 1358 3883 Dat.
1377 3851 1492 3896 R0m5ae.
1510 3860 1535 3890 3.
1553 3850 1691 3883 Kalendas
1704 3850 1788 3891 Julii,
1804 3848 1903 3888 Regni
1920 3847 2008 3880 nostri
2024 3848 2112 3879 Anno
2126 3854 2239 3885 quarto,
2261 3846 2324 3879 Im-'

1251 3893 1321 3930 perii
1336 3893 1407 3923 vero
1422 3899 1524 3929 primo.

1291 3967 1528 4047 Hllffirifiprimffl
1540 4005 1685 4036 Edwardo
1694 4028 1704 4044 ,
1721 4007 1787 4044 Regi
1802 4002 1931 4044 Angliae,
1949 4003 2048 4034 Amico
2061 3999 2148 4042 rastro
2162 4000 2326 4070 &hammo
