2570 4261
724 213 834 257 ET
918 215 1185 257 ACTA
1268 210 1731 254 PUBLICA.
2261 209 2313 263 ες

1250 295 1288 325 &1
1303 296 1452 326 beatorum
1473 295 1547 327 Petri
1566 298 1599 328 ὃς
1618 297 1696 328 Pauli
1716 297 1923 336 Apostolorum
1936 300 2008 337 ejus,
2025 298 2050 329 se
2063 298 2175 328 noverit
2187 295 2310 326 incursu·
2323 297 2397 327 Anni
2414 292 2456 327 D,

1250 343 1321 363 rum.
2350 337 2432 373 12642

2327 380 2390 402 ΗΜ.
2411 384 2437 410 3.

17 317 93 347 Anu·
108 297 252 343 Dnaltera,
271 309 406 338 praetextu
420 300 634 341 Provifionum,
649 300 887 344 Ordinationum,
899 300 1075 344 Stamtortim
1091 298 1217 344 &pbli-

40 353 122 390 1264·
156 345 301 405 {arimini-n
320 342 452 370 omniurn
473 340 694 384 Oxoniensium,
711 339 844 369 discordia
860 339 998 384 suscitata,
1017 348 1062 377 tu,
1081 340 1113 370 &
1128 338 1215 382 iidem

15 397 77 422 Hm·
98 400 123 428 3·
183 376 302 415 piscopi,
320 389 352 408 ac
366 378 502 416 Ramnes,
520 389 549 408 in
568 379 690 409 eundem
710 377 839 416 Regem,
856 377 934 415 super
953 378 1016 415 hiis,
1035 379 1068 408 ὃς
1081 378 1213 408 omnibus

28 2165 163 2203 31482.

157 416 386 446 contentionibus
413 417 446 446 &
466 416 608 447 discordiis
622 440 631 455 ,
653 426 718 456 quas
738 415 877 445 habebatis
892 438 902 453 ,
925 416 958 446 &
978 417 1129 447 habueratis
1144 416 1213 444 inter

159 462 211 484 vos
224 477 234 492 ,
256 453 341 491 usque
362 453 395 483 ad
418 454 522 484 festum
543 457 675 485 omnium
695 454 866 484 Sanetorum
889 455 1018 491 proximo
1031 455 1215 495 praeterituni,

158 492 306 522 occasione
327 491 524 522 Provisionum
537 515 547 530 ,
572 493 809 529 ordinationum,
825 492 1015 531 Statutorum,
1032 493 1077 524 vel
1098 491 1215 531 Obliga-

158 529 270 560 tionum
285 529 459 568 hujusmodi,
476 532 709 568 compromittere
720 529 876 560 curavistis:

196 567 392 598 Promittentes
411 568 488 607 quod
502 591 511 606 ,
530 569 662 608 quicquid
679 568 755 599 idem
774 567 839 598 Rex
854 568 1025 599 Francorum
1035 591 1045 607 ,
1057 569 1135 606 super
1149 576 1214 597 orn-

161 606 243 636 nibus
262 605 402 645 praedietis
417 629 427 644 ,
449 607 494 636 vel
514 617 613 637 eorum
628 607 761 647 aliquibus
772 629 781 644 ,
799 606 835 636 de
846 606 902 636 alto
915 608 947 637 ὃς
964 607 1058 645 basso,
1075 606 1215 637 ordinaret

159 643 206 673 vel
225 643 352 675 statueret
364 668 374 683 ,
399 645 577 675 observaretis
593 655 642 685 per
660 646 755 675 omnia
777 644 854 675 bona
876 644 953 678 fide(
971 647 1007 675 ita
1028 654 1119 676 tamen
1137 643 1214 683 quod

162 681 254 712 dictus
269 682 350 720 Rex,
368 684 435 713 citra
449 682 553 713 festum
566 682 745 714 Pentecostes
759 684 890 719 proximo
898 683 1022 713 futurum
1032 708 1040 723 ‚
1055 684 1132 723 super
1145 683 1195 712 hiis
1204 704 1213 720 ,

161 720 267 751 diceret
282 720 391 751 dietum
404 721 502 758 suuni)
522 721 590 752 datis
603 723 670 752 hinc
683 721 748 751 inde
761 721 838 761 super
852 722 908 751 hoc
924 722 1029 758 litteris,
1046 723 1078 751 ἃ
1092 724 1214 760 interpo-

162 758 215 789 fitis
224 759 407 797 juramentis:
425 758 539 790 Deinde
553 770 639 798 vero,
656 769 702 798 tu,
720 761 753 792 ὃς
765 760 871 797 praefati
881 759 1028 798 Episcopi,
1040 761 1073 791 &
1086 759 1215 795 Barones,

160 797 282 828 similiter
296 799 324 826 in
337 797 449 836 Regem
463 797 691 837 compromisistis
705 798 841 836 eundem,
858 798 895 828 de
909 798 1040 827 omnibus
1058 798 1217 828 contentio-

161 836 242 866 nibus
255 859 264 874 ,
280 837 352 865 inter
370 845 422 865 vos
438 837 539 866 exortis
556 836 619 874 post
637 837 747 867 dffitum
767 835 871 866 festum
887 837 1019 866 omnium
1030 835 1199 866 Sanetorum
1209 857 1218 871 ,

161 873 306 942 usquggpd
324 873 427 904 festum
453 873 564 905 Sanetae
591 875 689 906 Luciae
709 876 839 913 proximo
859 875 1018 915 praeterium
1034 898 1044 912 ,
1070 873 1218 904 occasione

185 921 223 942 rae
244 923 251 941 i
283 923 315 949 a,

164 921 184 950 P
201 950 398 981 Promittentes
411 974 420 989 ,
441 952 598 988 juramento
617 952 684 981 hinc
704 950 769 981 inde
792 950 915 990 praestito
929 974 938 989 ,
959 951 1063 982 servare
1084 948 1217 988 quicquid

162 987 239 1019 idem
261 988 325 1019 Rex
341 989 516 1019 Francorum
535 990 570 1020 de
591 991 641 1020 hiis
682 989 727 1020 vel
748 999 846 1019 eorum
867 989 1000 1027 aliquibus
1015 988 1157 1024 statueret,
1176 987 1221 1017 vel

162 1028 247 1058 etiam
261 1027 400 1058 ordinaret
413 1029 465 1066 (ita
478 1037 572 1059 tamen
587 1013 681 1067 quod,
699 1029 765 1058 citra
777 1027 886 1058 didium
904 1027 1006 1058 testum
1024 1025 1220 1068 Pentecostes,

160 1066 297 1104 proferret
316 1065 426 1096 dietum
447 1066 542 1104 suum)
564 1068 621 1097 tarn
636 1067 714 1103 super
729 1065 879 1104 praedietis,
894 1076 979 1104 quam
998 1064 1131 1095 omnibus
1146 1064 1220 1101 aliis,

162 1103 328 1148 quae-super
347 1105 427 1135 rebus
447 1105 476 1134 in
491 1105 697 1144 compromiffo
717 1104 857 1143 (redueris,
876 1104 921 1135 vel
940 1104 1015 1134 circa
1029 1103 1094 1143 ipsas
1109 1102 1220 1133 interim

165 1149 344 1182 contingeret
354 1152 439 1174 attem
460 1145 524 1174 tari:

202 1181 308 1211 Didius
326 1191 419 1212 autem
470 1191 503 1212 ex
522 1181 646 1212 Franci-:e
662 1206 672 1221 ,
689 1181 847 1219 hujusmodi
866 1178 1072 1220 compromisso
1089 1186 1222 1222 recepto,

163 1219 198 1250 &
212 1219 286 1257 apud
299 1219 453 1251 Civitatem
466 1220 683 1251 Ambianensem
703 1229 816 1259 propter
837 1220 894 1249 hoc
908 1219 1027 1256 partibus
1042 1226 1220 1260 convocatis:

164 1256 219 1297 Et,
239 1267 282 1296 te,
301 1269 333 1288 ac
350 1257 513 1298 quibusdam
534 1268 568 1289 ex
589 1259 669 1289 dietis
688 1258 841 1289 Batonibus
859 1257 1054 1297 personaliter,
1080 1255 1133 1285 aliis
1154 1264 1223 1285 vero

162 1306 212 1336 per
235 1305 426 1334 procuratores
445 1297 671 1336 comparentibus
693 1306 789 1326 coram
810 1295 884 1335 ipso,
903 1294 1000 1325 auditis
1021 1303 1136 1337 quoque
1159 1303 1223 1331 quae

162 1335 266 1365 fuerint
281 1336 347 1366 hinc
361 1336 427 1366 inde
459 1346 491 1365 ro
511 1336 593 1365 osita:
609 1334 827 1365 Defensionibus
849 1334 932 1363 etiam
952 1342 984 1363 ac
1000 1333 1150 1362 rationibus
1163 1341 1225 1370 par-

164 1374 238 1404 tium
259 1373 366 1414 plenius
384 1375 443 1404 inte
463 1383 478 1402 e
511 1374 549 1410 is3
564 1372 706 1403 attendens
730 1372 806 1410 quod
828 1381 877 1411 per
893 1370 1083 1409 Provisiones,
1102 1370 1224 1413 Ordina-

164 1412 270 1450 tiones,
285 1412 405 1450 Statura,
423 1412 456 1443 ὅτ.
470 1410 660 1450 Obligationes
670 1410 819 1452 praedic‘ta,
838 1411 871 1440 ὃ(
884 1419 932 1447 per
944 1418 975 1452 ea
991 1419 1055 1447 quie
1070 1418 1104 1438 ex
1118 1410 1179 1449 iplis
1190 1410 1223 1440 &

164 1460 266 1481 eorum
286 1451 435 1481 occasione
453 1449 593 1480 subsecuta
612 1458 708 1487 erant,
723 1450 778 1488 juri
797 1449 830 1479 δι·
849 1449 952 1478 honori
975 1456 1025 1478 tuo
1045 1448 1131 1479 fuerat
1142 1448 1226 1487 pluri-

168 1499 251 1519 mum
266 1487 447 1527 derogatum,

205 1526 351 1567 Qodque
371 1527 441 1557 dieti
462 1526 558 1565 Regni
578 1526 699 1557 turbatio
712 1548 722 1564 ,
740 1525 877 1565 depressio
896 1525 929 1556 &
948 1524 1075 1565 spoliatio
1093 1523 1230 1555 Ecclesia-

168 1576 249 1604 rum,
267 1566 301 1596 ὃ(
312 1565 363 1595 alia
383 1564 538 1604 gravissima
552 1564 690 1603 dispendia
704 1564 826 1603 personis
844 1563 1041 1594 Ecclesiasticis
1059 1573 1091 1594 ac
1106 1563 1229 1594 seculari-

168 1606 235 1643 bus,
254 1604 390 1643 indigeriis
401 1605 435 1634 ὃς
449 1603 622 1642 alienigenis,
640 1602 707 1633 inde
716 1611 881 1640 evenerant,
901 1603 934 1633 δε
950 1602 1129 1633 verilimiliter
1147 1603 1229 1632 time-

167 1643 247 1673 batur
260 1652 296 1672 ne
309 1643 434 1681 graviora
444 1649 618 1681 emergerent
631 1642 660 1671 in
673 1641 797 1672 futurum
807 1664 816 1680 ,
836 1641 915 1680 plena
930 1641 1008 1680 super
1022 1639 1167 1678 praemiffis
1180 1641 1230 1671 de-

166 1681 333 1751 liberatippe
346 1680 515 1722 praehabita,
529 1680 671 1711 bonorum
686 1690 798 1719 quoque
812 1680 846 1711 δε
859 1688 1021 1719 magnatum
1035 1680 1231 1710 communica-

170 1728 204 1751 to
220 1730 277 1751 con
288 1733 296 1750 i
307 1731 336 1751 io

204 1744 382 1789 Provisiories
395 1783 405 1797 ,
421 1760 527 1791 Statuta
542 1784 552 1798 ,
571 1756 792 1798 Ordinationes,
810 1759 844 1791 δε
867 1758 1061 1798 Obligationes
1084 1756 1232 1796 praedicta,

169 1807 354 1837 quocumque
369 1800 487 1828 nomine
509 1798 697 1836 censerentur,
717 1798 751 1829 &
772 1798 907 1839 quicquid
926 1797 994 1828 esset
1008 1806 1041 1828 ex
1056 1798 1111 1834 eis,
1129 1797 1174 1826 vel
1189 1805 1233 1826 ea-

169 1845 234 1865 rum
247 1835 396 1866 occasione
408 1835 560 1876 statutum,
577 1846 626 1875 per
641 1836 764 1868 Dieturn
772 1860 783 1876 ,
803 1839 836 1869 &
851 1837 1071 1867 Ordiiiationem
1084 1835 1159 1865 suam
1173 1844 1233 1864 cas-

169 1873 237 1904 savit
252 1874 285 1905 &
299 1874 428 1913 irritavit,
447 1877 569 1906 maxime
583 1884 651 1906 cum
664 1882 804 1915 appareret
819 1875 864 1906 illa
878 1875 955 1914 fore,
969 1884 1018 1913 per
1033 1875 1133 1905 litteras
1141 1873 1234 1912 Apos-

167 1912 264 1944 tolicae
277 1912 369 1952 Sedis,
388 1913 461 1944 caffa
477 1914 511 1945 &
525 1914 598 1945 irrita
612 1915 752 1945 nunciata:

208 1950 360 1983 Ordinavit
371 1952 430 1983 insu
467 1962 495 1990 r,
515 1952 593 1991 quod
605 1953 663 1983 tam
678 1960 725 1991 tu,
744 1952 828 1991 quam
842 1951 969 1990 praediffi
983 1951 1120 1989 Barones,
1135 1951 1168 1982 δε
1182 1950 1239 1989 alii,

174 1991 224 2027 qui
243 1990 415 2021 consensistis
431 1962 593 2028 ffijusmodi
612 1990 816 2029 compromiffo
827 2013 837 2029 ,
855 1992 959 2030 quique
976 1990 1012 2020 de
1033 1990 1172 2028 praedietis
1183 1990 1235 2019 ob-

171 2029 311 2059 servandis
328 2039 380 2060 vos
402 2029 617 2068 quomodolibet
638 2029 794 2060 astrinxistis
806 2052 815 2067 ,
832 2030 942 2068 quitetis
954 2039 1006 2059 vos
1023 2030 1059 2059 de
1072 2029 1238 2066 provifioni-

174 2068 243 2136 pnls,
256 2066 361 2112 statutis
374 2068 407 2099 ὅ(
420 2068 640 2099 ordinationibus
656 2068 689 2099 &
700 2068 916 2107 obligationibus
927 2068 987 2109 ipsis
995 2091 1004 2106 ,
1017 2068 1051 2099 &
1066 2068 1175 2106 penitus
1188 2068 1238 2097 ab·

186 2116 206 2136 0
218 2115 300 2136 vatis:

213 2144 325 2183 Adjecit
342 2145 428 2175 etiam
447 2144 540 2185 quod,
556 2154 591 2176 ex
610 2145 639 2176 vi
660 2145 705 2176 seu
725 2145 828 2176 viribus
848 2145 1013 2175 earumdem
1024 2144 1239 2185 Provisionum,

176 2183 396 2223 obligationum
409 2208 420 2222 ‚
443 2185 489 2214 vel
508 2182 729 2214 ordinationum
744 2207 753 2222 ,
775 2192 822 2214 aut
833 2183 945 2220 alicujus
959 2182 1101 2221 potestatis
1112 2207 1122 2222 ,
1143 2186 1157 2201 *
1179 2185 1195 2214 a
1213 2193 1239 2215 te

174 2222 254 2260 super
275 2221 334 2251 hoc
353 2222 513 2261 conceffae,
528 2222 618 2253 nullus
632 2231 707 2253 nova
721 2222 830 2253 Statuta
841 2221 940 2259 faciat,
957 2231 1011 2251 nec
1026 2223 1171 2261 quisquam
1184 2224 1240 2261 jam

175 2261 250 2293 faeta
261 2268 352 2291 teneat
367 2260 412 2290 vel
424 2261 568 2298 observet,
583 2270 675 2300 neque
710 2270 743 2290 ro
756 2270 808 2298 eo,
827 2260 903 2299 quod
918 2260 1051 2298 praedicta
1063 2261 1164 2291 servata
1179 2272 1239 2293 non

178 2299 297 2337 ruerint,
316 2299 415 2330 debeat
430 2300 528 2338 aliquis
546 2299 653 2329 alterius
703 2310 718 2330 a
739 2299 822 2337 italis,
838 2299 885 2330 vel
897 2298 974 2329 aliter
985 2299 1115 2330 inimicus
1129 2299 1241 2339 haberi,

179 2346 227 2371 aut
242 2347 359 2376 poenam
374 2346 486 2379 propter
500 2339 558 2368 hoc
573 2337 694 2376 aliquam
709 2308 849 2368 AEstinere.

216 2376 355 2407 Decrevit
365 2386 480 2416 quoque
492 2376 571 2415 quod
582 2385 682 2407 omnes
694 2376 792 2408 litterae
801 2399 811 2414 ,
828 2375 907 2416 super
920 2375 1063 2414 praemiffis
1073 2376 1240 2415 provisioni-

178 2415 230 2446 bus
252 2415 285 2446 &
306 2424 401 2445 earum
420 2417 567 2446 occasione
582 2414 739 2452 cmfectae,
758 2415 841 2445 irritae
862 2415 914 2445 sint
929 2415 963 2445 ὅς
983 2415 1093 2453 inanes,
1112 2416 1243 2446 ordinans

177 2453 255 2494 quod
268 2454 318 2484 tibi
333 2453 508 2484 restituantur
521 2453 536 2483 a
550 2453 704 2483 Batonibus
717 2453 886 2489 memoratis.

219 2491 356 2522 Praeterea
378 2490 447 2522 dixit
466 2492 499 2522 &
521 2490 660 2521 ordinavit
699 2490 758 2521 uod
774 2500 963 2529 quaecumque
977 2489 1064 2522 castra
1077 2491 1180 2522 fuerint
1192 2499 1246 2522 tra-

179 2530 255 2569 dita,
270 2528 451 2560 custodienda
471 2529 618 2560 securitatis
633 2538 683 2559 cau
699 2528 730 2567 a,
749 2530 794 2559 vel
816 2530 964 2559 occasione
977 2529 1193 2570 praedictorum,
1211 2532 1245 2561 ὃς

180 2568 275 2600 adhuc
287 2568 493 2606 detinerentur,
512 2567 599 2598 libere
621 2567 671 2597 tibi
687 2567 722 2596 ab
738 2566 842 2597 eisdem
864 2566 1017 2597 Baronibus
1033 2567 1211 2598 redderentur
1230 2569 1245 2598 ὲ

182 2616 212 2638 te
233 2606 369 2645 tenenda,
388 2607 473 2645 sicut,
500 2614 564 2637 ante
588 2605 726 2636 distarum
743 2605 936 2644 provisionum
958 2615 1086 2645 ternpuS,
1103 2606 1148 2637 illa
1169 2615 1247 2637 tene-

183 2646 243 2677 bas.

211 2684 373 2716 'Ordinavit
386 2684 468 2715 etiam
483 2684 516 2715 &
529 2682 599 2713 dixit
612 2681 690 2720 quod
702 2681 789 2713 libere
799 2682 850 2713 tibi
862 2682 943 2713 liceat
957 2680 1115 2720 Capitalem
1124 2682 1248 2721 Justitia-

186 2724 260 2754 rium
269 2747 279 2762 ,
298 2722 506 2754 Cancellarium
520 2744 530 2760 ,
547 2720 761 2751 Thesaurarium
776 2744 786 2760 ,
804 2720 996 2758 Confiliarios,
1009 2721 1181 2759 Justiciarios
1196 2722 1249 2751 mi-

186 2771 271 2793 nores
285 2786 294 2799 ,
313 2762 504 2793 Vicecomites
518 2783 528 2798 ,
543 2760 576 2790 &
597 2759 792 2797 quoscumque
804 2760 870 2790 alios
886 2759 1046 2797 Officiales,
1061 2770 1094 2790 ac
1117 2759 1250 2791 Ministe-

188 2801 265 2832 riales
278 2800 347 2831 dieti
361 2800 474 2838 Regni,
492 2799 526 2830 &
539 2797 642 2828 domus
654 2804 728 2835 tuae,
745 2799 816 2829 iicut
829 2798 962 2837 faciebas,
981 2799 1014 2829 &
1029 2799 1120 2829 facere
1132 2807 1252 2837 poteras,

187 2847 251 2870 ante
263 2847 374 2877 tempus
394 2838 588 2877 provisionum
608 2835 819 2874 praediecarurri,
839 2835 982 2877 praeficere
994 2859 1004 2875 ,
1028 2836 1187 2876 instituere,
1203 2837 1251 2868 de-

190 2878 321 2915 stituere,
341 2879 374 2909 &
390 2886 539 2914 amovere,
556 2884 609 2913 pro
621 2883 677 2905 tuae
688 2873 769 2906 libito
780 2874 938 2906 voluntatis.

224 2915 370 2947 Caeterum
392 2915 548 2946 retraetavit
564 2913 597 2944 &
611 2913 726 2944 caffavit
746 2913 813 2944 illud
830 2912 965 2944 statutum
980 2937 990 2953 ,
1006 2923 1055 2955 per
1075 2915 1150 2955 quod
1173 2914 1252 2954 Reg-

187 2965 260 2986 num
283 2954 395 2992 Angliae
414 2953 532 2983 debebat
551 2961 602 2992 per
623 2951 762 2991 indigenas
783 2953 931 2991 gubernari
946 2961 952 2981 :
981 2954 1016 2984 &
1029 2953 1190 2993 alienigenae
1205 2954 1254 2983 de-

189 2994 294 3023 bebant
313 2993 349 3022 ab
368 2991 469 3022 eodem
489 2991 563 3020 exire
575 3013 584 3028 ,
601 2990 637 3022 ad
658 2989 723 3021 illud
743 2990 860 3022 minime
882 2990 1032 3029 reversuri,
1047 2993 1168 3032 exceptis
1187 2992 1255 3031 illis,

188 3040 312 3071 quorum
325 3039 437 3061 moram
451 3028 542 3059 fideles
556 3029 635 3068 ipsius
647 3028 743 3069 Regni
756 3030 948 3060 communiter
960 3038 1144 3068 acceptarent.

229 3068 277 3099 Ad
295 3069 358 3098 haec
375 3067 515 3098 ordinavit
533 3067 610 3106 quod
629 3067 722 3098 liceret
733 3068 891 3107 alienigenis
902 3066 996 3098 secure
1009 3069 1039 3099 in
1055 3068 1136 3099 dic‘to
1150 3069 1256 3109 Regno

192 3107 314 3145 morari,
329 3106 406 3144 quod
429 3115 463 3135 ue
476 3113 508 3135 tu
521 3108 580 3135 tam
593 3105 770 3150 alienigenas,
787 3108 872 3145 quam
888 3106 1044 3145 indigenas,
1061 3117 1131 3146 quos
1150 3109 1197 3139 tibi
1214 3109 1256 3137 vi-

192 3146 264 3176 deris
274 3143 354 3176 utiles
369 3145 402 3175 ὃς
434 3143 525 3181 deles,
543 3142 578 3173 ad
586 3144 733 3174 consilium
745 3153 827 3175 tuum
840 3145 935 3176 secure
948 3155 1050 3176 vocare
1063 3145 1167 3186 valeas,
1187 3147 1256 3177 sicut

192 3184 285 3216 facere
300 3191 406 3221 poteras
418 3191 483 3213 ante
497 3190 556 3212 tem
576 3191 607 3211 us
619 3181 794 3221 praedictum.

230 3222 312 3252 Dixit
333 3221 441 3262 insuper
463 3222 496 3252 ὃς
511 3229 544 3249 or
564 3221 650 3250 inavit
672 3221 748 3263 quod
761 3221 873 3261 plenam
885 3221 1068 3266 potestatem,
1086 3223 1119 3254 &
1137 3223 1257 3253 liberum

192 3260 339 3300 Regimen
360 3260 389 3290 in
410 3259 517 3298 Regno
531 3266 598 3296 tuo,
617 3258 650 3289 &
667 3268 722 3295 elus
734 3261 921 3298 pertinentiis,
935 3261 1050 3299 habeas,
1067 3262 1152 3300 sisque
1177 3262 1206 3291 in
1222 3271 1257 3291 eo

194 3298 283 3337 statu,
298 3298 332 3329 δε
352 3299 381 3328 in
403 3297 434 3328 ea
448 3295 568 3340 plenaria
588 3295 723 3339 potestate
741 3298 771 3327 in
790 3300 923 3330 omnibus
943 3301 977 3331 ὃ(
998 3309 1046 3340 per
1058 3302 1168 3338 omnia,
1189 3301 1257 3331 sicut

195 3347 259 3369 ante
275 3346 384 3374 tempus
397 3335 556 3372 hujusmodi
570 3334 710 3364 existebas.

233 3375 339 3406 Noluit
351 3382 461 3412 autem,
477 3383 530 3403 nec
546 3373 680 3416 intendit,
698 3382 746 3411 per
760 3373 915 3412 hujusmodi
928 3376 1149 3414 ordinationem,
1163 3375 1259 3414 Regiis

196 3413 352 3452 Privilegiis
365 3436 375 3452 ,
395 3411 486 3442 Cattis
499 3434 508 3448 ,
528 3410 728 3454 Libertatibus,
746 3411 860 3443 Statutis
873 3436 883 3451 ,
902 3415 935 3445 &
950 3415 1128 3445 laudabilibus
1143 3416 1260 3445 consue-

199 3453 340 3484 tudinibus
360 3450 481 3489 ejusdem
502 3448 616 3488 Regni,
633 3459 697 3487 quae
715 3458 778 3480 ante
797 3458 908 3491 tempus
923 3454 1042 3494 ipsarum
1062 3453 1259 3485 Provil'ionum

201 3499 296 3529 erant,
314 3492 343 3520 in
356 3490 450 3529 aliquo
464 3487 606 3526 derogare.

239 3529 372 3567 Denique
391 3527 552 3558 ordinatum
566 3547 577 3564 ,
593 3525 671 3565 quod
685 3534 716 3557 tu
728 3535 847 3558 omnem
862 3528 1045 3568 Rancorem,
1063 3539 1148 3568 quem
1163 3528 1260 3560 adver-

200 3570 244 3601 sus
267 3567 413 3607 praedittos
434 3565 556 3596 Barones
568 3586 578 3602 ,
599 3564 747 3594 occasione
766 3566 970 3604 praemifforum
994 3569 1123 3607 haberes,
1141 3569 1203 3607 ipsis
1218 3578 1261 3598 re—

201 3609 342 3645 mitteres;
355 3615 388 3636 ac
403 3604 526 3635 similiter
539 3603 712 3633 remitterent
724 3603 773 3639 ipsi
784 3603 850 3634 tibi:

239 3646 278 3677 Et
299 3643 376 3684 quod
392 3652 463 3674 unus
482 3642 599 3685 alterum
640 3648 777 3678 praetextu
788 3650 887 3673 eorum
900 3665 911 3682 ,
927 3643 964 3675 de
975 3644 1075 3684 quibus
1094 3645 1123 3675 in
1138 3645 1260 3676 eundem

200 3684 315 3724 Regem
332 3683 419 3713 eittitit
429 3690 591 3718 compromi
615 3689 682 3717 um,
701 3688 749 3716 per
761 3679 804 3722 se,
821 3681 866 3710 vel
878 3691 927 3721 per
941 3683 1025 3713 alium
1045 3694 1103 3714 non
1137 3691 1211 3714 ravet
1225 3683 1261 3713 de

204 3731 309 3755 caetero
321 3723 350 3752 in
361 3721 472 3760 aliquo,
483 3719 529 3762 vel
540 3717 678 3762 offendat,
696 3724 781 3761 prout
791 3727 821 3762 in
834 3717 927 3762 litteris
942 3720 1007 3751 inde
1021 3723 1105 3752 conse
1137 3724 1175 3761 is,
1192 3722 1262 3753 dieti

207 3762 239 3793 R
275 3763 296 3791 is
308 3760 435 3791 Franciae
448 3757 544 3797 Sigillo
558 3764 689 3793 munitis,
707 3755 815 3793 plenius
820 3755 928 3798 dicitur
939 3760 1094 3798 contineri·‚

283 3801 334 3830 osi
355 3799 425 3836 'tur,
441 3797 583 3834 cupientes
597 3803 679 3835 tuum
693 3793 726 3824 &
741 3792 868 3837 pisaedusti
887 3794 983 3835 Regni
1000 3795 1102 3828 statum
1119 3797 1264 3835 tranquili-

206 3845 262 3868 tate
275 3809 419 3877 proffalera,
436 3837 469 3867 &
488 3832 631 3877 tranquilla
651 3831 826 3876 prosperitate
843 3834 952 3877 vigere,
968 3835 1048 3874 ipsius
1061 3836 1149 3875 Regis
1163 3837 1196 3867 &
1212 3837 1265 3866 tuis

206 3875 450 3912 supplicationibus
468 3873 590 3904 inclinati
604 3894 615 3910 ,
630 3870 837 3901 ordinationem
859 3871 1014 3908 hujusmodi
1029 3897 1039 3912 ,
1055 3875 1144 3904 taliter
1161 3874 1265 3905 editam

209 3913 245 3944 &
264 3914 398 3951 prolatam
411 3936 420 3951 ‚
439 3920 525 3943 ratam
546 3910 697 3952 habenteS,
715 3918 778 3953 eam
790 3908 961 3953 ‘auctoritate
981 3911 1148 3952 Apostolica
1162 3911 1266 3944 confir-

211 3960 340 3989 mamuS,
356 3952 391 3983 δε
405 3950 543 3991 praesentis
554 3948 646 3986 scripti
661 3955 818 3987 patrocmio
831 3949 1054 3980 communimus:

247 3988 332 4019 Nulli
346 3998 413 4029 ergo
426 3989 548 4019 omnino
562 3986 714 4018 hominum
729 3985 810 4015 liceat
825 3985 897 4016 hanc
917 3987 1046 4025 paginam
1065 3987 1169 4020 nostrae
1196 3998 1268 4020 coii-

210 4026 376 4058 firmationis
388 4029 554 4067 infringere,
574 4025 619 4056 vel
634 4025 660 4055 ei
671 4023 735 4055 ausu
749 4025 897 4055 temerario
914 4025 1091 4065 contrahire3
1109 4028 1130 4058 fi
1145 4029 1207 4065 quis
1221 4038 1269 4058 au-

211 4073 271 4098 tem
283 4064 342 4098 hoc
356 4072 517 4105 attemptare
528 4062 744 4105 praesumpserit,
760 4061 981 4104 indignationem
991 4064 1193 4104 omnipotentis
1201 4065 1271 4104 Dei,

1248 412 1446 482 anzatieqpud
1470 412 1586 443 Urbem
1606 422 1730 445 veterem
1743 438 1753 454 ,
1774 425 1808 454 17
1829 416 1893 447 Kal.
1913 416 2000 457 April.
2019 414 2200 446 pontificatus
2221 412 2310 444 nostri

1285 462 1303 481 Ι]
1369 462 1379 480 l‘
1393 462 1428 481 io.

1250 598 1338 630 Bulla
1372 599 1485 633 diret‘la
1510 600 1734 648 Archiepifiopo
1767 606 1973 647 Cantnariensi
1997 609 2032 643 &
2063 605 2182 639 Abbaii
2205 607 2309 640 Saveh·

1295 649 1419 690 Diomfii
1435 675 1444 690 ‚
1480 659 1513 680 ut
1540 651 1590 695 ipsi
1608 661 1735 695 puniant
1762 656 1908 684 venientes
1933 664 2034 685 contra
2061 654 2273 688 ordinationem
2295 683 2305 697 ,

1290 706 1344 739 per
1371 699 1557 728 Francorum
1587 700 1693 744 Regem
1711 700 1832 743 fassam
1849 727 1858 741 ‚
1895 704 1971 732 inter
1989 704 2095 747 Regem
2111 704 2243 750 Angli-e,
2271 707 2308 741 ἄν

1295 743 1439 788 quosdam
1462 745 1598 777 Praeliztos
1614 749 1650 784 θ’·-
1670 749 1795 779 Barones
1810 747 1941 794 praea'iffi
1960 752 2063 796 Regni.

1254 841 1322 900 U
1329 839 1444 871 Rbanus

1258 963 1323 983 nen]
1328 978 1333 983 .

1256 1068 1370 1106 servari,
1388 1078 1451 1107 quae
1470 1078 1563 1099 tamen
1584 1080 1631 1109 per
1645 1066 1833 1109 orthodoxos,
1855 1072 1946 1110 Reges
1967 1074 1999 1103 &
2014 1073 2155 1108 Principes
2162 1098 2171 1113 ,
2191 1075 2312 1105 maxime

1258 1116 1310 1149 pro
1324 1106 1440 1150 Regum
1452 1108 1485 1138 &
1502 1107 1671 1145 Regnorum
1684 1109 1754 1138 statu
1766 1109 1900 1149 pacifioe,
1915 1112 1948 1140 &
1961 1111 2096 1147 sopiendis
2108 1110 2205 1143 eorum
2212 1112 2316 1143 discor*

1257 1143 1308 1187 d.¹¹⁵
1319 1143 1497 1188 ordinantur,
1516 1146 1633 1176 libenter
1645 1155 1788 1187 oportuno
1803 1147 1896 1178 favore
1912 1149 2115 1189 prosequimur,
2134 1152 2165 1181 &
2186 1151 2312 1191 Aposto·

1260 1182 1316 1212 lico
1331 1192 1487 1212 munimine
1500 1184 1672 1215 roboramus.

1299 1219 1389 1259 Sane,
1407 1231 1455 1258 per
1469 1221 1670 1252 carissimorum
1687 1224 1715 1253 in
1731 1222 1848 1254 Christo
1869 1221 1988 1254 filiorum
2010 1225 2188 1264 nostrorum,
2208 1226 2316 1266 Anglo-

1265 1268 1327 1289 rum
1351 1260 1383 1290 ὃς
1406 1259 1577 1303 Francorum
1597 1260 1742 1292 illustrium
1765 1262 1880 1301 Regum
1893 1287 1902 1300 ,
1921 1263 2035 1301 litteras,
2052 1274 2139 1301 nuper
2154 1268 2315 1304 accepimus

1261 1295 1340 1342 quod
1360 1307 1431 1328 inter
1449 1298 1538 1337 ipsum
1558 1298 1669 1338 Regem
1691 1301 1846 1340 Anglorum
1864 1303 1878 1317 s
1899 1311 1932 1330 ex
1953 1311 2027 1339 parte
2042 1302 2113 1340 una,
2135 1303 2167 1332 &
2181 1304 2314 1340 quosdam

1264 1335 1419 1378 hpiicopos
1433 1358 1443 1374 ,
1468 1337 1501 1367 &
1523 1337 1673 1368 nonnullos
1693 1337 1812 1369 Barones
1828 1339 1921 1377 Regni
1941 1341 1997 1377 sui,
2013 1350 2045 1369 ex
2066 1340 2164 1379 altera,
2183 1351 2316 1378 praetextu

1263 1373 1478 1417 Provrfionum,
1504 1375 1745 1416 Ordinationum,
1765 1378 1938 1408 Statutorum
1964 1379 1996 1408 &
2020 1378 2233 1417 Obligationum
2254 1390 2319 1410 orn-

1266 1423 1346 1443 nium
1368 1412 1511 1449 Oxonien.
1530 1415 1663 1446 discordia
1682 1415 1821 1454 suscitata,
1838 1418 1986 1452 praed'ietiis
2006 1416 2070 1446 Rex
2093 1418 2268 1456 Anglorum,
2286 1420 2319 1449 &

1266 1450 1352 1495 iidem
1365 1451 1514 1492 Episcopi,
1532 1453 1565 1484 ἃ
1581 1453 1713 1491 Barones,
1733 1455 1761 1483 in
1776 1453 1897 1484 eundem
1914 1454 2025 1493 Regem
2040 1455 2116 1492 super
2130 1456 2196 1494 hiis,
2215 1458 2319 1487 &om-v

1267 1489 1347 1533 nibus
1371 1492 1599 1523 contentionibus
1611 1515 1621 1530 ,
1646 1494 1679 1523 &
1697 1492 1835 1523 discordiis
1850 1516 1859 1530 ‚
1883 1503 1948 1531 quas
1968 1493 2104 1523 habebant
2117 1494 2150 1524 &
2166 1494 2318 1526 hibuerant

1267 1537 1338 1558 inter
1351 1537 1416 1566 cos,
1435 1529 1519 1567 usque
1531 1529 1565 1560 ad
1579 1529 1693 1561 Festum
1707 1530 1851 1561 Omnium
1872 1531 2039 1561 Sanc‘torum
2053 1533 2184 1571 proximo
2198 1535 2321 1570 praeteri*

1267 1575 1353 1610 tumn,
1379 1568 1526 1598 occasione
1548 1566 1744 1600 Provisionum
1758 1592 1767 1606 ,
1793 1569 2010 1600 Ordinatioiium
2024 1594 2033 1607 ,
2058 1570 2229 1601 Statutorum
2243 1596 2253 1610 ,
2277 1572 2323 1603 vel

1269 1604 1486 1644 Obligationum
1500 1606 1673 1645 hujusmodi,
1690 1617 1758 1638 corn
1779 1609 1921 1638 romitrere
1933 1618 2113 1647 curaverunt,

1291 1642 1506 1687 'Promitteiites
1518 1645 1613 1684 quod,
1632 1647 1745 1684 quicqui
1781 1646 1856 1676 idem
1876 1646 1942 1676 Rex
1956 1646 2146 1684 Francorum,
2166 1647 2245 1686 super
2257 1658 2322 1678 om-

1268 1682 1351 1712 nibus
1371 1683 1509 1720 praediCtis
1522 1706 1532 1722 ,
1555 1684 1600 1715 vel
1620 1693 1719 1715 eorum
1738 1685 1872 1723 aliquibus
1887 1709 1897 1722 ,
1914 1685 1949 1715 de
1968 1685 2024 1715 alto
2045 1686 2077 1716 ὃς
2093 1685 2170 1716 ballo
2181 1686 2321 1717 ordinaret

1269 1720 1313 1752 vel
1328 1719 1474 1759 statueret,
1491 1722 1667 1753 observarent
1701 1732 1729 1752 er
1744 1724 1839 1753 omnia
1854 1723 1929 1753 bona
1938 1722 2005 1755 fide:

1309 1757 1351 1789 Ita
1363 1768 1456 1790 tamen
1469 1761 1546 1798 quod
1564 1761 1652 1792 distus
1698 1770 1732 1791 ex
1743 1762 1810 1792 citra
1821 1761 1934 1792 Festum
1947 1761 2126 1792 Pentecostes
2138 1763 2268 1801 proximo
2280 1763 2324 1793 fu*

1271 1806 1366 1841 turum
1387 1798 1465 1836 super
1480 1799 1528 1829 hiis
1545 1799 1648 1831 diceret
1659 1800 1767 1830 dietum
1781 1798 1878 1838 suum,
1898 1799 1963 1830 datis
1976 1800 2138 1839 hincinde,
2157 1801 2234 1841 super
2247 1802 2323 1841 hoc,

1272 1836 1366 1866 litteris
1380 1837 1412 1867 δε
1427 1838 1589 1874 interpositis
1601 1839 1770 1875 juramentis:

1312 1874 1427 1917 Deinde
1446 1878 1516 1906 veri>
1529 1876 1605 1906 idem
1624 1877 1687 1906 Rex
1704 1877 1876 1915 Anglorum,
1895 1877 1927 1907 ὃς
1941 1877 2046 1916 praefati
2066 1876 2213 1916 Episcopi,
2230 1878 2262 1908 ὃ(
2277 1877 2327 1908 {32-

1276 1924 1356 1944 rones
1369 1936 1378 1951 ,
1396 1914 1516 1944 {imiliter
1537 1915 1567 1944 in
1588 1915 1699 1953 Regem
1718 1915 1967 1952 compromiserunt
1987 1915 2124 1953 eundem,
2141 1916 2177 1945 de
2198 1918 2330 1946 omnibus

1275 1953 1518 1991 contentionibus,
1537 1954 1607 1984 inter
1626 1953 1696 1990 ipsos
1718 1955 1834 1990 exortis,
1852 1954 1914 1993 post
1929 1952 2038 1983 dietum
2054 1952 2169 1983 Festum
2183 1953 2326 1984 Omnium

1275 1991 1462 2034 Sanetorum,
1476 1991 1561 2033 usque
1578 1992 1612 2023 ad
1628 1991 1741 2022 Festum
1756 1992 1866 2022 sanet-„e
1882 1991 1978 2023 Luciae
1991 1992 2124 2034 proximo
2141 1994 2310 2032 praetentum
2320 2016 2331 2032 ,

1274 2032 1421 2060 occasione
1435 2030 1583 2069 praedieti,

1313 2068 1511 2099 Promittentes
1523 2093 1533 2108 ,
1555 2070 1709 2106 iuramento
1727 2069 1793 2100 hinc
1814 2067 1881 2100 inde
1901 2069 2022 2107 praestito
2037 2093 2046 2108 ,
2070 2066 2173 2100 servare
2197 2067 2331 2109 quicquid

1276 2106 1352 2137 idem
1366 2107 1429 2136 Rex
1446 2107 1570 2138 Franciae
1584 2108 1619 2139 de
1633 2109 1699 2146 liiis,
1717 2109 1761 2139 vel
1775 2119 1872 2138 eorum
1886 2109 2018 2147 aliquibus
2032 2108 2157 2139 statueret
2192 2110 2236 2139 vel
2246 2110 2329 2138 eiiam

1276 2145 1413 2175 ordinaret
1426 2145 1481 2183 (ita
1494 2153 1587 2177 tamen
1602 2146 1681 2187 quod
1695 2148 1761 2178 citra
1775 2147 1883 2178 dietum
1899 2146 2013 2176 Festum
2026 2145 2162 2177 Pentecoi
2178 2157 2205 2176 es
2226 2147 2332 2185 poser-

1279 2192 1320 2215 ret
1340 2183 1449 2214 dic'tum
1470 2183 1566 2222 suurn)
1579 2194 1635 2216 tani
1657 2185 1735 2224 super
1774 2186 1908 2223 medicus,
1922 2186 2006 2224 quam
2027 2186 2159 2215 omnibus
2180 2186 2252 2222 aliis,
2271 2194 2335 2224 quoe:

1278 2223 1355 2268 super
1376 2224 1456 2254 rebus
1474 2225 1501 2254 in
1523 2224 1728 2265 compromiiso
1762 2224 1886 2262 eduCtis,
1904 2224 1948 2254 vel
1970 2225 2044 2254 circa
2058 2223 2123 2263 ipsas
2138 2224 2251 2254 interim
2265 2231 2336 2254 coii-

1281 2271 1320 2293 tin
1342 2272 1397 2293 eret
1412 2272 1583 2301 attemptari:

1350 2302 1420 2332 istus
1440 2309 1533 2332 autem
1555 2301 1620 2332 Rex
1642 2301 1766 2332 Franciae
1780 2325 1790 2341 ,
1816 2299 1973 2340 hujusmodi
1988 2299 2191 2339 compromisso
2205 2306 2336 2338 recepto,

1281 2339 1315 2370 δε
1328 2340 1400 2379 apud
1420 2340 1575 2371 Civitatem
1595 2340 1811 2371 Ambianensem
1829 2349 1939 2380 propter
1953 2339 2009 2369 lioc
2022 2339 2141 2377 partibus
2155 2341 2317 2370 convocati,
2327 2362 2337 2376 ,

1282 2379 1316 2409 δε
1337 2379 1395 2417 ipso
1416 2379 1497 2418 Rege
1517 2379 1693 2419 Anglorum,
1711 2389 1743 2409 ac
1757 2378 1919 2418 quibusdam
1933 2387 1967 2408 ex
1986 2378 2066 2407 dietis
2082 2376 2233 2407 Batonibus
2245 2382 2339 2416 perio«

1283 2415 1397 2455 naliter,
1415 2417 1470 2446 aliis
1486 2419 1556 2448 vero
1570 2428 1617 2457 per
1631 2417 1826 2448 Procuratores
1841 2415 2067 2453 comparentibus
2082 2424 2178 2444 coram
2195 2415 2252 2454 ipso
2262 2438 2271 2454 ,
2285 2425 2337 2445 au-

1281 2454 1344 2484 ditis
1360 2464 1474 2493 quoque
1487 2465 1551 2495 quae
1571 2456 1681 2486 fuerunt
1700 2456 1768 2486 hinc
1790 2454 1854 2484 inde
1868 2454 2022 2492 proposita,
2038 2452 2241 2483 defensionibus
2254 2455 2338 2483 etiam

1283 2502 1317 2522 ac
1333 2494 1483 2523 rationibus
1501 2493 1619 2531 partium
1640 2494 1745 2531 plenit‘is
1768 2493 1927 2529 intellectis,
1944 2491 2083 2522 attendens
2095 2492 2188 2530 quod,
2206 2501 2254 2529 per
2268 2491 2340 2521 Pro-

1284 2531 1418 2569 visiones,
1443 2530 1658 2569 Ordinationes,
1680 2531 1785 2562 Statuta
1804 2532 1836 2562 ὃς
1857 2531 2050 2569 obligationes
2070 2529 2202 2567 praedit‘ta
2217 2553 2227 2567 ,
2247 2529 2280 2560 &
2290 2539 2343 2597 per

1285 2578 1332 2606 ea,
1350 2579 1413 2609 qua:
1427 2579 1460 2599 ex
1477 2570 1555 2608 ipsiS,
1572 2572 1604 2601 δε
1621 2578 1720 2600 eorum
1740 2569 1888 2600 occasione
1907 2568 2046 2598 subsecuta
2067 2575 2160 2606 erant,
2178 2568 2227 2605 juri
2242 2569 2275 2599 &
2310 2578 2344 2598 o-

1286 2607 1348 2637 nori
1363 2607 1485 2645 ejusdem
1499 2608 1585 2651 Regis
1602 2607 1760 2647 Anglorum
1774 2609 1860 2638 fuerat
1875 2606 2029 2645 plurimum
2041 2605 2108 2635 dero
2129 2615 2220 2636 atum·

1330 2645 1475 2685 Qodque
1489 2646 1556 2676 dieti
1579 2646 1673 2685 Regni
1689 2646 1825 2683 turbatio,
1843 2644 1996 2683 depressio,
2013 2646 2046 2675 &
2068 2643 2116 2682 spo
2127 2645 2192 2674 iatio
2206 2629 2345 2675 l'icclesia«

1286 2693 1350 2713 rum
1360 2707 1369 2722 ,
1388 2686 1421 2715 ὅτ
1434 2684 1484 2714 alia
1502 2684 1659 2724 graviffima
1681 2683 1819 2723 dispendia
1833 2683 1952 2721 personis
1972 2682 2158 2713 ecclesiasticis
2173 2692 2205 2712 ac
2220 2682 2346 2713 seculari-

1288 2722 1355 2760 bus,
1372 2722 1520 2763 indigenis,
1538 2724 1570 2753 &c
1583 2723 1739 2762 alienigenis
1754 2722 1818 2753 inde
1832 2730 1998 2760 evenerant,
2016 2722 2048 2752 ὃς
2070 2721 2251 2763 verisimiliter
2266 2722 2348 2751 time‘

1287 2761 1368 2791 batur
1391 2762 1429 2791 ne
1450 2762 1575 2800 graviora
1592 2770 1763 2800 emergerent
1784 2761 1813 2790 in
1833 2761 1980 2798 futurum,
2006 2758 2086 2798 plena
2107 2762 2183 2798 super
2201 2758 2347 2798 praemissis

1289 2798 1484 2830 deliberatione
1507 2800 1658 2837 praehabita
1671 2822 1680 2838 ‚
1698 2800 1840 2829 bonorum
1861 2807 1973 2838 quoque
1988 2798 2020 2828 &
2037 2806 2198 2836 magnatum
2213 2807 2347 2829 commu-

1289 2839 1386 2868 nicato
1400 2838 1535 2876 consili03

1327 2876 1504 2907 Proviliones
1519 2899 1528 2913 ,
1543 2875 1649 2906 Statura
1664 2898 1673 2914 ‚
1692 2875 1890 2907 Ordinationes
1903 2898 1913 2913 ,
1930 2875 1963 2905 &
1983 2873 2051 2904 Obli
2074 2875 2176 2904 itiones
2197 2873 2346 2913 praedidla,

1290 2923 1461 2954 quocunque
1483 2915 1600 2944 nomine
1616 2914 1806 2952 censerentur,
1825 2917 1858 2946 ὃς
1879 2913 2011 2953 quicquid
2026 2923 2041 2942 e
2068 2921 2143 2942 etex
2156 2913 2212 2950 eis,
2232 2912 2277 2943 vel
2292 2922 2347 2955 eo-

1291 2962 1353 2982 rum
1366 2953 1512 2983 occasione
1530 2952 1654 2983 secutum
1664 2975 1673 2990 ,
1692 2963 1739 2991 per
1756 2954 1863 2983 dicium
1877 2954 1911 2983 ὃς
1925 2951 2129 2981 ordinationem
2149 2950 2224 2980 suam
2235 2951 2351 2981 cassavit

1291 2992 1324 3021 ὃ(
1339 2992 1468 3029 irritavit,
1486 2991 1610 3021 maxime
1623 3001 1690 3021 cum
1703 3000 1842 3031 appareret
1856 2990 1901 3021 illa
1916 2990 1976 3020 fore
1989 2999 2038 3027 per
2051 2989 2150 3019 litteras
2164 2988 2241 3019 Sedis
2258 2989 2352 3027 Apos-

1291 3029 1385 3060 tolicae
1399 3029 1469 3060 cassa
1485 3030 1517 3060 &
1532 3029 1605 3059 irrita
1619 3029 1749 3060 nuntiata.

1327 3067 1479 3098 Ordinavit
1502 3068 1608 3105 insuper
1628 3067 1722 3106 quod,
1741 3068 1798 3097 tam
1812 3064 1886 3095 idem
1905 3065 1969 3095 Rex
1986 3064 2160 3104 Anglorum,
2177 3065 2263 3104 quarn
2279 3075 2350 3104 prae-

1292 3106 1340 3136 fati
1352 3106 1471 3137 Barones
1485 3107 1517 3137 &
1530 3107 1591 3144 aiii,
1605 3107 1653 3144 qui
1669 3104 1863 3135 consenserunt
1877 3103 2032 3141 hujusmodi
2048 3104 2273 3143 compromisso,
2288 3106 2349 3142 qui-

1292 3154 1348 3182 que
1370 3145 1406 3175 de
1429 3145 1569 3183 praedictis
1587 3142 1764 3174 observandis
1783 3142 1809 3172 se
1832 3142 2047 3180 quomodolibet
2065 3140 2264 3181 astrinxerunt,
2290 3143 2351 3180 qui-

1293 3191 1352 3213 tent
1366 3193 1413 3213 eos
1424 3185 1459 3214 de
1473 3183 1691 3224 provisionibus,
1710 3182 1830 3220 statutiS,
1848 3181 2069 3211 ordinationibus
2088 3182 2121 3211 ὃς
2136 3180 2350 3219 obligationibus

1295 3221 1373 3260 ipsis,
1391 3222 1424 3252 &
1439 3223 1545 3261 penitus
1560 3221 1710 3250 abiolvaiit.

1331 3259 1442 3296 Adiecit
1455 3261 1539 3290 etiam
1562 3258 1655 3298 quod,
1670 3267 1704 3288 ex
1727 3257 1772 3295 vi,
1788 3257 1832 3287 seu
1852 3258 1957 3287 viribus
1969 3256 2130 3287 earumdem
2147 3255 2352 3295 provisionum,

1296 3298 1519 3336 obligationum,
1538 3297 1582 3326 seu
1598 3297 1827 3334 ordinationum,
1845 3296 1889 3326 vel
1914 3296 2024 3333 alicujus
2036 3294 2192 3335 potestatis,
2207 3294 2221 3323 a
2236 3293 2352 3333 pnefato

1297 3336 1379 3375 Rege
1397 3336 1573 3375 Anglorum,
1589 3336 1666 3374 super
1687 3335 1744 3364 'noc
1762 3333 1921 3371 concesse,
1938 3334 2026 3363 nullus
2041 3343 2115 3363 nova
2137 3332 2234 3362 stitutzi
2248 3332 2329 3362 faciat

1298 3385 1350 3404 nec
1364 3370 1505 3414 quisquam
1524 3375 1577 3411 jam
1601 3373 1673 3403 faeta
1687 3382 1794 3411 teneat,
1813 3373 1857 3402 vel
1875 3372 2015 3409 observet,
2034 3380 2125 3413 neque
2137 3380 2188 3407 pro
2202 3355 2348 3413 c0,·qu02i

1298 3412 1431 3452 praedicta
1452 3413 1551 3443 servata
1574 3420 1633 3441 non
1654 3411 1756 3441 fuerint
1771 3434 1780 3449 ,
1802 3411 1900 3441 debeat
1919 3411 2015 3448 aliquis
2036 3409 2142 3439 alterius
2156 3408 2290 3445 capitalis,
2305 3408 2352 3439 vel

1296 3451 1372 3482 aliter
1387 3452 1515 3482 inimicus
1529 3450 1639 3486 baberi,
1657 3457 1703 3480 aut
1718 3459 1833 3487 poenam
1848 3450 1959 3488 propter
1973 3449 2029 3478 hoc
2045 3447 2163 3489 aliquam
2176 3445 2313 3487 sustinere.

1334 3488 1472 3520 Decrevit
1494 3498 1607 3526 quoque
1625 3488 1704 3527 quod
1724 3497 1822 3518 omnes
1844 3488 1957 3527 litterae,
1975 3487 2053 3527 super
2065 3485 2206 3527 praemissis
2220 3486 2353 3521 proviiio-

1297 3527 1379 3558 nibus
1394 3551 1403 3566 ,
1422 3529 1454 3558 &
1472 3537 1566 3556 earuiii
1586 3526 1733 3556 occasione
1755 3525 1897 3556 confectae
1910 3548 1918 3563 ,
1935 3525 2017 3554 irritae
2037 3527 2088 3553 lint
2105 3523 2138 3552 δε
2152 3532 2259 3565 inanes,
2277 3525 2353 3554 ordia

1297 3575 1363 3596 nans
1376 3566 1472 3606 quod,
1490 3565 1581 3595 eidem
1597 3564 1672 3604 Regi
1687 3564 1846 3604 Anglorum
1860 3563 2034 3593 restituantur
2050 3562 2065 3591 *a
2079 3559 2229 3591 Batonibus
2240 3570 2353 3593 memo-

1299 3612 1370 3634 ratis.

1337 3642 1471 3672 Praeterea
1484 3640 1553 3670 dixit
1567 3640 1600 3671 δε
1612 3639 1752 3670 ordinavit
1765 3638 1856 3679 quod,
1873 3647 2047 3681 quaecunque
2061 3634 2158 3667 Castra
2167 3637 2289 3681 ‘fuerunt
2302 3647 2358 3670 tia·-

1298 3680 1371 3717 dita,
1390 3679 1569 3710 custodienda
1580 3679 1729 3709 securitatis
1748 3675 1845 3715 causa,
1863 3678 1907 3707 vel
1921 3680 2068 3706 occaiione
2086 3675 2301 3718 praediftorum,
2319 3679 2353 3708 δε

1298 3719 1389 3749 adhuc
1403 3717 1604 3754 detinerentur,
1620 3717 1704 3747 libere
1718 3717 1767 3754 ipsi
1781 3715 1855 3754 Regi
1867 3715 2024 3753 Anglorum
2038 3714 2072 3743 ab
2088 3713 2189 3744 eisdem
2203 3713 2355 3745 Baronibus

1300 3757 1497 3794 redderentur3
1522 3756 1558 3786 ab
1577 3754 1634 3794 ipso
1651 3755 1770 3785 tenenda
1783 3777 1792 3792 ,
1811 3754 1879 3784 licut
1892 3776 1902 3792 ,
1926 3759 1988 3782 ante
2006 3751 2144 3783 dietarum
2164 3754 2355 3792 provisionum

1300 3805 1424 3833 tempus,
1441 3795 1485 3824 illa
1498 3793 1617 3824 tenebat.
2058 3828 2063 3834 .

1338 3832 1487 3863 Ordinavit
1500 3833 1583 3862 etiarn
1597 3832 1630 3862 δε
1642 3830 1711 3861 dixit
1723 3828 1803 3868 qnod
1817 3830 1902 3859 libere
1920 3830 1928 3858 i
1950 3829 1969 3859 si
1989 3825 2066 3868 Regi
2081 3827 2239 3869 Anglorum
2256 3831 2353 3867 liceat,

1302 3871 1445 3909 capitalem
1458 3870 1657 3909 justitiarium,
1672 3868 1895 3905 Cancellarium,
1943 3867 2122 3897 hesaurarium
2137 3891 2146 3906 ,
2162 3867 2357 3904 Consiliarios,

1300 3909 1471 3949 Justiciarios
1487 3910 1624 3945 minores,
1643 3907 1849 3937 vice-comites
1878 3907 1912 3936 &
1952 3905 2112 3944 uoscunque
2131 3905 2197 3936 alios
2212 3903 2356 3935 Officiales

1303 3959 1336 3979 ac
1358 3946 1552 3978 Miiiisterialec
1570 3946 1637 3976 ἀίξὶί
1658 3946 1776 3984 Regni,
1798 3945 1831 3975 ὅ(
1853 3916 1968 3974 homilis
1987 3944 2067 3983 ipsius
2080 3944 2167 3983 Regis
2180 3944 2356 3983 Anglorum,

1305 3988 1373 4018 sicut
1387 3986 1523 4023 faciebat,
1537 3985 1570 4015 &
1584 3984 1674 4014 facere
1685 3992 1807 4023 peterat,
1827 3992 1889 4013 ante
1903 3991 2012 4021 ternpus
2031 3984 2220 4022 provisionum
2237 3982 2357 4019 praedic-

1305 4034 1411 4061 tarum,
1428 4023 1584 4062 praeficere,
1601 4021 1761 4060 instituere,
1775 4021 1921 4052 destituere
1940 4022 1973 4053 ὃς
1993 4031 2125 4053 amovere
2144 4029 2196 4059 pro
2209 4019 2264 4050 suae
2278 4020 2357 4050 libito

1306 4063 1462 4096 voluntatis„

1760 4097 1786 4128 L
1806 4104 1821 4136 3
2269 4094 2364 4125 Caeie-

1465 841 1619 886 Episcopus
1630 866 1643 886 ,⁷
1667 843 1756 874 servus
1775 844 1917 875 servorum
1937 845 2019 884 Dei,
2045 845 2204 876 Venerabili
2224 843 2309 875 Fratri
2328 840 2402 872 Ann-
2418 838 2457 871 ἶ)-

1343 917 1347 921 ·
1403 917 1407 922 Α
1451 918 1456 922 .
1489 881 1708 920 Arcliiepiicopo
1729 882 1933 921 Cantuariensi,
1951 885 1984 914 Sc
2011 885 2114 915 dilecto
2134 885 2189 914 filio
2204 885 2307 914 Abbati
2350 881 2429 917 1264-

1254 915 1350 946 Sancti
1369 916 1488 947 Dionisii
1510 920 1540 948 iii
1561 918 1676 950 Francia
1689 943 1699 958 ,
1731 920 1842 951 salutern
1861 925 1892 952 ὅ(
1916 922 2111 959 Apostolicain
2138 923 2310 953 benedictio·
2328 922 2379 945 An.
2394 920 2440 952 43-

2325 965 2362 988 H·
2401 977 2406 981 .

1295 991 1378 1035 Licet
1398 1002 1429 1022 ea
1441 1016 1450 1030 ,
1469 1004 1533 1032 quae
1549 1002 1662 1024 attentae
1682 995 1885 1026 deliberationis
1904 996 2084 1028 diicutiuntur
2103 1001 2230 1029 examine
2244 1021 2253 1034 ,
2278 1008 2310 1027 ac
2330 999 2369 1021 Ex
2382 966 2443 1020 {41¹¹-

1255 1030 1365 1068 providi
1379 1033 1532 1061 maturitate
1544 1033 1651 1062 consilii
1665 1033 1836 1072 diriguntur,
1856 1034 1933 1063 firma
1946 1035 2142 1074 deuderemus,
2160 1038 2192 1067 δε
2207 1038 2309 1066 illibata
2329 1041 2394 1068 cogn

2333 1299 2462 1334 *1‚733„
