2560 4261
179 179 238 221 44

183 279 1243 308 W

32 361 85 394 *1-
103 371 165 400 ¹37-

411 391 482 432 bus,
501 387 657 438 equitandi
668 387 855 433 facultatem
871 381 1014 417 concedit.

32 497 110 530 Arm-
126 496 166 527 1>-
183 491 213 552 1
222 466 1245 561 {stetissem{assaumisaffixisses

33 545 140 604 A1112354
183 563 423 596 benedictionem.
546 596 551 601 ι
677 594 683 599 ⁴
795 592 801 597 ι
900 591 905 596 .

32 612 95 651 J0h‚
218 600 396 633 Celsitudinis
408 607 463 629 tuae
476 597 606 636 precibus
618 595 774 633 benignum
793 598 986 629 impertientes
1002 585 1141 617 assensum
1150 609 1159 622 ,
1178 583 1246 614 Fra-

34 656 73 679 Ex
91 650 161 686 ονξέ.
181 642 268 672 tribus
284 638 511 678 praedicatoribus
524 636 557 667 δε
573 632 837 674 niinoribus„quos
851 637 948 673 tecum
969 626 1078 656 duxeris
1099 624 1170 654 ultra
1186 632 1247 652 ma-

181 690 228 718 re,
254 677 411 717 equitandi,
433 676 562 713 quotiens
582 682 597 716 a
616 680 644 701 te
664 670 785 713 requisiti
801 667 922 704 fuerint,
940 675 1001 710 non
1024 662 1154 694 obstante
1175 670 1247 691 con-

181 719 268 750 trario
288 717 392 748 statuto
406 715 518 746 suorum
532 710 684 746 ordinum,
701 707 820 738 hberam
832 704 1018 736 concedimus
1032 701 1201 733 facultatem.

219 799 288 833 Dat.
308 796 440 835 Lugdun.
459 802 488 824 2.
509 790 573 823 Kal.
594 789 683 827 Maii,
701 786 888 819 Pontificatus
899 784 989 817 nostri
1004 782 1092 814 Anno
1107 789 1134 820 7.

829 866 884 898 Sub
895 865 949 909 filo
964 864 1091 897 canabeo.

192 942 1252 971 Μ

183 1012 340 1063 Johannes
358 1014 421 1045 Rex
438 1009 554 1057 Anglie
574 1010 658 1053 Papae
665 1005 816 1052 fhpplicat
835 1016 891 1046 ne,
903 1012 973 1035 ante
985 999 1144 1058 perusium
1162 999 1252 1044 quin-

309 1063 471 1108 quennium
481 1086 492 1102 ‚
519 1054 682 1101 Galfridus
697 1054 794 1088 Filius
811 1055 895 1086 Petri
906 1059 1124 1099 peregrinetur.

185 1148 468 1210 REverendiffimo
490 1146 564 1177 Patri
583 1146 613 1175 in
632 1142 767 1181 Christo,
793 1143 854 1174 &c.
893 1140 1067 1172 Innocentio
1089 1137 1149 1182 Dei
1169 1135 1256 1177 gratia

256 1189 370 1220 summo
384 1185 533 1224 Pontifici,
551 1185 612 1216 &c.
628 1183 773 1222 Johannes
788 1181 847 1211 Dei
861 1178 948 1221 gratia
960 1179 1027 1210 Rex
1045 1176 1173 1217 Anghae,
1192 1176 1253 1207 &c.

187 1228 313 1259 debitam
326 1238 358 1259 ac
371 1227 506 1258 devotam
520 1226 548 1254 in
561 1223 698 1253 omnibus
712 1220 907 1251 reverentiam.

226 1268 375 1308 Qoniam
387 1267 415 1296 in
429 1265 474 1296 tali
489 1263 582 1294 sumus
598 1260 668 1292 statu
678 1285 688 1299 ,
702 1258 784 1298 quod
797 1268 883 1295 grave
897 1256 966 1288 esset
980 1255 1063 1287 nobis
1079 1253 1174 1299 fideles
1187 1263 1254 1284 nos-

188 1314 264 1344 tros,
282 1307 331 1344 qui
342 1305 425 1335 nobis
438 1300 599 1335 familiarius
611 1299 770 1336 adhaerent,
789 1298 823 1329 &
835 1296 872 1327 de
893 1305 1017 1336 quorum
1041 1293 1173 1338 fidelitate
1193 1302 1255 1323 non

188 1344 365 1382 dubitamus,
383 1344 417 1375 &
431 1352 481 1381 per
501 1348 625 1379 quorum
643 1336 805 1368 Consilium
823 1343 896 1366 terra
917 1334 1095 1377 nostraregi
1115 1331 1201 1376 debet
1219 1331 1254 1362 &

189 1382 318 1421 defendi,
334 1383 457 1413 maxime
470 1381 535 1419 quia
547 1378 606 1409 dies
619 1376 686 1407 mali
698 1375 777 1414 sunt,
797 1375 831 1406 &
845 1374 882 1405 de
895 1373 941 1405 die
953 1374 983 1404 in
998 1371 1092 1410 diem,
1110 1370 1201 1415 visum
1223 1372 1256 1400 iit

188 1423 320 1454 homines
336 1421 448 1452 nostros
460 1417 649 1449 fraudulenter
664 1416 698 1447 ὃ(
711 1413 809 1445 dolose
821 1414 837 1443 a
850 1413 981 1444 fidelitate
999 1412 1033 1442 &
1055 1410 1168 1442 servmo
1188 1418 1255 1439 nos-

189 1470 236 1492 tro
254 1460 400 1495 recedere,
419 1460 452 1490 &
473 1459 503 1488 in
520 1466 573 1488 nos
593 1454 733 1494 insurgere
753 1453 815 1493 (per
835 1451 914 1491 quod
935 1450 1019 1495 status
1038 1457 1119 1479 terrae
1133 1447 1255 1495 nostrae,

189 1500 260 1530 sicut
278 1500 359 1530 novit
379 1497 515 1529 Sanetitas
534 1493 641 1529 vestra,
661 1491 798 1529 turbatur)
821 1490 1005 1522 Excellentiae
1018 1487 1121 1519 vestrae
1134 1497 1180 1525 ea,
1200 1495 1256 1530 qua

188 1538 352 1577 possumus,
377 1537 532 1567 devotione
553 1534 602 1571 sup
623 1532 754 1568 ficamus,
782 1531 926 1568 quatinus,
945 1526 1038 1559 habita
1057 1525 1258 1557 consideratio-

190 1587 226 1607 ne
247 1575 281 1606 ad
304 1576 406 1606 statum
426 1573 575 1609 nostrum,
593 1543 708 1601 differre
722 1569 830 1607 velitis,
847 1568 934 1607 usque
951 1567 986 1598 ad
1004 1575 1105 1610 quator
1114 1564 1160 1609 vel
1175 1565 1258 1609 quin:

191 1625 248 1652 que
268 1614 382 1653 Annos,
401 1612 658 1652 peregrinationem
680 1607 776 1638 dilecti
795 1609 829 1640 δε
847 1607 935 1638 fidelis
953 1605 1044 1636 nostri
1062 1602 1185 1634 Galfridi
1208 1602 1258 1632 filii

191 1653 286 1692 Petri,
301 1653 453 1692 justiciarii
465 1650 555 1682 nostri
567 1647 673 1680 crucesi
695 1647 772 1685 nati,
790 1647 868 1685 cujus
882 1645 1024 1685 praesentia
1037 1644 1118 1674 nobis
1131 1643 1165 1673 δε
1178 1650 1260 1672 terrae

193 1691 298 1723 nostrae
311 1693 347 1723 ita
361 1691 404 1722 est
416 1690 581 1726 necessaria,
600 1688 660 1726 quo
697 1696 733 1716 eo
746 1685 902 1716 nullatenus
918 1693 1013 1715 carere
1027 1682 1184 1721 possumus.
1233 1720 1239 1725 ·

228 1730 268 1761 Et
281 1740 350 1769 nos,
368 1729 505 1761 Domino
519 1727 620 1764 dante,
637 1725 697 1755 tam
710 1725 801 1762 ipsum
814 1725 902 1763 quam
915 1724 984 1754 alios
1006 1720 1212 1761 crucesignatos
1231 1729 1261 1750 m

192 1768 457 1807 terramJerusalem
472 1769 635 1802 mittemus,
653 1763 723 1793 sicut
736 1771 816 1794 terrae
830 1761 970 1793 redierint.
1160 1796 1171 1805 „

232 1807 355 1838 Moveat
367 1808 449 1848 igitur
462 1808 497 1839 ὃς
510 1805 545 1836 ad
557 1806 616 1836 hoc
632 1801 746 1832 inducat
759 1802 952 1840 paternitatem
965 1798 1088 1831 vestram
1104 1796 1190 1829 status
1197 1805 1264 1827 nos-

193 1847 230 1878 tri
242 1845 387 1884 conditio,
405 1847 441 1876 ita
457 1844 536 1883 quod
551 1842 635 1875 vobis
649 1840 770 1879 proinde
783 1841 888 1871 merito
910 1847 998 1880 grates
1019 1837 1088 1869 scire
1100 1836 1263 1867 debeamus.

37 1164 112 1199 Ann.
128 1164 167 1199 D,

56 1214 140 1243 ¹204·

36 1249 87 1275 Aa,
103 1248 130 1273 6.

35 1283 97 1321 Joh.

36 1321 124 1361 Claus.
139 1325 165 1351 6.

36 1361 162 1399 Johannis

37 1403 114 1438 Regis,
129 1411 166 1430 m.

232 1927 325 1960 Teste
335 1924 443 1964 meipso
456 1923 530 1962 apud
543 1923 678 1956 Winton.
697 1932 745 1962 24.
764 1921 810 1952 die
823 1920 1014 1952 Novembris.

199 2060 357 2110 Johannes
375 2065 443 2097 Rex
460 2065 491 2096 in
504 2057 716 2107 proteflionem
725 2057 818 2103 fleam
825 2055 951 2102 fhftipi't
974 2056 1012 2089 R.
1040 2056 1151 2101 Regem
1165 2056 1265 2089 Man-

708 2110 770 2139 nie.

48 2218 129 2254 Ann.
144 2216 186 2250 D.
203 2197 343 2268 RE}2
358 2202 418 2234 ὅίῦ-
437 2202 589 2239 omnibus,
607 2200 669 2245 βω.
725 2237 729 2242 .
1015 2233 1020 2240 .

319 2249 395 2271 ciatis
414 2240 492 2278 quod
512 2240 678 2277 suscepimus
704 2235 841 2267 dileetum
870 2234 1110 2275 consanguineum
1137 2233 1269 2265 nosti-um

51 2267 156 2329 32²0}
203 2275 234 2306 R
272 2278 396 2310 inaldum
415 2278 532 2317 Regem
551 2277 680 2308 Manniae
699 2276 728 2305 in
749 2274 924 2318 custodiam,
940 2273 1151 2312 protestionem
1165 2274 1199 2304 &
1219 2272 1271 2302 de-

51 2320 157 2374 Joh'anss
202 2315 251 2346 fen
263 2325 360 2348 ionem
375 2316 519 2357 nostram,
538 2317 572 2349 ὃς
585 2325 686 2346 omnes
697 2322 782 2344 terras
794 2314 828 2345 &
841 2313 973 2343 homines
987 2312 1058 2343 suos.

239 2353 279 2385 Et
301 2356 487 2396 prohibemus
506 2366 544 2387 ne
565 2356 626 2393 quis
650 2354 693 2392 ei,
711 2352 757 2384 vel
770 2351 823 2383 suis
836 2351 935 2382 inferat
949 2351 1094 2389 injuriam,
1112 2349 1158 2380 vel
1173 2358 1270 2389 grava-

199 2402 286 2463 ἕξις
305 2396 371 2436 quia
393 2395 414 2426 fi
435 2394 504 2435 quid
519 2396 545 2427 ei
559 2392 736 2427 forisfactum
749 2391 847 2429 fuerit,
864 2389 894 2420 id
908 2390 992 2421 nobis
1005 2389 1115 2421 fadimm
1128 2388 1270 2427 reputabi-

51 2376 99 2410 nis,
108 2384 182 2404 n.10.

236 2512 329 2551 Teste
342 2513 452 2553 meipso
465 2512 539 2553 apud
552 2511 746 2544 Wodestock.
767 2509 784 2540 8
802 2509 848 2540 die
863 2508 1026 2547 Februarii,
1043 2506 1149 2545 Anno,
1164 2507 1225 2538 &c.
1240 2508 1269 2537 6.

53 2665 108 2700 *1-
126 2666 186 2705 138·
203 2651 226 2675 *
249 2654 372 2687 Littera
387 2648 543 2698 Johannis
561 2652 666 2696 Regis,
687 2659 742 2694 per
758 2657 853 2693 quam
879 2642 1024 2701 liberavit
1050 2643 1212 2692 Burgenfts
1235 2643 1272 2679 de

296 2700 421 2733 Olerone
434 2698 472 2732 de
490 2695 627 2732 omnibus
644 2696 808 2746 Tayllagiis
821 2696 858 2732 &⁴
874 2690 1096 2734 exafflombus,
1121 2695 1188 2731 &C-

244 2789 398 2827 Ohannes,
415 2787 474 2819 Dei
495 2787 598 2826 gratia,
615 2786 681 2817 Rex
701 2783 829 2824 Angliae,
847 2781 995 2813 Dominus
1014 2779 1180 2819 Hiberniae,
1204 2782 1275 2814 Dux

58 2817 187 2852 AfistD·
203 2791 232 2863 J
252 2827 447 2860 Norrnanniae
467 2826 501 2858 ὅ(
515 2825 713 2864 Aquitanniae,
731 2824 765 2854 &
779 2821 889 2852 Comes
906 2818 1094 2858 Andegaviae‚
1112 2819 1276 2866 Archiepis-

57 2863 163 2926 Λῐηὶῑὲῖ·
206 2869 304 2905 copis,
328 2865 490 2904 Episcopis‚
515 2864 691 2900 Abbatibus,
709 2860 890 2897 Comitibus,
908 2857 1083 2896 Batonibus,
1096 2857 1275 2900 justiciariis,

57 2935 111 2975 Joh
208 2904 366 2936 Senescallis
401 2903 646 2941 Vicecomitibus,
660 2899 833 2940 Praepofitu,
847 2896 1002 2935 Ministris,
1016 2897 1050 2929 &
1063 2897 1198 2928 omnibus
1212 2897 1275 2929 Bal-

209 2943 268 2974 livis
281 2943 314 2974 δε
329 2929 470 2973 Ficieubus
483 2942 551 2980 suis,
569 2941 693 2972 salutem.
935 2975 939 2980 ,

58 2979 89 3004 1¹·
103 2978 132 3002 13.
147 2978 188 3009 Pe·
247 2980 344 3012 Sciatis
357 2990 410 3011 nos
423 2980 545 3017 dedisse,
563 2977 748 3016 concessisse,
766 2977 800 3009 δε
814 2975 942 3015 praesenti
955 2972 1041 3005 Carta
1052 2971 1150 3017 nostra
1169 2975 1276 3006 confir-

58 3019 99 3042 nes
113 3015 164 3040 Ga·
212 3018 299 3050 masse
313 3018 441 3050 fidelibus
450 3018 612 3049 hominibus
626 3016 727 3049 nostris
741 3015 778 3047 de
791 3016 921 3047 Olerone
933 3013 967 3044 &
979 3010 1151 3043 Haeredibus
1172 3023 1276 3046 corum

59 3060 153 3080 merar.
235 3058 378 3088 uitantiam
398 3057 434 3086 de
454 3056 603 3096 Lastagiis,
623 3058 656 3087 &
680 3056 816 3087 omnibus
827 3054 874 3085 Ta
894 3053 980 3090 llag'iis
1014 3052 1048 3083 &
1065 3051 1276 3093 exastionibus3

60 3095 175 3121 scaccar.
213 3068 290 3127 gilvis
308 3096 392 3126 nobis
411 3094 510 3126 debitis
531 3094 683 3125 redditibus
701 3093 803 3125 nostris
819 3092 856 3123 de
874 3064 1061 3129 {impositura
1079 3088 1117 3120 de
1130 3089 1277 3131 Olerone,

53 3128 105 3166 f⁰l=
126 3126 187 3164 Ῑ93·
212 3136 247 3167 &
262 3133 446 3172 exercitibus,
465 3133 499 3163 δε
514 3133 744 3171 equitationibus,
763 3141 829 3171 quae
842 3131 924 3162 nobis
937 3129 1050 3160 debent.

249 3171 289 3204 Et
301 3181 434 3212 praeterea
447 3170 631 3202 concedimus
645 3171 681 3201 eis
693 3181 793 3202 omnes
808 3170 946 3202 libertates
963 3169 997 3199 δε
1009 3168 1108 3198 liberas
1126 3168 1278 3201 consuetu-

211 3211 290 3243 dines
306 3220 373 3250 quas
389 3210 454 3241 Rex
464 3209 607 3239 Henricus
621 3208 702 3238 Pater
714 3208 809 3239 noster
823 3210 856 3240 ὃς
870 3207 936 3239 Rex
948 3205 1089 3238 Ricardus
1103 3206 1199 3238 Frater
1211 3219 1280 3240 nos-

212 3258 256 3293 ter
274 3250 309 3318 gc
327 3249 442 3318 {eginla
458 3247 591 3279 Alienora
608 3246 704 3278 Mater
716 3245 810 3278 nostra
823 3246 1021 3278 concesserunt
1032 3245 1199 3277 hominibus
1212 3257 1280 3279 nos-

214 3296 263 3319 tris
297 3298 313 3318 e
359 3297 415 3326 upe
434 3298 458 3319 a.

251 3325 447 3357 Concedimus
469 3326 554 3355 etiam
573 3325 610 3354 eis
631 3324 665 3354 &
680 3321 882 3353 confirmamus
895 3322 1081 3353 omnimodas
1093 3323 1192 3354 liberas
1207 3334 1280 3354 con-

215 3364 369 3433 suetiidiries
385 3375 434 3432 pier
449 3373 548 3394 omnes
563 3371 645 3393 terras
660 3360 783 3399 nostras,
801 3361 872 3391 salva
886 3361 916 3391 in
930 3361 1064 3391 omnibus
1079 3361 1206 3393 libertate
1227 3361 1280 3393 Ci-

218 3412 307 3433 Vitatis
351 3413 390 3434 on
410 3413 458 3433 on.

255 3439 451 3472 Concedimus
464 3440 574 3479 insuper
589 3441 627 3471 eis
642 3438 721 3477 quod
733 3436 770 3468 de
783 3437 878 3476 aliquo
892 3445 1059 3468 tenemento
1075 3438 1155 3477 quod
1168 3439 1218 3477 ipsi
1238 3447 1280 3471 te-

216 3487 338 3510 nuerunt
353 3482 382 3510 in
404 3479 550 3518 Olerone,
568 3480 597 3509 in
619 3479 697 3508 bona
716 3487 802 3515 pace,
820 3486 870 3513 per
892 3486 982 3506 unum
1002 3486 1109 3506 annum
1131 3479 1165 3509 &
1188 3488 1280 3510 unum

218 3515 296 3546 diem
311 3517 367 3548 sine
380 3518 558 3555 calumpnia,
576 3517 611 3548 de
625 3525 731 3547 caerero
744 3525 804 3545 non
820 3521 958 3553 ponantur
970 3515 1000 3543 in
1024 3515 1175 3554 placitum,
1195 3527 1281 3555 quare

220 3554 352 3586 volumus
366 3557 399 3586 ὃ(
411 3556 525 3587 firmiter
541 3556 718 3593 praecipimus
732 3553 811 3592 quod
826 3551 952 3591 praediffl
976 3552 1070 3582 fideles
1093 3553 1224 3585 homines
1244 3555 1281 3586 de

220 3591 348 3623 Olerone
369 3595 487 3625 habeant
507 3603 607 3624 omnes
627 3593 773 3631 praedi&as
793 3592 955 3630 quitantias,
972 3590 1108 3621 libertates
1126 3593 1159 3624 ὃς
1183 3594 1282 3625 liberas

221 3631 433 3674 consuetudines
446 3633 520 3663 bene
534 3633 567 3663 &
581 3633 610 3661 in
626 3642 712 3670 pace,
730 3631 820 3662 libere
833 3631 867 3662 &
883 3630 996 3669 quiete,
1014 3630 1124 3669 integre
1139 3632 1173 3662 &
1187 3633 1283 3664 hono-

222 3667 302 3700 rifice
310 3691 320 3706 ‚
338 3670 406 3700 sicut
417 3670 586 3708 praedietum
599 3669 649 3701 est.

222 3747 359 3782 Testibus
366 3772 377 3787 ‚

226 3832 343 3874 Domine
356 3827 391 3866 J
409 3828 529 3873 Nor-wic.
547 3829 685 3869 Epifiopo,
769 3831 804 3860 R.
820 3828 1021 3870 Constabulario
1035 3829 1161 3871 Cestrt'aej

228 3866 362 3905 Gaufrtdo
387 3864 444 3906 Ῑῖἶιο
466 3868 543 3897 Petri
563 3872 662 3900 Comite
677 3869 733 3898 Es·
769 3871 868 3904 Rogero
885 3870 915 3898 de
928 3868 1038 3908 Thoen,

259 3905 320 3944 sex.
364 3946 368 3951 .
772 3905 916 3936 Willielmo
930 3910 1086 3949 Bryewerr.

229 3946 274 3975 W.
296 3948 396 3974 Comrte
410 3946 524 3982 Sarum,
772 3947 808 3976 R.
823 3945 855 3976 de
873 3945 946 3976 stok.

183 349 210 378 *ἒ
235 351 419 386 Innocentius
437 347 518 389 Papa
537 336 799 379 Praedicatorihus,
825 347 894 370 cum
913 336 989 381 Rege
1012 329 1244 376 transfhetanti-
1260 367 1263 369 ‚

637 144 1447 200 CONVENTIONES‚
1501 145 1891 196 LITERAE,

2370 259 2446 291 Ann.
2457 260 2499 292 D.

1283 329 1442 377 Johannes
1457 332 1524 363 Rex
1541 330 1686 377 quasdam
1704 331 1863 378 Epifiopos
1880 330 2065 377 Anglicanos
2090 338 2177 377 rogat
2194 328 2293 375 quod,
2310 329 2355 363 ad
2391 308 2474 339 1205.

1329 379 1497 425 exemplum
1527 380 1660 412 aliorum
1687 382 1746 426 Epi
1761 391 1898 428 caporum
1915 405 1926 422 ‚
1960 381 2094 412 Litteras
2120 382 2204 426 Papae
2222 378 2354 425 firiptas

1319 429 1442 475 fignare
1462 427 1583 461 vellent.

1340 516 1417 556 EX,
1436 518 1498 549 &c.
1516 517 1731 550 Venerabilibus
1753 520 1782 549 in
1803 517 1923 549 Christo
1943 517 2072 548 fratribus
2086 516 2122 547 de
2137 517 2238 556 Asaph.
2255 516 2349 548 Exon.
2367 521 2420 547 An.
2436 527 2464 555 7.

1359 556 1430 586 Sarr.
1445 555 1618 588 Landavens
1632 557 1673 588 G.
1694 557 1879 588 Coventrens.
1899 556 1939 586 R.
1959 555 2077 594 Bangor.
2095 555 2211 595 VVigor.
2230 556 2265 587 E.
2285 556 2350 587 He-
2365 557 2428 595 Joh.

1285 592 1390 625 reford.
1415 594 1584 626 Menevens.
1611 596 1745 627 Lincoln.
1771 595 1892 627 Cicestr.
1917 596 1978 627 δῖε.
2003 593 2100 624 Sciatis
2120 594 2199 632 quod
2221 594 2353 626 carissimi
2368 600 2426 623 Par.
2443 604 2469 630 7.

1287 630 1382 676 Patres
1394 632 1485 664 nostri
1506 633 1630 665 Domini
1651 635 1787 666 London.
1806 635 1940 665 Winton.
1960 632 2081 664 Roffcn.
2100 633 2134 664 &
2155 632 2255 672 Elyen.
2274 633 2358 672 Epis·
2369 633 2471 673 Johan-

1287 680 1372 715 cqp1,
1392 670 1415 704 Ῐ.
1435 670 1514 716 Bath.
1532 672 1657 704 Elecftus.
1670 674 1794 705 scribunt
1806 672 1941 704 Domino
1956 671 2059 710 Papae,
2076 681 2130 710 pro
2142 672 2276 711 dignitate
2290 682 2358 703 nos-
2371 674 2419 707 nis,
2429 678 2502 707 m.7.

1287 716 1330 739 tra
1345 703 1592 754 &Regni-nostri
1607 711 1814 750 conservanda,
1834 719 1953 750 quatuor
1967 711 2066 741 litteras
2075 735 2084 747 ,
2099 710 2190 750 sigillis
2204 710 2256 742 suis
2271 710 2359 751 signa—

1288 756 1344 786 tas3
1363 748 1446 778 vobis
1460 750 1600 780 mittimus
1615 760 1746 788 rogantes
1759 752 1888 782 attentius
1903 751 2048 788 quatinus,
2067 749 2137 779 sicut
2148 759 2201 779 nos
2216 750 2250 780 &
2264 748 2361 780 hono-

1289 796 1351 831 rem
1370 785 1509 831 nostrum·
1522 788 1556 818 &
1575 790 1793 827 tranquilitatem
1812 789 1979 827 Anglicanae
1991 787 2127 818 Ecclefiae
2141 788 2267 828 diligitis,
2285 789 2360 819 litte-

1290 835 1343 864 ris,
1360 835 1426 863 quas
1440 825 1523 869 vobis
1538 828 1676 858 mittimus
1690 829 1740 858 sub
1755 829 1873 859 nomine
1887 827 2003 864 nostro,
2021 826 2056 856 ad
2077 826 2239 864 exemplum
2254 827 2358 858 littera-

1291 874 1357 895 rum
1367 863 1570 908 praediftorum
1585 864 1811 905 Episcoporum,
1829 865 1964 898 Domino
1979 865 2064 903 Papae
2076 865 2181 903 scriptis
2196 865 2281 904 sigilla
2294 876 2357 898 ves-

1372 913 1382 926 Ἴ

1291 910 1596 986 ῐῑᾶἕέἓῧὲαξὲῑορῑεϊ
1609 945 1682 988 varia
1702 945 1814 975 viarum
1833 943 1956 982 pericula
1992 942 2114 987 diversos
2136 942 2288 987 Nuncios,
2307 952 2362 981 pro

1292 980 1352 1025 hoc
1366 988 1502 1025 negoti0‚
1522 981 1718 1026 proposuimus
1732 982 1767 1013 ad
1778 982 1873 1027 sedern
1886 968 2084 1020 Apostolicam
2105 981 2259 1019 destinare,
2278 991 2363 1024 expe-

1292 1019 1335 1050 dit
1348 1019 1431 1049 nobis
1445 1018 1546 1050 litteras
1558 1020 1614 1050 illas
1628 1020 1782 1059 duplicari,
1799 1021 1911 1052 &ideo
1930 1031 1983 1052 vos
2004 1029 2135 1060 rogamus
2156 1022 2299 1059 quatinus,
2320 1024 2363 1051 iu-

1294 1068 1344 1097 per
1358 1058 1434 1096 hoc,
1453 1057 1512 1088 duo
1524 1058 1677 1090 litterarum
1689 1061 1779 1100 paria,
1797 1059 1849 1090 sub
1864 1059 1963 1090 eadem
1977 1059 2074 1090 forma
2087 1059 2207 1098 signetis.

1294 1138 1424 1210 tin‘sseste
1437 1139 1545 1181 meipso
1559 1140 1634 1180 apud
1646 1139 1787 1173 Porcestr.
1806 1141 1914 1173 ostavo
1927 1139 1974 1171 die
1988 1139 2078 1178 Maii,
2097 1139 2203 1179 Anno,
2222 1140 2282 1173 &c.
2304 1139 2364 1178 sep-

1295 1306 1324 1334 *
1349 1311 1397 1344 De
1413 1321 1546 1357 quatuor
1562 1313 1698 1347 Annulis
1708 1323 1763 1361 per
1780 1315 1987 1405 Innffntium
2001 1316 2119 1361 Papam
2135 1305 2277 1358 Johanm·
2303 1310 2363 1342 Re·
2381 1313 2397 1330 ⁸*
2413 1312 2438 1340 1-
2451 1320 2513 1350 139-

1747 1375 1785 1410 gl
1803 1375 1846 1395 ml
1867 1374 1900 1396 ls-

1291 1448 1450 1522 JOhanni
1479 1449 1555 1490 Regi
1575 1450 1747 1492 Anglorum.
1793 1450 1870 1482 Inter
1889 1461 1959 1490 opes
1979 1454 2125 1490 terrenas,
2152 1459 2220 1488 quas
2242 1449 2367 1480 mortalis
2383 1458 2459 1489 Ann-
2472 1455 2515 1487 D,
2559 1450 2560 1487 ᾖ

1342 1489 1441 1533 oculus
1459 1489 1652 1529 concupiscit,
1672 1492 1705 1523 &
1725 1489 1800 1529 quasi
1819 1491 1925 1521 cariora
1943 1490 2095 1529 desiderat,
2112 1488 2368 1527 aurumofflyzum,
2410 1503 2495 1534 1205,
2559 1500 2560 1506 ¹

1297 1527 1331 1558 ὃς
1346 1527 1447 1565 lapides
1463 1530 1596 1566 pretiosos
1611 1531 1799 1569 principatum
1814 1529 1955 1559 credimus
1973 1530 2110 1560 obtinere.
2385 1540 2437 1563 An.
2455 1544 2483 1571 7.

1312 1605 1317 1610 υ
1333 1565 1418 1611 Licet
1439 1575 1533 1597 autem
1555 1567 1596 1597 his
1616 1569 1649 1599 &
1671 1568 1728 1598 aliis
1749 1567 1851 1598 divitiis
1873 1567 1965 1598 vestra
1979 1568 2076 1608 regalis
2088 1565 2213 1598 abundet
2226 1565 2368 1596 excellen-
2385 1573 2451 1614 7⁰¹²·

1298 1612 1352 1643 tia,
1372 1616 1400 1635 in
1413 1605 1525 1643 slgnum
1539 1613 1635 1636 tamen
1648 1606 1806 1638 dileetionis
1819 1608 1852 1638 &
1864 1607 1960 1644 gratiae
1974 1615 2094 1644 quatuor
2115 1604 2234 1636 annulos
2254 1613 2372 1643 aureos,

1299 1653 1369 1687 cum
1397 1643 1510 1675 diversis
1536 1644 1672 1682 lapidibus
1701 1645 1826 1684 pretiosis
1845 1669 1855 1683 ,
1883 1654 1942 1676 tuae
1965 1643 2154 1683 magnitudini
2176 1642 2347 1673 destinamus
2361 1654 2374 1681 ς

1298 1691 1328 1711 1n
1352 1683 1453 1726 quibus
1473 1691 1500 1713 te
1521 1684 1652 1714 volumus
1673 1684 1824 1723 specialiter
1843 1684 2000 1721 intelligere
2019 1684 2143 1714 formam
2159 1707 2168 1720 ,
2194 1691 2349 1712 numerum
2362 1705 2374 1719 ,

1300 1729 1461 1789 ffateriam,
1479 1723 1513 1753 &
1528 1722 1676 1762 colorem,
1693 1733 1725 1755 ut
1740 1722 1907 1763 mysterium
1921 1723 2014 1761 potius
2035 1723 2123 1761 quam
2146 1721 2259 1752 donum
2281 1729 2373 1752 atten-

1322 1769 1357 1789 as.

1338 1798 1510 1830 Rotunditas
1529 1802 1606 1830 enim
1624 1800 1809 1831 aeternitatem
1829 1799 1983 1838 significat,
2010 1809 2076 1838 quae
2094 1800 2176 1830 initio
2194 1804 2271 1829 caret
2287 1797 2323 1827 ὃς
2342 1795 2375 1826 fi-

1303 1847 1359 1868 ne:
1390 1837 1490 1882 Habet
1509 1848 1580 1876 ergo
1598 1838 1695 1879 regalis
1713 1838 1844 1870 discretio
1862 1838 1941 1877 quod
1959 1840 1989 1869 in
2006 1839 2099 1868 forma
2117 1837 2238 1876 requirat
2249 1860 2259 1874 ,
2292 1842 2322 1865 ut
2340 1834 2378 1866 de

1303 1885 1419 1944 gerrenis
1441 1877 1557 1909 transeat
1578 1877 1613 1908 ad
1633 1876 1761 1909 coelestia
1778 1902 1788 1916 ,
1813 1877 1851 1908 de
1870 1877 2074 1914 temporalibus
2094 1875 2129 1906 ad
2150 1884 2254 1907 aeterna
2272 1883 2376 1913 proce·-

1324 1923 1359 1946 at.

1344 1953 1546 1992 Quatemarius
1568 1964 1679 1993 autem,
1705 1955 1754 1992 qui
1775 1963 1911 1984 numerus
1933 1953 1975 1984 est
1997 1952 2161 1991 quadratus,
2187 1951 2377 1983 constantiam

1307 1994 1410 2023 mentis
1424 1993 1575 2032 fignificat,
1615 2003 1657 2024 uae
1670 2003 1725 2023 nec
1738 1992 1860 2030 deprimi
1872 1991 1957 2022 debet
1970 1993 2000 2022 in
2014 1991 2150 2029 adversis,
2169 2001 2224 2021 nec
2246 1992 2274 2020 in
2296 2000 2379 2029 pros-

1306 2032 1380 2068 peris
1399 2031 1518 2070 elevari,
1539 2042 1597 2070 quo
1631 2041 1700 2063 tunc
1713 2030 1887 2061 laudabiliter
1901 2030 2083 2068 adimplebit,
2101 2039 2171 2060 cum
2187 2038 2307 2068 quatuor
2320 2029 2380 2059 vir-⁴

1307 2070 1413 2100 tutibus
1427 2071 1622 2110 principalibus
1636 2070 1719 2101 fuerit
1732 2069 1875 2108 ordinata,
1893 2069 2042 2107 videlicet,
2056 2067 2179 2108 justitia,
2199 2067 2378 2106 fortitudine,

1306 2107 1473 2147 prudentia,
1491 2108 1683 2147 temperantia.
1721 2108 1862 2148 Intelligas
1874 2110 1947 2139 vero
1962 2109 1991 2137 in
2006 2108 2101 2145 primo
2118 2106 2271 2145 justitiam,
2290 2115 2381 2144 quam

1308 2155 1436 2189 exerceas
1456 2149 1484 2177 in
1502 2148 1627 2186 judiciis:
1654 2148 1683 2177 in
1704 2146 1829 2177 secundo
1852 2146 2067 2184 fortitudinem,
2085 2155 2172 2184 quam
2197 2145 2327 2175 exhibeas
2348 2145 2380 2175 in

1308 2185 1441 2216 adversis:
1462 2188 1492 2216 in
1505 2188 1589 2217 tertio
1604 2185 1782 2225 prudentiam
1791 2209 1801 2225 ,
1819 2195 1906 2223 quam
1919 2184 2051 2215 observes
2064 2185 2094 2214 in
2107 2184 2213 2214 dubiis:
2232 2185 2263 2214 in
2278 2192 2381 2222 quarto

1308 2226 1541 2263 temperantiam,
1558 2236 1643 2263 quam
1658 2226 1687 2255 in
1703 2224 1770 2263 pros
1786 2225 1838 2254 eris
1850 2234 1909 2254 non
1921 2223 2051 2254 dimittas,

1346 2262 1403 2294 Per
1416 2273 1515 2294 aurum
1529 2266 1602 2295 vero
1617 2264 1745 2302 sapientia
1779 2263 1932 2301 esignatur3
1952 2263 2015 2300 quia
2029 2261 2100 2293 ficut
2111 2270 2212 2292 aurum
2230 2260 2382 2299 praeminet

1309 2302 1426 2332 metallis
1438 2302 1586 2341 univerfis‚
1606 2302 1644 2333 sic
1658 2302 1785 2340 sapientia
1802 2301 1885 2332 donis
1905 2301 2039 2331 omnibus
2058 2300 2201 2331 antecellit
2238 2299 2382 2337 Propheta

1308 2340 1443 2378 testante,
1461 2341 1608 2380 requiescit
1628 2342 1707 2379 super
1727 2351 1794 2371 eum
1811 2339 1918 2378 spiritus
1938 2339 2094 2377 sapientiae,
2112 2340 2172 2370 &c.
2209 2324 2316 2368 ²Niclii1
2339 2337 2381 2368 est

1309 2388 1404 2410 autern
1418 2380 1496 2419 quod
1512 2380 1627 2420 Regem
1641 2381 1730 2417 magis
1744 2386 1859 2417 oportet
1873 2379 1996 2416 habere,
2014 2377 2091 2408 unde
2105 2376 2172 2407 Rex
2187 2376 2234 2407 ille
2247 2375 2381 2413 pacificus

1308 2417 1446 2449 Salomon
1462 2419 1549 2449 solam
1564 2429 1579 2449 a
1592 2418 1728 2449 Domino
1741 2418 1902 2456 sapientiam
1927 2416 2097 2455 postulavit,
2113 2424 2145 2448 ut
2166 2416 2308 2454 populum
2330 2414 2384 2447 sibi

1308 2456 1496 2488 commissum
1513 2456 1631 2496 provide
1644 2457 1722 2487 sciret
1739 2457 1903 2494 gubernare.

1347 2496 1441 2526 Porro
1461 2496 1605 2536 Smaragdi
1625 2495 1748 2527 viriditas
1768 2495 1868 2525 fidem:
1888 2494 1998 2533 Saphiri
2018 2494 2146 2525 serenitas
2161 2492 2256 2531 spem:
2276 2493 2383 2536 granati

1308 2534 1500 2566 rubicunditas
1519 2537 1677 2566 caritatem:
1697 2535 1795 2572 topatii
1816 2533 1922 2564 claritas
1943 2534 2139 2572 operationem
2153 2532 2263 2562 bonam
2278 2530 2382 2572 signifi-

1309 2582 1371 2613 cat,
1389 2573 1426 2604 de
1441 2584 1495 2612 qua
1509 2573 1670 2611 Dominus,
1686 2573 1777 2604 luceat
1793 2573 1839 2603 lux
1854 2571 1953 2603 vestra.
1992 2571 2091 2602 Habes
2105 2572 2190 2610 igitur
2203 2571 2232 2600 in
2247 2569 2380 2607 Smarag-

1308 2612 1349 2643 do
1369 2613 1448 2651 quod
1468 2611 1578 2643 credas:
1598 2614 1628 2643 in
1651 2613 1759 2651 saphiro
1779 2610 1857 2650 quod
1877 2611 1980 2649 speres:
2000 2611 2030 2640 in
2045 2617 2162 2649 granato
2175 2608 2255 2648 quod
2270 2608 2381 2648 diligas:

1309 2653 1339 2683 in
1351 2653 1458 2689 topatio
1474 2651 1552 2689 quod
1566 2661 1707 2682 exerceas:
1724 2659 1756 2681 ut
1768 2650 1805 2680 de
1817 2651 1921 2682 virtute
1931 2650 1962 2679 in
1976 2650 2113 2680 virtutem
2126 2646 2272 2685 ascendam,
2286 2646 2382 2678 donec

1312 2690 1413 2721 Deum
1425 2689 1561 2720 Deorum
1576 2689 1671 2721 videas
1684 2691 1714 2720 in
1729 2688 1818 2728 Syon.

1313 2819 1471 2868 Johannes
1494 2822 1580 2863 Rex,
1606 2818 1651 2852 ad
1675 2822 1850 2853 Petitionem
1876 2815 2004 2852 Othonis
2031 2817 2247 2863 Imperatoris,
2266 2813 2383 2863 pardoss

1625 2871 1717 2901 navit
1732 2870 1856 2915 Hugom'
1873 2865 1909 2900 de
1927 2867 2077 2899 Burnaco.

1313 2958 1430 3019 REX
1443 2958 1494 2990 Hu
1515 2959 1566 2990 oni
1578 2957 1614 2988 de
1626 2956 1774 2995 Burnaco,
1794 2957 1854 2988 &c
1894 2955 1970 2986 Scias
1985 2954 2083 2994 quod,
2100 2963 2155 2992 pro
2175 2964 2275 2986 amore
2287 2955 2322 2986 &
2333 2962 2385 2992 po-
2402 2969 2469 3001 ΑΜ
2488 2969 2522 3001 D

1386 2999 1486 3028 titione
1523 2996 1635 3041 ariffimi
1657 2996 1768 3040 nepotis
1787 2994 1878 3040 nostri
1901 2994 2027 3040 chonis
2044 2993 2153 3024 illustris
2166 2993 2256 3034 Regis
2271 2992 2383 3024 Roma·
2473 2994 2478 2999 ’
2523 2993 2530 2999 ’

1316 3031 2230 3118 ”wseffisst‘ffiz'ffifssssba..mofflflssfflnssz‘ihffs·..mm
2244 3069 2370 3101 nostram
2426 3086 2466 3114 a..

1315 3114 1350 3145 ad
1370 3114 1496 3145 eundum
1518 3115 1554 3158 in·
1565 3113 1710 3157 servitium
1727 3110 1877 3155 nostrum,
1895 3120 1925 3140 in
1939 3110 2060 3155 insulam
2075 3109 2112 3140 de
2124 3109 2223 3140 Getes
2243 3109 2291 3140 vel
2309 3094 2383 3147 apud
2401 3086 2460 3153 {gat-
2500 3148 2508 3154 ῃ

1317 3154 1367 3186 Ru
1389 3153 1487 3191 ellam,
1505 3153 1556 3196 ubi
1569 3152 1669 3182 mehus
1682 3150 1835 3181 viderimus
1850 3149 1989 3187 expedire.
2196 3187 2201 3192 ι
2401 3134 2497 3201 ῗοῇυἷ.
2555 3155 2557 3158 ’

1379 3200 1390 3222 t
1406 3191 1592 3222 concedimus
1615 3189 1695 3229 quod
1716 3187 1835 3220 adducas
1854 3196 1954 3220 tecum
1974 3195 2094 3219 uxorem
2116 3186 2150 3219 ὅτ.
2164 3185 2237 3218 filios
2250 3193 2331 3226 tuos,
2350 3184 2384 3216 ὅτ
2402 3211 2439 3230 m·
2460 3210 2486 3229 Ζ.

1317 3233 1355 3262 eis
1370 3229 1593 3270 providebimus.

2429 3016 2512 3048 1205.

2399 3051 2452 3076 Aa.
2466 3058 2494 3085 7.

1354 3310 1447 3343 Teste
1462 3309 1571 3348 meipso
1584 3309 1657 3348 apud
1673 3309 1798 3340 Merleb.
1817 3307 1954 3341 vicesimo
1966 3306 2086 3347 septimo
2098 3307 2145 3339 die
2158 3306 2342 3338 Decembris.>

1388 3441 1418 3470 ,ᾗ
1444 3445 1496 3479 De
1508 3442 1599 3489 fitlvo
1619 3443 1763 3477 conduflu
1775 3453 1832 3491 pro
1848 3440 2013 3491 Reginaldo
2028 3444 2106 3488 Rege
2120 3436 2312 3484 Inst'tlarum·
2401 3456 2418 3475 a
2433 3456 2458 3485 1·
2469 3464 2534 3493 ¹4oe

1320 3534 1435 3596 REX
1452 3535 1602 3572 omnibus,
1620 3532 1680 3564 &c.
2262 3566 2268 3572 ⁸
2400 3542 2468 3574 Am,
2489 3541 2523 3572 D

1413 3573 1510 3604 Sciatis
1531 3583 1583 3604 nos
1601 3570 1708 3603 dedisse
1725 3571 1832 3603 dileeto
1853 3565 2114 3612 cognatolnostm,
2131 3564 2171 3596 R·
2185 3565 2269 3610 ‚Regi
2281 3564 2384 3610 Insula-
2426 3566 2503 3612 1236
2524 3567 2533 3575 '

1321 3624 1402 3653 rum,
1420 3612 1527 3643 salvum
1539 3612 1573 3642 &
1584 3610 1712 3641 securum
1728 3611 1909 3642 condu&um
1923 3603 2056 3639 vemendl
2069 3603 2103 3649 ‘ch
2117 3614 2171 3649 1108,
2183 3615 2213 3635 11¹
2234 3604 2384 3645 Aflgham,
2399 3624 2452 3649 An.
2472 3604 2512 3655 7.-

1321 3654 1355 3684 &
1377 3649 1513 3684 redeundi
1532 3651 1568 3680 ab
1587 3649 1704 3693 Anglia,
1722 3650 1810 3688 usque
1829 3660 1845 3681 a
1863 3649 1909 3680 die
1926 3644 2058 3682 Paschae,
2073 3653 2103 3676 in
2125 3643 2290 3683 quindecim
2309 3644 2385 3683 dies,
2401 3659 2466 3698 Joh.

1321 3690 1426 3729 Anno,
1446 3689 1507 3720 δῖε.
1525 3688 1663 3727 Septimo.
2400 3702 2459 3725 ΡΜ,
2479 3704 2507 3730 7,

1360 3771 1399 3804 Et
1412 3773 1443 3802 in
1457 3769 1538 3808 hujus
1550 3770 1605 3808 rei,
1625 3768 1685 3800 &c¹
1723 3766 1876 3806 Testibus2'
2401 3734 2504 3806 Ξῖῗῖιμ
2507 3779 2530 3808 3.

1360 3850 1488 3892 Galfrido
1494 3849 1557 3892 filio
1571 3853 1649 3881 Petri
1662 3851 1762 3881 Comite
1773 3845 1874 3887 Effl’x,

1360 3893 1405 3922 W
1423 3893 1566 3927 Briewer,

1359 3928 1444 3962 Vileb.
1457 3925 1520 3972 filio
1535 3926 1640 3968 Reinfr.

1360 4007 1446 4049 Apud
1460 4007 1590 4041 Sarebur.
1610 4009 1718 4043 odtavo
1731 4006 1778 4039 die
1790 4001 1942 4037 Februarfi.

2343 4089 2391 4128 ,Dc
