2570 4261
0 272 60 303 lnn.
73 265 114 298 D-

5 307 88 346 1278.

0 349 49 376 idv.
68 355 78 372 ι
85 365 92 372 .

0 382 114 413 ÷11.118.

0 928 62 958 lnn.
73 925 115 956 D.

3 966 86 1003 1278.

0 1009 35 1035 ln.
48 1007 76 1032 6.

0 1086 24 1109 fx
31 1086 98 1108 Run-

0 1120 35 1147 'ela
49 1120 93 1147 Li-

0 1166 96 1184 irarum

0 1206 10 1224 z
15 1195 99 1224 Turri.

1 3356 41 3385 11.
52 3365 114 3393 ¹¹9-

673 183 784 225 ET
867 184 1131 227 ACTA
1212 188 1689 238 PUBLICA.

129 277 175 300 tro
188 292 198 307 ,
222 270 250 300 in
266 269 404 308 praedicto
424 268 522 300 itinere
545 267 643 300 fecerit
656 292 666 306 ,
694 267 752 298 hoc
775 267 913 308 praedieto
935 269 1010 309 Regi
1032 270 1184 309 imputetur

132 307 302 346 (dummodo
321 308 387 339 illud
405 306 633 343 disadvocaverit)
655 307 700 337 vel
723 307 800 345 quod
821 307 977 338 conductus
997 309 1091 338 noster
1104 332 1114 347 ,
1138 309 1184 339 seu

131 346 273 386 protec'fio
286 346 394 384 nostra,
414 346 434 365 *
467 354 561 384 ropter
581 346 638 375 hoc
658 345 799 374 minorem
813 346 937 382 optineat
953 347 1058 376 roboris
1072 346 1186 376 firmita-

132 394 190 415 tem
199 408 208 422 ,
224 393 270 415 aut
283 386 377 425 aliquo
390 394 421 414 m
460 393 480 413 o
492 392 604 424 propter
615 384 673 414 hoc
686 383 867 421 impediatur,
882 384 1064 424 inquietetur,
1083 385 1128 416 vel
1141 386 1186 415 in-

128 424 269 462 fringatur.

165 460 200 492 In
214 462 308 499 cujus,
325 461 386 491 &c-

168 499 302 529 Duratur.
317 498 401 536 usque
419 498 454 529 ad
474 498 591 530 Festum
611 497 814 529 Purificationis
834 498 923 529 beatae
945 498 1048 531 Mariae
1065 498 1188 539 Virginis

130 538 262 576 proximo
273 537 407 567 futurum.

167 612 257 645 Teste
270 611 310 644 R.
327 613 400 652 apud
414 613 539 645 Westm.
553 613 724 645 duodecimo
734 612 779 643 die
789 612 877 652 Junii.

131 740 239 771 Litera
256 736 433 784 siznfliffi‘mo
457 740 572 780 Patri,
608 739 736 770 Domino
759 741 841 783 Papae
855 763 864 779 ‚
901 736 981 784 quod
998 735 1187 781 confirmaret

172 784 394 832 postulationem
410 784 551 828 Roberti,
577 788 710 832 Epiftopi
724 785 848 819 Baskon.
867 788 902 824 ὠ·
924 786 1042 820 Wllen.
1061 785 1105 817 ad
1119 787 1186 817 Ar-

180 833 422 881 chiepifiopatum
442 834 701 880 Cantuarienfimss

186 918 357 950 Anffisiimo
371 921 400 951 in
415 920 534 951 Christo
548 920 642 959 Patri,
662 919 862 957 &.Domin0‚
890 918 1023 950 Domino
1034 918 1079 949 N.
1093 917 1189 949 divina

184 958 355 998 providentia
372 959 558 990 Sacrosan&ae
574 959 735 997 Romanae,
748 969 780 989 ac
802 959 958 989 universalis
971 958 1102 988 Ecclefiae
1116 955 1189 987 sum-

134 1005 186 1064 rr}o
200 995 349 1065 Pontgicfici,
366 997 520 1029 Edwardus
533 1020 543 1037 ,
566 997 624 1028 Dei
637 998 722 1037 gratia
737 1020 747 1036 ,
771 997 836 1028 Rex
850 997 959 1036 Angliae
973 1019 984 1035 ,
1004 997 1064 1034 &c.
1084 995 1188 1034 pedum

132 1043 152 1064 o
164 1044 200 1064 cu
211 1045 226 1064 a
298 1045 323 1065 c.

172 1058 299 1104 Vacante
317 1084 407 1113 nuper
423 1074 484 1106 sede
507 1074 709 1106 Cantuariensis
729 1074 863 1105 Eccleiiae
876 1096 886 1111 ,
911 1082 960 1110 per
981 1072 1188 1103 transsationem

133 1112 294 1142 venerabilis
307 1115 388 1152 patris
401 1113 441 1143 R.
455 1113 562 1144 dudum
576 1114 656 1151 ipsius
669 1112 801 1144 Ecclefiae
819 1110 1046 1153 Archiepiscopi,
1065 1112 1094 1140 in
1109 1109 1191 1154 Epis-

133 1159 240 1190 copum
253 1149 386 1182 Portuen.
401 1151 482 1183 Prior
496 1153 530 1183 &
543 1152 711 1183 Conventus
722 1151 841 1188 ejusdem
855 1150 1004 1187 Eccleiiae,
1021 1150 1036 1179 {1
1050 1149 1131 1178 nobis
1147 1148 1189 1192 (ut

133 1190 220 1218 moris
234 1189 284 1227 est)
300 1189 335 1220 de
355 1191 515 1230 provisione
532 1190 650 1221 Pastoris
671 1190 791 1220 viduatae
811 1188 945 1219 Ecclesiae
963 1187 1088 1217 facienda
1103 1195 1188 1225 petita

129 1226 258 1267 licentia,
276 1229 310 1259 &
324 1237 455 1268 optenta,
474 1230 539 1268 ipsi,
557 1230 756 1259 convenientes
776 1229 805 1257 in
822 1237 911 1257 unum
926 1249 942 1270 ,ν
957 1227 992 1270 ,δε
1012 1226 1047 1270 de
1061 1224 1190 1270 substitu-

131 1266 210 1296 tione
224 1267 292 1298 dieti
305 1267 425 1298 Pastoris
438 1268 547 1298 diversis
560 1268 669 1298 vicibus
680 1267 796 1297 tractatu
808 1266 903 1295 habito
914 1264 1054 1304 diligenti,
1071 1264 1189 1307 demum

131 1304 166 1334 ad
180 1305 326 1342 personam
341 1307 503 1337 venerabilis
516 1305 605 1335 Patris
618 1305 739 1334 Roberti
753 1326 763 1342 ,
789 1303 909 1333 Bathon.
930 1304 963 1333 ὃς
978 1303 1101 1333 Wellen.
1124 1301 1191 1340 Epi-

132 1342 227 1382 scopi,
246 1343 412 1375 Cancellarii
424 1343 530 1382 nostri,
547 1352 614 1374 vota
627 1343 671 1373 sua
685 1343 851 1373 unanimiter
863 1342 1037 1378 direxerunt,
1056 1340 1191 1378 &ipsum

132 1382 161 1411 in
173 1383 252 1413 suum
261 1382 511 1421 Archiepiscopum
524 1381 707 1413 &Pastorem
723 1380 902 1411 concorditer
914 1379 1100 1417 postularunt:
1119 1388 1191 1418 prae-

130 1419 264 1451 sentantes
278 1422 359 1451 nobis
371 1421 517 1451 decretum
537 1419 728 1460 postulationis
740 1419 841 1457 ipsius;
864 1419 915 1455 &,
934 1418 1011 1455 quod
1032 1417 1191 1461 hujusmodi

132 1459 312 1525 plostulationi
323 1459 451 1490 nostrum
462 1459 650 1500 praeberemus
666 1458 800 1488 assensum
812 1456 955 1496 Regium,
974 1456 1116 1487 humiliter
1131 1457 1193 1495 sup-

162 1506 271 1528 icantes.

131 1507 151 1537 P
168 1535 236 1565 Nos
250 1536 334 1576 igitur
345 1559 355 1574 ,
379 1544 480 1567 eorum
498 1535 574 1574 justis
589 1534 834 1576 supplicationibus
852 1533 994 1572 inclinati,
1012 1532 1192 1571 postulationi

129 1573 273 1611 praedictae
285 1598 295 1613 ,
320 1585 406 1613 quam
429 1575 464 1605 de
484 1574 598 1614 persona
615 1574 717 1604 idonea
737 1573 896 1603 invenimus
916 1573 1053 1603 canonice
1068 1571 1192 1603 celebra-

129 1620 205 1649 tam,
224 1613 360 1643 ass'ensum
372 1613 502 1643 nostrum
517 1613 646 1643 duximus
658 1610 848 1642 tribuendum.

170 1650 306 1692 Cumque
325 1662 377 1682 nos
393 1651 579 1690 (sandiiffime
591 1651 672 1681 Pater
690 1651 723 1681 &
743 1649 889 1685 Domine)
924 1649 1048 1680 ersonam
1067 1648 1193 1688 praedicti

130 1688 283 1728 Postulati,
300 1691 372 1721 inter
386 1700 484 1720 omnes
499 1689 631 1720 Praelatos
644 1690 678 1720 &
692 1688 819 1718 Clericos
834 1689 901 1727 Ang
914 1690 961 1727 'ae,
979 1688 1120 1732 cujusdam
1133 1687 1149 1717 s
1163 1697 1191 1731 e-

130 1728 207 1759 cialis
217 1730 319 1759 amoris
332 1729 480 1767 privilegio
493 1729 705 1767 prosequamur,
722 1728 895 1768 exigentibus
913 1728 964 1758 suis
979 1728 1083 1757 meritis
1089 1735 1147 1794 lpro
1168 1735 1192 1756 i-

129 1767 190 1797 tatis
201 1790 212 1805 ,
239 1767 273 1797 &
291 1766 497 1797 transsationem
516 1767 596 1806 ipsius
615 1766 649 1797 ad
665 1765 831 1806 praedietam
848 1765 1074 1797 Cantuariensem
1117 1764 1192 1794 ccle-

129 1805 197 1835 fiam
213 1805 328 1843 (quam,
342 1804 408 1845 post
419 1804 618 1836 sacroianCiam
630 1804 794 1835 Romanam
802 1803 974 1842 Ecclesiam,
991 1804 1135 1844 specialem
1148 1813 1191 1833 re-

127 1844 327 1883 cognoscimus
340 1853 463 1875 matrem
478 1844 617 1881 nostram)
638 1853 691 1884 pro
704 1842 839 1873 fidelitatis
852 1843 907 1873 suae
920 1842 1074 1874 constantia
1082 1865 1092 1881 ,
1105 1852 1189 1881 quam

127 1881 181 1920 ad,
197 1882 357 1913 recolendae
369 1883 535 1922 memoriae,
554 1882 719 1913 Dominum
734 1881 775 1912 I-l.
790 1880 902 1920 Regem
915 1882 1026 1921 Angliae
1038 1880 1191 1919 illustrem,

129 1921 287 1960 genitorem
298 1921 444 1959 nostrum,
462 1922 496 1952 δε
510 1931 579 1960 1108,
596 1931 629 1952 ac
649 1929 739 1952 toram
758 1919 911 1951 Ecclesiam
925 1920 1109 1960 Anglicanam
1120 1918 1192 1949 sern-

128 1968 179 1998 per
189 1959 322 1990 haEtenus
334 1959 430 1990 habuit
444 1961 651 2000 incorruptam,
666 1960 699 1990 δε
714 1969 731 1989 a
744 1968 799 1997 qua
812 1959 891 1989 nullo
905 1968 1030 1997 unquam
1043 1968 1100 1989 tem
1121 1968 1171 1989 ore
1180 1981 1190 1997 ,

127 1997 239 2029 nubulo
253 1999 299 2030 vel
312 1998 408 2029 sereno
421 2021 431 2036 ,
458 1999 533 2029 flecti
555 1999 669 2037 potuit,
693 1998 738 2028 seu
759 1998 844 2028 etiam
861 1997 972 2029 deviare
984 2020 994 2036 ,
1019 1997 1094 2028 hone
1121 1999 1142 2028 is
1157 2007 1190 2028 ex

126 2036 215 2067 corde
230 2036 367 2068 desideriis
377 2037 558 2068 affeetemus:

165 2075 308 2107 Sanctitas
325 2076 425 2106 vestrae
437 2100 448 2116 ,
471 2076 507 2106 de
528 2087 581 2115 qua
596 2075 708 2115 plenam
721 2075 752 2105 in
771 2074 905 2106 Domino
924 2074 1058 2106 fiduciam
1078 2075 1191 2106 obtine-

127 2122 191 2144 mus
204 2138 214 2152 ,
238 2122 298 2146 tota
318 2116 418 2145 mentis
436 2115 589 2146 devotione
602 2139 612 2153 ,
638 2122 752 2153 totaque
770 2114 862 2145 cordis
880 2113 1034 2145 affefflone
1050 2115 1191 2145 humiliter

125 2152 327 2192 supplicamus,
346 2162 482 2192 quatenus
494 2153 612 2194 provide
625 2152 828 2183 considerantes
845 2153 883 2191 (si
896 2153 1001 2190 placet)
1017 2154 1190 2184 incrementa

125 2191 306 2231 profec'iuum
319 2193 353 2223 ὃς
367 2192 529 2231 honorum,
545 2202 609 2232 quae
624 2199 682 2221 tarn
695 2193 711 2221 s
726 2191 882 2230 iritualiter,
900 2201 985 2229 quam
999 2191 1191 2229 temporaliter

125 2238 176 2298 per
189 2230 395 2261 transsationem
412 2231 531 2270 saepefati
547 2230 678 2270 postulati
702 2201 765 2268 sitiri
782 2230 897 2269 quidem
913 2239 971 2260 tam
987 2230 1016 2260 in
1031 2231 1192 2268 temporali-

148 2278 195 2307 us,
210 2279 297 2307 quam
319 2270 348 2299 in
369 2269 552 2308 spiritualibus
571 2268 768 2309 circumspeffi
781 2291 791 2307 ,
813 2269 867 2300 viri
883 2270 956 2299 mitis
969 2291 980 2307 ,
1005 2268 1138 2308 affabilis,
1157 2269 1191 2300 &

127 2307 259 2347 benigni,
277 2308 329 2338 viri
342 2308 426 2338 etiam
444 2308 660 2346 misericordiae,
680 2307 912 2346 mansuetudinis,
927 2309 1044 2338 caritatis
1058 2308 1091 2339 &
1104 2308 1190 2346 pacis)

126 2345 234 2377 nedum
255 2345 379 2387 praefatae
400 2346 592 2378 Cantuariensi
609 2346 743 2377 Ecclesiae
756 2369 766 2384 ,
790 2347 884 2377 immo
904 2347 988 2377 etiam
1007 2347 1060 2377 toti
1085 2346 1192 2386 Regno

128 2384 229 2415 nostro
243 2393 392 2424 poterunt,
411 2386 509 2417 divina
521 2386 633 2416 favente
646 2384 797 2416 clementia
808 2407 818 2423 ,
843 2386 991 2422 provenire
1004 2396 1014 2423 3
1037 2386 1071 2416 ὃς
1085 2385 1192 2416 confir-

125 2432 233 2454 mantes
246 2425 275 2453 in
293 2423 346 2454 hac
366 2433 442 2462 parte
461 2422 708 2459 vestram-nostris
727 2423 874 2453 affectibus
894 2423 1070 2454 voluntatem
1094 2424 1191 2463 (quod

124 2470 180 2500 pro
191 2471 308 2492 munere
326 2464 456 2502 petimus)
472 2469 665 2492 memoratum
686 2461 804 2492 Bathon.
825 2462 859 2492 ὃς
877 2461 1002 2492 Wellen.
1014 2461 1191 2502 Episcopum

125 2499 160 2529 ad
173 2500 319 2537 praefatam
328 2500 558 2531 Cantuariensem
566 2500 721 2531 Ecclesiam
728 2522 738 2538 ,
754 2499 996 2537 contemplatione
1007 2500 1113 2539 nostri,
1120 2511 1194 2531 con-

125 2537 289 2569 fideratione
310 2540 489 2578 profesiuum
509 2539 542 2570 &
562 2539 709 2569 honorum
729 2538 949 2577 praedictorum,
967 2539 1111 2569 transferre
1132 2539 1194 2578 dig-

124 2577 249 2613 nemini,
268 2576 305 2607 de
318 2578 402 2617 gratia
415 2577 533 2618 speciali.

165 2614 310 2646 Mittimus
323 2624 418 2646 autem
432 2615 466 2646 ad
481 2616 639 2646 sanctitatis
658 2615 759 2645 vestrae
780 2615 957 2654 praesentiam
976 2615 1095 2646 &ledros
1113 2615 1147 2646 ὅτ,
1160 2614 1193 2645 fi-

126 2652 201 2683 deles
214 2652 341 2693 nostros,
360 2654 542 2685 Franciscum
557 2654 685 2685 Accursii
704 2654 739 2684 de
758 2653 889 2684 Bononia
900 2677 910 2693 ,
932 2654 1000 2692 juris
1020 2654 1109 2685 civilis
1124 2664 1193 2691 pro-

127 2691 261 2722 fessorem
271 2715 281 2731 ,
297 2693 501 2731 consiliarium,
515 2693 695 2730 familiarem,
711 2693 744 2723 &
754 2692 930 2723 secretarium
946 2692 1093 2731 nostrum,
1110 2692 1194 2722 Tho-

127 2739 208 2760 mam
221 2730 256 2761 de
271 2730 376 2761 Sandto
392 2731 499 2771 Vigore
515 2731 661 2770 Militem,
680 2730 833 2770 Magistros
852 2731 1014 2762 Henricum
1029 2731 1143 2770 Husee,
1158 2731 1193 2762 ὃς

127 2767 243 2799 Iterium
257 2768 292 2799 de
307 2769 472 2809 Engolismo
486 2768 617 2800 Clericos
631 2769 759 2808 nostrOS,
779 2771 956 2808 praesentium
969 2771 1132 2809 portitores,

166 2807 300 2838 Vestram
315 2807 509 2839 Clementiam
522 2816 666 2839 exorantes
674 2831 684 2847 ,
704 2809 833 2846 quatinus
845 2808 1032 2839 indubitatam
1045 2808 1130 2838 fidem
1144 2808 1194 2838 ad-

128 2845 226 2877 hibere
240 2846 321 2884 super
334 2846 402 2885 hiis,
421 2857 485 2887 quae
499 2848 548 2885 ipsi
567 2856 602 2877 ex
620 2857 698 2884 parte
716 2846 832 2885 nostra,
849 2849 1042 2877 communiter
1060 2848 1106 2878 vel
1121 2846 1194 2877 divi-

127 2885 180 2915 sim
195 2907 204 2922 ,
228 2886 259 2914 in
281 2885 435 2923 conspeetu
455 2885 551 2917 vestro
567 2909 576 2923 ,
601 2885 681 2923 super
701 2887 818 2924 negotio
835 2886 1030 2924 postulationis
1048 2885 1193 2925 praedictae

127 2922 260 2954 duxerint
272 2923 439 2960 exponenda
451 2935 461 2962 ¹,
486 2924 520 2955 &
533 2924 657 2965 exposita
671 2948 681 2963 ,
703 2923 795 2955 nostri
807 2926 910 2955 amoris
924 2926 1025 2955 intuitu
1040 2947 1050 2963 ,
1074 2925 1193 2963 gratiose

127 2960 259 3029 digpIetur
273 2961 365 2993 vestra
378 2962 514 2993 Sanctitas
529 2962 667 2994 exaudire.

202 3008 235 3028 os
247 3001 342 3038 enim,
357 3001 404 3038 qui
418 3001 565 3038 personam
580 3001 701 3032 vestram
723 3002 753 3032 in
773 3001 889 3042 persona
904 3001 1045 3040 saepedidti
1060 3000 1192 3040 postulati

128 3037 318 3076 reputabimus
336 3039 494 3076 honorari,
519 3047 577 3069 tarn
597 3041 679 3070 vobis
691 3063 702 3079 ,
728 3051 812 3078 quam
830 3040 927 3071 vestris
942 3048 1088 3080 propterea
1103 3041 1191 3072 teneri

129 3075 263 3107 volumus
276 3077 363 3106 acrius
377 3077 493 3120 obligati
508 3076 542 3106 ad
565 3079 665 3108 omnia
678 3101 687 3115 ,
713 3089 777 3117 quae
798 3079 1002 3110 Dominationi
1023 3079 1124 3109 vestrae
1140 3081 1192 3110 sint

127 3114 230 3154 placita
245 3137 255 3153 ,
279 3124 314 3145 ac
328 3115 499 3147 exaltationis
516 3114 622 3146 domus
643 3116 743 3148 vestrae
763 3119 796 3149 &
812 3117 972 3150 vestrorum
985 3117 1131 3158 respiciant
1147 3119 1190 3147 in-

126 3161 315 3185 crementum.

163 3189 337 3230 Conservet,
355 3192 416 3222 &c.

166 3227 237 3260 Dat.
250 3230 326 3268 apud
333 3229 513 3271 Wyndesore
527 3230 642 3262 decimo
655 3231 701 3262 die
707 3233 790 3273 Julii,
808 3244 886 3265 anno
898 3233 993 3274 Regni
1005 3234 1096 3265 nostri
1107 3235 1190 3265 sextO.

131 3353 159 3381 ³*
182 3357 289 3389 Litera
308 3357 440 3400 Principi
455 3355 564 3389 Walliae
582 3354 619 3390 de
637 3357 775 3404 Epifiopo
793 3361 985 3406 Bangerenst,
1009 3360 1048 3393 de
1069 3358 1191 3394 Abbase

174 3403 210 3436 de
219 3400 423 3450 Basi'ngwerlz,
446 3415 553 3435 necnon
570 3403 605 3436 de
615 3405 736 3450 placitis
753 3409 789 3445 ὠ·
802 3410 1002 3453 controveifiis
1013 3435 1023 3453 ‚
1051 3413 1082 3442 in
1093 3413 1190 3443 Mar-

172 3451 242 3485 chia
257 3454 293 3490 ὠ·
312 3450 423 3486 PVallia
439 3451 607 3485 audiendis.

105 3576 113 3584 ·
130 3535 392 3614 REffl-affiiilgto
413 3537 447 3568 &
469 3536 543 3568 fideli
563 3537 612 3568 suo
626 3562 636 3576 ,
658 3537 806 3571 Lewelino
823 3540 884 3572 filio
905 3541 1042 3582 Griffini,
1064 3542 1191 3581 Principi

168 3613 209 3646 Fa

215 3639 224 3654 ,
241 3625 305 3654 quae
318 3614 353 3645 de
368 3615 485 3653 negotiis
502 3615 665 3645 venerabilis
678 3616 760 3653 patris
772 3615 807 3646 A.
822 3617 978 3658 Bangoren.
993 3619 1124 3658 Episcopi
1138 3629 1192 3650 vo-

132 3653 274 3693 bis'nuper
288 3652 483 3684 mandavimus
496 3677 506 3691 ,
530 3664 590 3684 non
604 3654 644 3683 ob
659 3654 687 3684 id
702 3677 712 3691 ,
739 3654 817 3692 quod
831 3657 969 3688 libertates
983 3658 1084 3689 vestras
1097 3661 1126 3688 in
1142 3659 1192 3689 ali-

133 3702 191 3729 quo
206 3693 347 3730 diminui,
367 3692 410 3722 seu
421 3693 527 3730 juribus
542 3691 637 3722 vestris
648 3693 816 3729 aliquatenus
828 3693 896 3725 dero
915 3697 953 3726 ari
966 3698 1118 3736 vellemus,
1137 3707 1191 3727 vo-

92 3763 101 3771 ·
134 3729 176 3760 bis
190 3730 420 3775 significavimus3
435 3731 475 3774 set
489 3740 519 3761 ut
534 3731 606 3761 inter
618 3740 670 3760 vos
683 3731 716 3761 ὃ(
729 3730 819 3774 ipsum
833 3731 888 3772 Epi
900 3744 1022 3774 copum,
1040 3745 1123 3776 prout
1139 3735 1192 3765 ho-

91 3803 97 3809 ·
133 3776 198 3798 nori
212 3769 308 3800 vestro
322 3776 479 3812 congruit,
500 3778 601 3807 pacem
611 3769 648 3812 ¹&
671 3768 858 3800 concordiam
876 3771 1059 3811 foveremus,
1084 3782 1120 3804 ne
1134 3774 1190 3814 ipse

108 3839 115 3846 ι
131 3805 168 3836 de
180 3807 286 3846 aliquo,
304 3807 383 3847 quod
398 3807 536 3838 libertates
549 3816 596 3837 aut
609 3817 664 3844 lura
685 3806 818 3838 Ecclesiae
835 3808 890 3839 suae
905 3809 1007 3842 laedere
1025 3813 1134 3851 posset,
1153 3812 1189 3843 de

131 3844 213 3875 vobis
226 3845 324 3885 justam
341 3846 487 3877 materiam
500 3846 601 3876 habere
616 3845 707 3883 posset
721 3847 927 3885 conquerendi:

170 3881 291 3921 Propter
306 3885 383 3925 quod
396 3894 448 3914 vos
466 3894 595 3925 rogamus
610 3884 706 3923 quod,
723 3884 816 3922 quoad
835 3885 892 3922 jura
906 3885 1051 3924 spiritualia
1066 3889 1099 3919 &
1115 3897 1189 3919 tern-

131 3921 235 3958 poralia
248 3922 327 3959 ipfius
338 3923 488 3961 Episcopi,
508 3933 566 3953 tam
578 3923 716 3953 curialiter
731 3923 764 3953 &
779 3923 924 3962 modeste,
941 3925 1009 3956 sicut
1023 3926 1188 3965 Principem

131 3958 213 3989 decet
249 3969 300 3989 vos
312 3962 411 4000 geratis
423 3971 486 4000 erga
499 3961 604 3999 ipsum,
623 3960 700 4000 quod
715 3970 749 3990 ex
764 3960 821 3991 hoc
834 3961 928 3991 honor
942 3964 1024 3994 vobis
1035 3966 1189 4004 accrescat,

130 3997 164 4027 &
181 3997 196 4026 a
210 3981 278 4027 beo
294 4000 506 4030 retributionem
522 3999 696 4039 condignam
711 4001 874 4029 mereamini
891 4009 1039 4037 reportare.

167 4033 314 4065 Caeterum
328 4037 408 4067 nobis
423 4048 483 4068 non
497 4039 620 4076 displicet
635 4037 711 4076 quod
728 4048 778 4068 vos
792 4038 826 4068 de
841 4038 952 4068 Abbate
966 4039 1002 4069 de
1014 4039 1190 4080 Bafingwerk

131 4074 298 4118 exigitisqea,
315 4084 378 4113 quae
397 4085 449 4108 vos
463 4078 497 4109 ὃς
513 4076 727 4115 praedeceisores
746 4075 830 4109 vestri
851 4077 957 4116 semper
971 4077 1104 4110 hactenus
1115 4079 1190 4118 Juste

2194 213 2267 255 173

1222 273 1255 303 δί
1277 276 1395 320 pacifice
1418 281 1560 324 percipere
1578 282 1781 321 consuevist153
1807 284 1845 315 iet
1867 284 2029 316 intentionis
2046 284 2151 316 nostrae
2173 285 2277 322 fuerat,
2295 284 2369 317 Anti.
2386 284 2427 318 D⁶

1218 320 1286 342 cum
1301 323 1354 350 pro
1365 316 1425 353 ipso
1439 319 1517 347 VObIS
1531 321 1701 359 1cripfimus,
1718 323 1798 361 vobis
1810 333 1841 352 ea
1855 325 1945 362 potius
1966 323 2075 353 suadere
2090 334 2154 364 quae
2171 324 2206 354 ad
2219 324 2273 354 ho·
2315 326 2397 363 1278.

1219 360 1319 380 norem
1333 354 1459 384 vestrum
1475 356 1596 394 spedhrre

1221 397 1428 436 immunitatem
1445 394 1568 430 praestari
1583 395 1617 425 ad
1632 397 1659 426 id
1673 397 1832 428 faciendum
1846 422 1856 437 ,
1877 399 1955 437 quod
1971 399 2026 436 ipse
2045 401 2078 430 &
2090 400 2276 438 praedecesso-

1222 436 1264 470 res
1278 427 1316 457 sui
1330 431 1410 460 vobis
1423 431 1455 460 δε
1469 435 1695 471 progenitoribus
1713 436 1807 466 vestris
1818 437 1924 477 semper
1942 439 2076 468 hactenus
2094 439 2168 477 juste
2181 440 2214 470 &
2228 438 2278 469 de-

1222 465 1281 495 bite
1293 466 1384 497 facere
1398 470 1616 501 consueverunt:

1260 502 1482 552 Verumptamen
1496 519 1547 551 vos
1560 518 1689 548 rogamus
1699 511 1776 549 quod
1791 513 1825 542 ab
1844 513 1904 549 ipso
1921 513 1970 544 alia
1985 524 2045 544 non
2062 515 2174 553 petatis,
2189 524 2274 554 quam

1222 551 1253 572 ea
1270 553 1332 586 quae
1341 544 1415 588 juste
1429 546 1463 576 δε
1476 545 1569 576 debit'e
1588 556 1680 584 petere
1694 549 1799 579 debetis
1812 572 1821 588 ‚
1845 553 1878 581 <St
1897 552 2029 582 hactenus
2043 555 2187 590 percipere
2206 554 2276 584 sole-

1224 581 1311 624 batis,
1327 583 1360 612 ὃς
1374 583 1465 623 ipsum
1479 584 1551 615 adeo
1564 585 1722 616 humaniter
1737 588 1857 618 tra&etis
1871 614 1880 626 ,
1900 590 1976 626 quod
1992 613 2001 629 ,
2024 592 2056 620 ad
2072 592 2170 626 justam
2183 593 2277 630 queri-

1225 627 1352 650 moniam
1366 621 1442 652 suam
1452 645 1460 659 ,
1475 624 1538 660 cui,
1557 624 1627 654 sicut
1642 635 1695 655 nec
1709 627 1815 656 caeteris
1833 626 1869 656 de
1886 626 1990 666 Regno
2004 628 2119 666 nostro,
2135 631 2163 659 in
2178 630 2277 667 justitia

1223 656 1315 687 deeise
1329 669 1388 694 non
1402 660 1544 700 possumus
1555 685 1564 699 ,
1588 672 1639 692 nos
1652 673 1712 693 non
1727 672 1856 701 oporteat
1873 664 2036 703 Justiciaiiis
2053 668 2151 697 nostris
2166 669 2274 698 ibidem

1223 694 1395 727 demandare
1408 699 1499 738 quod,
1516 701 1612 730 auditis
1625 701 1675 731 suis
1690 703 1870 740 querimoniis
1884 726 1894 741 ,
1919 705 1967 734 libi
1983 704 2041 734 fieri
2054 705 2155 736 faciant
2167 706 2278 744 justitiae

1223 735 1477 772 complementum.

1236 810 1241 815 ⁵
1260 773 1420 818 Articulum
1435 785 1527 806 autern
1547 777 1619 814 pacis
1631 801 1640 814 ,
1663 778 1734 808 inter
1749 788 1800 808 nos
1814 780 1847 810 ὃς
1863 790 1914 810 vos
1933 781 2009 811 initae
2023 804 2033 819 ,
2055 781 2090 812 de
2106 792 2164 820 quo
2178 781 2278 812 vestrae

1222 809 1310 853 literae
1323 821 1498 856 mentionem
1514 815 1667 854 faciebant,
1683 816 1828 855 videlicet,
1845 818 1881 848 de
1900 819 2006 857 placitis
2021 822 2053 851 ὃ(
2067 821 2278 859 controversiis,

1223 858 1252 892 in
1266 849 1399 892 'Marchia
1412 852 1445 881 ὃ(
1460 852 1563 895 Wallia
1576 854 1736 893 audiendis,
1754 856 1787 886 δε
1803 858 1983 887 terminandis
1997 881 2006 896 ,
2030 859 2107 888 aliter
2123 868 2183 888 non
2198 859 2280 888 intel-

1224 887 1334 925 ligimus
1349 910 1359 926 ,
1384 897 1438 919 nec
1460 892 1575 930 intelligi
1601 892 1718 930 potest,
1741 903 1825 937 quam
1846 897 2019 933 temporibus
2041 896 2279 934 praedecessorum

1221 924 1387 956 nostrorum
1401 928 1515 966 Regum
1540 931 1650 968 Angliae
1664 953 1673 969 ,
1700 932 1733 962 &
1753 940 1837 962 etiarn
1860 934 2033 972 temporibus
2052 935 2153 964 nostris
2172 935 2277 973 semper

1223 963 1357 995 hastenus
1373 966 1501 996 usitatum
1516 970 1604 998 eittitit
1618 970 1651 999 ὃ(
1666 970 1847 999 consuetum:

1262 1001 1331 1045 Nec
1348 1003 1431 1033 etiam
1446 1005 1513 1035 illud
1531 1015 1563 1035 ex
1577 1007 1665 1036 verbo
1676 1011 1750 1044 pacis
1765 1009 1843 1038 obici
1863 1009 1954 1045 potest
1968 1032 1977 1047 ,
2002 1011 2051 1040 nisi
2072 1010 2148 1048 quod
2163 1019 2280 1041 contro·-

1223 1042 1319 1083 veriiae
1334 1042 1368 1072 ὃς
1378 1044 1590 1081 contentiones,
1609 1054 1696 1074 motae
1711 1046 1741 1074 in
1764 1045 1896 1076 Marchia
1909 1069 1918 1083 ,
1944 1048 2096 1077 secundum
2111 1049 2183 1083 leges
2202 1049 2279 1078 Mar-

1224 1077 1313 1117 chiae,
1330 1080 1363 1109 &
1378 1080 1432 1121 illae
1444 1103 1453 1118 ,
1478 1091 1542 1120 quae
1563 1082 1592 1111 in
1606 1082 1711 1112 Wallia
1724 1085 1850 1113 oriuntur
1863 1107 1872 1122 ,
1893 1085 2046 1115 secundum
2061 1080 2279 1125 legestllallen-

1225 1116 1310 1160 sium,
1329 1117 1417 1147 audiri
1430 1120 1463 1149 ὃς
1484 1120 1623 1149 terminari
1637 1119 1740 1150 debent
1758 1121 1792 1151 ad
1807 1131 1898 1152 certos
1916 1123 1972 1152 dies
1994 1126 2027 1153 &
2042 1125 2102 1154 loca
2114 1147 2124 1162 ,
2146 1135 2215 1164 quos
2227 1135 2280 1155 nos

1226 1154 1332 1185 ibidem
1349 1157 1469 1193 partibus
1482 1157 1642 1188 duxerimus
1655 1158 1847 1197 praefigendos.

1265 1193 1302 1223 Et
1317 1193 1425 1224 idcirco
1438 1206 1537 1226 coram
1550 1196 1708 1234 Justiciariis
1723 1197 1836 1235 nostris,
1854 1197 1884 1227 in
1900 1198 2019 1235 partibus
2033 1199 2082 1229 illis
2097 1222 2106 1237 ,
2129 1199 2162 1229 ad
2173 1201 2231 1230 dies
2245 1201 2278 1232 δε

1225 1230 1304 1270 loca,
1323 1242 1394 1270 quos
1408 1234 1458 1271 ipsi
1472 1235 1554 1264 vobis
1566 1235 1633 1265 scire
1646 1235 1767 1274 faciant,
1787 1245 1884 1266 coram
1900 1237 1959 1274 ipsis
1974 1239 2101 1275 venietis,
2119 1238 2153 1268 ad
2174 1239 2277 1268 facien-

1224 1268 1293 1338 ‹ciiugip
1305 1270 1338 1300 &
1351 1272 1543 1311 recipiendum
1558 1274 1634 1312 quod
1644 1273 1749 1311 justitia
1762 1273 1908 1305 di&avei·it
1929 1275 2082 1306 secundum
2098 1276 2168 1314 leges
2188 1276 2281 1315 supta-

1248 1318 1255 1337 i
1286 1319 1321 1338 as.

1255 1346 1327 1390 'Alia
1338 1356 1431 1378 autem
1445 1358 1509 1379 vera
1521 1349 1591 1380 illius
1605 1350 1714 1381 articuli
1734 1351 1922 1390 interpretatio
1942 1351 2000 1381 fieri
2023 1362 2082 1382 non
2103 1351 2211 1390 potest,
2228 1362 2282 1384 nec

1227 1384 1299 1415 aliud
1314 1396 1447 1426 umquam
1461 1388 1659 1426 intelleximus,
1677 1398 1722 1419 aut
1734 1389 1910 1429 intelligimus
1922 1391 1950 1419 in
1962 1391 2014 1420 liac
2029 1399 2112 1428 parte.

1263 1424 1377 1454 Sinistra
1389 1425 1539 1464 liquidem,
1558 1427 1592 1457 ad
1607 1428 1720 1464 alicuius
1734 1427 1825 1458 falsam
1841 1427 2063 1467 suggestionem,
2079 1427 2115 1458 de
2129 1429 2211 1458 vobis
2223 1438 2284 1458 non

1227 1463 1392 1501 credemus,
1411 1464 1448 1493 set
1461 1466 1551 1501 potius
1565 1465 1703 1503 speramus
1715 1468 1792 1505 quod
1814 1466 1885 1496 fasta
1904 1467 1983 1497 dictis
2002 1468 2232 1507 compeiisabitis,
2250 1468 2283 1498 δε

1229 1510 1292 1541 erga
1306 1511 1357 1531 nos
1370 1502 1403 1532 &
1418 1503 1531 1533 nostros
1545 1503 1651 1542 semper
1666 1503 1783 1534 fideliter
1797 1514 1847 1535 vos
1861 1507 1968 1544 geretis.

1263 1577 1350 1608 Teste
1364 1577 1446 1618 Rege
1458 1579 1531 1617 apud
1546 1580 1691 1611 Windsor.
1706 1581 1821 1612 decimo
1834 1590 1933 1620 quarto
1946 1581 1992 1612 die
2000 1582 2076 1620 Julii.

1230 1713 1319 1746 Bulla
1335 1715 1417 1759 l’apae
1430 1724 1484 1759 per
1500 1715 1779 1761 qnam‘responfhm
1804 1726 1869 1748 erat
1886 1717 2014 1749 IVunciis
2038 1719 2144 1763 Regis,
2161 1717 2287 1762 petenti-

1404 1760 1458 1794 bus
1473 1761 1622 1797 decimam
1639 1763 1906 1808 Ecclefiasticorum
1925 1764 2107 1799 reddituum.

1229 1922 1368 1954 estimem.

1616 359 1768 390 noscuntur
1780 383 1790 398 ,
1814 363 1899 398 quam
1918 361 2010 391 eidem
2030 362 2137 392 Abbati
2153 363 2274 406 aliquam
2294 365 2361 392 Edv.
2386 373 2411 390 ι.

1312 1846 1418 1890 Icolaus
1432 1847 1604 1891 Episcopus,
1621 1850 1713 1880 servus
1726 1850 1869 1891 servorum
1877 1848 1953 1887 Dei,
1972 1849 2114 1880 carissimo
2125 1851 2155 1879 in
2166 1849 2285 1881 Christo
2306 1860 2380 1892 Ann·
2395 1861 2437 1892 D-

1312 1885 1387 1924 filio,
1405 1886 1481 1925 Regi
1496 1887 1607 1927 Angliae
1625 1887 1745 1927 illustri,
1770 1889 1882 1919 ialutem
1904 1889 1937 1919 δε
1953 1888 2151 1928 Apostolicam
2170 1889 2286 1920 benedi·
2323 1902 2408 1938 1273·
2429 1886 2437 1895 ⁸

2302 1943 2353 1966 An⁴
2367 1940 2396 1969 6.

1266 1960 1377 1993 Dilecti
1390 1963 1455 2003 filii,
1472 1965 1556 1995 frater
1568 1963 1712 2001 Johannes
1725 1964 1760 1995 de
1768 1964 1943 2002 Derlenton,
1959 1964 2066 1995 ordinis
2078 1964 2195 1997 fratrum
2209 1966 2285 1996 Prae-
2304 1982 2333 2004 E.
2357 1989 2380 2007 ¹,

1227 1998 1404 2040 dicatorum,
1421 2004 1455 2033 &
1472 2002 1601 2042 Magistri
1620 2003 1781 2042 Henricus,
1799 2005 1832 2034 δὲ
1851 2003 2012 2034 Gulielmus
2026 2027 2035 2042 ,
2057 2012 2113 2033 tuae
2129 2005 2286 2036 Serenitatis

1228 2037 1358 2078 Nuncii,
1377 2050 1448 2078 quos
1462 2041 1702 2079 contemplatione
1719 2043 1872 2080 mittentis,
1890 2043 1922 2073 &
1937 2042 1991 2072 suae
2004 2041 2150 2079 probitatis
2166 2044 2286 2074 obtentu

1229 2076 1354 2120 benigne
1367 2081 1542 2119 recepimus,
1556 2079 1737 2111 laudabilibus
1753 2080 1787 2111 ad
1807 2081 1931 2111 Terram
1944 2080 2065 2111 samitam
2083 2080 2184 2122 Regiae
2197 2082 2287 2112 devo-

1228 2117 1312 2146 tionis
1326 2117 1478 2150 affedm&
1493 2119 1639 2158 proposito
1653 2119 1687 2149 ad
1705 2120 1923 2150 subventionem
1940 2127 2022 2149 terrae
2042 2120 2121 2158 ipsius
2140 2121 2287 2159 diligenter

1228 2163 1261 2184 ac
1275 2155 1425 2192 prudenter
1438 2158 1566 2195 expositis
1599 2166 1634 2188 ex
1646 2166 1724 2197 parte
1736 2166 1794 2188 tuae
1808 2157 1983 2188 Celsitudinis
1997 2160 2134 2195 petierunt
2147 2159 2289 2190 decimam

1227 2192 1488 2226 Ecclesiasticorum
1510 2195 1560 2226 red
1582 2197 1672 2226 ituum
1691 2196 1786 2236 Regni
1809 2196 1920 2236 Angli-az
1934 2219 1944 2233 ,
1970 2206 2002 2226 ac
2017 2195 2133 2227 aliarum
2152 2206 2289 2229 terrarum

1227 2239 1338 2263 tuarum
1346 2256 1356 2272 ,
1372 2243 1456 2273 prout
1468 2236 1557 2265 extitit
1571 2236 1602 2265 in
1616 2234 1796 2274 Lugdunensi
1810 2234 1965 2273 Concilio,
1982 2235 2063 2273 ipsius
2075 2243 2154 2265 terrae
2170 2236 2289 2267 subsidio

1227 2270 1356 2339 deputata
1371 2295 1381 2310 ,
1403 2281 1434 2304 ut
1448 2273 1606 2312 hujusmodi
1625 2273 1644 2293 ³*
1659 2272 1794 2304 affectum
1808 2273 1963 2303 evidentius
1985 2283 2032 2310 per
2048 2284 2068 2304 o
2088 2275 2140 2304 eris
2155 2274 2288 2305 effectum

1229 2318 1262 2339 ex
1273 2311 1357 2341 iibeas
1370 2312 1403 2342 &
1423 2313 1598 2352 propositum
1616 2311 1756 2344 efficacius
1770 2312 1898 2352 prosequi
1919 2311 2007 2343 valeas
2021 2335 2031 2351 ,
2086 2312 2223 2353 postolica
2240 2314 2291 2345 tibi

1229 2349 1393 2380 auctoritate
1407 2350 1539 2381 concedi.

1266 2387 1410 2420 Petierunt
1423 2389 1530 2430 insuper
1543 2390 1711 2428 colled’mm,
1727 2390 1783 2427 jam
1797 2390 1831 2420 &
1845 2389 2032 2429 colligendam
2041 2413 2051 2428 ,
2069 2399 2102 2420 ex
2115 2389 2223 2421 decima
2235 2391 2291 2431 ipsa

1230 2428 1397 2494 pecuniam,
1415 2437 1483 2458 cum
1498 2437 1605 2465 paratus
1618 2430 1649 2460 sis
1663 2428 1784 2459 vivificae
1799 2430 1889 2458 crucis
1903 2430 2013 2466 signum
2025 2427 2178 2467 assumere,
2195 2439 2227 2460 ac
2243 2439 2291 2467 per

1257 2465 1366 2495 raelatos
1380 2466 1477 2505 Regni
1487 2468 1527 2496 tui
1542 2489 1551 2505 ,
1575 2469 1621 2507 qui
1637 2467 1672 2498 ad
1691 2467 1748 2497 hoc
1763 2467 1798 2497 de
1812 2466 1908 2497 nostra
1924 2465 2032 2496 licentia
2047 2467 2074 2496 se
2086 2490 2095 2504 ,
2121 2477 2153 2497 ac
2166 2468 2221 2498 suas
2235 2468 2294 2499 Ec-

1236 2503 1328 2534 clesias
1340 2505 1521 2543 obligabunt,
1540 2515 1572 2536 ac
1585 2507 1666 2536 etiam
1680 2515 1728 2545 per
1740 2504 1904 2535 sufficientes
1919 2504 2093 2545 Mercatores
2110 2515 2208 2536 cavere
2240 2507 2294 2537 do-

1230 2542 1301 2579 nee,
1318 2542 1396 2580 quod
1411 2543 1431 2573 si
1443 2551 1471 2573 te
1486 2553 1545 2573 non
1560 2545 1732 2574 transfretare
1748 2544 1909 2582 contingat,
1927 2543 1983 2573 line
2001 2543 2192 2574 diminutione
2204 2555 2219 2574 a
2231 2546 2294 2584 iqua

1228 2581 1378 2618 pecuniam
1401 2590 1543 2619 receptam
1569 2582 1605 2612 de
1629 2582 1739 2613 decima
1764 2582 1898 2623 praedicsta
1918 2581 2042 2611 restitues
2056 2604 2065 2619 ,
2087 2582 2137 2612 tibi
2162 2592 2292 2622 exnunc,

1230 2618 1376 2662 praemiffis
1395 2628 1490 2650 tamen
1510 2621 1745 2660 crucesignatione
1764 2630 1797 2651 ac
1819 2621 1952 2651 cautione
1974 2620 2197 2660 praecedentibus
2211 2621 2292 2662 assig-

1229 2666 1296 2687 nari.

1267 2695 1313 2726 Ad
1336 2695 1495 2736 suffragium
1517 2707 1629 2737 quoque
1653 2697 1857 2738 praemiffarum
1879 2698 2050 2737 petitionum
2072 2697 2158 2728 iidem
2179 2697 2291 2729 Nuncii

1229 2733 1411 2774 addiderunt,
1429 2736 1506 2776 quod
1519 2745 1553 2766 ex
1565 2736 1618 2767 hiis
1632 2735 1742 2767 decima
1756 2737 1789 2768 &
1807 2745 1886 2766 terrae
1902 2736 2046 2774 praedictae
2060 2746 2120 2766 non
2139 2736 2228 2766 solum
2243 2745 2292 2776 per

1230 2775 1445 2804 renovationem
1461 2775 1608 2813 pecuniae,
1627 2785 1711 2815 quam
1727 2777 1755 2805 in
1771 2775 1852 2806 dieto
1867 2775 1970 2814 Regno
1986 2784 2119 2804 renovare
2139 2777 2291 2814 proponis,

1233 2821 1284 2848 pro
1298 2822 1333 2842 eo
1347 2813 1423 2851 quod
1442 2823 1491 2853 per
1506 2813 1607 2844 modos
1621 2815 1710 2844 varios
1730 2813 1771 2844 est
1790 2823 1850 2843 non
1871 2813 2018 2843 modicum
2037 2813 2118 2843 solito
2133 2814 2189 2851 ejus
2205 2814 2292 2844 valori

1229 2849 1408 2889 detratfimm,
1424 2851 1463 2882 set
1476 2854 1560 2882 etiam
1575 2861 1610 2882 ex
1623 2852 1796 2883 colleffionis
1808 2852 1946 2889 diligentia
1959 2852 1992 2882 &
2004 2851 2115 2889 favore,
2129 2861 2215 2891 quem
2232 2852 2294 2882 col-

1230 2888 1315 2919 lectio
1330 2889 1385 2929 ipsa
1399 2889 1433 2919 de
1449 2898 1500 2920 tuo
1516 2891 1632 2920 nomine
1653 2891 1796 2929 sortietur,
1814 2891 1926 2921 auetore
1942 2889 2073 2920 Domino
2085 2889 2203 2920 sentient
2216 2899 2293 2931 mag·-

1229 2936 1275 2956 nae
1290 2927 1412 2958 utilitatis
1426 2937 1619 2967 augmentum.

1267 2965 1356 3005 Sane,
1375 2966 1428 2996 Fili
1444 2967 1579 2997 carissime
1596 2990 1606 3006 ,
1631 2966 1792 3006 hujusmodi
1812 2975 1893 2998 tuum
1912 2967 2087 3008 propositum
2102 2967 2135 2998 δε
2155 2965 2291 2998 affectum

1229 3004 1260 3033 in
1275 3004 1323 3034 illo
1335 3027 1345 3042 ,
1370 3005 1503 3036 exultanti
1525 3006 1622 3035 animo
1642 3005 1875 3037 commendantes
1889 3028 1899 3044 ,
1927 3007 1957 3035 in
1978 3006 2056 3043 cujus
2075 3015 2158 3036 manu
2175 3005 2292 3045 Regum

1230 3042 1318 3073 corda
1335 3043 1491 3074 consistunt
1505 3067 1514 3081 ,
1538 3045 1587 3084 qui
1604 3053 1635 3074 ea
1650 3054 1702 3082 pro
1719 3045 1833 3074 arbitrio
1852 3044 1906 3074 suae
1923 3044 2073 3075 voluntatis
2093 3044 2210 3074 inclinat
2221 3067 2230 3082 ,
2255 3043 2291 3074 ad

1228 3081 1396 3120 praemissam
1411 3083 1531 3122 primam
1565 3083 1714 3113 etitionem
1730 3083 1848 3112 nomine
1863 3091 1914 3113 tuo
1927 3082 2032 3112 fabiam
2046 3105 2056 3121 ,
2080 3090 2136 3112 tuse
2155 3082 2244 3113 salutis
2255 3083 2289 3113 &

1228 3121 1335 3158 negotii
1349 3120 1466 3152 utilitate
1484 3131 1537 3158 pen
1550 3128 1609 3158 ata,
1625 3120 1661 3151 de
1676 3121 1803 3151 Fratrum
1824 3121 1988 3151 nostrorum
2010 3121 2126 3151 consilio
2141 3121 2290 3160 responde-

1229 3167 1304 3187 mus·
1327 3159 1403 3196 quod
1419 3160 1438 3189 si
1452 3159 1550 3198 Regali
1567 3159 1781 3197 magnificentiae
1803 3159 1908 3198 placeat
1923 3159 1957 3189 ad
1972 3158 2193 3189 subveniendum
2208 3168 2290 3189 terrae

1229 3181 1371 3234 praeditfftae
1383 3197 1523 3236 absolute,
1538 3197 1638 3236 absque
1653 3197 1860 3227 intendimento
1870 3198 1981 3236 aliquo,
1998 3197 2110 3237 publice
2126 3207 2158 3227 ac
2172 3197 2291 3236 solemp-

1228 3235 1317 3273 niter,
1335 3243 1419 3274 prout
1431 3244 1540 3266 tantum
1553 3235 1634 3265 decet
1647 3235 1807 3273 Principem
1839 3235 1980 3266 salutiferae
1993 3236 2082 3266 crucis
2096 3236 2233 3266 caractere
2248 3236 2291 3264 in«

1228 3274 1337 3312 signiri,
1358 3273 1445 3304 nostri
1461 3274 1593 3314 propositi
1607 3273 1650 3303 est
1661 3274 1694 3304 &
1707 3275 1790 3312 parati
1802 3259 1911 3313 (simus,
1930 3274 2108 3304 Excellentiae
2117 3280 2196 3310 tuae,
2211 3273 2289 3313 post-

1226 3321 1312 3350 quam
1326 3311 1413 3342 taliter
1432 3313 1633 3351 cruceiignarus
1652 3312 1751 3351 fueris,
1770 3312 1911 3343 decimam
1927 3313 2083 3343 concedere
2103 3311 2287 3350 postulatam,

1227 3350 1414 3389 colligendam
1429 3352 1462 3382 &
1477 3352 1504 3380 in
1519 3359 1582 3381 tuto
1596 3351 1756 3381 servandam
1771 3373 1780 3389 ,
1806 3351 1891 3388 usque
1905 3351 1938 3381 ad
1954 3359 2063 3389 tempus
2081 3350 2213 3388 generalis
2228 3360 2290 3386 pas-

1225 3388 1304 3427 sagii,
1322 3390 1355 3419 &
1369 3397 1456 3427 tunc,
1473 3389 1518 3418 seu
1533 3396 1596 3418 ante
1609 3389 1721 3419 forsitan
1737 3414 1746 3427 ,
1769 3398 1852 3428 prout
1867 3389 1934 3419 facii
1946 3390 2056 3428 qualitas
2074 3388 2212 3425 suadebit,
2231 3388 2283 3418 tibi

1224 3427 1259 3457 de
1275 3427 1406 3457 mandato
1421 3426 1518 3457 nostro
1533 3427 1619 3456 libere
1632 3426 1829 3466 assignandam.

1266 3465 1353 3495 Circa
1376 3465 1503 3495 secundae
1520 3475 1588 3495 vero
1608 3466 1749 3502 petitionis
1770 3465 1916 3497 articulum
1930 3488 1940 3504 ,
1966 3463 2207 3506 Magiiificentiam
2226 3463 2289 3494 Re-

1228 3505 1301 3543 giam
1317 3503 1447 3534 volumus
1461 3514 1519 3534 non
1532 3503 1631 3542 latere,
1649 3504 1726 3542 quod
1739 3504 1880 3534 reddimur
1891 3504 2043 3533 admodum
2059 3503 2226 3532 conscientia
2241 3513 2287 3532 ur*

1227 3551 1311 3581 gente
1325 3542 1451 3581 solliciti,
1467 3551 1495 3572 ut
1511 3541 1621 3572 decima
1637 3543 1691 3581 ipsi
1706 3543 1734 3572 in
1749 3542 1866 3580 ejusdem
1883 3550 1963 3572 terrae
1979 3541 2122 3572 utilitatem
2135 3539 2286 3571 efficaciter

1228 3589 1408 3611 convertatur
1423 3604 1432 3618 ,
1457 3582 1489 3611 ὃς
1509 3579 1628 3610 subsidio
1644 3605 1653 3618 ,
1677 3582 1757 3610 tantis
1778 3580 1909 3610 Ecclesiae
1929 3579 2085 3610 universalis
2099 3578 2236 3608 laboribus
2252 3590 2285 3610 ac

1227 3620 1358 3649 oneribus
1370 3619 1502 3658 exquisito
1516 3641 1525 3655 ,
1555 3626 1625 3649 terra
1639 3619 1735 3649 eadem
1751 3629 1810 3648 non
1821 3618 1959 3649 fraudetur
1972 3629 1978 3647 ;
2003 3625 2116 3656 propter
2133 3617 2210 3654 quod
2229 3627 2289 3648 nori

1228 3658 1309 3688 facile
1322 3658 1404 3687 nobis
1420 3657 1561 3695 occurrit,
1578 3657 1694 3695 qualiter
1713 3657 1848 3694 poilimus
1864 3657 1898 3686 ad
1914 3657 1969 3686 lioc
1988 3657 2116 3685 animum
2136 3656 2286 3693 inclinare,

1230 3696 1306 3734 quod
1321 3695 1465 3725 concessio
1477 3696 1620 3732 pecuniae,
1638 3694 1674 3725 de
1695 3695 1805 3725 decimi
1823 3695 1879 3734 ipsa
1899 3694 2027 3724 collec‘he
2040 3716 2050 3732 ,
2076 3693 2195 3723 multum
2215 3705 2287 3732 prae-

1229 3735 1296 3765 dieti
1310 3734 1418 3772 paliiigii
1433 3742 1541 3772 tempus
1556 3734 1705 3771 anticipet,
1725 3742 1771 3763 aut
1793 3733 1911 3772 pecunia
1927 3733 2023 3762 eadem
2042 3734 2225 3771 praemature,
2243 3733 2288 3764 vel

1228 3773 1346 3804 totaliter
1358 3795 1367 3810 ,
1384 3771 1428 3801 vel
1442 3772 1525 3802 etiam
1540 3781 1590 3809 pro
1603 3780 1677 3808 parte
1690 3772 1770 3801 alicui
1787 3771 1956 3811 ailignetur„

1269 3811 1376 3841 Verum
1392 3811 1454 3849 quia
1470 3810 1608 3848 singularia
1623 3810 1760 3848 sperantur
1772 3809 1806 3838 de
1820 3810 1868 3839 tufi
1883 3808 2038 3847 praeientizi,
2055 3808 2165 3839 favente
2178 3808 2286 3839 Domi-

1228 3860 1284 3887 no,
1304 3849 1349 3887 ipli
1364 3857 1443 3878 terrie
1458 3848 1612 3878 commoda
1626 3856 1809 3884 proventura,
1828 3847 1994 3885 singulariter
2005 3847 2166 3877 inducimur
2179 3848 2213 3878 ad
2227 3848 2285 3884 spe-

1228 3888 1325 3919 cialem
1340 3887 1390 3917 tibi
1403 3886 1480 3925 super
1494 3887 1550 3915 hoc
1565 3887 1681 3924 gratiam
1694 3885 1857 3916 faciendam.

1266 3926 1404 3964 Ideoque,
1424 3935 1452 3954 ut
1469 3923 1502 3953 ad
1516 3924 1592 3954 idem
1606 3924 1755 3963 ptili'agiuin
1771 3933 1797 3953 te
1813 3923 1894 3962 poisis
1915 3933 2067 3963 praeparare
2086 3923 2265 3953 commodius
2275 3944 2286 3959 ,

1229 3966 1302 3995 circa
1317 3965 1482 4003 petitionem
1498 3962 1615 3992 eandem
1629 3963 1656 3992 in
1670 3972 1705 3992 eo
1719 3963 1836 4001 gratiose
1853 3963 1903 3992 tuis
1918 3964 1989 3991 voris
2009 3963 2174 3999 annuimus,
2192 3960 2286 3997 quod,

1242 4003 1296 4032 *0st
1312 4002 1471 4040 hujusmodi
1487 4009 1562 4030 tuam
1579 4001 1843 4039 crucessgnationcm
1854 4024 1863 4037 ,
1882 4001 1931 4030 tibi
1953 4002 2050 4039 viginti
2070 4001 2192 4037 quinque
2205 3998 2288 4041 <milia

1260 4042 1398 4071 Iarcaruin
1411 4064 1419 4076 ,
1439 4040 1473 4069 de
1487 4039 1599 4076 praefati
1614 4039 1750 4077 colledia,
1768 4040 1821 4075 jam
1837 4048 1870 4069 ex
1890 4039 1998 4069 decima
2012 4039 2066 4079 ips-a
2079 4061 2087 4075 ,
2112 4037 2228 4079 pecunia
2245 4046 2288 4065 in-

1230 4080 1369 4111 tendimus
1383 4078 1474 4109 ficere
1492 4077 1634 4117 ailignari,
1654 4077 1721 4109 dum
1735 4086 1835 4145 {amen
1855 4079 1928 4118 prius
1941 4077 1974 4109 ad
1991 4078 2171 4116 quantitatem
2185 4075 2288 4141 ipseirn,

1787 4125 1798 4148 χ
2242 4121 2287 4141 me

2305 2020 2343 2046 Ex
2351 2019 2423 2055 orig,¹

2309 2279 2371 2309 ⁹⁶11.
2383 2282 2441 2318 izei.⁴
