2570 4261
127 212 202 243 Ann.
217 209 258 241 D.

152 250 235 287 1278.

130 291 197 317 Edv.
217 298 241 316 1.

127 985 203 1016 Arm.
219 982 259 1014 D.

150 1023 233 1060 1278.

126 1066 177 1091 Aa.
188 1064 215 1089 6.

127 1105 158 1127 Ε.
179 1111 201 1128 r.

126 1138 229 1168 widem.

124 1802 201 1833 Ann.
219 1801 258 1832 D.

146 1843 230 1879 1278.

123 1885 177 1909 An.
198 1883 225 1907 6.

127 1924 158 1946 E.
184 1929 206 1946 1.

123 1958 242 1994 Exorig.

122 2850 256 2879 *11.111.

121 2998 198 3029 Ann.
213 2997 253 3029 D.

143 3039 227 3074 1278.

122 3080 174 3103 An.
188 3079 214 3103 6.

122 3119 152 3140 E.
175 3124 198 3141 1.

121 3156 162 3179 lix
181 3155 238 3180 Au-

279 138 360 181 170

318 209 511 242 Defiderantoe
523 231 533 246 ,
552 216 586 237 ex
605 207 710 236 intimo
728 206 815 237 nostri
837 205 931 236 cordis
945 229 954 243 ,
973 204 1051 244 quod
1064 205 1122 236 filio
1135 204 1235 236 nostro
1247 204 1351 236 kariffi-

282 261 333 282 mo
352 249 465 286 desuper
482 244 653 277 concedatur
673 244 820 275 ascendere
834 244 934 274 solium
955 244 1058 283 Regiae
1079 243 1234 284 Majestatis
1248 268 1258 282 .,
1272 253 1348 284 prae-

280 289 399 320 lentium
411 287 477 316 serie
493 284 660 322 pollicemur
674 284 751 322 quod
766 293 818 313 nos
832 282 1013 313 omnimodas
1027 293 1106 314 curas
1120 283 1227 313 nostras
1241 284 1274 314 &
1288 282 1346 313 stu-

279 328 324 358 dia
342 333 539 356 convertemus
554 345 563 360 ‚
581 323 614 353 &
628 322 819 353 laborabimus
833 320 985 353 efficaciter
998 321 1075 352 bona
1092 322 1165 360 fide,
1185 322 1263 360 quod
1277 321 1348 352 filius

278 364 374 396 noster
395 362 587 392 Hartmannus
607 360 645 391 de
666 360 798 399 Habspur
820 385 826 390 .
845 361 879 391 &
895 361 931 391 de
945 361 1075 400 Kyburg.
1090 360 1217 398 Comes,
1235 360 1346 390 Alsatiae

279 401 462 440 Lantgravius
485 401 573 437 (cum
595 398 737 436 Imperiali
750 399 796 430 dia
816 407 924 438 emate,
939 399 1036 430 divina
1049 400 1162 430 favente
1179 398 1346 437 clementia,

278 440 398 479 insigniti
409 438 560 475 fuerimus)
582 438 611 468 in
624 438 793 469 Romanum
808 438 939 478 Regem,
958 438 1073 476 Imperii
1085 437 1253 475 Principum
1271 437 1346 466 elec-

277 488 372 510 torum
393 478 599 508 interveniente
619 477 755 508 consensu
778 477 914 507 benivolo
937 478 970 508 &
986 475 1144 515 concordi,
1158 475 1347 513 sollempniter

277 517 367 585 ειίΐ111τὶ
362 524 440 592 613113
453 555 493 584 rei
504 552 702 586 testimonium
713 555 832 594 praesens
844 553 976 595 scriptum
990 552 1147 592 conscribi,
1164 553 1198 583 &
1213 551 1348 591 MaJesta-

276 593 309 624 tis
323 593 425 624 nostrae
440 592 528 632 sigillo
540 591 663 631 juffimus
674 594 859 624 communiri.

315 674 384 719 Dat.
400 673 521 705 Wienn.
534 673 655 712 septimo
668 671 735 703 Kal.
750 671 839 710 Maii,
858 672 961 703 Indi&
977 674 1040 704 sext.
1055 672 1150 713 Regni
1166 671 1254 703 nostri
1268 681 1345 703 anno

278 722 390 754 qumto.

276 848 326 880 De
334 845 470 893 praedifz‘o
487 849 703 886 Hartmanno‚
731 847 796 878 Rex
818 848 1023 878 Romanorum
1036 847 1187 891 promittit
1203 843 1238 889 ft
1257 855 1346 890 mag·

348 906 451 942 nopere
470 893 608 928 laborare
627 904 662 926 ut
681 896 817 940 Regnum
833 895 992 928 Arelaten.
1017 895 1121 927 valeat
1139 892 1274 939 adspfii.

279 984 492 1044 RUdolphus
506 1009 516 1024 ,
536 984 594 1015 Dei
615 984 727 1028 gratia,
746 983 957 1029 Romanorum·
969 983 1035 1014 Rex
1061 983 1169 1022 semper
1189 981 1346 1021 Augustus,

351 1024 483 1056 universis
497 1047 506 1063 ,
525 1023 672 1064 praesentes
691 1023 792 1055 litteras
811 1023 971 1064 inspeetuns
983 1046 993 1062 ,
1010 1021 1124 1054 salutern
1138 1022 1171 1052 δε
1185 1030 1274 1052 omne
1293 1021 1348 1052 bo-

277 1075 412 1135 nuffiosse
430 1101 562 1133 volumus
581 1111 632 1133 vos
650 1101 790 1132 universos
805 1102 838 1132 &
855 1101 974 1141 singulos
1009 1110 1038 1130 er
1051 1098 1292 1143 praesentestquod
1311 1098 1346 1130 ad

280 1143 338 1174 hoc
352 1165 363 1181 ,
386 1141 515 1172 efficaces
531 1151 609 1171 curas
633 1140 739 1171 nostras
761 1142 794 1171 ὃς
815 1151 911 1180 operas
931 1150 984 1181 app
995 1141 1065 1170 icare
1106 1145 1292 1176 ronuttimuS,
1311 1139 1345 1169 ὃ(

279 1176 1346 1256 ’Μ’ἔᾜορῗὲἰὲέξιῗζῗεἐξ]ἍίἀιὲᾶῖξέἷῃἛῗέἐὲέῗῖῗὲξωῖῗέῃωιὲἓξξζ

276 1230 417 1291 ἎἸΞΙιιῐὲη.
434 1227 688 1301 Romanigltnperii
703 1228 865 1295 Principgtim
880 1240 1063 1295 applaudente
1075 1238 1210 1286 consen'su
1227 1254 1346 1285 benivo-

277 1297 710 1373 loinvaclffidsaseiltigiiimonium
729 1334 846 1373 praesens
865 1335 999 1372 scriptum
1021 1333 1120 1364 exinde
1134 1331 1291 1370 conscribi,
1309 1333 1343 1363 &

277 1374 430 1413 Majestatis
444 1373 548 1404 nostrae
561 1373 648 1413 sigillo
660 1372 784 1411 jussimus
799 1374 982 1404 communiri.

311 1456 378 1487 Dat.
394 1454 506 1485 Vienne
520 1454 641 1492 septimo
656 1453 720 1484 Kal.
742 1453 833 1492 Maii,
848 1452 951 1485 Indiet.
969 1454 1034 1484 sext.
1054 1463 1131 1484 anno
1145 1453 1268 1484 Domini
1282 1452 1347 1483 mil-

273 1495 371 1539 lesimo
394 1493 588 1525 ducentesimo
608 1493 809 1533 septuagesimo
828 1492 950 1532 octavo,
965 1493 1062 1533 Regni
1081 1503 1151 1525 vero
1165 1492 1254 1524 nostri
1269 1501 1345 1522 anno

272 1544 381 1574 quinto-

306 1664 413 1696 Litera
431 1660 551 1697 Roberti
573 1663 671 1695 Ducis
685 1659 862 1708 Burgundiae
873 1663 1045 1706 precatoria
1060 1672 1116 1708 pro
1131 1659 1319 1706 Monasterio

715 1707 900 1753 Cistercicnfi.

326 1802 497 1833 Erenisfimo
516 1801 649 1832 Domino
670 1799 814 1831 Edwardo
828 1822 838 1838 ,
856 1799 913 1830 Dei
927 1798 1026 1840 gratia,
1045 1799 1122 1840 Regi
1136 1800 1182 1831 An
1203 1800 1266 1837 liae,
1280 1799 1345 1829 Ro-

338 1842 431 1872 bertus
454 1841 521 1872 Dux
542 1839 712 1881 Burgundiae
725 1862 735 1877 ,
751 1849 818 1869 cum
833 1838 927 1869 debita
946 1840 1125 1870 veneratione
1137 1863 1147 1877 ‚
1201 1848 1296 1877 utem,
1311 1838 1344 1869 &

276 1877 311 1908 dc
328 1880 433 1919 Regno
447 1880 604 1910 transitorio
620 1878 653 1908 ad
667 1887 805 1908 aeternum
816 1877 959 1907 transitum
971 1877 1125 1908 salutarem.

313 1919 472 1949 Serenitatis
486 1917 586 1949 vestrae
601 1918 754 1956 benignitas
768 1916 954 1946 humilitatem
970 1915 1096 1946 nostram
1116 1917 1211 1947 incitat
1225 1917 1258 1947 &
1271 1917 1347 1946 invi—

276 1964 314 1988 tat
331 1981 340 1996 ‚
357 1957 434 1998 quod
456 1957 593 1988 thronum
614 1958 712 2000 gratiae
731 1954 832 1987 vestrae
850 1954 1025 1986 confidenter
1045 1955 1124 1987 adoet
1135 1979 1144 1995 ,
1158 1956 1192 1988 ὃ(
1210 1955 1246 1987 de
1260 1954 1346 1987 vestri

275 1995 379 2026 favoris
393 1995 481 2036 gratia
497 2006 557 2026 non
569 1995 696 2031 diffidam

312 2035 392 2065 Hinc
412 2034 452 2066 est
470 2034 546 2074 quod
561 2044 629 2065 cum
645 2032 830 2064 cisterciense
848 2031 1073 2072 Monasterium,
1091 2043 1106 2063 a
1120 2032 1223 2063 nostris
1242 2042 1345 2072 proge-

273 2073 410 2104 nitoribus
429 2073 577 2103 fundatum
592 2096 602 2111 ,
621 2074 654 2104 &
677 2074 705 2102 in
724 2070 824 2101 nostro
843 2070 971 2101 districtu
992 2073 1025 2103 &
1045 2071 1176 2102 dominio
1190 2073 1318 2102 situatum
1335 2094 1344 2109 ‚

273 2122 358 2142 unam
383 2111 536 2142 Ecclesiam
553 2113 581 2142 in
604 2111 677 2141 Villa
692 2110 728 2140 de
741 2109 921 2148 Scadebour,
939 2120 972 2140 ex
986 2110 1202 2141 clarisiimorum
1214 2111 1345 2150 progeni-

273 2158 370 2181 torum
393 2150 551 2181 vestrorum
574 2151 725 2181 collatione
738 2171 748 2187 ,
762 2148 870 2190 jamdiu
891 2148 1007 2186 pacifice
1023 2149 1165 2189 possiderit
1184 2150 1218 2180 &
1233 2151 1344 2190 quiete,

273 2190 352 2227 cujus
367 2198 520 2227 proventus
536 2190 569 2220 &
582 2190 671 2220 exitus
682 2188 806 2227 deputati
821 2189 882 2218 sunt
897 2187 930 2217 ad
943 2187 1172 2219 sustentationem
1185 2188 1344 2227 Abbaturn,

273 2227 382 2267 singulis
393 2230 489 2266 annis,
508 2227 582 2266 apud
596 2227 699 2258 Cister.
720 2226 892 2256 venientium
907 2225 942 2256 ad
958 2227 1112 2264 capitulum
1127 2227 1269 2267 generale,

309 2266 401 2297 Nunc
415 2277 485 2297 vero
494 2290 503 2305 ‚
522 2267 591 2297 licut
605 2266 702 2296 datum
716 2265 757 2295 est
771 2265 853 2295 nobis
865 2265 995 2305 intelligi,
1013 2275 1164 2305 proventus
1188 2265 1270 2306 ipsius
1284 2265 1343 2297 Ec-

271 2304 362 2335 clefiae
386 2306 517 2335 dicuntur
541 2314 590 2342 per
615 2304 748 2343 quosdam
773 2305 868 2334 fratres
893 2305 1088 2343 praedicatores
1112 2305 1255 2344 diminui,
1271 2306 1343 2335 adeo

272 2343 353 2382 qued
369 2343 497 2381 praediffl
511 2343 635 2374 Abbates
648 2344 678 2373 in
691 2343 814 2383 generali
830 2342 971 2382 capitulo,
989 2353 1071 2374 more
1083 2343 1166 2374 solito
1183 2367 1193 2384 ‚
1212 2353 1272 2373 non
1291 2354 1343 2384 po-

274 2390 367 2413 terunt
384 2382 534 2413 sustentari.

308 2421 491 2452 Serenitatem
513 2420 634 2453 vestram
648 2444 659 2460 ,
680 2421 808 2459 injuriam
828 2420 996 2460 patientibus
1015 2422 1141 2460 compati
1162 2420 1343 2459 consuetam,

270 2459 424 2491 affectuose
442 2460 648 2493 volumusesle
670 2468 794 2498 rogatam
837 2460 964 2496 quatinus
985 2460 1051 2489 huic
1069 2460 1173 2491 morbo
1184 2460 1237 2490 tale
1250 2470 1342 2491 reme—

270 2498 350 2530 dium
373 2498 501 2539 dignetur
519 2508 659 2540 apponere
673 2521 683 2536 ,
700 2498 777 2536 quod
796 2482 916 2528 &bristo
937 2499 969 2529 lit
990 2499 1162 2536 acceptabile
1175 2521 1185 2538 ,
1210 2498 1244 2529 &
1259 2498 1341 2530 servis

269 2537 321 2568 suis
336 2538 417 2577 utile,
436 2538 469 2569 δε
484 2537 586 2577 Regiae
602 2536 767 2568 Celiitudini
778 2535 896 2566 salutare.

306 2576 382 2606 Bene
397 2578 489 2616 vigeat
502 2577 535 2608 &
551 2576 637 2606 valeat
652 2575 751 2606 vestrae
767 2574 924 2606 Seremtatis
936 2574 1076 2615 fastigium
1089 2576 1119 2606 in
1131 2586 1168 2608 eo
1182 2599 1192 2615 ,
1210 2575 1268 2608 fine
1281 2586 1341 2615 quo

273 2614 360 2646 nichil
375 2614 416 2645 est
431 2614 569 2653 validum,
588 2614 674 2645 nichil
687 2614 822 2645 sanetum.

310 2695 380 2727 Dat.
400 2695 490 2727 Ber-ne
502 2695 570 2727 feria
586 2697 682 2734 quinta
696 2695 760 2734 post
776 2695 887 2726 Laetare
898 2694 1060 2733 Jerusalem.

271 2846 297 2874 θ*
310 2849 359 2880 De
371 2857 445 2892 pace
463 2850 542 2880 inter
560 2850 670 2894 Regem
687 2848 819 2894 Angliae,
843 2851 881 2886 ὠ
898 2846 1065 2881 Guidonem
1084 2850 1229 2881 Comitem
1243 2848 1337 2882 Flan-

407 2896 494 2934 driae,
512 2894 684 2944 fitbfigillis
695 2897 808 2943 septem
829 2900 1020 2944 Magnarum
1035 2896 1193 2930 Flandriae.

273 2983 328 3041 A
345 2984 425 3014 Tous
439 2995 519 3022 cem,
539 2984 573 3015 ke
592 2985 649 3016 cest
663 2985 754 3016 lettres
767 2995 868 3018 veront
887 2997 925 3017 ou
939 2995 1058 3017 voiront
1072 3010 1082 3026 ,
1100 2986 1205 3018 Baudw
1226 2997 1246 3017 n
1261 2986 1339 3028 Aue-

344 3033 391 3053 nes
405 3046 415 3061 ,
433 3023 561 3054 Guillam
583 3024 618 3055 de
640 3024 788 3064 Flandres,
807 3025 916 3056 Gerard
931 3025 966 3055 de
982 3025 1089 3064 Rodts,
1108 3025 1196 3065 Huge
1217 3036 1233 3056 e
1248 3024 1340 3057 Chas-

271 3059 323 3089 tele
342 3072 361 3091 n
381 3061 416 3092 de
436 3061 536 3092 Gaunt
551 3085 559 3100 ,
575 3062 668 3100 Johan
689 3063 725 3093 de
740 3063 853 3094 Castele
866 3088 876 3103 ,
895 3064 994 3095 Oliver
1008 3064 1043 3095 de
1058 3064 1227 3103 Aristhone,
1245 3075 1261 3095 e
1276 3064 1338 3095 Mi-

271 3069 341 3129 61161
349 3100 384 3130 de
400 3100 501 3143 Auchy
516 3099 678 3139 Chivalers,
692 3101 757 3132 salut
771 3113 806 3133 en
820 3103 915 3133 nostre
930 3103 1075 3144 Seygnur‚

293 3139 405 3181 ⁸Come
426 3148 506 3178 prece
528 3140 580 3177 ad,
597 3149 611 3168 a
631 3140 767 3170 Monstri}
781 3165 790 3177 ,
810 3141 866 3172 fust
880 3142 936 3172 fere
950 3152 1005 3172 une
1018 3152 1080 3180 pecs
1116 3151 1132 3171 6
1146 3151 1215 3172 unes
1228 3142 1337 3181 obliga-

272 3186 352 3222 cions
367 3185 445 3208 entre
459 3177 484 3207 le
497 3179 584 3208 noble
598 3177 700 3208 Prince
714 3180 763 3209 sire
776 3179 898 3212 Edward
913 3181 938 3211 16
955 3181 1019 3222 Rey
1031 3181 1067 3211 de
1080 3164 1244 3219 ssngleterre
1284 3192 1336 3221 pur

270 3217 308 3247 lui
324 3217 357 3246 &
378 3226 431 3256 pur
445 3225 491 3246 ces
507 3215 662 3246 Marchans
675 3216 711 3247 de
726 3228 780 3248 une
794 3228 853 3256 part
869 3243 879 3257 ,
899 3220 932 3250 &
948 3219 973 3250 le
988 3219 1074 3250 noble
1089 3220 1141 3249 ber
1156 3218 1225 3258 Guy
1239 3204 1336 3251 dunte

267 3254 303 3285 de
318 3254 460 3291 Flandres,
478 3255 511 3285 &
528 3265 579 3291 pur
591 3255 615 3285 la
631 3255 767 3286 Cuntesse
781 3258 816 3287 de
831 3258 960 3288 Flandres
980 3259 1004 3288 sa
1025 3268 1101 3289 mere
1113 3258 1148 3288 de
1162 3267 1242 3288 autre
1260 3267 1337 3298 part,

267 3294 303 3324 de
318 3294 373 3324 fere
388 3293 488 3324 rendre
503 3294 536 3324 ὃς
552 3293 671 3324 restorer
684 3304 711 3324 as
727 3294 904 3326 Mai-chaunz
916 3297 941 3327 le
957 3296 1021 3332 Rev
1035 3297 1227 3335 d'Engletcrrc
1239 3306 1336 3328 avant—

267 3332 309 3362 dit
327 3333 368 3362 lur
392 3333 461 3362 bens
476 3355 485 3370 ,
503 3332 538 3362 ke
560 3333 578 3362 il
592 3332 738 3369 perderent
753 3344 801 3374 par
813 3334 838 3365 16
856 3335 943 3374 arest,
961 3335 996 3366 ke
1005 3332 1032 3366 ’13
1043 3336 1183 3367 avantdite
1196 3335 1334 3368 Cunteffi:

269 3370 313 3400 fist
330 3372 387 3401 fere
400 3371 444 3401 sur
459 3380 506 3401 eus
521 3380 556 3400 en
572 3371 718 3409 Flandrcs3

307 3409 343 3440 Et
357 3410 400 3440 sur
413 3419 468 3440 ceo
483 3433 492 3448 ,
511 3419 562 3448 pur
576 3410 802 3452 greinure-seurte
816 3411 888 3450 fere,
906 3424 939 3443 au
962 3412 1027 3454 Rey
1041 3411 1185 3451 avantdit,
1199 3412 1225 3443 le
1239 3422 1336 3445 avant-

268 3447 308 3477 dit
323 3448 434 3485 Cunte,
453 3458 468 3477 e
485 3458 536 3478 nus
551 3456 603 3516 pur
617 3448 680 3485 luy,
699 3452 805 3490 leyoms
816 3451 925 3490 oblige,
963 3462 992 3482 ar
1005 3450 1099 3482 nostre
1114 3451 1194 3482 escrit
1207 3475 1217 3490 ,
1233 3462 1249 3482 a
1261 3454 1334 3483 tenir

269 3487 400 3523 corporal
416 3486 507 3527 prisun
522 3496 537 3516 a
573 3486 717 3526 ‘ionstruyl
731 3488 772 3518 sur
786 3489 809 3518 la
825 3488 909 3528 Mer,
927 3500 942 3519 a
966 3489 1219 3520 commandement
1232 3491 1259 3520 le
1267 3490 1333 3531 Rey

270 3526 422 3567 ayantdite,
441 3536 492 3563 pur
505 3525 748 3565 acompliffement
763 3527 799 3556 de
813 3526 838 3557 la
850 3537 929 3567 pees,
947 3529 980 3559 &
993 3528 1040 3559 des
1054 3528 1228 3567 obligacions
1235 3539 1333 3560 avant-

272 3561 340 3591 drtes
350 3586 358 3601 ,
374 3564 394 3593 [ι
407 3563 460 3594 eles
474 3574 510 3594 ne
523 3564 611 3594 soient
625 3572 720 3594 tenues
732 3575 781 3602 par
797 3566 822 3596 le
835 3567 957 3598 avantdit
972 3567 1087 3605 Cunte,
1105 3577 1121 3597 e
1135 3577 1182 3606 par
1196 3577 1257 3598 nus.

308 3600 373 3630 Nus
387 3611 437 3638 pur
452 3604 475 3632 13
490 3613 588 3642 grace,
607 3603 642 3633 ke
654 3603 680 3633 le
693 3605 817 3635 avantdit
828 3605 891 3645 Rey
905 3606 939 3635 ad
955 3606 992 3636 fet
1006 3617 1021 3636 3
1037 3615 1145 3636 memes
1168 3605 1267 3636 Cunte
1281 3615 1297 3635 e
1315 3617 1331 3637 3

272 3647 338 3680 nus,
356 3639 390 3668 dc
404 3649 454 3669 cco
470 3641 503 3684 ke
517 3642 535 3671 il
554 3642 588 3672 ad
603 3651 699 3681 grante
713 3653 727 3672 a
742 3643 805 3683 luy,
824 3644 840 3673 6
857 3654 870 3673 a
886 3655 936 3674 nus
953 3667 962 3683 ,
980 3646 996 3674 e
1014 3654 1135 3682 procure
1150 3645 1231 3681 respit
1250 3645 1286 3675 de
1306 3645 1332 3675 16

269 3678 360 3713 prison
375 3679 512 3709 avantdite
524 3681 559 3710 de
572 3680 619 3710 kes
632 3691 647 3711 3
661 3681 684 3710 13
698 3681 780 3712 Feste
787 3683 822 3712 de
837 3681 938 3713 Pasche
946 3683 1093 3720 proschein
1104 3685 1218 3721 avenir,
1233 3682 1330 3713 Gran-

271 3721 344 3742 toms
365 3724 379 3742 e
400 3725 583 3751 promettoms
600 3720 762 3750 loiiulment
782 3721 819 3750 ke
836 3721 863 3751 se
876 3721 912 3751 les
928 3722 1105 3752 Marchaunz
1119 3722 1136 3751 ὲ
1147 3721 1172 3751 16
1185 3720 1330 3752 avauntdit

269 3749 367 3795 Cunte
381 3762 415 3781 ne
427 3755 540 3798 rendent
554 3757 731 3797 pleynement
742 3769 776 3790 au
792 3759 855 3800 Rey
870 3760 1009 3798 avantdit,
1027 3762 1044 3790 6
1059 3770 1086 3790 as
1099 3760 1137 3789 ses
1152 3759 1330 3790 Marchaunz

269 3789 387 3819 avandiz
399 3812 408 3826 ‚
426 3791 543 3823 dedeina
559 3796 584 3824 le
605 3805 694 3826 terme
706 3797 844 3836 avantdit,
863 3806 943 3829 toute
957 3799 982 3829 13
995 3798 1115 3838 pecunie
1147 3798 1184 3828 ke
1197 3808 1272 3828 arere
1285 3797 1328 3827 est

269 3837 297 3857 as
319 3826 496 3858 Mar-channz
515 3831 539 3860 le
562 3835 684 3865 avantdit
699 3834 782 3878 Rey,
799 3836 834 3866 de
851 3836 877 3867 13
891 3837 1000 3867 summe
1014 3837 1104 3875 total,
1121 3821 1158 3867 ke
1170 3837 1267 3867 donne
1284 3836 1328 3866 lur

271 3866 317 3896 feu
351 3875 382 3894 ur
395 3865 420 3894 le
433 3867 594 3909 arestement
608 3873 747 3911 avantdit,

343 3912 394 3949 ous
408 3926 418 3940 ‚
432 3903 531 3949 leJour
545 3906 579 3936 de
596 3908 620 3938 la
635 3912 793 3947 quinzenne
804 3911 839 3942 de
852 3912 876 3942 la
891 3912 995 3943 Pasche
1013 3913 1136 3945 avantdit
1150 3935 1160 3951 ,
1176 3920 1330 3943 entreroms

271 3942 296 3971 la
315 3946 425 3981 prisone
439 3941 474 3971 de
496 3942 671 3986 Monstreuyt
692 3949 734 3978 sur
747 3950 771 3980 la
787 3950 870 3988 Mer,
889 3953 905 3981 6
921 3952 1003 3982 ilekes
1015 3952 1191 3982 demurtums
1227 3950 1330 3980 selume

270 3980 492 4049 {gseoghiggacions
513 3990 594 4013 avant
609 3984 678 4015 fetes
692 3995 771 4018 entre
786 3988 813 4019 le
825 3989 949 4021 avantdit
969 3989 1033 4030 Rey
1045 4001 1062 4022 e
1075 3991 1101 4022 le
1110 3973 1233 4022 avantdit
1247 3986 1331 4019 Con-

398 4041 408 4057 2

739 116 1545 169 coNvENrroNEQ

1599 112 1990 163 LITERAE‚

1417 202 1497 233 Issmt
1517 203 1552 233 ke
1572 212 1623 234 nus
1635 227 1646 243 ,
1659 195 1740 235 d'ecel
1760 211 1821 234 tens
1842 213 1877 233 en
1897 210 1980 233 avant
1994 224 2004 240 ,
2022 210 2059 231 ne
2080 200 2229 239 prierons,
2248 210 2285 232 ne
2299 204 2335 232 rie
2354 202 2448 235 ferons
2463 202 2570 236 Ann.l

1382 243 1456 281 prier
1468 241 1495 271 le
1509 242 1635 273 avantdit
1651 242 1716 284 Rey
1731 243 1766 274 de
1779 242 1838 282 plus
1850 242 1912 272 suns
1926 240 2008 281 respit
2018 239 2054 270 de
2066 239 2093 270 le
2106 238 2230 271 avantdit
2241 240 2334 278 prisun
2341 264 2352 280 ,
2365 252 2402 273 ne
2413 242 2450 273 de
2466 244 2570 312 Essfli.

1384 282 1411 311 le
1421 280 1638 350 {Vstii‘tcggopiiir's
1671 316 1810 359 rahtoms,
1830 329 1846 350 e
1858 318 1970 350 voloms
1985 317 2020 348 ke
2033 325 2103 348 touz
2117 316 2155 348 les
2167 317 2256 355 poinz
2268 339 2278 355 ‚
2294 326 2310 348 e
2323 316 2362 348 les
2374 312 2449 350 Arti-

1383 358 1439 388 cles
1457 357 1503 387 des
1525 365 1613 388 autres
1634 368 1650 388 e
1660 359 1715 388 cris
1729 368 1746 388 6
1763 358 1954 398 obligacions,
1971 356 2038 387 fetes
2058 365 2136 387 entre
2157 355 2184 386 le
2197 354 2319 386 avantdit
2333 355 2416 397 Rey,
2432 368 2449 388 e

1384 406 1492 427 memes
1506 396 1532 426 le
1547 395 1643 427 Cunte
1663 406 1680 426 e
1696 407 1749 427 nus
1762 396 1799 427 de
1818 397 1844 427 la
1861 396 1945 426 chose
1957 395 2116 434 avantdite,
2134 395 2263 426 estoisent
2277 404 2313 425 en
2327 394 2372 425 lur
2388 405 2450 434 pre-

1385 445 1464 465 mere
1476 434 1564 465 force.

1422 473 1447 503 E
1467 473 1501 504 ke
1516 473 1595 504 ceste
1606 473 1708 504 nouele
1724 471 1909 513 Suffraunce,
1927 473 1984 503 fete
1996 483 2012 503 a
2032 472 2174 503 l’avantdit
2188 470 2303 511 Cunte,
2321 482 2338 502 e
2351 481 2367 502 a
2381 481 2451 511 nus,

1384 522 1433 550 par
1455 512 1480 542 la
1500 521 1583 551 grace
1600 513 1625 543 le
1645 511 1710 552 Rey
1724 513 1867 551 avantdit,
1885 522 1921 542 ne
1933 520 2014 542 turne
2028 521 2044 541 a
2057 510 2189 551 damage,
2206 521 2243 541 ne
2257 511 2400 550 prejudice
2416 520 2458 541 au.

1385 549 1431 580 Re
1459 550 1584 581 avantdit
1592 573 1601 588 ,
1616 560 1653 580 ne
1665 561 1681 581 a
1696 551 1735 580 ses
1747 549 1928 581 Merchaunz
1940 550 2081 582 avantdiz.

1388 627 1405 658 s
1449 599 1468 619 n
1490 588 1680 620 tesmoinance
1701 589 1738 620 de
1756 589 1782 619 la
1798 599 1853 629 que
1874 589 1958 620 chose
1973 613 1983 628 ,
2000 600 2017 620 a
2038 588 2098 620 cest
2115 587 2197 619 escrit
2215 597 2304 620 avons
2324 588 2378 619 mis
2397 597 2452 619 nos

1399 638 1470 658 caus.

1423 708 1529 739 Donee
1542 719 1558 740 a
1572 708 1672 748 Alost,
1687 708 1714 739 le
1725 718 1761 739 an
1776 708 1820 740 del
1836 707 2015 740 Incarnation
2031 709 2122 748 1278,
2140 708 2166 739 le
2179 709 2243 747 jour
2256 708 2293 740 de
2305 707 2332 740 13
2345 707 2453 741 Ascen-

1386 748 1455 778 cion
1467 748 1564 779 nostre
1577 748 1704 788 Seignor.
1715 747 1790 787 Jehu
1802 746 1890 778 Crist.

1387 882 1495 914 Litera
1524 878 1669 913 Gm'donis
1693 882 1818 913 Comitis
1840 878 1988 912 Flandriae
2004 907 2014 923 ‚
2039 879 2076 913 de
2092 891 2171 927 pace
2187 880 2278 926 fassa
2297 883 2374 914 inter
2391 883 2451 915 Re-

1425 941 1496 976 gem
1527 929 1642 975 Angliae
1673 931 1710 966 ὠ·
1741 927 1855 961 dietum
1887 931 2053 971 Comitem,
2077 929 2169 976 fhper
2200 929 2338 976 dampnis
2368 928 2449 962 datis

1430 974 1661 1012 Alercatoribus
1694 979 1780 1024 Regis
1804 988 1860 1024 per
1891 976 2094 1021 arrestationes
2107 979 2211 1023 faflas
2236 990 2292 1025 per
2317 988 2460 1012 matrem·

1434 1029 1571 1061 Comitis.

1412 1102 1425 1110 ³
1460 1116 1542 1147 Tous
1561 1124 1628 1147 ceus

1462 1155 1608 1193 Flandres,
1626 1139 1693 1186 lalus
1706 1165 1742 1185 en
1756 1155 1850 1185 nostre
1864 1156 1991 1195 Seignor.

1382 1349 1416 1379 &
1431 1349 1547 1380 restorer
1561 1359 1588 1379 as
1602 1348 1755 1379 Marchans
1769 1349 1795 1379 le
1810 1349 1882 1380 Rois
1899 1347 2094 1387 d’Engleterre
2108 1357 2192 1379 avant
2210 1348 2269 1386 dis,
2286 1348 2349 1379 lour
2363 1350 2429 1380 bens
2440 1373 2450 1389 ‚

1383 1386 1418 1417 ke
1438 1388 1468 1418 ils
1488 1387 1631 1428 perdirent
1650 1397 1698 1425 par
1713 1388 1739 1417 le
1753 1387 1823 1418 arest
1836 1411 1846 1426 ,
1865 1388 1901 1418 ke
1921 1387 1947 1418 le
1961 1385 2101 1418 avantdite
2115 1386 2253 1418 Conteffe
2264 1386 2359 1419 nostre
2373 1397 2452 1421 mere

1383 1425 1429 1456 fist
1443 1427 1509 1457 faire
1524 1427 1586 1457 [ουτ
1599 1436 1646 1457 eus
1660 1436 1696 1456 en
1710 1426 1855 1466 Flandres3

1421 1465 1459 1496 Et
1473 1466 1536 1497 four
1549 1475 1600 1504 ce,
1615 1475 1689 1506 pour
1702 1466 1847 1509 greigneur
1860 1465 1949 1496 seurte
1965 1464 2033 1495 faire
2047 1474 2083 1495 au
2096 1464 2166 1504 Roy
2181 1464 2308 1496 avantdit
2323 1465 2358 1497 ke
2370 1476 2454 1506 nous,

1383 1504 1417 1535 ὃς
1431 1514 1483 1535 nos
1497 1506 1607 1543 plegges
1639 1503 1707 1534 c'est
1725 1504 1842 1534 assavoir
1855 1513 1914 1533 mes
1935 1502 2006 1534 Sires
2020 1502 2140 1533 Baduins
2153 1503 2189 1534 de
2205 1503 2329 1534 Auesnes
2341 1527 2351 1543 ‚
2366 1505 2454 1537 Guil-

1383 1543 1468 1573 lames
1481 1545 1516 1574 de
1532 1526 1664 1574 Fland'res
1678 1565 1688 1581 ,
1706 1542 1826 1579 Geraird
1841 1542 1878 1573 de
1893 1541 2009 1580 Rodes,
2028 1540 2109 1571 Hues
2128 1540 2282 1585 Castelanis
2297 1543 2333 1574 de
2354 1542 2454 1583 Ganr,

1378 1581 1487 1620 Johans
1503 1583 1539 1613 de
1550 1581 1817 1620 Ghistele,Oliuers
1829 1581 1864 1612 de
1879 1580 2077 1619 Aisthonc,&
2093 1579 2204 1610 M1chel
2216 1581 2357 1620 d’Auchi,
2373 1583 2454 1613 seons

1382 1621 1478 1660 oblige
1493 1631 1542 1662 par
1557 1619 1653 1650 nostre
1664 1621 1760 1659 escrit,
1776 1631 1791 1651 a
1807 1621 1877 1651 tenir
1892 1619 2024 1657 corporel
2038 1619 2132 1658 prison
2144 1630 2159 1649 a
2179 1617 2338 1650 Monstreel
2351 1621 2451 1652 sourle

1382 1659 1451 1690 Mer
1468 1684 1477 1699 ,
1493 1661 1517 1691 al
1538 1659 1726 1690 Mandement
1744 1660 1770 1690 le
1785 1659 1845 1690 Roi
1861 1658 2001 1696 avantdit,
2018 1668 2090 1695 pour
2101 1658 2362 1696 accompliflemcnt
2375 1660 2411 1690 de
2425 1660 2451 1692 la

1381 1700 1440 1736 pais
1448 1722 1457 1737 ,
1473 1699 1505 1730 &
1518 1699 1566 1729 des
1578 1698 1744 1737 obligations
1754 1707 1837 1730 avant
1850 1698 1918 1728 dites
1926 1721 1935 1737 ,
1953 1697 1978 1727 se
1991 1696 2044 1727 eles
2052 1706 2089 1727 ne
2101 1696 2189 1727 soient
2199 1704 2296 1728 tenues
2310 1707 2360 1736 par
2374 1709 2449 1730 nous

1383 1737 1479 1797 &AEar
1493 1748 1555 1768 eus:

1458 1776 1545 1807 Nous
1559 1799 1570 1815 ,
1588 1787 1636 1817 par
1656 1776 1681 1807 la
1701 1784 1784 1814 grace
1799 1798 1809 1815 ,
1826 1774 1862 1806 ke
1883 1774 2025 1806 l’avantdit
2046 1773 2114 1815 Roy
2132 1783 2148 1804 a
2166 1773 2216 1804 fait
2230 1784 2246 1805 a
2261 1784 2333 1806 nous
2345 1799 2355 1815 ,
2372 1777 2406 1808 &
2422 1787 2450 1808 as
2464 1790 2480 1808 ο
2491 1789 2570 1819 ΠΛ,

1382 1813 1528 1846 Chivalers
1540 1816 1701 1854 avantditz,
1719 1814 1756 1844 de
1766 1824 1801 1845 66
1817 1814 1853 1844 ke
1867 1813 1887 1843 il
1900 1824 1914 1844 a
1929 1822 2026 1853 grante
2040 1814 2074 1844 &
2089 1822 2208 1849 procure
2216 1822 2231 1843 a
2243 1823 2314 1845 nous
2326 1816 2360 1847 &
2375 1825 2390 1846 a
2402 1826 2451 1847 eus

1382 1854 1465 1892 respit
1483 1854 1519 1884 de
1539 1855 1562 1884 la
1587 1856 1681 1893 prison
1702 1852 1844 1883 avantdite
1858 1876 1868 1891 ,
1885 1852 1921 1882 de
1945 1853 1992 1882 kes
2013 1851 2053 1895 313
2077 1851 2159 1881 Feste
2173 1851 2211 1882 de
2225 1851 2250 1882 la
2266 1852 2370 1893 Pasque
2384 1864 2452 1894 pro-

1383 1893 1478 1924 schain
1494 1894 1608 1932 ai'enir,
1624 1902 1756 1929 grantons
1769 1892 1802 1922 ὅ(
1817 1900 1996 1931 promettons
2017 1891 2171 1920 loiaument
2187 1890 2241 1929 ke,
2258 1891 2285 1921 se
2300 1902 2352 1923 nos
2371 1893 2452 1924 Mar-

1382 1932 1494 1962 chaunz
1506 1943 1543 1963 ne
1557 1927 1676 1963 tendent
1689 1931 1860 1971 plainement
1873 1940 1888 1960 a
1903 1928 2045 1960 l’avantdit
2059 1928 2147 1968 Roy,
2164 1939 2181 1959 e
2195 1940 2212 1960 a
2225 1930 2264 1960 ses
2279 1929 2450 1963 Marcheans

1381 1969 1506 2001 avantdis
1527 1971 1632 2001 dedens
1653 1971 1679 2001 16
1694 1979 1786 2001 terme
1798 1968 1940 2007 avantdit,
1959 1977 2038 1999 toute
2055 1968 2078 1998 13
2092 1969 2230 2007 pecunie,
2250 1969 2287 2000 ke
2301 1971 2388 2001 ariete
2407 1971 2449 2002 est

1379 2020 1406 2040 as
1422 2010 1592 2040 Marcheans
1605 2009 1744 2040 l'avantdit
1763 2008 1847 2049 Roy,
1865 2007 1901 2038 de
1915 2007 1940 2037 la
1952 2007 2053 2038 soume
2068 2007 2168 2046 totale,
2186 2007 2223 2037 ke
2234 2007 2333 2039 donne
2346 2009 2405 2040 leur
2419 2011 2451 2042 fu

1381 2057 1455 2088 pour
1467 2048 1653 2079 l'arestement
1666 2047 1804 2085 avantdit,

1420 2088 1525 2127 Nous,
1543 2089 1576 2118 δε
1590 2088 1627 2118 les
1641 2086 1788 2118 Chivalers
1800 2085 1924 2116 avantdis
1937 2085 1963 2115 le
1973 2085 2039 2124 jour
2052 2083 2127 2114 dela
2141 2085 2292 2122 quinzaine
2304 2085 2341 2117 de
2353 2087 2378 2117 13
2393 2085 2454 2128 pas-

1383 2136 1440 2165 que
1455 2125 1595 2163 avantdit,
1610 2127 1674 2156 sanz
1687 2126 1737 2156 nil
1750 2124 1908 2163 contcrdit‚
1927 2131 2070 2154 enterums
2092 2132 2128 2153 en
2141 2122 2168 2152 16
2183 2123 2277 2160 prison
2291 2123 2329 2155 de
2342 2125 2449 2156 Mons-

1382 2166 1451 2196 treel
1464 2166 1526 2196 sour
1540 2166 1563 2195 la
1580 2164 1707 2202 Mer3&
1721 2164 1801 2194 illeuc
1814 2163 1984 2193 demourans
1996 2162 2091 2192 selonc
2106 2162 2144 2192 les
2157 2163 2355 2194 covenanches
2367 2172 2453 2197 avant

1386 2204 1463 2234 faites
1477 2212 1556 2234 entre
1569 2203 1594 2233 le
1609 2202 1733 2234 avantdit
1748 2202 1815 2242 Roy
1828 2202 1861 2233 ὃς
1876 2211 1965 2237 nous3

1416 2242 1495 2273 Illint
1520 2242 1556 2272 ke
1570 2252 1641 2273 nous
1656 2265 1665 2279 ,
1683 2241 1720 2272 de
1733 2241 1777 2272 cel
1790 2250 1851 2271 tens
1867 2250 1902 2270 en
1917 2247 2022 2278 avant,
2041 2249 2077 2269 ne
2092 2239 2234 2278 prierons,
2253 2250 2291 2270 ne
2307 2250 2344 2271 ne
2357 2240 2453 2272 ferons

1400 2282 1454 2312 rier
1466 2281 1491 2312 le
1504 2280 1627 2311 avantdit
1644 2280 1710 2320 Roy
1724 2280 1760 2311 de
1776 2280 1835 2320 plus
1848 2280 1910 2310 lout
1925 2278 2005 2317 respit
2024 2278 2060 2309 de
2075 2278 2216 2309 l’avantdit
2229 2279 2322 2317 prison
2335 2302 2346 2318 ,
2363 2289 2401 2310 ne
2413 2279 2451 2311 de

1380 2291 1538 2351 f'avantdite
1554 2321 1632 2360 paie,

1416 2358 1455 2389 Et
1470 2383 1479 2398 ,
1500 2359 1562 2389 sour
1584 2368 1618 2389 ce
1634 2381 1643 2396 ‚
1663 2369 1734 2389 nous
1753 2364 1886 2398 grantons
1904 2356 1938 2387 &
1958 2356 2078 2395 volons,
2093 2355 2130 2385 ke
2141 2362 2202 2385 tous
2215 2355 2253 2385 les
2265 2356 2347 2394 poins
2360 2357 2394 2387 &
2410 2357 2449 2388 lec

1380 2398 1488 2429 articles
1502 2397 1550 2428 des
1565 2405 1654 2428 autres
1674 2397 1754 2428 escris
1774 2396 1807 2426 ἃ
1819 2395 2012 2435 obligacions,
2030 2394 2106 2425 faites
2127 2402 2206 2424 enter
2220 2394 2362 2425 l'avantdit
2378 2394 2448 2436 Roy

1380 2437 1414 2468 &
1428 2446 1516 2475 nous,
1535 2435 1572 2466 de
1585 2436 1610 2466 la
1622 2436 1708 2467 chose
1721 2433 1879 2472 avantdite,
1899 2433 2029 2464 estoisent
2042 2443 2078 2464 en
2092 2433 2151 2463 leur
2166 2432 2288 2470 primere
2299 2433 2396 2472 ibree,

1416 2475 1454 2506 Et
1468 2476 1504 2506 ke
1518 2474 1594 2506 ceste
1607 2475 1710 2505 nouele
1722 2473 1983 2510 seuffianche‚faite
1997 2483 2011 2503 a
2024 2483 2095 2504 nous
2109 2472 2142 2503 &
2158 2481 2185 2502 as
2201 2469 2346 2502 Chivalers
2353 2481 2450 2505 avant-

1379 2514 1436 2553 dis,
1453 2524 1499 2555 par
1511 2514 1535 2544 13
1549 2523 1632 2552 grace
1646 2514 1672 2544 le
1685 2513 1753 2554 Roy
1770 2511 1910 2549 avantdit,
1928 2521 1964 2542 ne
1976 2519 2080 2542 tourne
2095 2521 2111 2540 a
2127 2509 2260 2555 damage,
2277 2511 2343 2541 n’en
2358 2513 2451 2551 preju-

1379 2553 1443 2584 dice
1457 2564 1491 2584 au
1504 2552 1626 2584 avantdit
1642 2552 1693 2583 Ro
1716 2577 1726 2591 ,
1742 2563 1778 2583 ne
1791 2562 1806 2582 a
1821 2551 1860 2581 ses
1877 2549 2047 2582 Marcheans
2061 2547 2214 2581 avantdrtz·

1415 2592 1461 2623 En
1474 2592 1586 2623 tesmois
1599 2590 1636 2622 de
1649 2602 1684 2623 ce
1710 2602 1726 2622 e
1739 2590 1843 2629 chose,
1858 2600 1874 2620 a
1890 2589 1968 2620 ceste
1981 2589 2062 2621 lettre
2075 2597 2163 2620 avons
2173 2588 2228 2618 mis
2242 2586 2339 2619 nostre
2350 2587 2412 2620 seel.

1416 2673 1526 2704 Donne
1537 2681 1553 2702 a
1570 2670 1658 2702 Alost
1676 2671 1728 2701 l'an
1741 2670 1797 2702 del'
1813 2670 1992 2701 Incamation
2008 2669 2092 2708 1278.

1417 2752 1460 2783 Le
1469 2754 1535 2791 jour
1549 2751 1585 2782 de
1598 2750 1774 2782 l’Ascenfion
1789 2749 1884 2781 nostre
1898 2749 2018 2789 Seignor
2029 2748 2105 2788 Jehu
2119 2747 2204 2780 Crist.

1413 2889 1462 2921 De
1481 2885 1633 2921 Dotalicio
1651 2883 1873 2934 Johannaefiliae
1883 2886 1988 2966 Rigiz,
2007 2894 2063 2931 per
2080 2886 2189 2931 Regem
2203 2885 2410 2919 Romanorum

1817 2944 1901 2969 conce
1924 2945 1957 2965 en
1980 2944 2007 2966 O·

1375 3023 1592 3080 RUdolphus
1605 3047 1615 3062 ,
1639 3023 1698 3056 Dei
1715 3024 1800 3064 gratia
1813 3047 1823 3062 ,
1849 3022 2051 3054 Romanorum
2074 3022 2140 3054 Rex
2153 3022 2264 3064 semper
2281 3021 2442 3063 Augustus,
2459 3015 2537 3049 Ann-
2550 3018 2570 3049 E

1449 3064 1580 3094 umveriis
1592 3063 1671 3094 Sacri
1683 3063 1811 3093 Romani
1823 3061 1939 3102 Imperii
1959 3061 2103 3100 fidelibus,
2118 3062 2265 3101 praesentes
2284 3062 2385 3094 litteras
2398 3063 2442 3094 in-
2457 3057 2570 3123 ΑΞΖΞΒ·

1412 3139 1492 3171 Cum
1514 3149 1586 3186 inter
1607 3140 1841 3185 Hartmannum,
1859 3140 1896 3170 de
1909 3139 2067 3179 Habspurg.
2084 3139 2118 3184 ξε
2132 3139 2170 3169 de
2188 3138 2320 3183 Kyburg.
2335 3138 2440 3170 Corni-
2456 3138 2487 3162 Ε·
2511 3143 2535 3162 ¹·

1373 3178 1563 3218 tem,Alsat1ae
1577 3179 1782 3224 Langravrum,
1801 3178 1891 3224 silium
1905 3177 2034 3223 nostrum
2042 3178 2230 3223 carissimum,
2245 3177 2379 3223 illustrem
2404 3179 2438 3210 ὃς
2455 3177 2510 3201 Rot.
2525 3178 2570 3210 ΡΜ

1369 3217 1546 3257 Johannam,
1566 3226 1658 3248 natam
1672 3217 1813 3261 magmficr
1828 3227 1961 3258 principis
1980 3217 2104 3248 Dom1n1
2123 3215 2360 3256 Edward1Reg1s
2404 3229 2439 3248 n·-
2457 3215 2570 3240 Camm'

1374 3101 1520 3146 speeiuris,
1538 3103 1653 3141 gratiam
1667 3102 1743 3132 suam
1757 3102 1791 3132 &
1804 3111 1892 3131 omne
1905 3102 2024 3131 bonum.

1372 3257 1436 3296 gliae
1471 3257 1530 3295 jam
1554 3256 1733 3324 sglempmter
1758 3256 1811 3287 fint
1835 3257 1980 3288 contracta
2000 3255 2131 3296 sponsalia
2156 3255 2236 3295 super
2257 3257 2441 3287 matrimonio

1375 3305 1431 3326 con
1445 3305 1561 3325 umman
1583 3305 1603 3324 o

1411 3333 1508 3364 Noffe
1521 3317 1653 3364 volurrius
1668 3333 1826 3372 universos,
1843 3332 1921 3373 quod
1937 3343 1988 3364 nos
1995 3332 2089 3363 eidem
2104 3331 2280 3363 Domicellae
2288 3332 2441 3372 Johannae‚

1371 3373 1400 3403 in
1415 3371 1595 3402 haereditariis
1616 3372 1851 3416 &peculiaribus
1866 3373 1944 3402 terris
1962 3371 2063 3402 nostris
2079 3371 2114 3402 &
2133 3372 2237 3416 bonis,
2259 3372 2293 3403 &
2310 3371 2440 3402 donatio-

1371 3418 1578 3480 ἓὲπέιὲἔῖἓῖῗῖς
1586 3419 1715 3488 ffiffiz
1727 3410 1990 3490 ¹335&ssst
2000 3409 2390 3492 ἓὲξῖἓῒὲέῗὲἒὲἕῗιῑῖῗῧὲῗξζ
2404 3410 2440 3478 2⁸3

1370 3488 1495 3519 valorem
1513 3487 1616 3518 decem
1634 3488 1746 3518 milium
1762 3488 1927 3531 Marcamm
1942 3511 1952 3526 ,
1970 3487 2126 3518 secundum
2146 3496 2303 3527 congruam
2318 3485 2439 3530 aestima-

1370 3528 1479 3558 tionem
1499 3527 1701 3557 venerabilium
1721 3526 1879 3558 Virduenhs
1891 3549 1901 3565 ,
1925 3526 2091 3564 Basilienfis,
2108 3526 2143 3557 &
2161 3524 2357 3556 Lausannenfis
2368 3522 2439 3563 Epi-

1369 3566 1523 3606 scoporum
1536 3587 1546 3603 ,
1564 3564 1732 3595 dilectorum
1749 3565 1915 3606 Principum
1929 3564 2094 3595 nostrorum
2107 3587 2117 3602 ,
2136 3564 2181 3595 vel
2195 3564 2316 3594 duorum
2325 3571 2365 3606 *ex
2383 3564 2438 3602 eis,

1370 3605 1391 3634 fi
1404 3613 1505 3634 omnes
1523 3610 1577 3633 tres
1598 3605 1772 3641 personaliter
1795 3603 1924 3635 interesse
1942 3613 2003 3634 non
2017 3603 2142 3640 valeant,
2160 3603 2216 3633 five
2229 3602 2311 3632 etiarn
2323 3600 2438 3633 illorum

1372 3652 1442 3680 quos
1457 3641 1525 3671 dieti
1540 3641 1673 3683 Episcopi
1688 3643 1722 3673 ad
1737 3644 1794 3674 hoc
1808 3644 1936 3674 duxerint
1956 3641 2165 3681 subrogandos,
2183 3642 2269 3671 libere
2287 3637 2383 3670 damus
2401 3642 2438 3674 ὃς

1370 3679 1539 3717 affirmamus
1552 3681 1581 3710 in
1595 3681 1677 3711 bonis
1690 3682 1724 3712 &
1739 3683 1808 3713 locis
1822 3681 1936 3712 inferitis
1950 3681 2104 3717 annotatis3

1406 3717 1518 3748 Damus
1531 3719 1606 3748 enim
1623 3721 1656 3751 ὃς
1669 3720 1834 3760 assignamus
1847 3720 1940 3750 eidem
1955 3719 2128 3750 Domicellae
2139 3716 2437 3760 J⁰¹33²¹¹¹¹ae³.psaediffl

1369 3756 1457 3795 Regis
1471 3756 1582 3796 Angliae
1595 3757 1674 3797 filiae,
1693 3759 1799 3797 sponsae
1811 3758 1938 3797 praedicti
1951 3757 2139 3793 Hmmwm‘,
2157 3754 2204 3784 filu
2219 3753 2307 3784 nostri
2323 3755 2332 3793 (
2349 3756 2436 3793 pleno

1369 3795 1403 3825 &
1418 3796 1507 3825 libero
1522 3797 1722 3828 interveniente
1736 3798 1870 3829 consensu
1885 3797 2076 3827 universorum
2088 3795 2122 3824 &
2136 3791 2307 3836 singulorum
2326 3793 2441 3825 nostro-

1369 3843 1433 3863 rum
1450 3834 1619 3872 liberorum)
1635 3835 1769 3867 Castrum
1784 3837 1822 3867 de
1835 3836 2005 3874 Leuzburg,
2022 3841 2090 3864 curn
2102 3831 2267 3860 h0m1n1bus
2273 3854 2283 3869 ,
2302 3832 2439 3863 Cursibus

1369 3872 1398 3901 in
1413 3872 1606 3912 Vilmeringen
1621 3875 1654 3905 ὃ(
1671 3875 1758 3913 Sure,
1772 3875 1807 3905 &
1821 3874 1953 3904 univerfis
1966 3873 2023 3902 aliis
2035 3869 2197 3900 attinentiis:
2215 3868 2347 3908 Opidum
2362 3871 2438 3902 Aro-

1370 3920 1429 3941 we:
1446 3910 1575 3950 Opidum
1592 3912 1759 3952 Mellingen.
1773 3912 1906 3942 Castrum
1918 3906 2169 3940 Castelz'Castrum
2179 3907 2348 3940 Deilesawe:
2364 3909 2438 3950 Opi-

1370 3948 1439 3979 dum
1446 3949 1597 3990 Sempach.
1607 3951 1736 3990 Opidum
1744 3951 1839 3982 Surse:
1853 3949 2038 3979 Advocatiam
2044 3945 2186 3990 Beronen:
2202 3945 2332 3984 Opidum
2341 3947 2439 3988 Zuge:

1370 3987 1405 4017 &
1420 3988 1530 4018 cursum
1538 3989 1582 4020 seu
1590 3992 1696 4020 curiam
1708 3989 1831 4025 ibidem,
1839 3989 1873 4018 &
1883 3985 2013 4016 officium
2026 3992 2157 4022 exterius,
2170 3994 2240 4014 curn
2253 3987 2385 4016 omnibus
2398 3994 2439 4016 at-

1369 4026 1489 4059 tinentiis
1497 4027 1577 4059 bonis
1584 4028 1764 4062 attinentibus
1777 4025 1922 4058 antedictis
1932 4033 1938 4053 z
1948 4022 2058 4055 Vallem
2067 4022 2154 4063 Agrei
2163 4033 2169 4054 :
2179 4022 2290 4056 Vallem
2297 4025 2326 4057 in
2333 4024 2439 4062 Swize,

2368 4071 2438 4094 cum

1668 1116 1704 1147 ke
1724 1115 1800 1147 ceste
1821 1116 1900 1147 lettre
1918 1122 2021 1147 veront
2042 1125 2061 1146 u
2079 1123 2165 1147 oront
2178 1138 2189 1155 ,
2207 1115 2277 1156 Guy
2296 1115 2395 1149 Conte
2413 1117 2449 1149 de
2465 1110 2570 1145 Arm-1

1423 1192 1583 1232 Compiece
1596 1194 1629 1225 ad
1643 1217 1654 1233 ,
1671 1204 1686 1224 a
1702 1193 1882 1234 Monstreel,
1900 1193 1956 1224 fust
1969 1193 2034 1222 faite
2050 1203 2106 1223 une
2117 1194 2192 1233 pais,
2208 1193 2243 1224 &
2256 1203 2324 1224 unes
2341 1194 2449 1235 obliga·
2465 1153 2570 1220 ‘4173765

1383 1232 1464 1263 cions
1481 1242 1559 1264 entre
1581 1242 1652 1263 mon
1675 1232 1792 1272 Seignor
1813 1232 1944 1264 Edewart
1967 1230 2035 1271 Roy
2056 1231 2248 1271 d'Engleterre
2262 1241 2334 1269 pour
2347 1232 2394 1273 luy
2412 1235 2446 1265 &
2467 1235 2496 1257 Ε·
2517 1241 2541 1258 ¹·

1382 1280 1455 1310 pour
1475 1271 1513 1302 ses
1533 1270 1714 1302 Marchaunz
1734 1271 1817 1302 d’une
1836 1280 1920 1310 part,
1940 1271 1974 1302 &
1990 1279 2062 1300 nous
2075 1293 2085 1309 ,
2103 1280 2175 1309 pour
2189 1280 2261 1301 nous
2280 1271 2313 1302 &
2331 1281 2404 1312 pour
2422 1273 2447 1303 la
2463 1272 2503 1296 Ex
2513 1273 2570 1298 Aut

1383 1309 1520 1341 Comesse
1534 1310 1569 1340 de
1586 1310 1715 1340 Flandres
1727 1333 1736 1348 ,
1756 1309 1852 1340 nostre
1870 1320 1948 1341 mere
1962 1333 1972 1349 ,
1989 1308 2093 1340 d’autre
2114 1318 2174 1347 part
2188 1332 2199 1348 ,
2217 1309 2253 1339 de
2266 1309 2333 1340 faire
2346 1311 2446 1343 rendre
2460 1317 2503 1344 εἴ·
