2570 4261
59 251 134 281 Anu.
146 250 186 280 D.

86 297 168 325 1295.

57 328 123 354 Ea'v.
146 336 169 355 Ι.

60 582 187 615 ''H-695-

55 758 130 789 Auri.
148 756 188 787 D.

63 805 147 834 1295.

55 840 109 863 Aa.
125 845 168 871 23.

55 877 85 901 Ε
106 883 129 901 t.

55 917 96 939 Ei:
115 916 169 938 ΚΜ.

55 954 182 987 peaesCx-

55 997 146 1017 metiar.

68 3493 197 3529 1*ll 696.

207 177 281 214 152

240 245 368 277 Arnaldo
384 242 532 282 Raymundi
547 240 577 269 de
590 236 708 282 Salam,
726 238 790 280 Civi
807 233 950 272 Furdegal.

244 283 396 323 Rofthando
409 283 440 309 de
454 279 568 315 Solaria,
583 280 646 305 Ctvi
661 278 776 311 Bura-vg.

243 320 397 354 Rarmundo
411 320 442 348 a’e
456 316 594 352 Miralho,
611 313 737 352 Burgenfi
751 313 783 342 a'e
796 310 900 349 Raida,

244 360 326 391 Pe‘tro
339 361 452 387 Domino
465 356 496 384 de
512 353 639 391 Arffaco,
657 349 815 387 Dom.¹'reslo,

244 396 391 427 Rammdo
406 395 437 423 de
452 391 582 429 Burglone
591 414 600 427 ,
615 389 735 427 Capituli
747 389 779 417 de
792 392 880 417 Treua
888 409 899 425 ‚

242 441 342 465 Sars-xro
358 434 388 462 de
404 430 546 467 Mralho,
563 427 690 468 Burgensi
703 429 735 457 de
747 425 842 456 Reula.

211 564 237 589 ᾖ
261 561 521 602 Confoederationis
542 560 578 595 ῤ’
599 556 772 602 Alligantiae
784 581 793 595 ,
821 556 898 585 inter
915 551 1091 598 Johannem
1109 554 1209 583 Scotiae
1225 552 1262 587 (ᾤ’

256 603 425 655 Philippum
444 609 575 641 Franciae
594 608 703 651 Reges,
729 600 961 646 [estrumentum
974 627 983 643 ‚
1009 612 1047 633 ex
1063 609 1154 646 parte
1177 601 1265 644 Regis

248 663 388 693 Francus.

264 745 414 784 Hilippus,
440 742 499 773 Dei
520 739 619 779 gratia,
644 737 819 767 Francorum
840 735 906 766 Rex
927 734 1094 774 Universis,
1120 734 1266 775 praesentes

208 747 256 808 P
277 775 565 820 1ίῑῖει··.ῑείηῆ)εᾶιιὲἰ5,
581 778 704 819 salutern.
1083 813 1088 818 ¹

245 821 323 854 Inter
337 823 386 852 alia
422 831 471 858 per
486 829 549 856 quae
564 823 741 855 regnantium
752 813 786 843 &
798 813 969 852 Regnorum
983 811 1111 842 exaltatio
1131 820 1267 852 procura-

208 870 253 892 tur
288 863 320 892 ὅ(
335 845 483 898 acqt’iiritur
498 857 570 894 pacis
583 855 616 885 ὃς
630 852 785 890 tranquillae
799 852 897 890 quietis
908 851 1072 888 amoenitas,
1089 860 1123 881 ac
1136 851 1213 881 felici
1231 851 1265 881 &

210 886 344 939 prospero
363 899 441 929 statui
462 894 633 930 consulitur,
661 890 729 921 illud
748 890 875 927 videtur,
898 889 1004 919 attenta
1024 889 1266 926 consideratione,

210 940 385 977 praecipuum
395 960 404 975 ,
422 945 452 966 ut
466 936 537 964 inter
552 931 647 974 Reges
659 931 692 961 &
704 929 808 968 Regna
824 928 919 958 soiidae
931 929 1047 958 caritatis
1061 929 1166 966 unitas,
1185 928 1218 958 &
1233 926 1266 956 fi-

208 977 275 1008 delis
289 977 417 1006 :iiiiicitiae
433 973 542 1004 foedera
555 976 717 1013 nutriantur.
958 1006 963 1011 .
990 1005 994 1010 Ι
1032 1006 1038 1011 ι

246 1016 350 1052 Sicque
364 1014 458 1047 Reges
473 1012 506 1042 &
524 1009 684 1045 Principes,
699 1006 734 1036 ad
749 1004 944 1047 propulsandas
956 1015 1084 1043 injurias,
1096 1006 1129 1036 δε
1143 1003 1265 1048 domari-

209 1054 256 1085 das
280 1049 433 1083 insolentias
455 1048 666 1089 perversorum,
683 1055 716 1075 ac
735 1043 924 1087 reprimendas
936 1045 1161 1082 impugnationes
1178 1042 1266 1073 hosti-

208 1094 246 1124 les
263 1093 311 1123 fibi
325 1093 450 1122 invicem
466 1087 629 1128 (praesertim
645 1094 697 1122 pro
709 1084 775 1114 zelo
782 1082 907 1121 justitiae)
920 1081 1074 1121 affeetuni,
1094 1092 1163 1126 cum
1186 1081 1267 1112 causa

207 1131 243 1162 df
284 1132 333 1162 s'cit
368 1130 515 1159 exhibeant
529 1124 651 1155 amabilis
667 1123 801 1158 caritatis,
818 1121 896 1159 quod
908 1121 975 1151 alter
989 1121 1065 1151 alteri
1088 1121 1205 1151 libenter
1224 1130 1267 1150 as-

209 1141 283 1201 sii'tpast>
303 1155 504 1206 iii⁷pr0spetis,
523 1167 555 1195 ὃ(
574 1173 633 1192 nori
654 1159 765 1190 deficiat
786 1161 815 1189 in
827 1159 963 1197 adversis,
982 1159 1029 1190 Ut
1041 1159 1152 1197 saltem,
1168 1159 1266 1189 defen-

210 1209 291 1240 sionis
306 1217 455 1246 oportune
475 1201 619 1239 remedio,
637 1209 737 1237 pacem
756 1198 912 1228 odientium
931 1197 1054 1237 repressis
1069 1198 1209 1228 salubriter
1223 1199 1267 1227 in-

205 1247 313 1286 juriosis
336 1245 515 1283 impulsibus,
532 1241 606 1278 pacis
627 1246 732 1275 optatae
752 1236 875 1266 dulcedo
887 1237 1052 1275 proveniat,
1069 1237 1098 1266 in
1113 1237 1191 1275 cujus
1206 1236 1268 1274 pnl-

210 1286 364 1323 critudine,
382 1283 479 1314 devoti
494 1281 566 1319 pacis
582 1277 629 1308 filii
645 1277 718 1315 pacis
732 1275 823 1305 acron
840 1278 876 1305 eo
891 1275 1040 1313 devotius,
1058 1277 1118 1313 quo
1134 1275 1268 1313 tranquil-

209 1324 261 1355 litis
276 1325 451 1354 famulentur.
874 1353 878 1358 ι
1007 1353 1011 1358 .
1095 1353 1100 1358 ⁸
1215 1354 1219 1358 Ι
1250 1354 1254 1358 Ι

248 1363 322 1392 Sane
341 1362 449 1392 inclitus
472 1358 606 1394 Princeps
622 1353 782 1394 Johannes,
800 1352 906 1383 Scotiae
927 1352 991 1383 Rex
1005 1351 1131 1391 illustris,
1149 1352 1269 1391 specialis

210 1403 316 1432 amicus
337 1400 447 1435 noster,
464 1395 615 1435 praemisliis
637 1393 763 1424 utilitates
783 1393 816 1422 &
838 1392 995 1422 commoda
1010 1390 1157 1428 prudenter
1179 1400 1270 1422 atten-

210 1439 277 1469 dens
291 1464 300 1475 ,
324 1437 503 1468 Venerabiles
531 1434 625 1464 Patres
640 1457 649 1469 ,
673 1430 866 1461 willielmum
890 1430 984 1460 Sancti
1004 1430 1125 1459 Andreae
1146 1431 1179 1461 &
1203 1430 1271 1460 Mi-

211 1479 309 1508 tlieiim
327 1473 576 1510 Dtinkeldensem,
593 1470 761 1514 Episcopos:
783 1468 827 1500 Ac
839 1469 1001 1508 Joliannem
1015 1468 1052 1499 de
1067 1468 1149 1506 Sule,
1166 1469 1199 1499 &
1222 1468 1271 1499 In-

209 1517 364 1556 gelrzimum
377 1516 411 1545 de
427 1510 618 1547 Umfraiivill,
639 1508 763 1545 Milites,
975 1528 989 1551 ‘.
1019 1547 1024 1551 .

249 1555 383 1584 Nuiiczos
407 1554 439 1583 ὃς
460 1551 659 1581 Procuratores
680 1547 758 1584 suos,
777 1544 811 1575 ad
832 1545 890 1576 hoc
917 1546 1068 1584 specialiter
1083 1545 1269 1585 constitutos,

210 1602 295 1631 proiit
315 1595 341 1622 in
364 1590 528 1629 quibusdam
550 1586 753 1617 procuratoriis
774 1584 869 1615 litteris
882 1608 891 1622 ‚
915 1586 982 1614 inde
1000 1584 1138 1614 confectis
1152 1609 1162 1622 ,
1188 1586 1269 1623 ipsius

212 1632 300 1664 Regis
321 1630 418 1661 Sisillo
438 1628 551 1660 munitis
573 1627 704 1662 (quarum
729 1632 839 1667 tenores
859 1622 895 1653 de
909 1623 1000 1654 verbo
1013 1622 1046 1653 ad
1058 1623 1181 1654 verbum
1196 1624 1267 1654 infe-

211 1665 341 1702 riussunt
356 1668 518 1705 conscripti)
536 1663 648 1706 plenius*
657 1669 836 1700 continetur,
858 1701 862 1705 Ι
908 1700 912 1705 .
1079 1701 1084 1705 ῃ
1107 1701 1112 1706 ι
1129 1701 1133 1706 ·

250 1709 294 1739 Ad
309 1719 360 1739 nos
369 1732 379 1747 ,
398 1718 451 1745 pro
465 1701 662 1737 contrahendis
676 1699 967 1731 confoederationibus
979 1699 1012 1731 ὃς
1028 1708 1161 1731 amlcitiae
1176 1700 1269 1732 foede-

211 1749 302 1786 ribus,
320 1758 372 1786 pio
384 1747 497 1781 trituris,
516 1741 664 1780 specialiter
675 1738 833 1782 ’destinavit-⁴
906 1778 911 1782 .

245 1786 311 1817 No,
327 1789 419 1824 ,mque
432 1784 512 1820 ipsius
521 1781 607 1820 Regis
622 1787 695 1808 votis
709 1777 889 1807 laudabilibus
904 1787 933 1806 in
946 1776 999 1807 bac
1013 1786 1091 1814 parte
1103 1786 1183 1816 grato
1196 1786 1269 1809 con-

212 1834 354 1856 currentes
383 1825 479 1853 animo
493 1845 502 1858 ,
536 1829 567 1850 ut
594 1816 753 1855 hujusmodi
780 1815 1031 1846 confoederationis
1061 1816 1178 1846 affinitas
1191 1838 1203 1861 ?
1234 1817 1267 1847 &

211 1865 343 1895 miicitiae
364 1859 512 1893 fruetuosae
533 1855 696 1888 contraditis
717 1864 753 1885 eo
771 1855 924 1885 ferventius
947 1855 1037 1894 vigeat
1051 1878 1061 1891 ,
1092 1853 1270 1892 stabiliusque

216 1902 362 1942 perduret,
388 1910 448 1939 quo
468 1896 628 1929 melioribus
647 1892 769 1924 firmatus
790 1894 931 1931 auspiciiS,
948 1902 1079 1932 nexuque
1099 1892 1270 1925 constrictus

218 1942 299 1972 fuerit·
314 1941 442 1977 fortiori,
933 1971 937 1976 ¹
955 1972 960 1976 .
995 1972 1000 1977 .

252 1980 359 2010 Acium
392 1984 566 2008 conventum
603 1973 636 2004 ὃς
655 1969 862 2002 concordatum
884 1980 973 2002 extitit
993 1980 1065 2002 inter
1079 1981 1132 2001 nos
1149 1970 1196 2008 (de
1217 1981 1271 2002 vo-

211 2019 317 2050 luntate
331 2002 481 2048 &'assensu
496 1998 626 2045 carissimi
640 2010 797 2048 Germani,
815 2011 848 2041 ὅ(
862 2009 946 2040 fidelis
967 2009 1071 2047 nostri,
1092 2010 1193 2040 Karoli
1213 2009 1272 2040 Va-

210 2057 308 2095 leiisis,
323 2057 356 2087 &
373 2052 578 2087 Andegavensts
592 2049 727 2086 Comitis)
743 2049 776 2079 &
791 2048 989 2078 Procuratores
1010 2049 1178 2087 praedidtos,
1194 2048 1269 2079 Pro-

213 2097 356 2127 curatorio
370 2087 568 2124 norniiie'dieti
583 2088 669 2128 Regis
680 2110 689 2126 ,
707 2087 785 2125 quod
808 2088 877 2116 inter
899 2086 1078 2126 Edvardum,
1096 2089 1271 2127 primogeni-

214 2144 277 2166 tum
290 2133 378 2164 filiurn
392 2133 482 2171 Regis
494 2129 633 2168 ejusdem,
651 2126 778 2169 futurum
790 2124 905 2162 Regem
921 2125 1027 2156 Scotiae
1037 2149 1046 2164 ‚
1067 2126 1112 2163 (δε
1121 2149 1130 2164 ,
1150 2128 1198 2164 qui
1220 2136 1270 2164 per

216 2173 441 2204 conventionem
454 2179 488 2200 ex
510 2167 625 2205 tesiam,
644 2165 769 2194 habitam
783 2173 851 2194 etim
867 2163 1100 2194 procuratoribus
1114 2164 1270 2202 antedictis,

214 2211 387 2242 successurus
399 2208 441 2240 est
456 2209 481 2239 ei
501 2216 548 2237 em
564 2205 639 2243 Regi
651 2204 679 2232 in
692 2202 798 2242 Regno
813 2202 938 2240 Scotiae,
956 2203 989 2233 &
1003 2203 1060 2233 aliis
1073 2204 1150 2233 terris
1162 2203 1226 2239 suis)
1237 2204 1270 2234 &

212 2250 240 2289 J.
267 2249 485 2287 primogenitam
505 2245 590 2275 filiam
610 2243 747 2274 Germani
766 2239 854 2271 nostri
873 2240 1023 2280 praedien,
1050 2241 1271 2273 Matrimonium

215 2288 406 2320 contrahetur.
644 2320 649 2325 ,
703 2319 718 2325 ..
769 2319 775 2324 ι
899 2319 904 2324 ,
932 2319 937 2325 ⁸

251 2326 312 2357 Cui
333 2326 426 2365 Regi,
444 2325 562 2355 nornine
583 2320 651 2351 dicti
671 2318 719 2348 filii
738 2318 794 2356 sui,
813 2326 1003 2356 promittimus
1019 2328 1086 2357 nos,
1106 2319 1139 2349 ὃς
1153 2319 1273 2350 Succes-

216 2367 289 2397 sores
324 2373 467 2396 curaturos
482 2363 514 2394 &
531 2359 684 2391 effecturos
698 2357 755 2387 dari
767 2358 796 2386 in
811 2358 1040 2396 matrimonium,
1053 2367 1122 2388 cum
1138 2358 1272 2395 praedieta

214 2389 411 2444 filii,³viginti
431 2402 556 2440 quinque
574 2398 648 2429 milia
666 2395 799 2426 librarum
817 2395 1029 2426 Turonensium
1045 2406 1212 2435 parvarum,
1241 2398 1270 2426 in

214 2442 333 2483 pecunia
348 2439 500 2472 numerata.
686 2474 690 2479 ¹
772 2473 777 2479 ,
871 2473 876 2479 .
1032 2474 1036 2479 .
1189 2474 1194 2479 η

252 2481 389 2519 Idemque
409 2480 490 2516 Rex,
516 2475 635 2516 praesatae
654 2472 718 2504 filiae
738 2473 816 2503 mille
830 2482 995 2512 quingentas
1019 2473 1100 2503 libras
1123 2472 1270 2511 sterlingo-

217 2531 281 2551 rum
297 2546 306 2558 ,
332 2520 416 2550 annui
438 2516 561 2548 redditus
575 2540 585 2554 ,
611 2516 639 2544 in
661 2512 838 2551 dotalitium,
863 2512 909 2543 seu
930 2511 1131 2550 donationem,
1155 2522 1271 2550 propter

214 2570 253 2590 nu
276 2561 340 2598 tias,
359 2558 423 2588 dare
438 2558 470 2588 &
485 2554 618 2594 assignare
629 2551 778 2595 tenebitur.
941 2589 946 2595 Ι
1038 2589 1043 2594 ι
1063 2588 1073 2596 ἢ
1131 2590 1136 2595 ῃ
1237 2590 1242 2595 ⁸

253 2570 303 2628 Be
315 2598 414 2635 quibus
430 2595 506 2626 mille
527 2594 601 2624 libris
621 2590 848 2627 Sterlingorum,
865 2599 947 2619 annui
968 2588 1109 2627 redditus,
1130 2599 1158 2619 in
1180 2597 1272 2628 terris,

217 2646 286 2667 curn
308 2634 539 2671 iurisdiClionibus
562 2632 594 2662 &
606 2629 716 2669 justitiis
729 2628 906 2658 omnimodis
922 2627 966 2665 (ad
981 2627 1132 2659 Coronam
1148 2628 1272 2667 Regiam

214 2685 276 2705 non
296 2674 479 2712 spe&annbtis
514 2673 544 2701 in
563 2670 633 2700 locis
654 2666 846 2705 infrascriptis,
864 2666 1011 2706 videlicet,
1030 2666 1066 2697 de
1087 2665 1220 2703 Balliolo,
1235 2665 1272 2696 de

216 2712 375 2750 Datnperra
410 2711 445 2742 de
463 2672 632 2745 Pleliconrt,
647 2705 683 2735 de
704 2704 821 2735 Hornoi‘
846 2706 873 2734 in
897 2704 1002 2744 Regno
1027 2705 1167 2735 Franciae:
1187 2704 1273 2734 Nec-

217 2761 277 2781 non
296 2751 332 2781 de
355 2737 482 2787 Linark,
508 2747 543 2777 de
562 2745 681 2777 Kadioir
717 2743 753 2773 de
768 2741 940 2782 ¹Maldissey,
957 2743 993 2773 de
1013 2742 1218 2780 Cuninghain,
1236 2742 1273 2772 de

216 2789 384 2828 Hadington
395 2812 404 2827 ,
422 2790 455 2820 δε
469 2790 497 2818 in
511 2784 613 2816 Castro
630 2783 665 2813 de
680 2765 847 2825 bundeffn
862 2780 967 2822 Regno
981 2781 1103 2820 Scotiae,
1120 2791 1188 2812 cum
1210 2791 1275 2819 per-

213 2829 334 2858 tinentiis
346 2828 476 2858 locorum
492 2825 631 2863 ipsorum,
649 2820 775 2852 affidebit
791 2819 899 2860 eidem:
1011 2858 1017 2864 ·
1184 2859 1189 2864 .

249 2865 290 2897 lta
314 2865 390 2905 quod
406 2890 415 2902 ,
449 2865 468 2896 si
490 2862 611 2894 redditus
634 2861 667 2891 ὃ(
685 2867 837 2897 proventus
858 2858 991 2889 locorum
1009 2857 1132 2896 ipsorum
1160 2857 1270 2888 duitam

214 2905 354 2938 §immam
372 2903 449 2934 misse
466 2903 598 2933 librarum
621 2898 820 2936 sterlingorum
842 2898 926 2927 annui
948 2896 1047 2926 valoris
1069 2895 1221 2934 excedant,
1241 2896 1274 2926 il-

217 2942 281 2980 iud,
300 2942 377 2981 quod
392 2943 470 2982 super
481 2939 622 2971 habundat
634 2937 703 2967 ultra
717 2937 856 2967 summam
870 2935 1016 2973 eamdem,
1034 2934 1151 2973 praefato
1166 2934 1274 2966 Domi-

217 2990 259 3010 no
270 2981 367 3012 nostro
382 2981 487 3011 Scotiae
502 2979 577 3017 Regi
591 2983 743 3007 remaneat:
855 3013 859 3018 ⁸
1037 3013 1042 3018 1
1244 3013 1249 3017 .

257 3019 313 3056 Et,
331 3020 349 3048 si
370 3018 437 3053 quid
457 3018 492 3047 de
511 3015 619 3047 summai
640 3013 698 3053 ipsa
716 3013 835 3050 deesset,
853 3012 929 3043 idem
949 3012 1096 3043 Dominus
1111 3011 1223 3049 noster,
1241 3022 1271 3042 in

217 3057 275 3086 :iliis
290 3056 441 3088 redditibus
455 3056 521 3094 suis,
538 3056 567 3085 in
584 3054 688 3093 Regno
702 3051 809 3084 Scotiae
828 3051 1001 3090 constitutis,
1019 3051 1146 3090 supplere
1166 3051 1275 3090 integre

217 3103 342 3125 teneatur

257 3133 310 3163 Vel
326 3120 433 3164 eisdem
449 3133 539 3170 mille,
559 3132 577 3162 si
591 3141 642 3162 nos
656 3130 853 3168 maluerimus,
873 3139 986 3161 necnon
999 3128 1115 3159 residuas
1132 3128 1274 3166 quingen—

220 3179 259 3201 tas
277 3172 357 3201 libras
378 3171 521 3211 assignabit
536 3171 602 3207 sibi,
621 3170 809 3207 percipiendas
823 3170 850 3199 iii
867 3169 964 3207 bui-sii,
983 3169 1012 3198 in
1024 3168 1106 3198 certis
1121 3167 1207 3205 locis,
1225 3178 1273 3211 aii—

220 3212 326 3240 nuatini
347 3210 380 3240 ad
401 3210 472 3239 duos
492 3210 642 3246 termiii0s3
662 3208 743 3245 ipsam
768 3218 802 3237 ue
822 3208 894 3237 bene
909 3207 1070 3237 assecurabit
1083 3205 1118 3235 de
1134 3205 1274 3236 Dotalitio

219 3248 362 3278 anteditsto
384 3247 530 3284 habendo,
547 3248 579 3277 &
602 3218 784 3283 percipiendo
804 3246 839 3274 ab
857 3246 905 3284 ea,
923 3245 987 3284 post
1002 3245 1111 3274 didtum
1126 3245 1273 3274 matrimo-

219 3288 298 3354 Eiuiii
313 3287 511 3324 contraitum,
529 3285 561 3315 &
577 3293 699 3314 mortem
711 3284 779 3315 dieti
791 3283 855 3322 filii,
869 3284 1002 3324 quamdiu
1016 3285 1102 3315 vitam
1115 3282 1224 3313 duxerit
1245 3284 1274 3312 in

241 3335 354 3355 umanis.

257 3363 363 3402 Qrod,
382 3363 401 3393 si
417 3362 485 3393 diffi
500 3362 586 3392 futuri
599 3361 733 3398 conjuges
746 3361 761 3389 a
775 3359 854 3390 dieto
867 3360 952 3397 Rege
966 3360 1070 3391 vellent
1084 3358 1198 3389 fortasse
1218 3359 1274 3389 dis-

220 3401 336 3441 cedere,
351 3402 430 3433 dieto
449 3400 614 3437 Dotalicio,
633 3400 662 3428 iii
683 3398 739 3429 vita
761 3400 844 3429 etiam
866 3399 953 3437 Regis
974 3398 1112 3438 ejusdem,
1129 3397 1274 3435 perfruen-

216 3447 269 3469 tur,

256 3480 275 3497 *
300 3479 335 3509 Et
354 3479 372 3509 si
392 3502 401 3518 ,
426 3477 552 3509 successu
576 3476 710 3514 temporis
726 3500 735 3513 ,
762 3475 912 3512 praedic‘tus
932 3474 997 3506 Rex
1018 3474 1053 3505 ad
1074 3473 1191 3504 secunda
1211 3482 1275 3505 vota

219 3516 328 3547 transire
345 3518 484 3554 voluerit,
503 3514 632 3546 nostrum
648 3514 728 3552 super
742 3513 800 3544 hoc
817 3514 962 3544 consilium
977 3515 1114 3551 requirere
1127 3513 1172 3542 vel
1189 3523 1274 3543 com-

219 3556 360 3584 municare
373 3555 494 3586 debebit.

260 3591 339 3621 Idem
354 3603 467 3631 quoque
480 3592 564 3630 Rex,
582 3601 664 3621 more
674 3589 739 3628 justi
754 3590 908 3628 Principis,
927 3590 996 3620 cum
1012 3600 1046 3620 ex
1067 3589 1178 3620 fervore
1192 3588 1273 3627 justi-

222 3629 288 3665 tiae,
305 3638 366 3659 tuin
389 3633 471 3661 etiam
495 3640 528 3660 ex
551 3630 616 3660 zelo
639 3629 795 3658 dilectionis
816 3630 950 3666 interiiae,
969 3639 1053 3665 quam
1075 3627 1110 3658 ad
1137 3637 1203 3668 nos,
1222 3626 1275 3657 do-

222 3676 303 3696 mum
317 3667 438 3698 nostram
448 3694 456 3706 ,
473 3669 573 3698 solium
589 3669 622 3699 ὃς
636 3667 742 3696 incolas
756 3666 851 3705 Regni
872 3666 960 3696 nostri
977 3668 1080 3697 habere
1104 3665 1275 3703 dinoscitur,

222 3703 342 3734 moleste
362 3706 448 3736 ferens
471 3716 568 3745 graves
588 3706 712 3743 injurias,
737 3715 866 3734 enormes
890 3704 1029 3742 excessus,
1048 3705 1274 3744 impugnationes

223 3740 354 3784 hostiles,
370 3744 401 3773 8:
412 3745 595 3782 aggressiones
609 3745 727 3780 iniquas,
746 3744 845 3780 quibus
862 3743 922 3773 Rex
938 3744 1066 3782 Angliae,
1083 3743 1191 3772 violato
1205 3741 1274 3771 fide-

223 3779 305 3809 litatis
318 3779 412 3809 debito
427 3783 495 3818 (quo
508 3783 589 3811 nobis
602 3782 745 3811 tenebatur
759 3780 893 3816 astrictus)
912 3791 979 3818 nos,
994 3782 1086 3812 fideles
1100 3781 1133 3811 &
1148 3779 1273 3810 subditos

224 3816 352 3859 nostros,
368 3826 422 3847 tam
447 3829 494 3855 per
515 3829 634 3857 terram,
654 3820 740 3856 quam
766 3829 814 3856 per
829 3828 923 3854 mare,
941 3820 1108 3856 multifarie,
1126 3818 1275 3855 multisque

223 3854 317 3922 ἓοάιε
333 3855 461 3885 haetenus
476 3856 624 3887 offendisse
638 3857 807 3894 dinoscitur,
825 3856 858 3886 &
871 3855 1019 3888 offendere
1033 3859 1169 3889 continue
1183 3856 1276 3895 satagit

249 3901 258 3907 ’
274 3902 402 3922 conatus:

263 3930 307 3959 Ac
329 3940 490 3967 propterea,
507 3941 537 3962 ut
560 3943 627 3970 nos,
645 3934 678 3963 ἃ
698 3932 878 3963 Successores
900 3933 1010 3963 nostros
1033 3934 1083 3963 sibi
1099 3933 1132 3964 &
1147 3931 1198 3961 suis
1213 3931 1274 3967 stri-

228 3967 303 4010 istii‘is
321 3969 410 3997 mutui
430 3970 532 4009 aitioris
549 3971 639 4007 alliget
658 3970 804 4000 affectibus
820 3994 828 4009 ,
863 3970 896 3999 ad
916 3971 1117 4008 repressionem
1137 3970 1275 4000 salubrem

226 4015 402 4046 iniuriarum,
428 4009 688 4044 impugnationum,
711 4009 743 4038 ὃς
764 4008 971 4047 aggressionum
991 4007 1168 4047 hujusmodi,
1191 4008 1274 4037 nobis

225 4043 377 4074 efficaciter
398 4045 431 4075 ‘Sl
453 4052 578 4081 potenter
598 4045 716 4076 assistere
738 4046 855 4085 gratuita
868 4048 1037 4079 amabilitate
1049 4047 1212 4086 disponens,
1230 4045 1273 4075 di-

649 132 1447 199 coNvENTioNE&

1515 139 1899 192 LtTERAE,

1298 227 1350 257 &is
1363 226 1509 256 commisit
1525 225 1778 264 Procuratoribus,
1794 226 1918 264 ipsique,
1932 224 2138 256 procuratorio
2162 225 2281 256 nornine
2303 225 2364 257 Re-

2380 221 2456 252 Ann.
2465 207 2512 253 DJ

1296 266 1339 308 gis
1359 265 1511 309 ejusdem,
1526 266 1608 295 nobis
1629 266 1818 302 promiserunt
1837 264 1981 302 expresse,
2006 263 2086 301 quod
2105 263 2182 294 idern
2204 263 2270 294 Rex
2290 264 2364 295 Sco-
2398 269 2483 300 1295.

1300 311 1347 333 tiae
1360 326 1370 341 ,
1395 313 1424 332 in
1447 303 1572 340 praesenti
1593 312 1714 343 guerra,
1739 313 1823 341 quam
1850 312 1950 333 contra
1967 301 2077 332 dietum
2095 301 2209 346 Regem
2232 303 2366 342 Angliae,
2378 302 2445 328 Edv-
2461 307 2493 328 '¹·

1300 341 1421 372 fautores
1434 364 1444 378 ,
1467 341 1701 380 confoederatos,
1733 351 1792 373 tam
1816 341 1928 380 Regem
1952 340 2131 371 Alemanniae
2144 364 2153 378 ,
2187 339 2274 379 quam
2295 341 2365 372 alios

1302 379 1499 418 quoscumque
1515 381 1644 410 valitores
1659 390 1734 410 nunc
1749 380 1901 416 habemus,
1919 378 2003 409 nobis
2017 379 2050 409 &
2072 378 2278 413 successoribus
2298 389 2364 410 nos-

1300 419 1367 456 tris,
1384 418 1406 447 fi
1423 418 1458 448 ad
1478 419 1527 455 eos
1548 427 1646 456 guerra
1668 417 1827 457 hujusmodi
1849 425 2037 455 prorogetur,
2055 419 2120 448 totis
2139 417 2192 447 suis
2213 417 2248 448 δε
2270 416 2365 457 Regni

1301 455 1340 486 sui
1355 456 1475 494 viribus,
1493 465 1552 487 tam
1567 467 1617 495 pei·
1630 466 1751 494 terram,
1767 457 1854 494 quam
1869 466 1918 493 per
1934 466 2027 493 mare,
2043 457 2072 485 in
2087 456 2189 495 Anglia
2203 456 2317 494 publice
2330 465 2365 486 ac

1301 501 1426 531 patenter
1445 494 1596 534 assisteret,
1613 505 1647 526 ac
1667 495 1808 533 praestabit
1831 495 1996 532 consilium,
2013 495 2047 525 &
2071 495 2206 525 auxilium
2225 503 2365 533 opportu-

1300 542 1380 562 num.
2153 555 2155 557 .

1341 569 1394 614 Et,
1412 579 1444 602 ut
1456 571 1563 609 praefari
1577 570 1665 612 Regis
1679 571 1792 610 Angliae
1808 573 1928 612 injuriosi
1942 581 2060 603 conatus
2073 582 2110 603 eo
2123 572 2306 603 commodius
2321 581 2367 603 re-

1304 617 1475 652 primantur,
1492 610 1628 649 idemque
1642 611 1707 641 Rex
1721 612 1736 641 a
1753 612 1885 649 perversis
1898 613 1953 642 suae
1977 611 2131 642 hostilitatis
2152 611 2306 641 incursibus
2326 621 2364 642 eo

1304 648 1384 678 eitius
1397 649 1498 678 resilire
1510 658 1642 688 cogatur,
1660 660 1719 688 quo
1734 651 1824 687 magis
1837 650 1921 692 fuerit
1933 651 1990 681 aliis
2002 658 2174 690 occupatus;
2192 648 2282 679 dietus
2297 649 2364 681 Rex
2377 663 2379 665 ¹

1305 685 1414 717 Scotiae
1426 687 1476 724 ipsi
1492 687 1566 727 Regi
1582 688 1695 725 Angliae
1709 698 1859 726 guerram,
1876 690 1927 719 iuis
1942 690 2060 726 propriis
2081 688 2236 725 sumptibus
2259 687 2293 717 δε
2310 688 2369 727 εὴ

1306 725 1410 763 pensis,
1429 734 1492 756 toto
1514 726 1595 764 posse
1613 727 1677 764 suo,
1696 727 1730 758 &
1752 727 1907 757 incolarum
1927 729 2009 757 etiam
2031 727 2128 767 Regni
2151 726 2208 764 sui,
2234 726 2366 764 quotiens

1305 770 1368 794 toto
1388 764 1468 801 posse
1485 765 1568 796 fuerit
1588 773 1779 803 oportunum,
1795 765 1878 795 nobis
1898 774 2027 804 guerram
2047 774 2160 803 ceptam
2173 764 2366 803 prosequenti-

1304 801 1357 832 bus
1372 811 1405 832 ac
1421 806 1682 842 mantitenentibtis,
1702 813 1819 833 movere
1831 804 1864 834 ὃς
1881 805 2045 833 continuare
2059 804 2176 833 curabit.

1344 839 1537 872 promiserunt
1560 842 1669 880 insuper
1691 841 1893 872 Procuratores
1909 842 2033 879 praefati,
2050 841 2254 873 Procuratorio
2270 842 2366 872 nomi-

1305 887 1342 908 ne
1357 881 1506 911 memorati
1520 880 1549 910 R
1569 882 1608 910 ois
1621 881 1743 918 Scotiae,
1755 879 1878 910 eundem
1892 879 2006 919 Regem
2021 889 2183 911 curaturum
2198 882 2232 912 &
2242 879 2364 911 effectu-

1306 927 1385 955 rum,
1405 917 1482 956 quod
1497 926 1554 948 tam
1588 919 1692 957 raelati,
1709 927 1843 957 quatenus
1855 920 1894 948 eis
1907 918 1944 948 de
1953 919 2016 956 jure
2028 919 2140 957 licebit,
2158 928 2244 957 quam
2259 918 2365 949 Comi-

1305 963 1363 994 teS,
1381 955 1520 994 BatoneS,
1539 958 1572 988 &
1587 957 1631 988 alii
1647 957 1789 995 Nobiles,
1806 967 1921 987 necnon
1938 957 2202 995 Universitates,ac
2217 957 2365 988 Commu·

1304 995 1400 1025 nitates
1414 995 1551 1026 Villarum
1566 995 1662 1036 Regni
1673 995 1796 1034 Scotiae,
1811 1005 1875 1035 erga
1888 1005 1940 1025 nos
1957 997 1990 1026 &
2006 995 2177 1027 successores
2191 995 2304 1026 nostros
2312 999 2326 1033 ,'
2336 998 2367 1027 in

1305 1033 1409 1069 guerra
1431 1033 1584 1074 praedicta,
1602 1035 1660 1073 pari
1683 1034 1775 1064 modo
1796 1035 1825 1063 in
1846 1034 1999 1072 omiiibuS,
2016 1034 2087 1065 sicut
2104 1034 2215 1064 dietum
2229 1034 2270 1064 est
2285 1035 2365 1072 supe-

1304 1071 1379 1111 rius,
1395 1071 1422 1102 se
1438 1073 1601 1111 habebunt,
1618 1074 1652 1104 δε
1668 1073 1749 1104 dieto
1764 1071 1840 1112 Regi
1856 1072 1984 1110 Angli-ae,
2001 1072 2084 1112 simili
2105 1072 2212 1111 modo,
2228 1073 2294 1102 totis
2313 1073 2365 1103 suis

1305 1111 1410 1141 viribus
1425 1121 1554 1148 guerram
1567 1112 1671 1142 facient
1686 1112 1754 1142 sicut
1765 1110 1886 1148 superius
1899 1110 1941 1141 est
1954 1111 2124 1149 expressum.

1345 1149 1496 1188 Qiodque
1516 1160 1575 1181 tam
1600 1150 1726 1188 Praelati,
1743 1150 1829 1188 quam
1851 1149 1999 1187 Comites,
2016 1148 2138 1179 Barones
2161 1147 2252 1180 &alii
2266 1147 2367 1180 Nobi-

1302 1186 1342 1218 les
1349 1198 1481 1226 ,necnon
1495 1189 1715 1226 Univerfitates‚
1725 1188 2009 1226 Communitatesque
2022 1187 2056 1218 N
2059 1187 2174 1218 otabiles
2186 1187 2256 1217 dieti
2268 1187 2368 1226 Regni

1306 1226 1431 1266 Scotiae,
1448 1228 1506 1259 suas
1522 1229 1604 1258 nobis
1618 1228 1698 1268 super
1713 1228 1772 1258 hoc
1787 1227 1914 1258 Patentes
1928 1227 2029 1257 litteras
2051 1226 2127 1264 suas,
2145 1227 2264 1257 munitas
2285 1226 2369 1265 Sigil-

1305 1264 1353 1304 lis,
1372 1268 1539 1304 quamcitius
1554 1266 1612 1297 fieri
1629 1267 1749 1305 poterit,
1766 1266 1955 1297 destinabunt.

1346 1303 1536 1336 Conventum
1555 1305 1606 1336 fuit
1627 1304 1764 1344 siqnidem
1786 1306 1858 1335 inter
1870 1315 1922 1335 nos
1935 1305 1968 1335 &
1982 1304 2183 1335 Procuratores
2197 1303 2366 1343 praedictos,

1305 1345 1425 1373 nomine
1447 1354 1506 1382 quo
1526 1344 1621 1384 supra,
1639 1343 1735 1382 quod,
1755 1343 1774 1373 si
1794 1344 1971 1383 praelibatum
1986 1343 2095 1382 Angliae
2108 1342 2242 1382 Regem,
2260 1342 2368 1374 coadu—

1307 1383 1374 1412 natis
1396 1383 1502 1413 viribus
1524 1383 1591 1421 suis,
1610 1393 1659 1423 per
1681 1382 1708 1413 se
1731 1382 1776 1412 vel
1798 1392 1847 1420 per
1860 1382 1947 1412 alium
1962 1382 2101 1419 Regnum
2114 1381 2220 1412 Scotiae
2234 1381 2370 1412 invadere

1306 1419 1380 1451 forte
1399 1422 1568 1461 contigerit,
1585 1421 1650 1459 post
1673 1431 1803 1459 guerram
1825 1420 1860 1450 ad
1872 1420 2082 1458 requisitionem
2095 1419 2237 1458 nostram,
2253 1429 2303 1457 per
2325 1419 2369 1450 di-

1307 1460 1388 1489 &tim
1412 1459 1525 1499 Regem
1547 1470 1675 1498 ceptam,
1693 1459 1739 1490 vel
1759 1458 1824 1498 post
1848 1459 2015 1489 affinitatem
2030 1459 2076 1489 seu
2090 1458 2368 1491 confoederationem

1307 1498 1474 1535 praesentem
1488 1501 1561 1529 inter
1575 1509 1627 1529 iios
1643 1500 1758 1536 initam,
1772 1497 1922 1528 occasione
1936 1497 2120 1535 earumdem,

1344 1537 1413 1567 Nos
1431 1537 1635 1575 (dummodurn
1650 1546 1683 1568 ex
1698 1545 1775 1578 parte
1793 1537 1874 1574 ipsius
1889 1536 1977 1574 Regis
1991 1536 2099 1567 Scotiae
2120 1535 2198 1580 super
2216 1536 2276 1567 hoc
2296 1546 2370 1568 con,-

1305 1583 1377 1643 ῗυο
1392 1585 1523 1614 tempore
1536 1576 1668 1606 fuerimus
1683 1577 1855 1614 praemuniti)
1870 1575 1919 1604 sibi
1935 1574 2083 1605 subsidium
2105 1574 2259 1612 faciemus,
2278 1575 2369 1613 ipsum

1339 1624 1423 1653 egem
1445 1615 1559 1652 Angli-ie
1578 1625 1627 1653 per
1647 1623 1738 1652 partes
1760 1614 1821 1644 alias
1837 1613 2026 1651 occupando,
2045 1612 2128 1644 ut'sic
2141 1613 2177 1643 ab
2193 1613 2306 1651 incepta
2324 1615 2369 1644 in-

1307 1654 1421 1683 vasione
1440 1653 1574 1692 praedicta
1595 1653 1629 1683 ad
1651 1654 1701 1683 alia
1723 1651 1906 1690 distrahatur,
1925 1652 1971 1683 vel
1998 1653 2023 1682 ei
2040 1651 2069 1681 in
2085 1650 2182 1682 Scoria
2197 1652 2373 1683 conveniens

1307 1691 1490 1760 adjutorium,
1508 1692 1661 1730 sumptibus
1677 1691 1794 1730 nostris,
1813 1691 1960 1730 quousque
1973 1692 2003 1721 in
2024 1690 2122 1721 Scotia
2141 1691 2267 1729 venerit,
2284 1699 2372 1721 trans-

1306 1739 1407 1761 mitten
1428 1742 1456 1762 o.

1344 1769 1373 1799 Si
1396 1772 1467 1801 vero
1489 1770 1711 1808 praenominatus
1732 1769 1779 1800 An
1799 1769 1842 1800 liae
1863 1769 1930 1800 Rex
1948 1777 2052 1800 terram
2066 1767 2179 1807 Angli-x
2192 1767 2370 1806 personaliter

1305 1806 1397 1838 forsan
1418 1810 1531 1847 exierit,
1546 1810 1592 1840 vel
1614 1818 1714 1840 terram
1737 1778 1822 1846 ipsffm
1841 1808 1961 1839 notabili
1983 1807 2111 1846 peditum
2124 1806 2175 1847 vel
2183 1807 2312 1844 equitum
2326 1817 2371 1837 ar-

1306 1854 1448 1878 matorum
1468 1848 1622 1878 hominum
1644 1849 1756 1886 (guerra
1773 1848 1846 1878 inter
1870 1857 1923 1877 nos
1941 1847 1975 1877 &
1997 1846 2087 1884 ipsum
2100 1844 2228 1882 durante)
2245 1854 2370 1876 numero

1306 1887 1445 1925 vacuant,
1463 1887 1654 1924 promiserunt
1675 1886 1875 1917 Procuratores
1896 1883 2022 1923 praedicti
2043 1884 2238 1923 procuratorio
2251 1884 2372 1914 nomine

1308 1923 1483 1964 supradicto,
1500 1926 1577 1964 quod
1587 1949 1596 1964 ,
1616 1926 1757 1963 praecipue
1771 1925 1799 1954 in
1812 1924 1871 1955 hoc
1885 1923 1966 1962 casu,
1983 1922 2076 1954 dictus
2091 1922 2196 1953 Scotiae
2210 1921 2292 1960 Rex,
2301 1930 2371 1952 cum

1307 1970 1371 1993 toto
1389 1964 1469 2001 posse
1488 1964 1556 2002 suo,
1575 1973 1676 1995 terram
1701 1963 1837 2002 Angliae,
1857 1962 1996 2001 quantum
2019 1961 2113 1998 iatius,
2130 1960 2187 1991 sive
2200 1959 2371 1999 profunditis

1307 2003 1432 2043 poterit,
1449 2004 1550 2033 intrare
1561 2003 1685 2041 curabit,
1703 2001 1836 2033 faciendo
1852 2010 2000 2041 guerram,
2019 1999 2185 2043 bellumque
2203 1997 2372 2043 campestre,

1308 2040 1481 2080 obsidendo,
1496 2041 1688 2079 vastando,ac
1704 2039 1818 2080 Regem
1830 2040 1943 2079 Angliae
1958 2039 1992 2070 ὃ(
2004 2047 2108 2069 terram
2121 2047 2178 2081 eius
2192 2036 2372 2081 praediCtam,

1308 2079 1402 2122 modis
1423 2081 1574 2148 omdnibus,
1593 2080 1693 2119 quibus
1716 2080 1837 2118 poterit,
1853 2078 1922 2118 suis,
1939 2087 1970 2109 ut
1987 2077 2066 2116 supra
2079 2076 2199 2115 dicitur,
2211 2075 2371 2117 sumptibus

1308 2127 1348 2147 im
1372 2128 1394 2152 u,
1412 2129 1466 2149 nan
1486 2129 1514 2149 0.

1345 2128 1454 2187 Ξέξυῐῃ
1468 2158 1603 2196 praeterea
1614 2157 1671 2196 est,
1689 2157 1723 2188 &
1737 2156 1863 2196 expresse
1877 2164 2072 2194 conventum,
2089 2155 2161 2186 inter
2173 2163 2227 2185 nos
2245 2153 2279 2185 &
2298 2152 2372 2201 Prp-

1309 2204 1449 2226 curatores
1467 2196 1618 2234 praedictos
1630 2221 1640 2234 ,
1666 2197 1786 2226 nomine
1827 2206 1866 2226 uo
1888 2197 1916 2227 su
1938 2196 1968 2225 ra
1981 2219 1991 2233 ,
2017 2193 2097 2232 quod
2117 2203 2170 2223 nos
2189 2192 2226 2223 de
2246 2202 2347 2230 guerra
2360 2215 2371 2231 ‚

1310 2243 1396 2271 quam
1417 2235 1546 2272 praefatus
1565 2235 1672 2266 Scoiiae
1687 2234 1752 2264 Rex
1767 2235 1800 2266 &
1835 2205 1994 2265 uccesibres
2009 2232 2131 2263 eusdem
2145 2239 2244 2262 contra
2257 2230 2371 2269 saepefa·

1309 2279 1372 2302 tum
1395 2272 1440 2303 An
1461 2273 1505 2303 liae
1524 2272 1641 2311 Regem
1663 2283 1716 2311 pro
1737 2273 1820 2304 nobis
1833 2273 1954 2311 facient,
1972 2282 2012 2310 po
2038 2279 2124 2309 quam
2139 2279 2268 2314 guerram
2281 2269 2371 2313 ipsam

1309 2310 1343 2340 ad
1358 2313 1436 2349 requi
1450 2313 1567 2342 itionem
1582 2311 1710 2342 nostram
1724 2311 1843 2342 fecerint
1857 2311 1915 2349 (vel
1930 2311 1968 2350 si,
1984 2309 2133 2341 occasione
2143 2310 2220 2339 initae
2233 2306 2372 2352 affimtatis

1310 2349 1354 2379 vel
1370 2350 1638 2389 confoederationis,
1655 2349 1733 2380 idem
1747 2349 1854 2380 Scotiae
1868 2349 1934 2380 Rex
1945 2349 2005 2388 jam
2020 2357 2152 2385 guerram
2164 2346 2262 2391 fecerit
2278 2346 2372 2385 supra-

1310 2388 1438 2418 dictam·
1473 2389 1521 2420 vel
1544 2389 1609 2420 Rex
1633 2388 1746 2457 “³29³ae
1763 2397 1864 2419 contra
1878 2388 1969 2427 ipsum
1985 2385 2136 2418 occasione
2156 2385 2315 2423 aliquorum
2335 2393 2372 2415 ex

1309 2412 1468 2466 praemissis)
1488 2437 1543 2458 nec
1566 2429 1650 2458 etiam
1691 2437 1708 2457 e
1725 2426 1860 2465 praedicfta
1877 2425 1978 2466 guerra
2000 2424 2094 2455 nostra
2113 2433 2309 2462 componere,
2325 2430 2372 2469 apt

1310 2475 1410 2502 pacem
1424 2467 1494 2496 inire
1506 2467 1685 2505 nequibimus
1696 2465 1742 2496 vel
1755 2474 1884 2503 treugam
1893 2491 1902 2504 ,
1921 2465 1971 2495 nisi
1985 2464 2046 2503 ipsis
2057 2464 2086 2493 in
2100 2472 2170 2501 pace
2188 2462 2234 2493 seu
2256 2470 2351 2502 treuga
2360 2485 2371 2500 ,

1311 2514 1396 2542 quani
1408 2504 1445 2535 de
1458 2505 1540 2536 distis
1564 2505 1698 2536 omnibus
1711 2506 1815 2543 guerris
1829 2504 1980 2542 faciemus,
1999 2502 2118 2533 inclusis.
2247 2540 2252 2545 Ι

1350 2542 1420 2573 Nec
1436 2544 1485 2582 ipsi
1495 2567 1504 2583 ‚
1523 2544 1662 2582 similiter,
1678 2553 1779 2581 pacem
1792 2543 1838 2574 vel
1853 2551 1984 2580 treugam
1997 2541 2034 2572 de
2051 2540 2156 2581 guerris
2174 2540 2308 2570 omnibus
2327 2537 2374 2570 su—

1311 2582 1441 2619 praelieris
1454 2582 1547 2613 facere
1562 2591 1712 2620 poterunt,
1731 2582 1788 2612 sine
1803 2582 1895 2612 nobis.

1350 2619 1409 2650 Pro
1430 2623 1532 2659 quibus
1551 2622 1686 2651 omnibus
1710 2621 1743 2652 &
1754 2620 1866 2660 singulis
1879 2618 2042 2659 supradiffis
2054 2616 2198 2655 tenendis,
2216 2615 2374 2655 adimplen-

1311 2658 1353 2688 dis
1367 2660 1399 2689 &
1415 2660 1433 2678 ἵ(
1451 2661 1647 2690 inviolabiliter
1662 2659 1854 2696 observandis,
1873 2660 2029 2698 obligamus
2042 2657 2123 2687 dieto
2136 2656 2293 2687 Scotorum
2311 2655 2373 2685 Re-

1313 2698 1359 2735 gi,
1379 2698 1412 2728 δε
1426 2697 1639 2729 Successbribus
1652 2698 1718 2736 suis,
1737 2708 1806 2735 nos,
1824 2697 1980 2734 Haeredes,
1996 2705 2029 2726 ac
2044 2694 2240 2737 Successores,
2255 2694 2289 2724 &
2307 2703 2374 2724 orn-

1311 2736 1357 2764 nia
1375 2735 1487 2774 nostra,
1506 2738 1538 2768 &
1560 2737 1684 2774 ipsorum
1701 2736 1778 2766 bona
1799 2735 1917 2766 mobilia
1935 2737 1969 2767 &
1989 2732 2163 2770 immobilia,
2180 2732 2373 2771 ubicumque,

1312 2774 1346 2804 &
1363 2775 1392 2803 in
1407 2775 1620 2813 quibuscunque
1634 2773 1827 2811 consistentia,
1846 2774 1989 2811 praesentia
2000 2772 2034 2802 &
2047 2771 2148 2801 futura.

1350 2812 1500 2843 Tractatus
1512 2822 1624 2852 autem,
1643 2811 1874 2849 Convenu’ones,
1892 2811 2040 2842 pactiones
2053 2819 2087 2839 ac
2100 2808 2199 2839 omnia
2214 2807 2248 2838 &
2267 2807 2373 2846 singula

1313 2849 1507 2890 suprascripta,
1524 2851 1615 2882 didkus
1628 2850 1734 2881 Scotiae
1745 2849 1811 2880 Rex
1826 2849 1960 2881 ratificare
1973 2849 2006 2879 &
2019 2848 2174 2887 approbare
2191 2853 2319 2890 tenetur,
2333 2856 2372 2890 *ac

1313 2889 1363 2919 suo
1378 2891 1497 2919 nomine
1510 2891 1665 2927 innovare·⁷
1680 2898 1731 2927 ac,
1748 2888 1827 2928 super
1839 2887 2039 2925 ratificatione,
2055 2885 2260 2928 approbatione
2274 2885 2307 2916 &
2330 2894 2375 2928 in-

1313 2929 1468 2957 novatione
1481 2928 1638 2967 praedietis,
1655 2927 1712 2958 suas
1726 2927 1808 2957 nobis
1820 2935 1944 2964 patentes
1964 2926 2085 2963 litteras,
2100 2924 2151 2956 suo
2171 2922 2259 2963 figillo
2279 2933 2375 2954 mum-

1314 2974 1370 3004 tas,
1388 2968 1558 3004 quamcitius
1573 2966 1631 2997 fieri
1644 2967 1764 3005 poterit,
1781 2965 1925 2996 destinare.

1337 3047 1461 3077 Tcnores
1477 3055 1548 3077 vero
1569 3044 1742 3078 litterarum
1755 3046 2036 3091 procuratoriarum
2048 3040 2262 3089 praediffarum
2277 3037 2350 3073 tales

1797 3092 1881 3138 fiant.

1379 3179 1608 3228 Xcellentiffimo
1622 3179 1765 3217 Principi,
1782 3175 1841 3213 &a
1860 3185 1893 3208 ut
1901 3176 2006 3217 fitpra,
2023 3176 2056 3207 de
2069 3175 2137 3206 data
2151 3183 2177 3214 3.
2196 3175 2293 3203 Nonas
2313 3171 2374 3212 Ju-

1352 3220 1443 3296 Iteliii,
1462 3256 1595 3288 universis
1617 3256 1763 3295 praesentes
1784 3255 1902 3294 litteras,
1919 3253 1979 3290 &c.
1997 3261 2029 3284 ut
2044 3251 2148 3293 stipa,
2171 3251 2203 3281 de
2223 3250 2283 3280 dat.
2300 3250 2376 3289 apud

1314 3301 1362 3327 Str
1378 3296 1458 3337 vehm
1475 3306 1500 3336 3.
1522 3298 1619 3325 Nonas
1631 3293 1715 3332 Juln.
1755 3294 1792 3324 Et
1805 3304 1875 3337 tunc
1890 3295 1936 3324 sic.
2011 3331 2015 3336 ⁸
2092 3329 2097 3335 υ
2155 3328 2160 3334 .

1366 3347 1384 3366 n
1401 3344 1522 3374 quorum
1537 3335 1670 3364 omnium
1683 3332 1879 3364 testimonium
1892 3331 2069 3371 praesentibus
2080 3329 2175 3359 litteris
2186 3326 2319 3359 nostrum
2331 3326 2375 3359 fe-

1315 3376 1406 3406 cimus
1421 3373 1526 3414 apponi
1539 3372 1664 3411 sigillum.

1354 3452 1461 3483 Adtum
1473 3449 1555 3481 Paris.
1570 3449 1616 3480 die
1629 3458 1676 3488 23.
1696 3449 1797 3481 mensis
1807 3449 1963 3486 octobris,
1979 3457 2055 3478 anno
2067 3444 2193 3495 Domini
2209 3450 2293 3481 1295.

1317 3600 1352 3631 T
1347 3597 1480 3629 metatus
1499 3592 1744 3626 Matrimonialis
1762 3596 1839 3625 inter
1854 3592 2091 3636 Primogenitum
2111 3588 2199 3632 Regis
2215 3586 2314 3618 Scotiae
2334 3585 2372 3620 ό·

1362 3648 1448 3691 Regy's
1466 3645 1594 3675 Franciae
1613 3643 1759 3686 Neptem,
1777 3641 1881 3686 filiam
1910 3639 2034 3670 Comitis
2058 3634 2184 3677 Wlffii,
2203 3643 2258 3680 per
2277 3631 2373 3677 ipsum

1363 3694 1507 3724 Comitem
1527 3689 1720 3732 confirmatio.

1393 3776 1483 3805 Touz
1505 3784 1593 3812 ceux,
1612 3776 1638 3813 qi
1661 3774 1749 3805 cestes
1771 3774 1909 3812 presentes
1924 3772 2017 3803 lettres
2027 3776 2160 3805 verront,
2177 3764 2295 3796 Chanes
2314 3764 2373 3796 fiuz

2388 2650 2522 2687 ‘11.697.

2394 3766 2470 3798 Ann.
2480 3766 2520 3798 D.

1394 3825 1428 3844 au
1441 3813 1502 3843 Roi
1514 3813 1551 3843 de
1564 3813 1686 3851 france,
1705 3813 1804 3843 Conte
1817 3812 1852 3841 de
1867 3808 2168 3848 Valeys,d’Alencon,
2183 3803 2220 3834 de
2231 3802 2374 3843 Charites,
2413 3814 2496 3845 1295.

1317 3854 1351 3884 &
1363 3853 1399 3882 de
1416 3852 1551 3890 Aungeo,
1571 3852 1644 3882 saluz
1659 3861 1693 3881 en
1711 3850 1806 3881 nostre
1822 3850 1949 3888 Seignor.
2353 3882 2358 3887 ι

1355 3890 1446 3920 Saclie
1462 3889 1557 3920 vostre
1572 3890 1719 3920 universite
1734 3899 1769 3926 qe
1782 3897 1869 3918 come
1881 3895 1968 3923 trete,
1985 3889 2144 3913 covenante
2158 3880 2191 3910 &
2205 3879 2308 3910 acorde
2320 3880 2374 3912 sort

2390 3848 2443 3872 An.
2458 3854 2504 3882 23.

2393 3888 2421 3910 E.
2444 3892 2469 3909 ι.

1316 3937 1396 3958 entre
1412 3928 1449 3957 les
1464 3927 1653 3958 tresexcellent
1668 3927 1785 3964 Prince,
1802 3924 1899 3956 nostre
1923 3922 2054 3953 treschier
2073 3919 2211 3957 Seignour
2232 3919 2265 3949 &
2284 3918 2373 3958 frere,
2389 3925 2430 3948 Ex
2443 3924 2496 3950 Ror.

1316 3968 1378 3996 Sire
1399 3966 1509 4005 Philip,
1528 3976 1575 4003 par
1595 3967 1622 3996 le
1644 3975 1728 4006 grace
1751 3965 1787 3994 de
1800 3963 1895 4000 Dieu,
1912 3959 1999 3990 noble
2011 3957 2079 3996 Roy
2092 3956 2129 3987 de
2142 3957 2264 3995 France,
2281 3957 2315 3987 &
2335 3957 2373 3988 les

1316 4005 1504 4036 honourables
1519 4003 1601 4034 Peres

2391 3961 2455 3987 inter

2391 3995 2483 4031 Miscet.

1353 4044 1427 4074 sires
1447 4042 1576 4075 witam
1595 4028 1632 4073 cie
1652 4041 1730 4073 Setnt
1749 4039 1884 4075 Andrea,
1900 4037 1934 4068 sc
1955 4033 2075 4065 Matheu
2095 4032 2132 4065 de
2145 4032 2319 4071 DunkeIdyn
2334 4032 2375 4063 E·
2389 4037 2415 4063 in
2429 4037 2490 4062 rm,

2245 4072 2360 4109 vesques
2367 4081 2375 4102 ς
