2570 4261
674 201 836 243 'ET
920 197 1187 244 ACTA

13 278 91 310 Arm·
107 277 148 310 D·
164 287 204 317 ob
217 294 302 325 quam
318 292 414 318 tamen
429 286 555 325 caulam,
570 295 639 318 cum
654 286 683 317 id
698 287 733 318 de
747 286 840 318 nostra
859 287 1027 320 conscientia
1041 299 1101 319 non
1115 298 1227 328 proces-

34 317 116 347 1261·
165 325 242 363 serit,
261 327 369 366 penitus
385 327 560 369 ignoramus,

12 361 73 384 Hm.
87 365 114 393 3·
201 363 383 395 Serenitatem
397 364 479 402 igitur
494 363 613 394 vestram
627 362 730 394 affectu
739 386 749 402 ,
767 373 824 403 quo
837 363 978 403 possumus
991 388 1000 403 ,
1024 374 1154 405 rogamus
1166 374 1227 395 am-

166 402 248 442 pliori
263 413 314 440 ne,
332 401 366 433 ad
382 402 455 438 ejus,
473 410 519 431 aut
530 402 635 432 alterius
652 401 874 441 suggestionem,
890 403 991 441 aliquid
1007 405 1036 433 in
1053 404 1172 441 partibus
1184 403 1228 432 su-

165 441 294 480 pradiciis
307 441 387 479 super
403 439 495 476 facto,
510 440 586 479 quod
600 441 672 471 inter
686 450 756 477 nos,
775 440 808 471 ὃς
832 439 950 471 Barones
970 442 1079 471 nostros
1094 443 1208 471 vertitur
1222 464 1231 479 ,

166 479 223 510 fieri
239 479 284 510 vel
297 478 439 518 procurari
454 479 630 516 permittatis,
648 478 723 516 quod
741 479 770 507 in
792 478 878 508 nostri
892 480 954 517 juris
973 480 1165 519 praejudicium
1179 489 1227 510 ce-

166 519 212 550 dat
227 517 272 548 vel
286 516 540 554 impedimentum,

202 555 271 585 Nec
285 553 376 584 vester
390 555 497 584 animus
509 554 542 584 ad
559 554 648 594 aliqua
662 577 671 592 ,
696 564 760 593 quae
775 554 829 594 ipse
842 579 851 593 ,
877 556 921 585 vel
935 556 998 586 alius
1011 556 1092 585 vobis
1110 555 1224 594 referet,

166 601 311 624 moveatur
325 615 334 630 ,
360 592 453 622 donec
475 602 524 632 per
538 592 674 622 Nuncios
688 592 798 623 nostros
811 615 820 630 ,
845 603 914 632 quos
933 595 967 624 ad
984 604 1034 624 vos
1056 594 1128 624 infra
1142 595 1227 624 breve

163 640 271 670 tempus
284 631 390 661 missuri
404 631 511 668 sumus,
528 631 635 661 faetum
651 630 796 669 nostrum,
815 632 848 662 &
863 633 964 662 statum
978 634 1084 672 negotii
1098 632 1226 671 praedicti

163 669 244 701 vobis
259 670 406 700 fecerimus
420 669 524 709 plenius
540 669 685 706 explanari.

199 747 290 779 Teste
304 745 411 784 meipso
425 745 496 776 anud
508 743 716 776 windlesoram
725 768 734 784 ,
754 745 876 777 secundo
889 748 933 778 die
948 747 1134 785 Septembris,
1152 757 1228 777 anno

165 783 261 825 Regni
274 785 363 817 nostri
378 784 587 823 quadragesimo
598 785 704 823 quinto.

192 923 241 955 De
262 923 456 955 Conventione
474 930 527 965 pro
549 923 676 966 pecunia
691 920 782 966 fitper
799 920 901 953 valore
917 922 1012 954 ‘Tbrrae
1032 922 1206 968 Agcnnensts

615 968 772 1013 stalvendu.

142 1085 148 1091 .
170 1057 295 1115 REX
314 1059 462 1097 universis,
480 1057 626 1098 praesentes
639 1058 739 1090 litteras
753 1058 913 1097 inspecturis
925 1059 1046 1090 salutem.

123 1162 130 1168 .
170 1134 342 1168 carissimum
363 1136 527 1166 Dominum
548 1135 581 1166 &
602 1135 839 1175 consanguineum
857 1135 986 1166 nostrum
1000 1135 1182 1178 Ludovicurn
1201 1135 1233 1164 il-

174 1174 290 1206 lustrem
303 1175 416 1214 Regem
437 1174 562 1204 Franciae
577 1196 587 1212 ,
612 1175 645 1204 ὃς
665 1185 716 1204 nos
731 1184 817 1211 nuper
831 1174 954 1204 habitam
966 1197 976 1212 ,
999 1172 1074 1203 idern
1089 1173 1233 1216 Dominus

121 1236 128 1244 .
175 1213 240 1245 Rex
256 1222 393 1244 teneretur
408 1213 489 1242 nobis
507 1212 570 1242 dare
587 1213 708 1242 valorem
725 1221 805 1242 terr-se
821 1212 972 1251 Agenensis
986 1212 1014 1240 in
1030 1221 1171 1254 pecunia,-
1181 1215 1234 1240 iin-

141 1273 147 1280 .
173 1253 244 1292 gulis
257 1253 333 1282 annis
344 1251 472 1282 solvenda
487 1273 498 1289 ,
521 1251 601 1281 certis
615 1252 740 1281 terminis
755 1273 766 1288 ,
790 1251 859 1281 sicut
872 1252 902 1280 in
918 1250 1008 1280 forma
1021 1260 1095 1290 pacrs
1112 1249 1233 1287 ejuldem

174 1291 280 1332 plenius
294 1291 471 1327 continetur,
537 1327 542 1332 .
722 1327 726 1332 .
751 1326 757 1332 ⁶
840 1327 845 1332 ·

213 1329 346 1360 Tandem
362 1328 396 1358 de
415 1326 518 1358 assensu
535 1326 614 1365 lpfiuS
635 1325 758 1356 Domini
772 1325 859 1365 Regis
874 1328 907 1357 ὃ(
928 1325 1027 1355 nostro
1043 1325 1121 1363 super
1140 1325 1234 1355 valore

175 1377 255 1399 terrae
272 1367 428 1406 praediffi’rae,
447 1364 584 1395 mediante
603 1364 746 1394 bonorum
767 1364 902 1403 consilio,
920 1365 1105 1395 convenimus
1118 1366 1149 1394 in
1161 1364 1234 1394 hanc

176 1407 331 1444 summam,
349 1404 494 1442 videlicet,
658 1440 662 1446 Ι
685 1441 690 1446 ⁸
727 1441 732 1446 .
759 1441 763 1446 .
992 1442 996 1446 Ι

212 1445 283 1476 Tria
303 1443 405 1482 millia,
422 1442 621 1482 septingentas,
635 1448 733 1479 viginti
748 1440 843 1479 libras,
862 1440 932 1471 oc'io
949 1440 1066 1480 solidos,
1084 1441 1116 1472 &
1130 1440 1173 1471 sex
1186 1440 1235 1471 de-

174 1484 266 1514 narios
281 1482 392 1512 Turon.
882 1518 886 1522 ¹
1121 1518 1125 1523 Ι

212 1522 312 1561 Qam
325 1520 452 1560 pecuniae
471 1518 608 1548 summam
629 1517 734 1548 solvere
754 1525 863 1548 tenetur
879 1517 955 1548 idem
975 1517 1038 1548 Rex
1057 1518 1139 1548 nobis
1155 1541 1164 1556 ,
1191 1517 1234 1547 vel

173 1559 272 1590 nostro
286 1567 365 1589 certo
381 1557 513 1588 mandato
527 1556 642 1587 Parifius
657 1567 670 1586 a
680 1555 729 1586 aud
741 1556 899 1593 Templum
909 1579 918 1594 ,
935 1558 1058 1587 terminis
1070 1557 1236 1594 subnotatis,

176 1600 207 1628 in
223 1598 356 1637 praedicta
370 1597 460 1627 forma
475 1596 550 1632 pacis
564 1567 691 1635 expressis
705 1617 714 1632 ‚
739 1594 884 1633 videlicet,
903 1594 1080 1626 medietatem
1096 1596 1124 1624 in
1140 1595 1236 1632 Quin-

173 1637 246 1667 dena
269 1635 443 1666 Ascensionis
465 1633 657 1671 Dominicae3
684 1633 717 1664 &
739 1633 917 1664 medietatem
935 1633 1015 1663 aliam
1037 1635 1066 1663 in
1083 1633 1237 1671 Quindena

175 1675 320 1706 Omnium
333 1673 502 1704 Sanctorum
517 1672 675 1709 annuatim,
693 1671 826 1709 quamdiu
844 1680 937 1702 tamen
957 1671 1015 1702 fieri
1035 1672 1148 1702 debebit
1165 1672 1237 1701 solu-

176 1715 220 1744 tio
256 1711 373 1743 medieta
384 1711 539 1742 secundum
561 1710 766 1741 conventiones
785 1711 815 1740 in
836 1710 969 1748 praedicta
985 1710 1076 1740 forma
1098 1711 1172 1748 pacis
1192 1720 1238 1740 ex-

198 1763 227 1782 re
251 1762 286 1782 aS.

176 1762 196 1792 p
210 1790 298 1820 Salvis
310 1789 366 1819 aliis
384 1787 593 1819 conditionibus
611 1787 645 1818 &
660 1786 765 1827 patris,
784 1797 848 1825 quae
862 1788 893 1817 in
914 1787 1006 1818 forma
1024 1788 1097 1828 pacis
1119 1787 1237 1826 ejusdem

175 1827 284 1868 plenius
297 1826 487 1858 continentur.

212 1904 289 1936 Data
302 1905 376 1943 apud
389 1902 557 1942 Windesor‚
575 1903 746 1935 duodecimo
765 1904 810 1935 die
829 1903 1016 1944 Septembris,
1033 1914 1108 1935 anno
1129 1903 1237 1936 Gratiae

177 1943 327 1975 millesimo
341 1943 534 1975 ducentesimo
545 1943 710 1982 sexagesimo
722 1943 825 1983 primo.

233 2080 282 2112 Dc
299 2080 457 2111 Senasoria
476 2079 633 2125 Dignitate
644 2086 699 2124 pro
724 2076 856 2110 Ricardo
875 2080 950 2124 Rege
968 2080 1182 2113 Romanorum.

21 2177 90 2209 Anu
115 2175 147 2206 D
244 2165 471 2197 Xcellentiffimo
484 2166 609 2207 Principi
623 2163 698 2206 Regi
716 2165 841 2205 Angliae',
861 2166 942 2197 frater
957 2166 985 2205 J.
1004 2167 1180 2199 miseratione
1197 2169 1240 2199 di-·

46 2200 119 2246 126'1
151 2201 157 2207 ’
247 2207 312 2236 vina
325 2228 336 2244 ,
358 2205 452 2236 Tituli
473 2205 567 2236 Sancti
591 2206 734 2236 Laurentii
753 2207 781 2235 in
806 2205 907 2235 Lucin.
929 2204 1066 2236 Presbiter
1087 2205 1241 2238 Cardinalis

22 2258 74 2283 Ar„
94 2238 142 2290 45⁸,
181 2243 215 2274 &
386 2270 394 2281 ,
637 2244 768 2282 fiilutem,
787 2245 820 2274 &
833 2246 859 2273 ie
873 2243 979 2281 semper
1000 2244 1034 2275 ad
1051 2255 1082 2275 ea
1101 2255 1240 2286 pronum,

23 2297 60 2320 H.
85 2302 110 2328 3·
178 2290 361 2321 promptum,
376 2282 410 2313 &
451 2281 631 2313 aratiffimutn
650 2291 714 2322 quae
732 2282 859 2321 Regium
879 2282 1019 2313 honorem
1041 2285 1190 2323 respiciunt
1208 2287 1241 2318 ὅ(

23 2335 64 2358 Ex
72 2335 140 2358 Bun-
181 2331 245 2359 quae
260 2321 410 2361 Dignitatis
454 2323 525 2361 egiae
919 2353 922 2355 Α

24 2369 71 2397 del.
83 2370 140 2396 Lu-
221 2359 319 2399 Qam
333 2359 474 2397 ardenter,
488 2366 628 2398 quamque
640 2359 856 2398 perseveranter,
871 2359 971 2404 absque
983 2361 1182 2393 intermissione
1193 2362 1242 2393 ali-

23 2413 71 2434 ter.
93 2414 159 2434 tem-

21 2450 78 2482 pore
87 2449 122 2473 H.
133 2455 145 2482 3
154 2466 161 2473 .

182 2407 252 2434 qua,
270 2398 353 2433 usque
368 2398 403 2428 ad
416 2398 569 2429 adventum
580 2399 928 2437 fratrisW.Thesaurar11,
942 2399 976 2429 ad
990 2400 1175 2438 optinendum
1189 2412 1242 2442 pro

181 2436 286 2467 illustre
300 2437 434 2467 Domino
448 2436 573 2466 Ricardo
595 2437 677 2467 fratre
694 2436 804 2475 vestro,
822 2436 904 2475 Rege
921 2437 1139 2476 Romanorum,
1155 2439 1241 2470 Sena-

179 2475 282 2505 toriam
299 2475 473 2513 Dignitatem
489 2475 724 2514 laboraverimus,
739 2476 900 2505 evacuando
922 2474 1074 2506 Cameram
1096 2476 1239 2515 nostram,

178 2512 373 2544 vendendo&
395 2512 588 2543 distribuendo
607 2513 669 2543 vasa
685 2521 811 2552 argentea
830 2512 932 2543 domus
950 2513 1054 2544 nostrae
1075 2515 1241 2553 necessaria,

178 2551 373 2581 contrahendo
388 2559 519 2582 mutuum
532 2561 591 2580 non
611 2550 778 2589 modicum,
796 2551 844 2581 sub
859 2552 979 2582 maxima
996 2554 1130 2591 voragine
1148 2553 1240 2584 usura-

179 2598 244 2619 rum
259 2589 411 2629 obligando
423 2586 622 2619 nichilominus
635 2589 816 2628 poffeffiones
830 2590 968 2626 cujusdam
984 2590 1151 2621 Monasterii
1168 2589 1239 2622 Mo-

180 2628 294 2658 nialium
303 2651 313 2667 ,
330 2627 407 2668 quod
421 2628 450 2657 in
464 2628 532 2657 urbe
543 2627 765 2666 construximus,
784 2638 833 2665 per
845 2628 1039 2659 testimonium
1051 2628 1174 2660 Domini
1187 2630 1240 2661 Pa-

180 2671 225 2705 pae
384 2667 516 2696 omnium
530 2666 588 2695 satis
601 2667 704 2704 poterit
717 2667 903 2703 comprobari.
1055 2698 1058 2702 A

222 2705 238 2722 ’³‘
254 2704 301 2735 Ut
315 2705 398 2744 igitur
411 2704 446 2735 ad
460 2703 652 2734 exaltationem
666 2704 705 2734 sui
720 2704 850 2735 culminis
861 2705 979 2735 aliorum
990 2706 1076 2736 corda
1090 2721 1100 2744 5
1123 2715 1173 2747 per
1186 2708 1240 2737 im-

181 2742 275 2773 mensa
288 2743 401 2773 laudum
414 2743 573 2780 praeconia,
588 2743 728 2772 continuo
741 2743 943 2782 accendantur,
961 2743 1163 2775 Cellitudine'm
1177 2745 1240 2776 'Re-

176 2783 253 2821 giam
265 2782 346 2811 omni
363 2780 514 2811 affefflone
532 2782 566 2811 δὲ
583 2780 766 2819 ίηάιιᾶἰοηε,
784 2791 838 2820 qua
854 2783 1014 2821 possumus,
1033 2793 1085 2821 pro
1104 2793 1239 2823 augmen-

177 2829 209 2850 to
229 2818 312 2850 vestri
328 2820 451 2850 nominis
465 2843 474 2857 ,
495 2819 683 2859 propulsamus
705 2828 839 2858 quatenus
860 2830 925 2860 erga
944 2821 1052 2851 (licitum
1076 2820 1237 2853 Dominum

176 2857 290 2896 Regem
305 2867 399 2897 preces
414 2858 516 2888 vestras
529 2859 705 2896 interponere
719 2859 826 2896 velitis,
843 2860 920 2898 quod
935 2856 1058 2890 Nuncio
1072 2860 1170 2891 nostro
1183 2862 1239 2892 fra-

175 2898 210 2926 tri
221 2896 249 2936 J.
263 2897 369 2927 devoto
383 2896 493 2934 vestro,
511 2896 547 2926 de
559 2905 602 2927 tot
621 2897 654 2928 &
667 2898 748 2928 tantis
765 2897 942 2934 expensarum
957 2898 1117 2937 profluviis,
1135 2901 1236 2939 quibus

176 2935 324 2966 occasione
339 2934 497 2971 hujusmodi
509 2935 600 2966 sumus
619 2935 768 2968 multifarie
808 2936 980 2974 ersonaliter‚
998 2938 1032 2968 δε
1048 2937 1154 2968 realiter
1167 2939 1240 2969 obli-

200 2975 254 3011 ari,
272 2973 419 3003 liberaliter
434 2973 467 3003 ὃς
482 2982 636 3013 gratanter,
649 2973 752 3014 absque
798 2975 883 3012 icujus
897 2975 1066 3006 difficultatis
1079 2976 1241 3017 obstaculo,

179 2983 329 3042 satisfacere
344 3011 480 3050 dignetur.
518 3012 647 3043 Tantum
661 3012 682 3042 fi
696 3013 786 3052 placet
807 3013 939 3044 facientes
960 3013 1037 3053 quod
1060 3015 1143 3053 gratia
1160 3017 1241 3047 nobis

180 3049 301 3089 proinde
314 3049 395 3079 detur
409 3058 444 3079 ex
455 3051 554 3089 gratia,
572 3051 605 3082 &
619 3051 682 3081 data
786 3061 920 3092 perpetuo
932 3052 1116 3084 conservetur.

222 3124 291 3156 Dat.
307 3121 426 3156 Viterbii

184 3165 223 3202 ti,
241 3173 318 3194 anno
331 3165 433 3202 primo,

28 2711 161 2749 *1.729.

601 3125 783 3159 Pontificatfis
795 3127 918 3159 Domini
933 3128 1046 3161 Urbani
1062 3129 1148 3169 Papa:
1163 3140 1242 3169 quar-

184 3299 305 3330 Littera
324 3295 462 3341 Gaffridi
481 3296 516 3329 de
537 3299 694 3344 Leztgnan
713 3323 724 3338 ,
758 3303 832 3348 Regi
856 3302 1140 3338 recommendatoria
1153 3328 1163 3346 ,
1189 3314 1244 3350 pro

459 3346 621 3379 Willielmo
638 3345 673 3378 de
689 3349 796 3380 Santra
815 3351 970 3385 Hermete.

4 3426 6 3429 ⁵
37 3431 173 3463 Ann.D.

56 3471 128 3501 1261
259 3433 485 3466 Xcellentiffimo
505 3433 639 3464 Domino
658 3434 709 3465 suo
721 3459 730 3473 ,
756 3437 790 3468 &
809 3447 867 3474 prae
887 3439 1019 3471 omnibus
1029 3437 1179 3485 'diligendo
1204 3439 1245 3469 H.

259 3474 316 3504 Dei
328 3473 430 3514 gratia,
449 3472 545 3502 illustri
560 3473 605 3502 Re
625 3472 773 3513 iAngliae‚
791 3475 923 3508 Domino
942 3478 1089 3510 Hiberniae
1104 3503 1113 3516 ‚
1132 3479 1165 3509 &
1183 3478 1247 3508 Du-

144 3530 150 3536 ·
196 3514 224 3543 ci
240 3512 388 3551 Acquitan.
402 3510 554 3555 Gaufridus
568 3482 732 3557 degLezign.
747 3514 829 3544 frater
843 3516 903 3546 suus
917 3539 926 3555 ,
952 3517 971 3547 si
987 3518 1076 3556 placet
1091 3517 1202 3548 salutem
1213 3517 1246 3547 δε

8 3583 9 3586 ¹
193 3560 315 3591 paratam
331 3553 359 3581 in
371 3549 505 3580 omnibus
517 3550 550 3580 ad
565 3548 739 3593 beneplacita
751 3552 924 3584 voluntatem
938 3579 948 3593 ,
970 3559 1037 3586 cum
1050 3557 1132 3586 omni
1147 3562 1248 3595 genere

26 3590 75 3614 Ἐκ
100 3590 169 3613 Bun-
194 3592 372 3627 reverentiae,
386 3588 486 3618 servitii
499 3589 531 3619 &
545 3587 668 3618 honoris.
926 3626 930 3629 ι

22 3624 88 3652 Mela
109 3625 166 3652 Ῑιῑθ-
226 3628 465 3660 Dominationem
477 3625 597 3656 vestram
610 3636 646 3656 eo
660 3625 762 3670 affectu
770 3650 780 3665 ‚
793 3638 852 3666 quo
863 3630 1006 3670 poffumus
1017 3632 1147 3670 ampliori
1154 3632 1248 3670 ,duxi-

12 3668 82 3690 ster·
99 3669 164 3689 tem·
189 3676 251 3698 mus
270 3666 438 3698 exorandam
452 3688 461 3702 ‚
487 3666 612 3704 quatinus
632 3664 792 3709 Willielmo
810 3666 847 3697 de
872 3668 978 3700 Sancto
998 3669 1138 3701 Hermete
1160 3670 1248 3701 Militi

11 3705 87 3737 itm
95 3704 130 3729 H·
140 3709 166 3736 3·
190 3706 306 3745 nostro,
324 3706 370 3745 qui
382 3703 464 3734 nobis
477 3703 526 3733 diu
540 3704 574 3734 &
589 3703 717 3741 servivit,
739 3704 773 3734 &
789 3702 886 3735 lervire
906 3714 1013 3747 paratus
1029 3709 1070 3739 est
1085 3709 1200 3739 fideliter
1212 3709 1246 3740 &

11 3756 14 3761 ·
189 3744 327 3784 benigne,
344 3745 374 3774 in
386 3742 503 3781 negotiis
514 3741 582 3779 suis,
599 3742 618 3772 fi
629 3741 737 3786 placet,
755 3751 807 3786 vos
821 3744 951 3776 exhibere
964 3746 1052 3777 velitis
1069 3747 1245 3786 favorabiles,

187 3782 221 3812 &
233 3783 386 3822 benignos,
402 3782 456 3819 ita,
470 3780 557 3811 nostri
569 3788 670 3819 gratia,
684 3789 748 3819 erga
761 3780 848 3819 ipsum
860 3780 889 3811 su
927 3789 940 3812 r
957 3782 1014 3813 hoc
1033 3795 1086 3815 vos
1099 3785 1248 3824 habentes,

187 3820 265 3859 quod
278 3823 389 3859 negotia
401 3819 444 3850 sua
458 3818 541 3859 poffit
553 3828 602 3858 per
614 3827 666 3852 vos
678 3819 796 3851 feliciter
807 3828 862 3861 exp
899 3821 905 3826 '
919 3830 944 3851 e.
981 3818 1043 3854 Diu
1058 3824 1091 3855 &
1112 3825 1186 3857 bene
1197 3835 1245 3857 να·-

184 3857 239 3889 leat
254 3858 423 3891 Excellentia
433 3858 530 3890 vestra.

209 4128 279 4158 Tom.
294 4129 319 4158 Ι.
335 4128 369 4157 Ρ.
388 4131 430 4159 ΙΙ.

271 1097 421 1128 Noveritis
441 1096 517 1132 quod
540 1107 607 1127 cum
619 1119 629 1134 ‚
653 1108 701 1135 per
720 1107 819 1141 pacem
843 1100 876 1130 ὃς
891 1098 1143 1137 compositionem,
1162 1097 1245 1126 inter*

1271 204 1731 257 PUBLICA2
2262 218 2318 274 8¹5-

2333 309 2410 338 Ann.
2426 299 2466 339 D.

2354 346 2438 376 1261.

2335 390 2398 413 fieri.
2416 395 2443 421 3.

1481 392 1510 421 E
1507 389 1626 435 jusdem
1648 395 1766 445 Littera
1784 396 1820 428 de
1838 396 1995 430 Credentia
2012 393 2095 446 Regi.

1263 473 1318 535 E
1328 473 1555 521 Xcellentissimo
1570 477 1700 523 Domino
1713 482 1783 524 suo,
1807 483 1839 513 &
1859 494 1915 520 prae
1934 488 2067 517 omnibus
2081 488 2241 518 mortalibus
2253 486 2317 518 dili-
2333 484 2383 517 Aa.
2400 498 2446 525 45.

1327 515 1420 557 gendo
1436 514 1474 544 H<
1490 515 1546 558 Dei
1559 525 1643 560 gratia
1676 518 1770 560 illustri
1785 520 1858 559 Regi
1868 523 1990 562 Angliae,
2008 524 2140 556 Domino
2154 527 2317 564 Hiberniae,
2333 534 2397 555 Hen.
2414 536 2438 563 3:

1263 552 1296 592 ᾃζ
1311 551 1388 581 Duci
1405 552 1617 601 Ajcquitanniael,
1633 542 1782 598 &aufridus
1795 559 1830 588 de
1847 560 1962 599 Lezign.
1984 563 2064 592 frater
2077 564 2136 594 suus
2148 588 2157 602 ,
2181 566 2200 595 si
2212 565 2319 603 placet,
2333 568 2436 594 lbiiltm:

1263 589 1394 633 salutem,
1413 591 1445 620 ὁ(
1460 602 1580 631 paratam
1598 604 1626 622 in
1648 596 1779 624 omnibus
1794 596 1826 625 ad
1846 598 2015 635 beneplacita
2032 602 2201 633 voluntatem
2217 626 2227 641 ,
2252 612 2322 633 cum

1264 637 1346 672 omni
1359 636 1459 672 genere
1472 633 1633 661 reverentiae
1642 655 1650 668 ,
1666 633 1765 663 servitii
1778 635 1810 664 δ(
1823 635 1945 666 honoris.

1301 664 1444 696 Mittimus
1467 668 1498 698 ad
1522 679 1572 699 vos
1586 670 1773 701 VVillielmum
1793 672 1828 702 de
1851 674 1956 704 Sancto
1977 674 2114 707 Hermete
2131 677 2267 709 dilecftum
2285 679 2319 710 6:

1264 703 1374 747 fidelem
1394 705 1517 736 Militem
1541 707 1686 745 nostrum,
1704 711 1886 741 exhibitorem
1907 713 2098 752 praesentium,
2118 718 2165 745 cui
2178 716 2263 747 fidem
2277 719 2321 746 in-

1265 742 1435 781 dubitatam,
1455 746 1473 774 si
1489 746 1607 785 placeat,
1625 747 1754 777 adbibere
1769 750 1866 780 curetis
1878 750 1956 790 super
1971 752 2020 782 hiis
2038 763 2100 791 quae
2116 756 2197 784 vobis
2213 764 2248 785 ex
2261 764 2323 793 pat-⁷

1265 789 1292 809 re
1306 780 1399 810 nostra
1414 783 1520 813 duxerit
1536 785 1706 822 exponenda.

1303 858 1370 890 Dat.
1384 860 1428 890 die
1439 861 1518 905 Jovis
1533 863 1596 906 post
1609 864 1784 906 Qiinranam
1802 868 1871 910 apud
1887 867 1994 910 Bellum
2007 870 2142 901 Montem
2162 871 2240 910 super
2264 872 2327 912 Oy2

1265 901 1308 935 ic,
1327 908 1401 928 anno
1414 908 1507 938 gratia:
1521 902 1667 933 millelimo
1681 904 1872 936 ducentenmo
1886 910 2050 948 iexagelimo
2063 911 2165 949 primo.

1279 979 2320 1009 Ἣ

1402 1033 1448 1063 De
1462 1032 1707 1065 procuratoribus
1723 1039 1754 1066 in
1770 1039 1863 1068 ζωνία
1880 1040 2015 1070 Romana
2033 1037 2201 1081 constitutis.

1271 1118 1483 1178 SAnc'iiffimo
1495 1119 1524 1150 in
1540 1120 1654 1151 Christo
1669 1120 1758 1159 Patri,
1774 1121 1913 1161 Urbano,
1931 1124 1987 1154 Dei
2000 1128 2100 1164 gratia,
2118 1126 2326 1157 SacrchanCtae
2344 1121 2421 1153 Ann.
2436 1120 2477 1153 D.-

1327 1156 1470 1187 Romanae
1492 1158 1624 1189 Ecclesiae
1644 1159 1756 1190 summo
1776 1159 1923 1198 Pontifici,
1941 1161 2098 1200 Henricus,
2116 1165 2212 1194 eadem
2227 1167 2329 1204 gratia,
2366 1163 2449 1191 1261·

1271 1192 1336 1223 Rex
1355 1194 1466 1235 Angliae
1481 1219 1490 1234 ,
1515 1196 1658 1228 Dominus
1679 1198 1827 1228 Hiberniae
1839 1222 1848 1236 ,
1865 1198 1933 1229 Dux
1950 1200 2106 1240 Aquitaniae.
2119 1202 2245 1240 salutem,
2261 1213 2328 1234 cum
2347 1202 2454 1235 An.46.

1272 1235 1423 1263 reverentia
1440 1235 1473 1264 &
1487 1235 1603 1266 honore.

1308 1270 1450 1302 Sanc-‘titan
1462 1273 1561 1303 vestrae
1573 1283 1674 1304 notum
1689 1274 1820 1313 facimus,
1859 1276 1916 1306 uod
1930 1286 1982 1307 nos
1994 1276 2188 1307 constituimus
2209 1280 2241 1308 δε
2254 1279 2329 1309 ordi-

1274 1317 1372 1339 namus
1390 1311 1416 1340 in
1430 1311 1527 1341 vestrae
1547 1312 1634 1343 Curia
1655 1312 1827 1352 Sanelitatis,
1865 1315 1963 1345 necros
1976 1315 2104 1345 Clericos
2121 1317 2246 1354 nostros,
2265 1317 2330 1347 Ma-

1272 1347 1370 1389 gistros
1378 1348 1538 1386 johannem
1554 1350 1589 1380 de
1604 1350 1810 1390 Hemingford,
1830 1353 1861 1382 ἃ
1878 1352 2025 1392 Rogerum
2048 1353 2166 1392 Luvell,
2185 1355 2217 1384 δε
2232 1365 2330 1394 quem—

1270 1385 1336 1428 libet
1358 1396 1457 1417 eorum
1478 1389 1506 1417 in
1523 1388 1638 1419 solidum
1653 1390 1704 1427 (iti
1717 1390 1792 1428 quod
1809 1400 1867 1419 non
1885 1391 1915 1421 sit
1936 1391 2034 1421 melior
2045 1391 2173 1422 conditio
2186 1402 2330 1433 occupan-

1270 1424 1322 1460 tis)
1341 1425 1466 1463 nostros,
1486 1427 1518 1456 ὃς
1534 1426 1629 1467 Regni
1642 1427 1728 1457 nostri
1740 1427 1933 1459 Procuratores
1947 1431 1979 1460 ὃ(
1987 1430 2120 1460 Nuncios
2133 1431 2275 1471 speciales,

1295 1462 1353 1505 ,Ad
1368 1464 1583 1502 exponendum,
1599 1467 1631 1495 Sc
1646 1466 1848 1504 intimandum,
1867 1467 1899 1497 &
1915 1469 2089 1498 referendum
2128 1471 2265 1500 ravamina
2277 1480 2332 1501 no-

1272 1501 1314 1530 bis
1336 1502 1368 1532 &
1389 1502 1491 1542 Regno
1512 1503 1609 1533 nostro
1627 1504 1713 1541 illata,
1731 1515 1746 1534 a
1769 1506 1967 1546 venerabilibus
1983 1507 2102 1547 patribus

1273 1539 1451 1580 chiepiscopo
1465 1541 1654 1572 Cantuariensi
1663 1567 1672 1580 ,
1691 1543 1914 1582 &suffraganeis
1924 1546 1998 1583 ejus,
2130 1578 2131 1581 Ἴ
2263 1579 2266 1582 Α

1312 1577 1350 1608 Et
1363 1579 1396 1609 ad
1410 1581 1608 1617 exponendum
1623 1582 1656 1610 &
1670 1581 1857 1612 intimandum
1876 1583 1956 1613 vobis
1972 1582 2099 1621 quaedam
2115 1584 2229 1623 statuta,
2247 1587 2282 1616 ab
2296 1587 2334 1617 eis

1273 1615 1343 1646 edita
1356 1618 1384 1646 in
1402 1618 1528 1648 nostrum
1543 1620 1576 1649 ὃς
1589 1619 1715 1649 Coronae
1730 1619 1833 1651 nostrae
1849 1622 2040 1660 praejudicium
2055 1623 2088 1652 &
2102 1631 2260 1663 gravamen,

1309 1653 1438 1685 Necnon
1455 1657 1489 1687 ad
1512 1657 1723 1696 supplicandum
1744 1658 1885 1689 Sanetitati
1906 1660 2003 1690 vestrae
2018 1683 2027 1698 ,
2047 1669 2078 1691 ut
2094 1662 2226 1701 praedieta
2238 1673 2334 1703 grava-

1275 1694 1350 1723 mina
1364 1695 1475 1733 tollere,
1494 1705 1526 1726 ac
1545 1695 1641 1726 statuta
1655 1696 1782 1735 dignetur
1796 1697 1886 1727 vestra
1901 1698 2037 1729 Sanctitas
2048 1709 2194 1739 revocare,

1316 1734 1330 1747 *
1350 1732 1387 1762 Et
1406 1733 1438 1762 ad
1457 1734 1665 1774 supplicandum
1686 1735 1786 1772 etiam,
1803 1744 1833 1765 ut
1847 1735 1922 1775 super
1938 1737 1988 1767 hiis
2002 1737 2100 1768 vestrae
2115 1738 2270 1770 sanctitatis
2281 1740 2337 1770 cir-¹

1275 1770 1447 1813 cumspectio
1458 1774 1539 1803 nobis
1553 1774 1585 1804 &
1599 1773 1638 1803 R<
1644 1782 1703 1811 gno
1717 1772 1812 1803 nostro
1827 1775 1940 1813 gratiam
1954 1775 2080 1807 adhibeat
2090 1799 2100 1816 ,
2121 1777 2141 1808 si
2155 1777 2264 1808 neceffe
2277 1778 2337 1808 fue-

1277 1817 1311 1838 rit
1323 1810 1355 1839 ὃς
1371 1811 1525 1840 remedium
1540 1820 1729 1849 oportunum:

1314 1846 1401 1890 Item,
1418 1850 1451 1879 δε
1463 1850 1496 1879 ad
1512 1849 1717 1888 impetrandum
1727 1871 1736 1887 ,
1753 1850 1786 1881 &
1800 1851 2049 1883 contradicendum
2061 1851 2287 1896 &nai-randum,
2303 1860 2335 1887 ac

1278 1887 1307 1915 in
1318 1886 1424 1923 judices
1437 1888 1666 1918 conveniendum
1676 1899 1684 1925 3

1315 1925 1422 1955 Rarum
1435 1926 1553 1956 habituri
1565 1926 1698 1965 quicquid
1716 1927 1762 1966 ipsi
1777 1926 1990 1968 Procuratores,
2008 1929 2053 1960 vel
2068 1940 2167 1962 eorum
2188 1932 2270 1969 alter,
2288 1932 2340 1963 du*

1276 1965 1387 2032 xeriint,
1415 1965 1457 1995 vel
1479 1965 1586 1997 duxerit
1605 1965 1765 1998 iacientium
1783 1978 1793 2003 3
1817 1968 1994 2005 praesentibus
2014 1968 2077 2008 post
2097 1979 2201 2000 annum
2222 1972 2340 2003 minime

1277 2012 1312 2033 va
1323 2011 1406 2033 ituris.

2159 1508 2265 1539 nifacio
2279 1510 2333 1540 Ar-

2353 1752 2486 1789 *1.7;o.

1316 2083 1382 2115 Dat.
1402 2087 1473 2124 apud
1487 2086 1618 2117 London.
1639 2085 1755 2127 septimo
1777 2086 1897 2118 Kalend.
1916 2087 2096 2120 Novembris
2111 2113 2121 2129 ,
2139 2099 2213 2121 anno
2229 2084 2338 2122 milles?

1280 2132 1330 2153 mo
1344 2123 1537 2156 ducentesimo
1549 2126 1713 2166 sexagesimo
1731 2126 1831 2163 primo.

1331 2254 1451 2287 Littera
1468 2258 1654 2304 Margaretae
1672 2259 1785 2302 Regina
1807 2258 1958 2299 FraucIae,
1986 2256 2021 2290 de
2037 2257 2185 2304 jocalibus
2204 2261 2289 2305 Regis

1585 2309 1614 2337 in
1631 2305 1749 2351 Templo
1768 2305 1897 2349 Parifius
1913 2305 2050 2352 depositis.

1280 2391 1407 2447 REX
1425 2394 1573 2432 omnibus,
1594 2394 1654 2424 &o
1668 2393 1789 2424 salutem.
1827 2393 1922 2424 Sciatis
1933 2405 1984 2425 nos
1997 2394 2096 2424 litteras
2115 2393 2222 2426 illustris
2235 2396 2341 2427 Domi-
2361 2391 2435 2420 ADH-
2453 2386 2493 2420 D„-

1350 2440 1396 2460 nae
1417 2429 1584 2470 Margaretae
1598 2456 1607 2470 ,
1627 2432 1684 2462 Dei
1701 2432 1802 2472 gratia,
1816 2432 1938 2471 Reginae
1960 2432 2086 2464 Franciae
2099 2455 2108 2471 ,
2126 2434 2207 2464 nobis
2224 2433 2339 2466 directas
2357 2433 2433 2496 A¹2⁶
2440 2438 2467 2495 16

2386 2479 2410 2496 a.
2425 2478 2442 2504 4
2466 2490 2472 2495 .

1440 2543 1441 2546 ¹
1836 2542 1839 2543 V
2293 2546 2296 2547 V
2357 2512 2390 2534 H.
2413 2516 2437 2543 3⁴

1301 2547 1495 2591 *Sereniffimo
1508 2552 1587 2590 viro,
1606 2552 1680 2583 fratri
1693 2551 1742 2582 suo
1754 2546 1910 2590 kariffimo,
1926 2551 2072 2590 Henrico,
2092 2551 2150 2583 Dei
2162 2553 2263 2593 gratia,
2275 2554 2337 2584 Re·
2357 2549 2416 2572 1³³²·
2434 2544 2481 2579 4⁶³

1279 2593 1307 2623 gt
1320 2586 1431 2630 Anglize
1444 2587 1556 2626 illustri,
1567 2589 1720 2629 Margareta
1729 2613 1737 2628 ,
1746 2589 1843 2620 eadem
1855 2590 1940 2629 gratia
1954 2591 2080 2621 Francia
2096 2591 2206 2631 Regina
2214 2593 2338 2632 salutem,
2360 2588 2392 2611 H.
2426 2592 2453 2619 3ἆ

1281 2625 1314 2655 &
1327 2628 1440 2656 iincerae
1455 2628 1611 2658 dilectionis
1625 2627 1768 2658 affectum.
2111 2664 2114 2667 ⁴
2284 2660 2286 2662 .
2358 2633 2382 2650 ⁷¹·
2400 2623 2443 2657 3⁶³

1316 2663 1442 2695 Noverit
1459 2665 1593 2696 Serenitas
1611 2666 1701 2698 vestra
1718 2665 1795 2706 quod
1805 2689 1814 2705 ,
1831 2666 2004 2698 Willielmus
2017 2668 2052 2698 de
2067 2667 2211 2708 Larymer,
2229 2670 2263 2700 &
2277 2669 2344 2700 Ma-

1281 2701 1364 2741 gist‘er
1376 2702 1517 2734 Henricus
1529 2705 1564 2735 de
1580 2704 1739 2743 Gandavo,
1758 2704 1935 2743 praesenribus
1947 2707 2027 2736 fratre
2040 2705 2126 2737 Petro
2146 2706 2258 2738 Bostelli
2267 2732 2277 2748 ‚
2294 2709 2347 2739 do-

1283 2749 1344 2770 mus
1358 2740 1473 2779 Templi
1488 2742 1562 2774 Paris
1575 2743 1776 2782 Thesaurario,
1793 2744 1826 2774 &
1845 2744 1926 2774 fratre
1941 2744 2090 2774 Nichoiao
2106 2745 2183 2776 socio
2195 2747 2266 2785 eius,
2286 2746 2349 2777 Ro:

1281 2780 1361 2809 berto
1380 2780 1415 2810 de
1435 2780 1553 2811 Giroliis
1576 2781 1670 2812 Milite
1684 2806 1693 2820 ,
1709 2781 1795 2812 Petro
1814 2781 1849 2812 de
1867 2782 2009 2813 Landuno
2029 2782 2213 2814 Cambellano
2226 2785 2342 2823 nostro,

1283 2818 1316 2847 &
1332 2817 1490 2850 Guillelmo
1503 2819 1538 2850 de
1551 2819 1700 2851 Aureliaco
1712 2819 1828 2851 Clerico
1843 2821 1956 2861 nostro,
1975 2822 2057 2851 nobis
2071 2821 2254 2854 ostenderunt
2269 2833 2348 2862 quae⁴

1281 2856 1348 2886 dam
1360 2858 1455 2894 jocalia
1473 2857 1561 2888 vestra
1570 2881 1579 2896 ,
1597 2859 1745 2898 videlicet,

1318 2895 1472 2933 Qandam
1491 2906 1622 2936 magnam
1641 2896 1806 2935 Coronam,
1826 2907 1914 2928 unum
1936 2898 2112 2928 firmaculum
2127 2909 2194 2929 cum
2209 2898 2348 2938 rubefflsg

1282 2937 1372 2964 unum
1391 2935 1504 2965 anulum
1523 2944 1590 2965 cum
1613 2934 1748 2974 rubecto3
1767 2943 1820 2966 tres
1836 2935 1965 2966 Coronas
1977 2947 2085 2975 aurem,
2104 2945 2192 2967 unum
2208 2939 2349 2976 capellum

1282 2972 1512 3011 imperatorium,
1528 2982 1646 3013 quatuor
1657 2974 1742 3012 serta,
1761 2984 1848 3004 unum
1861 2975 1883 3004 a!
1905 2974 2056 3013 habeturn3
2075 2977 2126 3005 tria
2137 2976 2248 3013 pectina
2260 2982 2350 3016 aurea-5

1284 3012 1480 3051 quinquaginta
1500 3011 1558 3041 duo
1577 3012 1717 3042 firmacula
1733 3024 1738 3029 ·
1762 3012 1862 3042 decem
1884 2985 1997 3043 Eaculos
2017 3015 2194 3044 continentes
2212 3014 2351 3046 ducentos

1282 3048 1353 3078 octo
1368 3051 1462 3080 anulos
1478 3054 1545 3080 cum
1560 3049 1661 3080 rubetis
1677 3051 1709 3081 δε
1731 3036 1850 3088 baleius,
1871 3051 1938 3081 item
1956 3051 2026 3082 duos
2045 3052 2158 3083 baculos
2171 3055 2349 3085 continentes

1283 3087 1417 3126 sexaginta
1435 3088 1478 3118 sex
1499 3088 1594 3118 anulos
1612 3098 1680 3119 cum
1697 3089 1921 3128 maragdenibus;
1943 3099 2032 3120 unum
2045 3091 2178 3121 baculum
2195 3094 2347 3123 contineri-³

1283 3134 1340 3155 tem
1356 3127 1453 3165 viginti
1466 3127 1561 3156 anulos
1578 3136 1646 3157 curn
1667 3127 1792 3168 saphim,
1810 3137 1900 3158 unum
1915 3127 2048 3159 baculum
2067 3131 2263 3160 continentem
2282 3139 2349 3160 tres-·

1283 3164 1377 3194 decim
1389 3165 1484 3195 anulos
1497 3175 1564 3195 cum
1579 3167 1711 3203 topacii53
1726 3174 1816 3195 unum
1834 3167 1965 3196 baculum
1985 3169 2180 3198 continentem
2192 3168 2292 3198 decem
2311 3170 2345 3199 &

1284 3202 1387 3240 septem
1403 3204 1499 3233 anulos
1519 3213 1585 3233 cum
1606 3204 1716 3234 diversis
1738 3203 1895 3243 lapidibus,
1918 3204 2054 3244 sexaginta
2075 3206 2214 3238 sexdecim
2236 3212 2321 3236 zonas
2338 3219 2349 3244 ς

1284 3242 1352 3270 irem
1366 3241 1436 3271 duos
1449 3251 1569 3282 pavones
1587 3252 1699 3279 aureos,
1718 3252 1810 3272 unum
1824 3243 2000 3274 firmaculum
2015 3253 2082 3274 cum
2102 3244 2209 3274 duobus
2223 3244 2348 3275 diamari-⁴

1285 3280 1374 3317 tibus,
1390 3280 1439 3310 alia
1452 3279 1661 3320 quatuordecim
1679 3280 1839 3319 firmacula,
1856 3284 1889 3312 ὃς
1905 3283 2027 3321 quinque
2042 3282 2179 3321 garlandus
2191 3292 2290 3312 aureas.
2328 3313 2330 3315 ,

1324 3317 1359 3348 Et
1381 3318 1430 3348 ista
1450 3319 1546 3348 omnia
1566 3319 1594 3347 in
1613 3318 1722 3349 duobus
1742 3317 1849 3349 Coffris
1870 3320 1920 3350 sub
1933 3327 2031 3350 contra
2044 3323 2059 3351 ii
2083 3320 2129 3350 illo
2142 3320 2257 3357 nostri),
2277 3320 2349 3350 reci:

1285 3357 1380 3393 piente
1390 3367 1420 3386 ea
1432 3357 1514 3386 fratre
1531 3355 1615 3386 Petro
1630 3357 1767 3393 praedirsto
1801 3358 1907 3396 deponi
1920 3357 2037 3389 fecimus
2076 3359 2163 3389 aristus
2175 3358 2247 3396 apud
2255 3359 2347 3388 Tem-2

1285 3395 1382 3433 plumz,
1401 3396 1489 3426 claves
1507 3396 1577 3424 vero
1595 3394 1738 3425 dictorum
1756 3381 1926 3426 doffrorum
1944 3396 2036 3427 secum
2049 3397 2176 3427 deferunt
2189 3396 2255 3426 dicti
2269 3396 2349 3427 Wiia

1286 3433 1394 3463 lielmus
1410 3434 1538 3472 Latymer
1551 3434 1583 3463 δε
1601 3431 1654 3461 Ma
1674 3433 1736 3463 ister
1750 3433 1891 3465 Henricus
1905 3434 2016 3465 Nuncii
2032 3434 2124 3465 vestri.

1288 3470 1395 3539 LDara
1413 3473 1457 3504 die
1480 3470 1581 3501 Martis
1603 3481 1641 3509 po
1682 3471 1869 3504 Pentecosten
1883 3473 1955 3512 apud
1969 3473 2105 3505 Sanctum
2120 3472 2299 3504 Germanum
2318 3474 2349 3504 iri

1316 3519 1378 3549 ³y83

1279 2466 1423 2505 inspexisse
1438 2470 1468 2499 in
1480 2470 1542 2502 haec
1557 2472 1649 2503 verbm

1320 3589 1354 3620 In
1372 3591 1448 3634 cujus
1470 3586 1508 3621 rei
1529 3590 1723 3622 testimonium
1746 3587 1924 3629 praesentibus
1944 3593 2059 3632 figillur'n
2078 3583 2207 3622 nostrum
2227 3583 2348 3623 fecimus

1285 3636 1320 3665 ap
1332 3638 1410 3697 Deliie
1426 3666 1506 3706 Rege
1517 3667 1589 3705 apud
1602 3668 1721 3698 Turrim
1737 3663 1862 3700 London
1871 3692 1881 3708 ,
1895 3669 1971 3699 sexto
1981 3668 2026 3699 die
2039 3668 2225 3700 Novembris.

1354 3821 1431 3864 Regi
1448 3819 1597 3860 Franciae,
1617 3826 1672 3863 pro
1687 3816 1848 3850 Edmundo
1865 3815 1963 3862 Elio,
1990 3817 2029 3854 de
2045 3820 2142 3865 Regno
2163 3820 2279 3854 Siciliae.
2359 3865 2408 3903 An
2456 3864 2462 3868 ⁴

1724 3900 1726 3902 .
2409 3875 2435 3903 ri.
2452 3867 2493 3904 Di

1282 3905 1392 3960 REgi
1406 3905 1547 3944 Franciae,
1566 3904 1631 3935 Rex
1644 3905 1772 3945 Angliae‚
1789 3906 1912 3937 salutern.
1991 3939 1995 3942 ,
2063 3938 2069 3941 ,
2380 3913 2462 3942 1261.

1410 3943 1488 3974 Cum
1513 3943 1608 3973 faelicis
1629 3943 1827 3975 recordationis
1849 3945 2029 3977 Innocentius
2055 3945 2281 3988 Papaquarnis,
2306 3948 2343 3978 de
2358 3954 2409 3977 Aa.
2430 3952 2475 3985 46.

1280 3983 1396 4014 fratrum
1415 3983 1527 4012 suorum
1544 3982 1677 4020 consilio,
1695 3981 1881 4022 Eadmundo,
1899 3993 1967 4015 nato
1987 3984 2103 4024 nostro,
2121 3985 2168 4016 Re
2207 3995 2256 4016 um
2272 3984 2343 4021 Sici-
2357 3991 2391 4015 H.
2414 3998 2439 4024 3.
2470 4019 2481 4027 l

1281 4021 1326 4051 11·ae
1341 4020 1484 4051 donaverit
1502 4022 1512 4058 (
1521 4022 1597 4058 cujus
1609 4020 1785 4064 privilegium
1807 4020 1885 4060 super
1904 4022 1961 4053 hoc
1975 4033 2059 4064 penes
2073 4034 2124 4055 nos
2138 3996 2286 4061 haffimus)
2307 4024 2341 4054 ad
2356 4026 2493 4062 Claus462

1282 4067 1351 4098 vos,
1368 4068 1497 4099 tanquam
1514 4058 1548 4090 ad
1558 4059 1672 4099 speciale
1692 4059 1832 4099 refugium
1850 4060 1981 4092 nostrum
1991 4085 2002 4101 ,
2021 4064 2185 4095 recurrimus
2198 4061 2344 4093 confideri-
2357 4068 2391 4090 Η.
2408 4074 2432 4099 3.
2450 4094 2469 4130 d

1280 4105 1337 4135 ἳξὛῇ
2352 4111 2388 4132 m.
2400 4110 2441 4129 12·.
2459 4114 2475 4130 ,ε

1770 4131 1786 4166 1
2270 4134 2350 4170 Sere-
