2570 4261
78 200 155 233 ’Ana
169 196 211 228 D·
225 187 353 234 legitime
366 181 547 214 constitutum
562 201 572 217 ,
602 177 672 208 infra
695 174 774 204 unius
795 169 893 202 mensis

102 237 185 278 1306.

81 282 149 308 Em»,
170 285 194 306 ι.

141 1315 161 1334 *
172 1316 211 1342 11.

128 1363 210 1392 1033.

135 2895 211 2925 Ann.
225 2892 266 2925 D.

157 2933 242 2972 1306.

135 2976 188 3000 ΑΔ.
206 2979 248 3004 25.

136 3004 213 3039 E.1J

136 3053 177 3076 ,Εἰ-

137 3090 235 3123 Atttc'gr
241 3108 246 3112 .

226 108 280 142 66

227 235 272 256 vel
284 224 379 255 eidem
394 218 567 251 Piocuratori
579 214 689 245 vacatio
703 211 772 241 illius
787 212 925 250 innotueri
977 245 981 249 ι
1182 240 1186 244 .
1257 238 1262 242 Ι

230 261 430 294 conferendam
445 258 496 288 tibi
511 254 573 293 post
587 250 809 288 acceptationem
824 244 1002 283 hujusmodi,
1025 251 1093 272 cum
1107 239 1241 269 omnibus
1252 247 1297 275 ju-

229 303 304 334 ribus
319 301 351 330 δε
367 295 533 336 pertinentiis
547 292 615 329 suis,
628 288 774 319 donationi
789 283 961 323 Apoitolicae
976 280 1157 322 reservamus:

270 337 429 368 Districtius
445 333 598 363 inhibentes
611 326 763 358 venerabili
777 324 851 355 fratri
873 321 973 364 nostro
1090 315 1232 354 Episcopo
1241 336 1251 351 ,
1265 312 1299 343 &

232 377 341 409 dileffls
355 375 416 404 filiis
429 369 559 408 Capitulo
576 365 734 403 Affavensi,
747 363 792 394 seu
806 362 861 399 illi,
877 360 923 391 vel
937 359 1006 396 illis,
1029 355 1064 386 ad
1081 364 1189 399 quem,
1208 351 1253 382 vel
1266 350 1301 381 ad

234 425 321 455 quos,
337 414 367 442 in
380 410 479 442 eidem
493 406 618 438 Ecclesia
632 402 846 443 praebendanim
861 399 995 441 collatio,
1006 398 1129 436 provnio
1138 415 1147 431 ,
1162 392 1214 436 seu*
1224 399 1302 434 quae-

236 455 278 485 vis
292 454 343 482 alia
358 448 498 488 dispositio
512 446 644 484 pertinet,
657 442 846 474 communiter
860 437 904 468 vel
917 436 1048 479 divnim,
1070 442 1106 462 ne
1122 431 1158 475 de
1173 430 1220 461 illa
1233 436 1305 471 inte-

237 495 308 528 rim,
330 490 414 519 etiam
428 495 490 517 ante
505 484 731 522 acceptationem
745 478 881 514 eandem,
894 476 944 505 0111
959 472 1106 516 postquam
1121 480 1161 500 eis
1172 466 1306 509 constite-

237 532 271 562 rit
287 527 362 567 quod
376 536 422 564 tu,
437 524 482 555 vel
497 523 664 554 Procurator
679 518 826 558 praeditssms
842 515 918 545 illam
932 513 1072 544 volueritis
1085 516 1229 546 acceptare
1238 502 1307 544 ,dis-

236 577 341 609 ponere
357 562 561 604 quoquomodo
576 560 755 600 praesumant,
860 594 865 598 Ι
1084 586 1092 594 ⁸
1250 582 1264 588 ..
1295 581 1302 589 Κ

278 607 322 637 Ac
342 605 520 634 decernentes
538 610 571 631 ex
589 609 665 631 nunc
681 598 788 628 initum
802 595 836 626 &
858 601 939 636 inane
954 613 964 628 ,
992 588 1012 618 si
1032 587 1109 618 secus
1130 584 1208 629 super
1228 583 1279 627 hus
1293 592 1310 610 a

240 654 385 684 quoquam
394 666 404 682 ,
419 642 513 681 quavis
525 639 688 672 auetoritate
698 659 707 675 ,
721 635 835 666 scienter
849 631 894 662 vel
908 635 1070 667 ignoranter
1079 648 1089 663 ,
1101 629 1255 661 contigerit
1269 628 1311 651 at-

239 691 539 753 tensspgffibbstmibus
550 716 586 746 de
601 722 678 746 certo
695 710 911 742 Canonicorum
931 713 1069 742 numero,
1091 703 1124 733 &
1145 699 1314 745 quibussibet

241 761 300 793 aliis
314 760 417 791 statutis
432 760 465 789 &
479 752 722 787 consuetudinibus
739 748 820 788 ipsius
839 745 972 778 Ecclesiae
994 742 1153 778 contrariis,
1170 747 1314 783 juramen:

243 809 292 839 to,
311 797 523 830 confirmatione
537 792 615 823 Sedis
632 788 823 828 Apostolicae,
845 785 891 817 vel
915 791 1093 828 quacumque
1113 779 1242 822 firmitate
1263 775 1315 819 alia

245 839 396 870 roboratis:
418 836 462 866 seii
481 834 499 863 ii
516 832 618 869 aliqui,
634 826 816 867 Apostolica,
830 824 875 855 vel
890 823 943 867 alia
965 831 1060 860 quaVis
1081 818 1263 862 auc‘toritate,
1285 824 1315 856 111

246 877 347 908 eidem
369 871 493 906 Ecclesia
507 873 536 901 in
558 869 721 900 Canonicos
742 866 793 897 sint
813 871 933 901 recepti,
954 860 1001 892 vel
1019 867 1049 890 ut
1072 864 1239 895 recipiantur
1253 854 1317 883 inii-

272 927 305 946 an
325 926 331 945 1

246 915 270 947 st
285 925 338 985 5ἑο
355 952 373 983 si
388 951 465 988 super
482 946 699 988 provisionibus,
719 944 769 974 sibi
790 939 924 972 faciendis
947 961 956 976 ,
988 937 1024 968 de
1046 932 1267 979 Canonicatibus
1284 930 1318 961 &

249 991 427 1029 PraebendiS,
442 990 471 1019 in
486 986 564 1018 dicta
580 984 721 1021 Ecclesia,
736 978 931 1020 speciales-vei
945 976 980 1007 de
993 974 1135 1006 beneficiis
1151 968 1320 1014 Eccleiiasti-

249 1033 290 1062 cis
299 1054 308 1069 ,
324 1032 352 1060 in
366 1029 416 1059 illis
433 1027 569 1065 partibus,
579 1022 718 1063 generales
732 1020 818 1051 didiae
831 1002 899 1049 sed'is
908 1016 970 1055 ,vel
986 1015 1158 1052 Legatorum
1171 1019 1246 1048 eJuS,
1258 1008 1319 1038 lite-

250 1081 290 1102 165
310 1067 497 1107 impetrarint:
973 1094 978 1098 Α

289 1107 384 1139 Etiam
403 1106 422 1136 ii
440 1115 488 1143 per
503 1113 547 1134 eas
567 1101 600 1132 ad
618 1099 835 1135 inhibitionem,
855 1094 1085 1129 reservationem,
1105 1089 1138 1121 &
1160 1088 1322 1123 decretum,

251 1147 298 1178 vel
313 1146 376 1177 alias
397 1141 611 1183 quomodolibet
625 1138 656 1169 sit
670 1134 847 1176 processum:
864 1134 963 1172 quibus
977 1131 1125 1166 omnibus,
1137 1134 1324 1166 praeterquam

253 1186 416 1217 auctoritate
432 1181 577 1219 nostia,in
592 1175 719 1209 Ecclesia
734 1174 794 1214 ipsi
810 1173 928 1211 receptis
944 1194 954 1210 ,
982 1170 1027 1200 vel
1052 1165 1217 1211 praebendas
1240 1173 1324 1201 expe-

256 1224 394 1256 &antibus
409 1224 437 1252 in
452 1220 552 1251 effidem
561 1226 603 1256 ,te
617 1218 647 1247 in
660 1214 828 1246 assecutione
842 1212 985 1244 diciorum
999 1207 1192 1239 Canonicatus
1206 1204 1238 1234 &
1250 1202 1326 1232 Prae-

257 1263 358 1295 bendae
375 1261 504 1291 volumus
520 1256 668 1294 anteferri,
947 1288 952 1293 ι

295 1302 315 1322 *
336 1300 390 1331 Sed
407 1298 514 1330 nullum
530 1306 578 1335 per
591 1295 647 1325 hoc
663 1294 700 1324 eis
715 1302 772 1330 quo
786 1290 821 1321 ad
842 1287 1042 1320 assecutionem
1062 1281 1279 1315 Praebendarum
1294 1279 1327 1310 &

258 1339 461 1374 Beneficiorum
477 1336 596 1368 aliorum
611 1331 805 1372 praejudicium
819 1329 959 1366 generari:
994 1365 998 1369 ῃ
1073 1363 1078 1368 Π
1135 1361 1149 1366 ..

297 1381 354 1410 Aut
372 1378 392 1408 si
409 1376 512 1406 eisdem
528 1373 669 1412 Episcopo
683 1371 716 1401 &
732 1369 776 1399 Ca
797 1368 880 1406 itulo,
895 1366 939 1395 vel
954 1362 1093 1404 quibusvis
1107 1361 1181 1399 aliis,
1195 1367 1330 1401 commu-

258 1420 327 1451 niter
341 1416 385 1447 vel
400 1414 528 1451 divisim,
543 1414 557 1442 a
579 1409 714 1450 praedifta
730 1409 759 1438 iit
785 1406 836 1437 ede
855 1405 1011 1442 indultum,
1034 1400 1112 1440 quod
1136 1399 1170 1443 ad
1192 1405 1331 1440 receptio-¹

259 1468 327 1489 nem
345 1455 390 1486 vel
409 1452 598 1493 provisionem
613 1449 727 1487 alicujus
748 1447 868 1477 minime
882 1451 1041 1479 teneantur,
1055 1441 1088 1471 &
1103 1439 1138 1470 ad
1154 1437 1181 1468 id
1197 1434 1332 1474 compelli

258 1506 316 1529 non
333 1492 449 1571 Eggghte-
460 1529 494 1561 de
510 1526 731 1560 Canonicatibus
748 1525 780 1555 &
795 1521 954 1554 Praebendis
969 1518 1050 1557 ipsius
1060 1515 1193 1548 Ecclesiae
1202 1513 1262 1553 ,vel
1276 1512 1334 1543 aliis

261 1535 403 1605 0619666115
418 1566 616 1601 Ecclesiasticis
653 1564 688 1596 ad
711 1572 811 1594 eoi-um
834 1561 1015 1592 collationem
1029 1581 1039 1596 ,
1065 1556 1272 1598 provisionem,
1289 1550 1334 1582 vel

263 1618 471 1651 quamcumque
482 1607 563 1637 aliam
580 1589 806 1643 dispositionem,
819 1599 998 1637 conjunc‘tim
1020 1595 1064 1627 vel
1088 1595 1250 1632 separatim,
1273 1589 1334 1635 spe-

262 1651 402 1683 ctantibus
411 1671 420 1687 ,
438 1646 506 1677 nulli
521 1645 608 1676 valeat
623 1641 764 1682 provideri
778 1650 825 1678 per
838 1639 939 1669 litteras
955 1633 1214 1676 Apostolicas,unon
1227 1630 1335 1660 faeien-

263 1699 304 1721 tes
318 1689 428 1728 plenam
444 1686 478 1717 &
492 1681 649 1722 expressam
657 1704 669 1720 ,
682 1690 715 1711 ac
729 1679 764 1710 de
778 1678 868 1709 verbo
883 1676 918 1707 ad
932 1675 1072 1712 verbum,
1092 1671 1128 1703 de
1150 1669 1259 1701 indulto
1282 1668 1335 1698 hu-

259 1727 383 1769 jusmodi
397 1725 584 1756 mentionem:
1064 1750 1070 1756 .
1211 1748 1215 1753 ¹
1246 1747 1251 1752 ι

303 1766 338 1797 Ε1
360 1764 480 1804 qualibet
494 1762 547 1793 alia
562 1759 647 1791 dit‘tae
662 1757 730 1789 sedis
742 1753 930 1793 indulgenti-3,
949 1750 1072 1789 generali
1084 1748 1130 1780 vel
1143 1746 1267 1786 speciali,
1285 1755 1336 1776 cu-

262 1806 429 1845 juscumque
441 1802 542 1833 tenoris
563 1798 678 1836 existat,
697 1807 745 1834 per
766 1804 868 1833 quam,
888 1791 1065 1831 pra-sentibus
1084 1797 1143 1818 non
1165 1784 1338 1830 expressam,

269 1845 313 1876 vel
336 1844 451 1874 totaliter
469 1850 527 1870 non
545 1837 691 1874 insertam,
709 1833 826 1864 effeetus
839 1829 997 1869 hujusmodi
1015 1827 1120 1870 nosti-„e-
1131 1835 1228 1863 gratiae
1246 1833 1338 1861 impe-

269 1884 321 1913 diri
339 1882 425 1912 valeat
438 1877 651 1918 quomodolibet
669 1874 714 1904 vel
733 1871 859 1909 differri,
876 1871 909 1901 &
927 1869 962 1899 de
981 1867 1052 1912 qufa,
1075 1865 1206 1903 cujusque
1220 1871 1282 1894 toto
1297 1870 1338 1893 te-

269 1932 338 1954 nore
352 1919 478 1951 habenda
492 1917 523 1947 sit
537 1918 567 1946 111
579 1914 678 1945 nostris
692 1912 784 1942 litteris
800 1911 907 1940 mentio
920 1907 1056 1947 specialis:
1194 1942 1199 1948 υ
1318 1940 1323 1945 ⁴

309 1960 365 1991 Aut
378 1959 396 1989 si
412 1955 526 1996 praesens
538 1965 596 1986 nori
612 1953 695 1983 fueris
706 1950 740 1981 ad
755 1947 963 1988 praestandum,
985 1945 1021 1976 de
1038 1941 1213 1975 observandis
1235 1939 1338 1971 statutis

271 2000 304 2031 δε
327 1995 567 2030 consuetudinibus
580 1992 660 2031 ipsius
675 1989 823 2027 Ecclefiae,
845 1986 956 2017 solitum
974 1986 1179 2023 juramentum,
1204 1980 1340 2011 dummo-

271 2039 329 2076 do,
344 2039 372 2067 in
388 2033 511 2066 absentia
526 2031 589 2069 tua,
605 2039 652 2068 per
666 2029 882 2060 Procuratorem
897 2024 1059 2066 ydoneum,
1072 2022 1123 2061 &,
1145 2029 1213 2051 cum
1232 2017 1268 2049 ad
1284 2016 1341 2048 Ec-

271 2077 383 2108 clesiam
400 2074 485 2114 ipsam
499 2070 658 2107 accesseris,
677 2066 856 2105 corporaliter
870 2063 936 2094 illud
951 2061 1075 2101 praestes:
1302 2096 1307 2101 ·

311 2115 365 2145 Seu
387 2112 462 2152 quod
477 2108 677 2149 parrochialem
692 2104 845 2137 Ecclesiam
859 2103 895 2133 de
912 2102 980 2132 Lan.
995 2099 1106 2143 Wyllin
1124 2095 1254 2127 Assaven.
1268 2094 1342 2140 Dio-

275 2154 341 2186 celis
351 2176 360 2191 ,
373 2153 449 2190 cujus
465 2149 586 2186 fruetus,
600 2146 722 2177 redditus
732 2144 780 2182 ,&
798 2150 948 2180 proventus
962 2141 1063 2171 decem
1082 2137 1214 2167 librarum
1237 2133 1344 2164 sterlin-

277 2202 399 2231 gorum,
413 2187 565 2220 secundum
586 2186 754 2216 taxationem
771 2181 908 2218 decimae,
922 2180 1047 2211 valorem
1062 2185 1202 2213 annuum,
1222 2181 1252 2204 ut
1274 2172 1343 2204 affe-

275 2234 358 2268 titur,
371 2239 429 2259 non
444 2225 581 2257 excedunt
590 2247 598 2262 ‚
611 2222 731 2253 nosceris
743 2221 875 2251 obtinere.

314 2268 395 2300 Nulli
415 2276 484 2303 ergo
499 2265 619 2294 omnino
634 2262 785 2291 hominum
799 2259 880 2288 liceat
896 2256 968 2287 hanc
983 2255 1117 2293 paginam
1140 2250 1242 2282 nostrae
1259 2249 1344 2281 colla—

275 2309 378 2345 tionis,
399 2304 578 2344 proviiionis,
597 2299 800 2336 reservationis,
822 2295 1012 2333 inhibitionis,
1030 2294 1064 2324 &
1082 2290 1288 2322 constitutionis
1302 2290 1346 2319 in-

276 2347 414 2386 fringere,
428 2344 489 2376 &c.

315 2423 382 2455 Dat.
403 2421 536 2453 Avinion.
554 2416 728 2450 duodecimo
747 2413 811 2445 Kal.
829 2411 1000 2444 Decembris
1014 2432 1025 2449 ,
1051 2405 1237 2440 Pontificatcis
1259 2404 1348 2436 nostri

277 2473 352 2496 anno
365 2459 495 2493 secund-o.

1089 2526 1124 2554 R.
1142 2520 1349 2554 Marcelenchis.

1024 2601 1118 2641 Sigillo
1135 2598 1240 2640 avulfi.

734 2688 744 2691 -
752 2687 778 2691 ,.
791 2686 843 2690 ,...,-.
860 2684 956 2689 ,-..-ῌ-
963 2680 1008 2688 -a-

281 2744 371 2777 Bulla
382 2769 392 2786 ,
413 2741 448 2775 de
467 2743 541 2775 Pace
559 2749 626 2771 cum
647 2738 723 2782 Rege
739 2736 868 2767 Franciae
885 2728 1057 2776 complenda
1068 2755 1077 2771 ‚
1093 2730 1129 2767 ᾤ’
1136 2727 1229 2772 fhper
1244 2728 1348 2774 Νεμ-

656 2789 697 2818 tio
726 2784 821 2816 Terrae
841 2780 963 2814 Sanflae.

343 2879 463 2909 [emens
480 2874 649 2914 Episcopus,
665 2870 755 2901 servus
772 2867 914 2898 servorum
932 2863 990 2895 Dei
1025 2863 1167 2895 cariss'imo
1182 2865 1211 2894 in
1231 2862 1349 2895 Christo

360 2917 431 2947 niro
452 2914 580 2946 flavado
605 2911 681 2948 Regi
707 2906 823 2945 Angiiae
840 2903 953 2942 illustri,
968 2887 1080 2934 saiutem
1102 2904 1135 2934 &
1153 2902 1349 2941 Apostolicam

281 2956 514 2987 benedictionem.

319 2994 438 3025 Nedum
453 2991 595 3023 Pastoralis
612 2998 678 3019 cura
693 2983 900 3020 sollicitudinis,
915 2982 931 3010 a
947 2979 1064 3019 supernfi
1078 2981 1160 3011 nobis
1173 2979 1348 3018 dispositione

285 3030 451 3069 commista,
464 3031 518 3069 qua
533 3029 641 3060 cunetis
655 3024 832 3066 Principibus
852 3022 885 3052 &
905 3019 1026 3064 'Populis-
1042 3018 1206 3061 Christianis
1228 3018 1348 3050 Patemis

283 3080 409 3102 tenemur
425 3070 567 3100 affectibus
591 3064 734 3104 providere
748 3086 758 3100 ,
785 3071 851 3099 quin
875 3068 958 3090 etiam
977 3067 1085 3088 intimae
1106 3058 1139 3088 &
1155 3059 1265 3088 sincerae
1278 3058 1348 3089 dile-

285 3111 386 3140 ctionis
396 3106 526 3145 affectus,
543 3115 627 3144 quem
644 3104 678 3134 ad
696 3100 839 3141 personam
852 3099 886 3130 &
901 3098 1023 3142 domum
1044 3105 1102 3140 tuas
1115 3118 1125 3133 ,
1153 3095 1348 3135 Regnumque

285 3156 425 3185 tuum,ac
441 3147 501 3176 ali-as
516 3155 598 3175 reri-as
612 3152 668 3173 tuas
689 3142 736 3178 (de
752 3139 850 3177 quibus
867 3145 1012 3174 originem
1029 3133 1135 3166 traxisse
1157 3134 1345 3173 dinoscimur)

285 3197 336 3219 nos
354 3187 387 3217 &
405 3185 491 3214 nostri
513 3183 676 3219 habuimus,
695 3181 729 3212 &
749 3178 902 3215 habemus,
926 3175 974 3205 die
988 3174 1130 3212 noctuque
1149 3175 1274 3204 animum
1296 3184 1350 3205 no-

287 3227 372 3256 strum
391 3225 505 3254 incitant
521 3244 530 3259 ,
556 3229 681 3250 mentem
703 3225 846 3256 pungunt,
863 3216 897 3246 &
915 3213 1050 3244 affectum
1073 3211 1200 3243 nostrum
1214 3212 1351 3244 continui

285 3263 472 3295 stimulatione
494 3257 726 3296 inducunt,dum
742 3254 891 3294 praesertim
913 3255 943 3283 in
965 3251 1213 3284 considerationem
1233 3251 1351 3281 adduci-

288 3313 367 3340 mus,
384 3301 496 3340 quot&
512 3299 616 3342 quantis
638 3295 806 3332 honoribus,
825 3292 965 3322 favoribus
981 3293 1015 3322 ὃς
1035 3291 1142 3327 gratiis,
1161 3297 1194 3319 ex
1217 3289 1351 3327 benignae

289 3340 473 3372 familiaritatis
486 3337 608 3374 affeetu,
627 3343 672 3365 tua
689 3333 856 3364 Excellentia
874 3331 1065 3368 temporibus,
1086 3328 1200 3367 quibus,
1220 3337 1283 3359 ante
1298 3328 1351 3359 sus-

288 3389 380 3418 ceptae
393 3379 409 3408 a
425 3378 506 3408 nobis
524 3375 690 3406 Pxaeiationis
707 3371 834 3412 officium
844 3393 854 3408 ,
872 3370 924 3412 tuis
937 3368 1125 3399 insistebamus
1141 3367 1352 3405 obsequiis,an

288 3420 389 3457 jugiter
407 3417 569 3452 honoravit,
586 3413 620 3444 ad
637 3423 667 3442 ea
685 3409 840 3450 propensius
855 3407 1006 3445 cogitanda
1021 3417 1083 3446 quae
1095 3407 1198 3437 animae
1211 3413 1266 3435 tuce
1280 3407 1351 3443 peri-

293 3457 404 3495 culum,
420 3455 576 3486 Serenitatis
591 3450 745 3488 maculam,
761 3446 884 3486 personae
905 3445 1050 3476 infamiam
1063 3468 1073 3483 ,
1096 3444 1197 3475 mentis
1219 3444 1353 3475 turbatio-

291 3505 357 3526 nem
373 3518 383 3533 ,
410 3494 508 3531 Regni
533 3492 565 3522 &
587 3491 736 3521 Terrarum
761 3495 869 3517 tuarum
888 3486 1115 3514 commotionem
1133 3483 1167 3514 δε
1181 3481 1354 3523 dampnum,

294 3534 410 3601 debeassigt
431 3534 550 3569 evitare,
564 3530 597 3561 &
612 3529 662 3559 tibi
677 3536 711 3557 ac
728 3526 830 3565 Regno
842 3532 891 3554 tuo
904 3523 1022 3553 tribuere
1035 3522 1176 3560 laetitiam,
1189 3521 1354 3559 prosperita-

292 3579 350 3601 tem
438 3580 527 3601 icem.

331 3609 401 3639 Sane
416 3581 501 3648 guam
514 3606 640 3648 gravibus
650 3602 748 3635 onusta
761 3600 924 3641 dispendiis,
942 3609 1009 3639 quot
1024 3601 1057 3631 δε
1070 3598 1174 3638 quantis
1186 3596 1266 3635 plena
1280 3599 1354 3635 peri-

296 3647 363 3678 culis
376 3649 527 3678 animarum
535 3668 545 3684 ,
559 3653 713 3683 corporum
732 3649 813 3679 atque
826 3651 934 3678 rerum,
958 3639 1046 3677 posset
1060 3637 1117 3669 effe
1129 3635 1284 3674 discordia,
1299 3637 1354 3667 five

296 3694 396 3722 guerra
406 3687 474 3716 inter
491 3694 519 3715 te
535 3694 569 3714 ac
589 3683 700 3722 Regem
717 3680 841 3710 Francia:
859 3677 1006 3716 illustrem,
1021 3678 1054 3708 &
1077 3677 1212 3714 Regnum
1226 3682 1306 3704 tuum
1320 3683 1354 3705 ac

298 3724 393 3762 suum,
407 3725 482 3761 cujus
495 3732 619 3761 guerrae,
634 3723 654 3752 fi
668 3719 756 3749 forsan
772 3717 864 3755 fieret,
886 3716 1012 3747 Diabolo
1025 3721 1206 3754 procurante,
1214 3712 1291 3750 quod
1305 3712 1354 3742 ab·

300 3762 347 3800 sit,
370 3771 501 3798 magnam
522 3769 628 3799 panem
651 3757 746 3798 populi
761 3755 909 3786 Christiani
923 3755 983 3785 fore
995 3755 1160 3794 participem
1172 3750 1353 3783 verisimiliter

300 3799 500 3837 formidamus,
512 3799 601 3829 6111611
613 3808 672 3828 non
685 3798 771 3833 longe
784 3795 915 3831 temporis
930 3793 1112 3824 consideratio
1130 3790 1245 3826 edocet,
1263 3789 1354 3819 consi-

299 3836 387 3868 derata
401 3838 469 3867 illius
482 3837 613 3875 temporis
627 3834 782 3865 monstrant
801 3832 958 3863 discrimina
976 3832 1010 3863 &
1033 3831 1133 3862 efficax
1154 3826 1293 3865 Magistra
1309 3837 1354 3857 re-

298 3885 360 3905 rum
374 3876 536 3912 experientia
550 3873 714 3905 manifestat.

340 3913 413 3951 Qut
427 3915 538 3950 omnia,
552 3915 584 3943 ἃ
601 3912 675 3950 quod
689 3921 738 3950 per
758 3910 816 3940 hoc
834 3908 990 3947 passagium
1004 3907 1234 3942 transmarinum,
1254 3903 1355 3934 Terrae

298 3950 401 3994 sanc'tue
415 3949 567 3981 succursum
577 3975 586 3989 ,
600 3953 632 3981 &
646 3950 884 3987 recuperationem
899 3946 1016 3984 Imperii
1037 3942 1338 4013 (3011116011ἓὲξώὶωί

289 3998 364 4034 61166
372 3998 448 4027 jam,
463 3997 493 4019 ut
507 3999 558 4026 pro
569 3997 647 4020 certo
660 3988 815 4026 speramus,
826 3986 866 4018 est
882 3987 910 4016 in
931 3993 1062 4023 promptu
1076 4006 1086 4023 ,
1115 3983 1135 4014 si
1156 3981 1183 4014 al
1196 3982 1201 3988 '
1237 3990 1298 4011 mus
1318 3963 1355 4011 aci

720 66 1518 128 CONVENTIONES‚
1576 66 1968 118 LITERAE,

916 162 1208 206 spatium,p0stquam
1222 161 1294 197 tibi,
1338 155 1444 199 exitum
1457 154 1590 193 perducat
1612 154 1793 198 prosperum,
1809 154 1934 185 remedia
1946 154 2008 192 jam
2027 153 2138 192 incepta
2161 154 2342 193 contingeret
2363 155 2418 186 im-
2431 154 2506 188 Ann.
2520 154 2552 188 D

926 205 1069 243 t,duxeris
1083 199 1296 241 acceptandam,
1339 193 1446 237 pediti,
1462 194 1495 224 &
1512 193 1617 230 Regna
1637 193 1788 231 praedicta,
1802 200 1860 224 tam
1875 193 1907 222 in
1922 192 2059 230 clericis,
2075 193 2161 231 quam
2176 193 2287 233 laicis,
2309 194 2345 226 ad
2360 195 2419 225 exi-
2461 181 2560 233 1306?

1340 240 1513 263 nanitionem
1531 231 1633 262 deduci
1644 230 1735 261 sedula
1747 231 1928 262 meditatione
1943 229 2100 270 pensantes,

1379 270 1398 289 '¹‘
1416 270 1514 300 Tuam
1528 269 1652 314 Regiam
1672 269 1893 312 Celsitudinem,
1904 280 1953 308 per
1972 268 2156 306 aspersionem
2171 269 2311 308 sang-uinis
2325 270 2417 309 Regis

1344 309 1463 353 Regum
1471 330 1482 346 ,
1494 319 1543 352 per
1559 311 1662 339 viscera
1678 308 1875 338 misericordiae
1887 308 1959 347 jehu
1980 307 2104 347 Christi,
2117 309 2152 340 &
2167 309 2217 340 sub
2230 309 2417 341 obtestatione

1344 347 1433 391 divini
1443 347 1564 390 judicii,
1579 347 1778 378 exhortandam
1798 346 1927 378 duximus
1944 347 1978 378 &
1996 348 2172 386 rogandam,
2187 348 2331 387 quatinus,
2346 358 2419 387 9161-

1345 385 1432 417 11111115
1443 386 1576 428 omnibus
1588 386 1737 423 diligenter
1749 386 1779 415 in
1792 387 1892 415 animo
1904 385 2052 423 revolutis,

1362 463 1367 468 ,
1384 423 1421 454 Et
1435 424 1605 455 considerato
1621 424 1697 462 quod
1712 434 1762 454 nos
1773 433 1887 462 propter
1901 424 1960 454 hoc
1975 423 2144 464 specialiter,
2153 425 2186 456 &
2200 433 2313 464 propter
2326 434 2418 463 nego-

1347 471 1420 492 tium
1427 462 1706 507 Teii-‘esanetaefld
1722 462 1889 493 Romanam
1905 462 2060 493 Ecclesiam
2072 463 2198 501 sponsam
2213 464 2421 502 nostram,non

1347 500 1449 545 absque
1462 501 1578 545 faciliter
1593 501 1763 539 irreparabili
1778 502 1956 541 negotiorum
1971 500 2117 539 dispendio
2132 524 2142 540 ,
2164 512 2227 540 quae
2248 505 2278 534 in
2301 502 2422 541 panibus

1349 539 1402 583 illis
1420 540 1501 584 nobis
1518 541 1687 584 incumbunt
1705 539 1832 578 agenda,
1847 548 1926 570 tanto
1946 548 2074 578 tempore
2090 540 2245 572 distulimus
2263 540 2404 580 proficisci

1351 578 1549 622 instantissimis
1564 578 1683 609 fratrum
1696 577 1857 622 nostrorum
1871 577 2064 609 Cardinalium
2087 578 2168 610 factis
2185 579 2264 618 super
2283 581 2342 611 hoc
2361 564 2425 618 supi

1355 617 1549 686 pliccaiitiombus
1567 627 1625 648 non
1642 616 1822 656 admiffis,&
1838 618 1870 647 in
1887 619 1963 648 terris
1982 618 2035 648 tibi
2048 616 2178 657 subjectis
2192 617 2324 649 duximus
2336 628 2427 650 rema-

1352 666 1407 686 iien
1429 666 1495 695 um,

1393 695 1475 725 Licet
1489 696 1546 726 hoc
1563 693 1743 733 potuissemus
1755 693 1886 725 decenter
1901 695 1960 725 aliis
1978 694 2169 734 commisisse,
2191 705 2262 727 cum
2283 704 2433 726 nonnum·

1356 743 1442 772 quain
1464 733 1524 778 satis
1541 735 1662 778 majora,
1679 734 1766 771 quarn
1778 733 1821 777 ‘sit
1840 733 1909 776 illius
1931 735 2024 772 pacis,
2040 734 2113 772 quasi
2133 734 2234 773 faetae,
2257 733 2431 773 completio,

1357 782 1406 811 per
1420 771 1553 803 Nuncios
1566 772 1644 802 Sedis
1656 770 1829 810 Apostolicae
1841 771 1998 810 simplices,
2018 774 2049 802 in
2060 781 2126 811 tun,
2142 774 2175 804 &
2200 775 2229 804 10
2247 773 2306 803 aliis
2320 773 2350 803 R
2387 775 2430 802 nis

1358 809 1430 854 apud
1438 833 1447 849 ,
1461 810 1543 842 clane
1556 812 1724 855 memoriae,
1732 809 1932 855 Pro-genitores
1945 818 2025 849 tuos,
2033 811 2066 841 &
2081 811 2146 842 alios
2161 811 2313 850 Principes*
2321 781 2429 843 Cffiio-

1359 850 1429 880 licos
1436 872 1446 887 ,
1463 850 1656 880 consueverint
1675 848 1816 888 expediri,

1398 888 1456 934 Ob.
1466 888 1592 932 divinam
1605 888 1638 919 ὃς
1651 887 1719 918 sedis
1733 887 1876 925 praedietae
1889 888 2073 919 reverentiam
2091 910 2102 927 ,
2136 888 2347 928 nostrarumque
2368 898 2433 927 pre-

1362 937 1431 957 cum
1449 927 1625 966 instantiam,
1639 926 1674 969 ad
1698 926 1920 964 completionem
1935 928 2011 965 pacis
2026 949 2036 966 ,
2065 927 2138 957 inter
2159 935 2188 958 te
2207 937 2240 957 ac
2262 928 2433 966 praedietum

1362 965 1479 1003 Regem
1494 967 1634 1010 traetatae,
1654 968 1692 995 iic
1711 973 1841 1003 coaptare
1853 973 1880 996 te
1896 966 1965 996 velis
1979 966 2014 996 &
2029 974 2111 996 tuum
2132 966 2260 996 animum
2284 966 2437 1006 inclinare,

1367 1005 1443 1049 quod
1459 1004 1597 1049 praednsta
1611 1003 1737 1042 mala,&
1750 1005 1801 1034 alia
1815 1003 1900 1034 multa
1912 1005 2097 1044 inexcogitata
2105 1026 2115 1042 ,
2123 1014 2186 1042 quie
2199 1002 2308 1042 possent
2316 1014 2351 1035 ex
2365 1015 2439 1044 prae-

1367 1043 1450 1088 distis
1466 1043 1560 1082 sequi,
1575 1043 1594 1073 si
1611 1045 1820 1082 contingerent,
1836 1042 1913 1082 quod
1934 1042 2077 1073 Dominus
2088 1042 2163 1081 jesus
2177 1041 2307 1073 Christus
2319 1052 2439 1082 avertat,

1365 1083 1417 1113 tibi
1435 1084 1508 1121 apud
1526 1082 1625 1112 Deum
1643 1082 1677 1113 &
1696 1082 1826 1113 homines
1843 1089 1901 1112 non
1919 1081 2028 1112 valeant
2045 1083 2192 1120 imputari,
2203 1081 2249 1112 sed
2262 1082 2356 1119 bona,
2375 1091 2438 1120 quae

1365 1121 1557 1166 sequenrurex
1581 1120 1714 1165 prmdic‘ta
1733 1120 1848 1160 pace,si
1861 1119 2005 1160 fiat,quod
2022 1119 2150 1159 dignetur
2163 1120 2284 1150 tribuere
2298 1121 2374 1158 pacis
2393 1130 2440 1151 au-

1368 1161 1450 1205 ἂοζ,
1467 1161 1519 1191 tibi
1536 1170 1569 1191 ac
1586 1168 1639 1190 tuis
1657 1159 1757 1190 cedant
1771 1159 1806 1190 ad
1826 1159 1939 1190 laudem
1957 1159 1990 1190 &
2007 1167 2195 1197 augmentum
2216 1157 2317 1196 gloriae
2337 1167 2370 1189 ac
2389 1158 2443 1189 ho-

1368 1209 1451 1230 noris.

1408 1238 1455 1269 Ad
1481 1236 1690 1282 procurandum
1718 1238 1804 1275 igitur
1824 1236 1890 1268 illud
1919 1235 2070 1267 modicum
2091 1235 2168 1275 quod
2195 1234 2286 1267 solum
2307 1234 2389 1266 restat
2409 1235 2446 1267 ad

1370 1276 1579 1316 perfedtionem
1593 1276 1678 1307 dietae
1693 1277 1768 1314 pacis
1782 1276 1943 1314 agendum,
1958 1275 2095 1306 (1116610111
2109 1275 2198 1306 filiurn
2232 1274 2372 1305 Nobilem
2389 1273 2444 1304 Vi-

1372 1327 1434 1347 rum
1443 1316 1649 1360 ,Amanenum
1666 1310 1832 1359 Dominurri
1844 1315 1880 1359 de
1895 1315 2036 1352 Lebreto,
2050 1314 2187 1345 devotum
2201 1297 2330 1344 svlilitem
2345 1321 2425 1344 tuum
2435 1337 2446 1352 ‚

1373 1356 1406 1386 &
1423 1363 1462 1386 tui
1476 1365 1601 1385 nominis
1618 1355 1651 1385 &
1671 1354 1784 1385 lionoris
1803 1353 1996 1384 fidehssimum
2018 1361 2175 1384 amatorem
2199 1352 2286 1390 (sicut
2305 1361 2334 1382 te
2355 1351 2448 1382 credi-

1376 1404 1440 1424 mus
1458 1393 1654 1424 memorialiter
1670 1391 1805 1430 retinere)
1822 1391 1856 1422 ad
1872 1391 2046 1431 praesentiam
2060 1399 2138 1422 tuam
2158 1390 2290 1422 duximus
2307 1390 2448 1421 destinan-

1375 1432 1464 1471 dum,
1480 1434 1526 1463 cui
1539 1431 1624 1462 fidem
1640 1431 1709 1461 velis
1723 1431 1906 1461 indubitatam
1920 1431 2063 1468 praebere,
2085 1429 2164 1467 super
2187 1429 2350 1468 piaemiffis,
2369 1430 2403 1460 &
2417 1439 2450 1460 m

1376 1472 1573 1509 tangentibus,
1587 1480 1650 1508 quae
1664 1470 1715 1500 tibi
1730 1479 1764 1500 ex
1777 1477 1852 1508 parte
1866 1470 1960 1500 nostra
1975 1469 2085 1499 duxerit
2099 1468 2290 1507 proponenda.

2434 236 2501 262 Ἐάν.
2515 244 2539 263 ι.

2472 272 2491 291 ¹¹⁶
2508 274 2548 302 11.

2465 320 2544 348 ¹034-

1414 1547 1480 1579 Dat.
1498 1547 1571 1586 apud
1583 1545 1829 1586 Vignandraldum
1845 1555 1942 1586 quarto
1964 1545 2028 1577 Kal.
2049 1545 2242 1585 Decembris,
2264 1543 2450 1577 Pontificatsis

1378 1587 1464 1619 nostri
1478 1598 1551 1618 anno
1567 1586 1697 1618 secundo.

2082 1623 2139 1655 Sub
2144 1622 2199 1667 filo
2214 1622 2338 1655 canabeo.

1445 1754 1556 1797 Bulla,
1578 1752 1614 1787 de
1636 1752 1795 1786 Credentia
1805 1780 1816 1796 ,
1835 1756 1872 1792 ὠ·
1898 1752 1934 1786 de
1952 1753 2040 1786 celeri
2055 1753 2182 1800 Negotii
2199 1749 2391 1799 expeditione.

1383 1839 1566 1902 Clemens
1582 1839 1755 1878 Episcopus,
1773 1838 1864 1869 servus
1878 1837 2022 1869 servorum
2038 1837 2097 1869 Dei
2137 1835 2280 1869 carissimo
2292 1838 2321 1867 in
2338 1835 2455 1867 Christo

1381 1878 1692 1948 benegilffioEdvmdo,
1716 1878 1793 1916 Regi
1812 1878 1927 1916 Angliae
1940 1877 2055 1918 illustri,
2072 1861 2185 1908 sasutem
2207 1876 2240 1907 &
2263 1874 2457 1914 Apostolicam

1545 1928 1621 1948 nem.

1420 1955 1519 2003 Cum,
1533 1966 1585 2001 pro
1621 1955 1764 2001 uibusdam
1778 1955 1916 1994 negotiis,
1929 1955 2012 1987 totius
2031 1953 2245 1986 Christianitatis
2265 1951 2366 1985 statum
2379 1976 2389 1992 ,
2411 1951 2456 1984 sed

1384 1994 1528 2034 specialius
1542 2004 1582 2026 tui
1631 2004 1699 2033 egni
1715 1995 1892 2032 tangentibus
1908 2017 1919 2034 ,
1943 2004 2007 2033 quse
2029 1993 2150 2025 multum
2172 1992 2289 2023 insident
2304 1991 2386 2023 cordi
2405 2001 2458 2022 iio-

1386 2035 1463 2073 stro,
1474 2034 1507 2066 &
1529 2042 1578 2065 tuo
1593 2034 1698 2065 debent
1713 2035 1813 2064 animo
1831 2043 1891 2063 non
1906 2033 2086 2064 mediocriter
2101 2031 2217 2062 insidere
2230 2054 2240 2070 ,
2267 2030 2458 2062 venerabilem

1386 2072 1504 2118 fratrem
1524 2072 1654 2104 nostrum
1670 2072 1785 2103 Petrum
1801 2071 1977 2110 Episcopum
1992 2070 2171 2102 Sabinensem
2180 2093 2191 2109 ,
2205 2079 2346 2108 magnum
2358 2070 2391 2101 &
2406 2069 2460 2100 ho-

1387 2111 1512 2156 norabile
1527 2112 1672 2142 Romanae
1688 2112 1852 2142 membrum
1869 2109 2020 2150 Ecciefiae,
2042 2111 2075 2142 &
2097 2109 2235 2140 dilectum
2257 2108 2347 2139 filium
2360 2107 2459 2139 Nobi-

1387 2151 1450 2194 lem⁵
1460 2150 1565 2181 Virum
1579 2151 1762 2182 Amanenum
1785 2149 1951 2180 Dominum
1965 2149 2002 2180 de
2019 2149 2142 2180 Lebreto
2158 2147 2287 2178 Militem
2305 2147 2391 2186 (quos
2406 2146 2460 2177 ho-

1388 2199 1464 2220 noris
1477 2211 1487 2228 ,
1517 2190 1550 2220 &
1570 2189 1740 2233 exaltationis
1760 2189 1800 2219 tui
1821 2188 1953 2219 culminis
1971 2189 2105 2219 novimus
2118 2185 2242 2219 fervidos
2255 2185 2406 2224 zelatores)
2424 2184 2460 2217 ad

1388 2236 1466 2259 tuam
1482 2227 1656 2272 praesentiam
1668 2227 1855 2266 destinemus,

1392 2307 1397 2312 ⁸
1427 2267 1608 2297 Serenitatem
1622 2265 1744 2306 Regiam
1757 2275 1891 2303 rogamus
1905 2265 1938 2296 &
1961 2264 2108 2295 hortamur
2127 2271 2228 2294 attente
2243 2286 2253 2302 ,
2281 2263 2406 2301 quatinus
2431 2263 2462 2293 in

1389 2305 1514 2344 ipsorum
1529 2305 1669 2342 adventu,
1691 2305 1738 2343 qui
1762 2305 1838 2335 circa
1856 2303 1960 2334 instans
1986 2302 2101 2333 Festum
2120 2301 2228 2332 Natalis
2250 2301 2375 2332 Domini
2390 2302 2463 2340 erit,

1391 2344 1528 2375 Domino
1552 2343 1743 2382 concedente,
1758 2343 1840 2374 totius
1857 2343 1898 2373 tui
1912 2341 2010 2372 secreti
2032 2339 2150 2371 Consilii
2170 2339 2346 2378 praesentiam
2363 2347 2462 2370 tecum

1392 2383 1590 2420 habeas,cum
1603 2391 1677 2420 quo,
1692 2382 1748 2412 sine
1768 2391 1859 2411 morae
1878 2379 2042 2419 dispendio,
2058 2378 2180 2410 consulte
2199 2377 2355 2409 deliberare
2373 2378 2463 2409 valeas

1392 2422 1553 2467 super-hiis,
1566 2431 1630 2460 quae
1643 2420 1731 2460 dieti,
1743 2419 1897 2458 Episcopus
1918 2420 1952 2451 δε
1969 2417 2102 2458 Nobilis,
2115 2426 2149 2448 ex
2170 2425 2246 2456 parte
2266 2416 2361 2448 nostra
2373 2415 2461 2448 Celsi-

1391 2461 1482 2493 tudim
1495 2468 1568 2499 mae,
1580 2468 1662 2498 prout
1675 2461 1714 2490 eis
1727 2459 1941 2497 commisimus,
1955 2457 2082 2488 duxerint
2093 2455 2277 2496 exponenda,

1416 2500 1480 2545 ⁸Ne
1488 2522 1498 2538 ,
1507 2507 1619 2539 9109161
1631 2497 1781 2529 absentiam
1795 2497 1866 2528 dieti
1880 2495 2136 2536 Consilii,eosdem
2144 2493 2380 2534 ,Cardinalemtsc
2393 2492 2461 2525 No-

1393 2538 1498 2584 bilem,
1513 2547 1636 2576 quorum
1657 2535 1801 2580 praesentis
1814 2536 1863 2567 diu
1876 2545 1968 2567 carere
1982 2535 2131 2573 nolumus,
2152 2543 2206 2564 nec
2225 2533 2255 2564 id
2269 2532 2460 2574 praedieta‚&

1392 2578 1546 2648 6116ᾸὲοΕ
1549 2578 1580 2606 in
1593 2577 1719 2614 praesenti
1736 2576 1851 2614 negotia
1861 2575 2033 2613 imminent,
2053 2573 2191 2612 patiuntur
2212 2580 2339 2611 oporteat
2360 2571 2462 2603 diutius

1392 2627 1423 2647 in
1491 2626 1510 2654 g
1558 2624 1708 2646 remanere.

1427 2684 1495 2716 Dat.
1512 2682 1670 2722 Burdegalis
1684 2691 1711 2722 3.
1727 2680 1790 2712 Kai.
1804 2662 1878 2711 Dee.
1893 2677 2000 2710 Pontis.
2014 2677 2102 2708 nostri
2114 2686 2191 2708 anno
2203 2675 2336 2707 steimdo.

2127 2751 2184 2784 Sub
2188 2751 2242 2793 filo
2256 2753 2382 2783 canabeo.

1749 2887 1800 2919 De
1813 2880 1925 2916 orando
1935 2892 1992 2928 pro
2008 2882 2097 2928 Rege.

1390 2971 1478 3028 RE
1487 2971 1518 3003 X
1542 2970 1651 3004 dilee'ti's
1664 2971 1714 3002 fibi
1729 2972 1759 3001 in
1773 2967 1887 3000 Christo
1901 2965 2046 3004 Magistro
2067 2964 2186 2996 Ordinisv
2203 2965 2331 2996 Fratrum
2351 2963 2460 2996 Praedi-

1463 3020 1593 3043 catorum
1607 3034 1618 3050 ,
1652 3021 1687 3042 ac
1712 3008 1911 3041 diffinitoribus
1935 3007 1970 3038 &
1986 3005 2113 3037 fratribus
2133 3004 2264 3036 universis
2284 3005 2314 3035 in
2336 3003 2458 3042 generali

1391 3051 1527 3090 Capitulo
1539 3050 1604 3088 suo,
1618 3049 1691 3088 apud
1706 3049 1862 3086 Argentem
1874 3048 1904 3076 in
1921 3043 2104 3082 Alemannis,
2119 3044 2149 3073 in
2171 3042 2253 3073 Festo
2267 3041 2460 3082 Pentecostes,

1390 3092 1524 3160 proxidrlriso
1541 3090 1655 3128 futuro,
1672 3087 1850 3120 conventuris
1865 3108 1877 3124 ,
1902 3084 2016 3116 salutern
2039 3083 2073 3114 δι’
2092 3082 2196 3120 Spiritu
2210 3081 2316 3112 Sancto
2330 3080 2460 3119 dirigii'n

1388 3141 1405 3162 a
1427 3140 1462 3161 en
1508 3153 1514 3159 .
1670 3144 1671 3149 =

1406 3140 1504 3199 ιεζ10161
1518 3175 1618 3198 caetera
1633 3189 1644 3205 ,
1663 3174 1727 3204 quae
1747 3164 1873 3195 fructum
1892 3161 1979 3193 salutis
1998 3160 2190 3198 repromittere
2213 3157 2353 3189 credimus
2368 3181 2379 3198 ,
2400 3158 2458 3189 hoc

1392 3208 1534 3247 praecipue
1550 3207 1582 3236 in
1597 3205 1654 3244 spei
1667 3203 1754 3234 nostri
1768 3203 1965 3234 fulcimentum
1978 3198 2105 3237 acoedit;
2117 3196 2194 3236 quod
2207 3207 2258 3228 nos
2266 3220 2277 3236 ,
2291 3196 2458 3228 assiduarum

1391 3247 1624 3284 deprecationum
1635 3242 1772 3281 justorum
1792 3242 1811 3262 ²*
1830 3241 1892 3272 fulti
1918 3238 2062 3278 praesidio,
2084 3238 2209 3269 divinam
2229 3236 2457 3275 propitiationem

1390 3285 1498 3317 facilius
1511 3283 1722 3321 consequemur.
1917 3289 1919 3292 ·
2406 3291 2410 3294 ·

1429 3323 1478 3354 De
1494 3322 1575 3353 vobis
1588 3323 1698 3359 itaque,
1709 3328 1738 3350 ut
1752 3318 1894 3357 nostram,
1909 3327 1943 3348 ac
1959 3316 2084 3353 Reginae
2097 3312 2242 3344 Consortis
2255 3312 2356 3344 nostrae
2364 3335 2375 3351 ,
2386 3312 2458 3343 libe-

1393 3372 1545 3399 rorumque
1555 3359 1713 3390 nostrorum
1726 3358 1840 3390 salutern
1850 3380 1860 3397 ,
1873 3366 1987 3388 necnon
2001 3354 2103 3386 statum
2116 3352 2277 3391 prosperum
2291 3352 2391 3389 Regni
2405 3360 2458 3381 no-

1394 3401 1462 3440 stri,
1476 3401 1509 3432 &
1528 3398 1736 3439 expeditionem
1758 3396 1874 3428 felicem
1896 3395 2080 3431 negotiorum
2094 3414 2104 3430 ,
2125 3392 2209 3422 nobis
2230 3389 2458 3422 incumbentium

1395 3441 1446 3471 hiis
1457 3438 1571 3476 diebus,
1581 3437 1714 3467 zelemini
1722 3459 1733 3475 ,
1747 3435 1860 3474 plenam
1881 3435 1911 3464 in
1926 3433 2060 3464 Domino
2072 3430 2206 3463 fiduciam
2220 3430 2394 3468 optinentes,

1434 3477 1628 3508 Devou'onem
1641 3475 1758 3506 vestram
1771 3473 1925 3505 affectuose
1937 3472 2101 3510 requirimus
2118 3470 2152 3500 &
2173 3477 2320 3509 rogamus,
2333 3466 2460 3506 quatinus

1396 3516 1468 3554 apud
1486 3516 1638 3554 illum,qui
1656 3513 1697 3544 est
1714 3524 1779 3544 vera
1793 3512 1916 3549 salus‚&
1934 3512 1983 3549 qui
1995 3508 2203 3548 temporalitatis
2217 3508 2251 3538 &
2264 3513 2404 3545 perpetuae
2418 3503 2460 3534 fe-

1395 3556 1506 3586 licitatis
1517 3555 1612 3585 tribuit
1625 3553 1793 3592 largitatem,
1814 3550 1898 3589 Nos,
1917 3549 2065 3586 Reginam
2081 3546 2250 3579 Consortem
2264 3544 2408 3580 nostram,
2423 3542 2457 3573 &

1395 3595 1496 3624 liberos
1510 3592 1633 3630 nostros,
1646 3602 1679 3622 ac
1692 3591 1794 3622 statum
1814 3586 1912 3628 Regni
1932 3587 2038 3627 nostri,
2057 3586 2169 3618 devotae
2187 3582 2390 3623 supplicationis
2401 3580 2458 3611 stu-

1394 3632 1444 3662 dio
1457 3630 1678 3663 commendetis:

1433 3670 1519 3709 Ipsius
1535 3668 1745 3708 Clementiam,
1760 3669 1808 3707 qui
1823 3666 1959 3698 mensurae
1973 3665 2096 3697 termino
2109 3673 2169 3694 nori
2182 3657 2462 3699 artatur,suppliciter

1396 3717 1539 3753 eirorantes
1546 3731 1556 3747 ,
1565 3717 1594 3739 ut
1609 3708 1646 3739 fic
1655 3708 1794 3745 Regnum
1808 3705 1962 3744 temporale
1975 3702 2263 3742 regere,negotiaque
2276 3697 2369 3728 nostra
2385 3707 2458 3735 prae-

1396 3748 1473 3778 dieta
1487 3746 1655 3785 expeditioni
1675 3747 1771 3785 felici,
1785 3755 1834 3784 per
1847 3745 1902 3776 suae
1913 3744 2100 3775 subventionis
2120 3740 2279 3775 dexteram,
2299 3738 2459 3774 mancipare

1396 3785 1628 3825 poffimus,quod
1645 3786 1702 3816 hoc
1714 3784 1750 3815 ad
1762 3784 1874 3816 laudem
1891 3783 1930 3813 sui
1943 3779 2123 3818 nominis,&
2139 3777 2175 3808 ad
2190 3774 2461 3813 nostrum‚Regni-

1396 3835 1451 3863 que
1466 3824 1551 3855 nostri
1573 3824 1763 3855 commodum
1778 3822 1879 3854 cedere
1900 3821 1989 3852 valeat
2003 3821 2038 3850 &
2054 3819 2192 3848 honorem
2206 3826 2217 3853 3
2237 3812 2370 3852 quodque
2389 3822 2458 3851 nm,

1396 3862 1460 3901 post
1475 3862 1634 3901 supremum
1649 3863 1717 3893 vitae
1731 3860 1834 3892 nostrae
1844 3861 1951 3892 exitum
1959 3881 1969 3898 ,
1983 3859 2013 3888 in
2026 3856 2132 3893 Regno
2144 3851 2253 3885 coelesti
2265 3860 2374 3891 partem
2387 3850 2458 3883 Hae-

1396 3901 1554 3932 reditariam
1567 3901 1777 3940 consequamur.

1433 3976 1500 4008 Dat
1518 3976 1591 4016 apud
1612 3976 1756 4011 Lauretost
1770 3976 1866 4014 primo
1882 3974 1928 4006 die
1945 3969 2122 4004 Decembris.
2416 4005 2463 4033 De

2480 1837 2570 1870 Annll

2500 1879 2570 1916 130⁶

2477 1920 2529 1945 An.
2546 1925 2570 1954 31

2480 1956 2560 1983 E.is

2478 1996 2569 2022 ExAu

2479 2040 2548 2070 togr.

2479 2969 2570 3001 Ann.]

2500 3009 2570 3049 130⁶

2479 3052 2532 3076 An·
2548 3057 2570 3086 31

2478 3092 2508 3115 Ε.
2533 3095 2556 3115 i.

2479 3126 2522 3154 cl.
2548 3133 2570 3165 31

2479 3169 2508 3193 ε.
2534 3173 2557 3192 1.

2478 3214 2514 3231 m.
2532 3211 2570 3236 ¹7·

2504 3241 2524 3261 ²¹*
2541 3242 2567 3269 11

2499 3286 2570 3318 1035
