2570 4261
59 261 135 293 Anti.
144 258 185 289 D.

82 298 166 337 ¹298.

61 339 127 366 Edv.
150 346 174 364 1.

206 190 283 217 202

646 151 1445 208 CONVENT10NES,

1527 150 1930 202 LITERAE,

1305 249 1383 271 anno
1400 247 1517 277 quarto,
1529 237 1576 269 die
1588 237 1725 269 vicesimo
1737 236 1839 267 mensis
1851 235 1946 275 Junii,
1963 234 2149 267 sandiiffimus
2160 235 2246 268 Pater
2261 236 2296 269 δε
2312 237 2380 270 Do-
2395 240 2472 272 Ann.
2481 240 2524 275 D.
2536 256 2537 259 ¹

1271 277 1275 281 ’
1308 279 1420 322 minus,
1446 277 1594 307 Dominus
1615 276 1793 320 Bon-isacius,
1817 275 1913 306 divina
1931 274 2124 318 providentia,
2149 274 2226 319 Papa
2243 276 2378 316 octavus,
2415 279 2502 318 1298.

1308 318 1474 353 arbitrium,
1499 315 1631 354 laudum,
1654 313 1877 352 diffinitionem,
1894 313 2055 344 arbitralem
2078 313 2260 353 sententiam,
2275 316 2381 346 amica-
2395 321 2462 348 Ειιυ,
2484 327 2511 348 ι.

337 296 433 331 Tener
448 303 550 328 autem
562 289 774 339 praedifbarum
794 291 971 321 Literarum
991 287 1062 319 talis
1077 283 1115 330 est
1124 298 1133 324 3

207 380 419 445 SAnCtissimo
441 379 468 408 in
490 375 608 407 Christo
632 373 725 412 Patri,
749 371 885 404 Domino
906 370 938 402 B.
956 369 1053 402 divina
1072 366 1271 409 providentia,

266 420 376 451 Samiae
397 417 558 452 Romanae,
573 423 606 444 ac
628 411 802 443 Universalis
822 409 959 441 Ecclesiae
980 409 1094 440 summo
1116 405 1272 442 Pontifici,

208 457 381 495 Edwardus,
396 454 494 486 eadem
507 451 612 491 gratia,
631 450 698 482 Rex
715 450 846 488 Angliae,
864 449 925 479 &c.
943 447 1048 479 devota
1059 446 1165 486 pedum
1178 443 1273 476 oscula

209 499 357 564 bealoegpgn
350 517 522 562 devotissimi
536 528 583 559 filii
598 529 627 559 in
639 529 712 559 votis
727 526 860 558 ha&enus
875 523 1007 562 gessimus
1016 548 1025 561 ,
1044 524 1077 554 &
1092 522 1185 552 adhuc
1199 520 1273 560 geri-

209 582 289 609 mus,
307 572 384 602 circa
397 568 571 606 beneplacita
583 566 652 598 sedis
667 565 843 604 Apostolicae
866 562 1073 602 prosequenda,
1091 570 1201 600 paratos
1221 567 1274 588 nos

207 608 432 650 promptitudine
446 607 578 638 animi&
590 605 697 636 effectu
711 605 802 645 operis
816 603 961 633 exhibere:

245 649 389 687 Sperantes
406 648 516 685 itaque,
532 655 581 682 per
596 643 697 675 vestrae
710 642 867 674 sanctitatis
881 639 1045 670 industriam
1066 637 1146 676 super
1167 635 1275 667 discor·

209 687 277 725 diis,
296 688 368 717 inter
383 684 501 722 Regem
517 684 658 720 Franciae,
679 683 712 713 &
726 691 778 711 nos
793 679 907 722 dudum·
919 678 1041 722 exortis,
1053 676 1191 720 salubriter
1203 684 1275 719 ‘pro-

210 725 298 757 videri
341 723 514 755 venerabiles
531 724 559 752 in
580 720 698 752 Christo
719 719 830 757 Patres,
855 716 1048 748 Willielmum
1073 713 1274 752 Archiepisco-

207 774 277 834 Eum
293 748 501 794 Dubliiiensem
510 783 519 798 ‚
538 761 700 791 Antonium
712 755 939 788 Dunelmeiisetn
956 754 1129 792 Episcopum
1138 777 1147 792 ,
1160 754 1193 784 ὅσ
1206 751 1277 782 No-

229 803 278 833 iles
299 801 402 840 Viros,
427 799 589 831 Amadeum
610 796 762 827 Comitem
783 793 930 826 sabaudiae
951 792 1277 835 Consanguineumno-

212 841 322 880 strum,
339 840 482 870 Ottonem
497 837 533 867 de
546 835 745 873 Grandisono,
765 834 799 864 &
814 833 974 873 Hugonem
989 831 1025 862 de
1038 829 1130 868 Veer,
1151 829 1277 868 Milites,

211 881 287 919 pacis
301 881 334 910 δε
346 877 432 909 statfis
445 875 533 906 nostri
548 874 659 913 pacifici
671 874 808 905 zelatores
819 895 828 910 ,
844 872 994 915 voluntatis
1010 869 1116 914 nostrae
1129 868 1279 911 conscios,

212 927 248 950 ac
271 916 429 958 diligentius
451 915 639 952 informatos,
655 912 691 943 ad
709 911 833 943 vestram
856 909 1034 948 praesentiam
1049 908 1181 939 duximus
1194 905 1279 936 desti-

89 2197 224 2232 ⁰11.825.

214 956 384 1034 nalgibus,
399 992 454 1023 uria
467 1000 536 1022 cum
551 989 703 1021 venerabili
716 987 939 1024 PatreJOhanne
951 984 1146 1016 Wintoniensi
1160 983 1279 1022 Episco-

214 1043 273 1073 po,
292 1041 338 1063 aut
358 1033 485 1070 quinque
505 1029 630 1067 ipsorum
653 1028 713 1066 sex,
733 1037 792 1057 uno
812 1026 923 1056 absente
958 1025 1005 1055 vel
1026 1032 1147 1062 quatuor
1162 1031 1279 1054 eorum-

215 1071 299 1109 dem,
317 1070 427 1102 duobus
443 1068 616 1105 absentibus,
636 1067 772 1105 (quorum
786 1073 904 1103 quatuor
918 1048 978 1093 duo
992 1063 1043 1093 sint
1059 1062 1151 1099 Laici)
1168 1061 1279 1100 plenam

215 1111 332 1148 damus,
349 1118 450 1140 tenore
464 1107 659 1146 praesentium,
677 1103 846 1142 potestatem
861 1104 894 1134 δ(
911 1101 1025 1140 speciale
1038 1101 1219 1138 mandatum,
1235 1098 1278 1129 su-

216 1159 266 1187 per
286 1149 421 1178 omnibus
438 1145 582 1177 discordiis
594 1167 604 1183 ,
629 1144 734 1183 guerris
748 1165 757 1180 ,
783 1141 876 1172 litibus
891 1164 900 1179 ,
925 1140 1125 1171 controversiis
1136 1162 1147 1178 ,
1171 1138 1256 1170 causis
1271 1160 1280 1175 ,

219 1187 421 1226 quaestionibus
437 1208 447 1224 ,
472 1185 580 1215 damnis
595 1205 605 1221 ,
631 1184 664 1213 &
686 1182 808 1220 injuriis,
834 1179 1028 1218 petitionibus,
1053 1180 1086 1210 &
1108 1177 1282 1213 actionibus,

218 1226 353 1263 realibus,
372 1224 577 1263 personalibus,
595 1222 628 1251 &
649 1221 741 1251 mixtis
777 1229 842 1258 quae
862 1219 991 1257 fuerunt,
1010 1219 1043 1249 &
1069 1217 1149 1260 sunt,
1168 1216 1211 1247 vel
1226 1214 1282 1246 effe

239 1263 348 1303 ossent,
367 1265 436 1293 inter
456 1262 567 1293 dicium
591 1260 708 1297 Regem
731 1243 856 1289 P²ranciae
876 1258 909 1288 ὃ(
928 1266 981 1287 nos
993 1260 1144 1287 OCCahOne
1159 1264 1284 1294 quacun-

219 1275 293 1372 }ue,
311 1301 445 1333 traetandi
455 1324 465 1340 ,
484 1298 657 1339 paciscendi,
675 1295 888 1335 componendi,
903 1294 1089 1333 transigendi,
1104 1292 1286 1324 concordan-

240 1343 268 1380 i,
291 1342 325 1373 &
347 1339 555 1377 conveniendi,
578 1339 607 1368 in
626 1337 774 1375 personam
795 1334 916 1366 vestram
935 1333 1208 1372 compromittendi,
1229 1341 1283 1370 pro

221 1380 305 1411 nobis
317 1379 351 1410 &
363 1378 519 1409 haeredibus
532 1376 651 1413 nostris,
670 1385 722 1405 nos
738 1376 772 1406 &
787 1372 912 1404 haeredes
927 1371 1039 1403 nostros
1054 1371 1156 1402 vestrae
1170 1371 1285 1402 arbitra-

222 1419 311 1456 tioni,
328 1417 514 1455 ordinationi,
531 1415 609 1446 dicto
627 1414 673 1444 seu
693 1413 794 1451 laudo,
812 1410 1009 1450 submittendi,
1026 1410 1076 1442 sub
1095 1410 1213 1449 formis,
1239 1409 1285 1440 seu

225 1455 336 1494 modis,
354 1454 389 1486 de
402 1455 520 1494 quibus,
538 1455 571 1485 &
589 1452 842 1491 quotienscumque
854 1449 976 1481 viderint
990 1448 1128 1487 expedire.

262 1494 393 1525 Necnon
413 1495 511 1523 omnia
532 1493 566 1523 ὃ(
590 1492 710 1531 singula,
736 1500 802 1528 quae
822 1499 871 1528 per
889 1489 963 1526 ipsos
985 1488 1046 1526 sex,
1074 1489 1218 1526 quinque,
1241 1486 1287 1517 vel

225 1541 344 1572 quatuor
364 1533 505 1571 ipsorum,
530 1539 613 1569 prom
634 1531 710 1567 supra
730 1529 865 1572 scriptum
883 1526 943 1566 est,
967 1526 1068 1558 nostro
1088 1527 1122 1557 &
1140 1525 1288 1556 haeredum

225 1571 390 1603 nostrorum
410 1572 545 1609 nomine,
562 1569 640 1606 supe‘r
661 1569 806 1606 praemissis
827 1567 860 1597 &
874 1565 984 1605 singulis
998 1564 1222 1604 praemfflbrum,
1241 1574 1289 1603 pa·

226 1610 273 1642 &a
286 1634 295 1648 ,
322 1609 479 1647 composita
493 1632 503 1649 ,
527 1607 660 1638 transacta
676 1629 686 1644 ,
707 1604 879 1636 concordata
896 1605 1000 1635 fuerint
1013 1627 1024 1643 ,
1049 1603 1095 1634 seu
1122 1612 1265 1634 conventa
1278 1626 1289 1642 ,

226 1648 484 1686 compromissum,
500 1645 729 1683 submissionem,
744 1644 866 1674 vestram
887 1644 1118 1680 arbitrationem,
1136 1642 1293 1673 ordinatio-

227 1697 311 1724 nem,
328 1686 440 1717 dictum
460 1687 505 1716 seu
525 1685 640 1716 laudum
655 1683 804 1723 praedista,
821 1681 969 1719 firmandi,
987 1679 1159 1719 roborandi,
1174 1680 1292 1711 omolo-

227 1726 328 1766 gandi,
346 1726 379 1757 ἓξ
399 1724 519 1756 vallandi
541 1733 592 1761 per
606 1723 817 1762 juramentum,
834 1720 914 1758 super
930 1721 980 1750 hiis
995 1721 1028 1751 &
1043 1719 1114 1757 aliis,
1132 1718 1292 1757 hujusmodi

231 1766 378 1803 negotium
391 1763 568 1801 tangentibus
577 1785 587 1801 ,
605 1760 837 1799 quandocunque
846 1782 855 1797 ,
868 1760 901 1790 &
916 1757 1160 1797 quotienscunque
1173 1757 1295 1788 viderint

233 1802 383 1841 expedire,
400 1803 431 1832 in
452 1803 575 1833 animam
595 1799 719 1830 nostram
739 1797 944 1836 praestandum,
963 1805 996 1827 ac
1016 1797 1115 1827 omnia
1134 1796 1167 1827 &
1189 1796 1294 1836 singula

233 1841 352 1873 faciendi
388 1850 452 1878 quae
471 1841 533 1871 surit
553 1839 628 1877 pacis
651 1838 685 1869 δε
708 1836 889 1874 concordi-az,
909 1837 942 1867 &
963 1835 997 1866 ad
1018 1835 1129 1873 plenam
1143 1843 1244 1872 pacem
1262 1835 1296 1866 δε

234 1864 422 1910 concordiam
442 1879 549 1910 valeant
574 1878 728 1915 pertinere,
747 1876 779 1907 &
803 1885 866 1914 quae
892 1884 944 1904 nos
965 1874 1122 1904 faceremus
1150 1873 1195 1903 vel
1222 1873 1298 1904 face-

235 1928 265 1950 re
305 1917 426 1949 ossemus
448 1917 468 1948 si
491 1917 636 1958 praesentes
652 1915 786 1954 effemus,
803 1913 907 1944 etiamsi
920 1911 1084 1943 mandatum
1105 1913 1216 1951 exigant
1238 1911 1298 1950 spe-

233 1966 277 1988 cia
289 1964 319 1986 e:

270 1994 407 2025 Volentes
420 1994 517 2025 omnia
532 1993 567 2025 &
583 1991 701 2032 singula,
717 1990 866 2021 neceffiiria
880 1989 927 2020 vel
939 1989 1029 2027 utilia,
1039 1987 1074 2018 ad
1089 1988 1249 2020 faciendum
1263 1989 1297 2020 &

233 2034 441 2072 complendum
455 2031 609 2071 proemiffa,
627 2032 660 2062 &
674 2030 821 2069 quodlibet
837 2027 1065 2068 praemifforum,
1081 2037 1134 2066 pro
1149 2027 1300 2067 specialiter

236 2081 271 2103 ex
293 2071 367 2102 reffis
381 2073 414 2103 ὃς
426 2071 593 2102 enumeratis
608 2069 716 2100 haberi:

299 2113 473 2141 romittentes
487 2109 669 2139 nihilominus
682 2117 734 2138 nos
748 2115 840 2137 ratum
853 2105 996 2137 habituros
1011 2106 1044 2137 &
1066 2103 1181 2135 firmum
1189 2128 1200 2144 ,
1217 2105 1300 2144 quic-

240 2149 307 2188 quid
322 2159 371 2186 per
388 2147 537 2186 praedidios
549 2147 608 2185 sex,
627 2148 752 2184 quinque
766 2146 811 2176 vel
828 2154 948 2183 quatuor
959 2143 1132 2182 eorundem,
1150 2144 1180 2173 iri
1206 2143 1300 2175 forma

239 2187 364 2225 expressa
374 2187 514 2224 superius,
532 2187 550 2205 ¹*
565 2185 732 2223 transsatum,
748 2184 880 2222 pastum,
898 2182 1110 2220 compositum,
1122 2181 1301 2221 transacstum,

241 2225 466 2264 concordatum,
484 2232 680 2261 conventum,
697 2223 858 2260 firmatum,
876 2222 1058 2260 roboratum,
1081 2221 1302 2260 omologatum,

240 2265 391 2302 vallatum,
407 2264 440 2294 ὃ(
456 2263 563 2293 factum
579 2262 700 2292 fueritin
716 2260 869 2299 praemiffis.

278 2302 368 2341 Super
384 2302 486 2339 quibus
492 2324 502 2340 ,
522 2311 569 2338 per
584 2299 690 2330 nostras
704 2299 804 2330 litteras
815 2295 1020 2336 approbandis,
1038 2297 1180 2335 tenendis,
1191 2297 1302 2328 servan-

239 2341 282 2409 ὥς
288 2364 299 2380 ,
317 2342 349 2371 δε
363 2340 555 2380 complendis,
573 2348 625 2369 nos
639 2339 673 2369 &
685 2338 809 2368 haeredes
822 2336 933 2368 nostros
946 2337 980 2367 &
996 2338 1071 2367 bona
1090 2336 1187 2367 nostra
1205 2337 1303 2367 omnia

240 2389 261 2411 ο
284 2381 300 2409 li
324 2388 410 2409 amus.

279 2389 322 2448 Ἐξ
329 2418 391 2447 haec
405 2415 504 2447 anetae
518 2414 679 2446 Paternitati
692 2413 793 2444 vestrae
807 2412 992 2453 significamus
1001 2436 1009 2452 ,
1027 2413 1060 2444 &
1073 2413 1209 2444 omnibus
1231 2423 1304 2452 quo-

243 2466 308 2488 rum
323 2454 454 2493 interest,
473 2455 518 2485 vel
533 2453 660 2485 interesse
673 2452 782 2491 potest,
800 2461 846 2482 aut
861 2453 963 2490 poterit
978 2453 1007 2482 iri
1022 2451 1166 2490 futurum,
1186 2461 1235 2490 per
1249 2462 1303 2483 no-

243 2494 310 2527 stras
324 2503 446 2533 patentes
459 2493 573 2531 litteras,
594 2492 670 2531 sigilli
684 2491 775 2522 nostri
790 2492 949 2521 munimine
961 2491 1144 2527 consignatas.

279 2533 345 2564 Dat.
368 2532 440 2572 apud
457 2531 631 2562 Gandavum
652 2531 694 2560 18.
714 2529 760 2560 die
773 2529 856 2559 Febr.
871 2539 947 2560 anno
961 2528 1085 2559 Domini
1105 2537 1190 2568 1297.

281 2572 388 2603 Attum
404 2572 456 2602 fuit
468 2570 548 2609 hujus
562 2568 798 2607 compromissum
815 2567 923 2598 Rornae
936 2578 950 2597 a
972 2567 1008 2598 ud
1023 2567 1160 2598 Sanctum
1177 2567 1306 2606 Petrum,

243 2612 271 2681 {n
283 2610 390 2653 Palatio
406 2609 517 2648 Papali,
536 2611 564 2639 iri
578 2607 704 2639 Eccleii‘i
718 2606 801 2646 ipsius
814 2606 938 2637 Domini
952 2578 1054 2646 i'apae,
1073 2616 1106 2637 ac
1119 2607 1148 2636 in
1162 2607 1218 2646 ejus
1233 2616 1307 2645 prae-

255 2659 347 2688 entia,

345 2733 533 2766 Praesentibus
547 2732 705 2764 reverendis
719 2731 848 2763 Patribus
861 2731 1015 2771 Dominis,
1034 2730 1094 2762 Dei
1107 2731 1209 2771 gratia,

281 2814 317 2843 G.
336 2810 462 2842 Sabinen.

285 2852 327 2882 Et
345 2853 389 2880 M.
405 2851 529 2879 Portuen.
548 2847 586 2883 όν
600 2848 707 2879 Saucia
718 2846 834 2887 Ruffinae
852 2845 1002 2886 Epifiopis,
1020 2844 1230 2877 Cardinalibus:

285 2887 483 2928 Archiepifiopo
500 2888 536 2926 J.
555 2889 678 2926 Drotin,

286 2927 424 2966 Francisto
439 2928 562 2965 Episcopo
575 2925 698 2964 Spoletan
707 2947 717 2963 ,

285 2967 328 2996 Et
342 2964 482 2996 Gutllelmo
498 2965 620 3003 Episcopo
635 2963 801 3002 Glandicen,

283 3003 418 3036 Testibus
431 3003 466 3034 ad
478 3004 542 3035 haec
557 3004 673 3034 vocatis.

289 3087 327 3119 Et
349 3097 403 3127 ego
425 3088 602 3125 Nicholaus,
620 3087 711 3118 dictus
732 3086 875 3117 Novellus
895 3086 932 3116 de
955 3085 1048 3124 Vico,
1067 3084 1201 3116 Publicus
1216 3083 1312 3124 Impe-

252 3126 311 3158 riali
331 3127 493 3157 auctoritate
513 3127 667 3162 Notarius,
687 3125 826 3164 praedistis
851 3125 980 3163 interfui,
998 3126 1031 3155 &
1047 3125 1204 3162 momnia,
1223 3133 1253 3154 ut
1267 3124 1311 3154 su·

275 3175 303 3194 ra
323 3164 473 3202 leguntur,
490 3165 525 3194 de
546 3164 679 3194 mandato
698 3163 827 3202 praedicti
845 3163 969 3194 Domini
991 3162 1091 3202 Papae,
1110 3172 1143 3192 ac
1160 3171 1272 3201 rogatus
1295 3162 1312 3192 ὲ

252 3204 485 3275 frocurfiagoribu}
507 3203 684 3241 supradiCtis,
702 3202 795 3240 scripsi
813 3203 847 3234 &
865 3202 1028 3241 publicavi,
1044 3202 1079 3233 δε
1094 3210 1163 3232 meo
1173 3201 1311 3232 consueto

264 3251 335 3282 igno
393 3251 487 3280 gnavi.

286 3325 364 3355 Tem
383 3323 544 3355 Bonifacius
562 3321 734 3362 Episcopus,
751 3324 843 3355 servus
862 3323 1006 3354 servorum
1022 3324 1097 3361 Dei,
1118 3322 1263 3354 carissimis
1283 3324 1312 3353 in

305 3363 421 3394 Christo
433 3362 508 3401 filiis,
526 3362 657 3402 Philippo
672 3362 694 3392 F
696 3363 813 3400 ranciae,
831 3363 865 3393 &
879 3362 1022 3393 Edwardo
1037 3362 1168 3400 Angliae,
1184 3361 1312 3401 Regibus

258 3401 425 3439 illustribus,
440 3401 554 3431 salutem
568 3401 601 3432 &
618 3400 811 3437 Apostolicam
823 3401 1062 3431 benedictionem.

297 3439 586 3478 Pronunpciationem
605 3438 762 3477 quandam,
787 3439 866 3477 super
885 3439 1064 3470 reformanda
1082 3439 1152 3469 inter
1169 3448 1222 3468 vos
1243 3447 1314 3476 pace

259 3478 293 3508 &
308 3477 481 3515 concordia,
499 3479 532 3509 &
546 3477 625 3517 super
638 3478 689 3506 hiis
705 3487 769 3515 quae
783 3476 816 3506 ad
850 3487 930 3507 acem
956 3480 1096 3516 pertinent
1131 3485 1164 3506 ac
1184 3476 1265 3514 super
1285 3487 1314 3506 a-

259 3515 318 3555 liis,
335 3517 415 3555 super
428 3517 528 3555 quibus
542 3525 591 3554 per
612 3515 760 3553 Nunptios
780 3516 814 3545 &
831 3486 1033 3547 z‘rocmatores
1053 3499 1175 3552 vetitos,
1192 3515 1222 3544 in
1247 3525 1316 3553 nos,

260 3560 391 3590 tanquam
406 3556 435 3584 in
450 3556 585 3593 privatam
597 3554 759 3592 personam,
776 3555 810 3584 ὃ(
825 3553 1010 3584 Βεηεάίὲὶυιη
1029 3554 1183 3585 Gaitanum
1219 3554 1315 3583 nomi-

263 3600 299 3620 ne
319 3591 427 3631 vestro,
455 3594 488 3623 &
507 3602 557 3630 pro
579 3592 660 3624 vobis
681 3593 770 3622 extitit
788 3592 1044 3631 compromissum,
1061 3593 1180 3623 arbitran
1201 3601 1222 3621 0
1257 3591 1315 3622 lau-

262 3628 373 3673 dando,
390 3630 573 3668 diffiniendo,
591 3631 751 3660 arbitraliter
769 3630 973 3668 sententiando,
994 3630 1170 3667 mandando,
1185 3614 1318 3660 ordinan-

262 3666 321 3709 do,
338 3667 526 3707 disponendo,
544 3669 577 3700 δε
599 3669 848 3708 pronunpciando,
867 3669 899 3699 ea
920 3670 996 3707 vice,
1013 3679 1104 3707 nuper
1122 3668 1253 3698 duximus
1275 3668 1315 3697 fa-

264 3704 409 3744 ciendam,
426 3716 510 3745 prout
523 3707 711 3737 instrumento
722 3707 837 3744 publico
851 3707 917 3738 inde
934 3707 1072 3739 confeCm
1093 3707 1200 3746 plenius
1220 3707 1316 3737 conti-

265 3750 357 3772 netur.

305 3779 402 3817 Quam
416 3784 709 3821 pronunptiationem,
724 3784 758 3814 &
773 3792 836 3820 quae
851 3784 880 3813 in
895 3782 928 3814 ea
950 3785 1149 3822 continentur,
1165 3781 1317 3813 audierim-

267 3825 298 3848 te
315 3818 403 3847 valere
426 3821 574 3859 volumus,
589 3823 622 3852 ὃ(
644 3822 754 3859 plenam
774 3821 877 3852 habere
889 3822 1066 3853 decrevimus
1080 3822 1190 3853 roboris
1204 3820 1318 3851 firmita-

268 3863 492 3899 temgtenorem
503 3859 583 3896 ipsius
597 3860 790 3896 instrumenti,
807 3860 843 3889 de
863 3861 953 3890 verbo
975 3861 1008 3890 ad
1029 3862 1166 3898 verbum,
1184 3867 1219 3890 ex
1240 3858 1318 3890 certa

267 3892 399 3930 scientia,
415 3895 590 3931 praesentibus
602 3899 729 3928 annotari
740 3897 888 3936 facientes,
906 3900 954 3937 qui
968 3899 1026 3930 talis
1041 3899 1090 3929 est.

349 3966 480 3998 Nomine
494 3968 615 4001 Domini
633 3972 735 4003 Amen.

270 3967 426 4049 ISAnno
445 4006 566 4051 Domini
578 4011 732 4050 ⁵millesimo
752 4010 946 4041 ducentesimo
975 4012 1161 4049 nonagesimo
1185 4009 1292 4041 odiavo
1306 4032 1318 4049 ,

268 4040 429 4074 Indictione
441 4044 606 4084 undecima,
623 4047 803 4080 Pontii-‘icariis
817 4049 940 4080 Domini
961 4049 1098 4082 Bonifacii
1118 4050 1202 4087 Papae
1220 4049 1317 4086 oetavi

1309 355 1398 385 bilem
1419 355 1676 392 compositionem,
1697 350 1758 387 <VJ-c.
1776 353 1808 382 de
1826 351 1910 382 verbo
1931 352 1972 381 ad
1991 351 2121 391 verbum,
2141 359 2223 391 prout
2243 357 2274 384 in
2293 352 2381 384 Bulla

1303 392 1434 433 strperim'
1450 393 1482 422 de
1495 393 1555 422 dat.
1576 402 1622 432 30.
1641 391 1715 430 Jun.

1350 467 1389 498 Et
1411 476 1466 507 ego
1486 467 1648 507 Gerardus,
1666 467 1811 506 quondam
1833 466 1994 498 Corbolaui
2014 466 2105 506 Stregi
2121 466 2158 498 de
2173 467 2272 499 Leuca
2283 467 2384 499 Publi-

1313 516 1363 536 cus
1378 505 1518 544 Imperiali
1530 507 1694 551 audioritate
1710 507 1849 537 Notarius
1862 507 1895 537 &
1904 505 1997 544 Judex
2011 505 2195 544 Ordinai-ius,
2209 505 2382 544 praedictum

1313 544 1351 574 de
1373 545 1584 583 compromisso
1603 545 1751 583 publicum
1774 544 2016 582 instrumentum,
2040 553 2126 575 mauu
2149 544 2288 584 Nicolai,
2311 545 2384 578 dieti

1314 582 1437 627 Novelli
1451 583 1489 627 de
1501 583 1596 622 Vico,
1614 583 1731 614 Notarii
1743 582 1872 620 Publici,
1889 583 2040 621 scriptum,
2057 592 2090 614 ac
2115 582 2281 619 praedictam
2300 583 2385 622 Apo-

1315 620 1444 652 stolicam
1468 622 1608 659 litteram,
1633 632 1702 652 cum
1722 621 1771 652 filo
1791 621 1827 651 de
1851 621 1972 659 Serico,
1996 630 2079 651 more
2100 620 2201 653 Curiae
2221 621 2385 661 Romana,

1316 659 1468 705 bullatam,
1487 660 1547 690 vidi
1559 670 1595 704 ac·
1605 659 1752 700 diligenter
1766 660 1887 699 inspexi,
1904 669 1966 690 non
1977 660 2120 699 vitiatam,
2133 669 2188 691 nec
2203 660 2387 693 cancellatam

1316 708 1346 729 m
1354 698 1691 775 {liqgsaesgigtiugmnia
1709 737 1725 766 a
1747 736 1868 774 praefatis
1891 735 2081 768 instrumento
2095 735 2248 775 &littera‚
2268 746 2318 775 per
2338 746 2389 769 me

1318 774 1482 819 Gerardum
1496 775 1675 814 Notarium,
1691 775 1730 805 nil
1743 775 1838 805 addito
1851 774 1897 804 vel
1911 783 2027 813 amoto,
2044 775 2124 813 quod
2145 775 2254 806 sensum
2276 783 2389 815 mutet,

1317 814 1364 843 vel
1378 823 1457 844 vitiet
1471 814 1665 853 intellectum,
1682 814 1804 844 extrarsta
1817 812 1854 843 de
1867 813 1957 843 verbo
1971 812 2007 843 ad
2019 814 2158 853 verbum,
2177 815 2207 844 in
2226 815 2277 845 hiis
2301 816 2390 846 tribus

1322 852 1455 891 Rotulis,
1473 852 1556 883 simul
1574 853 1656 890 sutis,
1674 854 1707 883 &
1728 853 1757 881 in
1778 851 1876 881 medio
1895 850 2065 882 eorumdem
2080 861 2150 882 meo
2162 853 2241 892 slgno
2252 854 2390 885 consueto

1321 891 1446 930 signatis,
1463 890 1573 930 scripsi,
1590 890 1764 928 transcripsi,
1780 900 1815 920 ac
1833 891 1918 920 etiarn
1932 889 2098 928 exemplavi.

1323 929 1529 998 diffl‘ffi?
1531 929 1753 997 ³²d2⁰¹³12³gssli³351²
1812 927 1907 996 ‘iffi'
1909 938 1959 996 “12¹2
1981 926 2364 999 ΕέῗεὶῙέἷῑ-ἰὲἐὲῗθοᾞ
2378 953 2390 969 ’

1323 1006 1418 1043 blico,
1435 1016 1468 1036 ac
1494 992 1592 1037 Br’uno
1613 1005 1651 1036 de
1662 990 1775 1042 Podio,
1792 1006 1826 1036 ὃ(
1838 976 2002 1035 Winielnli}
2012 1005 2126 1043 Bouhs,
2143 977 2330 1045 Clerigsstanpd
2345 979 2392 1039 sui:

1323 1046 1365 1075 or'
1388 1043 1467 1075 ‘nalia
1479 1044 1629 1082 diligenter
1645 1045 1679 1076 &
1693 1043 1811 1074 fideliter
1823 1043 1963 1074 ascultavi.

1323 1092 1398 1152 stem‘
1409 1081 1908 1152 sssffl-ssrihiicfiffl‘ffmeiffffneinmveff
1931 1080 2329 1152 fiififissffnsfi‘ssffiss‘ffma’mssoe
2349 1091 2392 1132 ‘³³

1323 1170 1392 1191 cum
1412 1131 1674 1205 subscripti'ongn&
1694 1131 1869 1203 §ppositione
1890 1129 1959 1198 ἕξεί
1981 1158 2117 1203 Magistri
2127 1131 2265 1197 Johaffiis
2278 1131 2397 1190 bfotuatiiii

1323 1207 1489 1243 praenotati,
1503 1199 1553 1230 sub
1565 1208 1642 1229 anno
1657 1199 1673 1228 a
1688 1198 1848 1229 Nativitate
1863 1196 1988 1241 Domini
2010 1207 2094 1237 1299.
2113 1197 2274 1228 indictione
2288 1208 2334 1229 12.
2350 1205 2396 1237 ις.

1325 1237 1372 1281 die
1387 1237 1496 1268 Meniis
1511 1237 1629 1281 Aprilis,
1647 1236 1826 1275 praesentibus
1840 1235 1924 1265 dictis
1938 1235 2075 1274 Clericis‚
2092 1236 2128 1266 ad
2141 1236 2205 1268 haec
2226 1238 2333 1269 vocatis
2353 1244 2396 1268 te·

1327 1275 1417 1307 stibus
1433 1276 1467 1308 &
1479 1285 1604 1315 rogatis,
1620 1275 1696 1315 apud
1710 1274 2003 1306 Westmonasterium
2015 1274 2153 1306 London.
2172 1273 2265 1306 Dioc.

1366 1352 1403 1384 Et
1419 1363 1478 1391 ego
1488 1352 1634 1390 johannes
1667 1350 1760 1382 dietus
1771 1350 1884 1389 Boaris,
1900 1351 1936 1382 de
1950 1349 2088 1381 London.
2106 1350 2232 1382 Domini
2243 1350 2330 1389 Papae
2349 1361 2398 1383 au-

1328 1391 1458 1422 &oritate
1478 1390 1617 1422 Notarius
1635 1374 1789 1428 i’ublicus,
1813 1391 1872 1421 hoc
1893 1389 2108 1429 transcriptum,
2125 1389 2172 1421 seu
2193 1391 2279 1421 etiarn
2301 1399 2399 1421 exem-

1351 1431 1453 1469 latum,
1471 1439 1505 1460 ex
1519 1429 1659 1468 praedictis
1670 1429 1871 1467 originalibus,
1887 1428 1993 1459 scilicet
2004 1428 2042 1458 de
2056 1428 2265 1467 compromisso
2279 1429 2399 1466 publico

1346 1469 1542 1507 nstrumento,
1559 1469 1592 1499 &
1616 1466 1787 1505 Apostolica
1806 1467 1896 1498 littera
1931 1476 1991 1497 non
2005 1466 2127 1505 vitiatis,
2145 1476 2205 1498 non
2220 1467 2397 1506 cancellatis,

1330 1518 1391 1538 non
1407 1508 1562 1545 corruptis,
1580 1507 1613 1538 &
1629 1507 1712 1536 omni
1723 1505 1878 1543 suspicione
1893 1489 1913 1525 *ἔ
1926 1505 2101 1543 carentibus,
2120 1514 2152 1536 ut
2164 1506 2254 1544 prima
2268 1506 2339 1537 facie
2352 1516 2402 1544 ap-

1333 1548 1446 1584 parebat
1460 1570 1470 1584 ,
1494 1545 1650 1576 extractum
1671 1545 1704 1576 &
1726 1543 1861 1583 scriptum
1879 1553 1930 1582 per
1950 1553 2070 1575 manum
2092 1543 2215 1575 Gerardi
2228 1567 2240 1584 ‚
2265 1544 2401 1584 Notarii,

1331 1587 1466 1624 proximo
1478 1584 1649 1622 suprascripti
1657 1606 1666 1621 ‚
1684 1581 1762 1621 vidi,

1369 1623 1406 1654 Et
1427 1624 1463 1654 de
1485 1622 1544 1661 ipso
1567 1621 1748 1660 transcripto,
1767 1620 1813 1652 seu
1835 1622 1920 1652 etiam
1943 1620 2104 1661 exemplato
2141 1620 2177 1652 ad
2191 1620 2303 1659 praefata
2317 1621 2403 1661 origi-

1331 1662 1422 1700 nalia,
1440 1662 1497 1693 una
1512 1670 1581 1692 cum
1593 1661 1674 1692 disto
1689 1659 1830 1698 Natario‚
1848 1670 1882 1690 ac
1896 1658 1992 1690 Bruno
2006 1659 2043 1690 de
2057 1659 2102 1690 Po
2123 1660 2168 1698 io,
2186 1660 2221 1691 &
2239 1660 2404 1691 Willielmo

1332 1700 1446 1770 ἓςῖμὴε,
1472 1699 1608 1739 Clericis,
1627 1698 1740 1730 fidelem
1760 1698 1816 1730 feci
1835 1698 2020 1730 collationem
2040 1697 2247 1738 postmodum,
2263 1708 2298 1730 ac
2315 1699 2402 1730 etiam

1353 1750 1381 1770 ii
1402 1749 1498 1771 entem

1369 1749 1408 1809 ἐς
1429 1761 1547 1809 inven’to
1564 1776 1592 1807 id
1613 1775 1690 1807 idern
1715 1776 1854 1807 contineri
1873 1777 1904 1806 in
1922 1775 2041 1814 praefato
2062 1774 2229 1813 transcripto
2271 1774 2350 1815 quod
2373 1776 2404 1806 in

1335 1816 1475 1854 praedietis
1498 1815 1691 1855 Originalibus
1710 1814 1805 1845 litteris
1825 1816 2005 1852 continetur,
2029 1813 2068 1844 nil
2089 1813 2185 1844 addito
2205 1799 2252 1846 ve'i
2273 1822 2402 1853 mutato,

1335 1855 1414 1893 quod
1431 1855 1540 1886 sensum
1554 1863 1646 1884 mutet·
1657 1853 1704 1884 vel
1717 1854 1798 1884 vitiet
1811 1853 2006 1891 intellectum,
2023 1852 2071 1883 hic
2087 1861 2135 1882 me
2149 1853 2179 1882 in
2201 1851 2399 1884 testimonium

1334 1893 1542 1932 praemifforum
1557 1891 1716 1930 subscripsi,
1733 1893 1767 1923 &
1785 1900 1896 1929 rogatus
1911 1891 2025 1929 signum
2041 1900 2140 1921 meum
2152 1890 2269 1929 apposui
2280 1890 2401 1922 consue-

1335 1941 1398 1963 tum
1418 1932 1469 1963 sub
1490 1941 1565 1962 anno
1590 1931 1606 1960 a
1626 1930 1785 1961 Nativitate
1806 1930 1947 1968 Domini,
1963 1928 2139 1967 Indictione,
2163 1930 2197 1961 &
2216 1928 2264 1960 die
2285 1928 2407 1967 mensis,

1335 1972 1469 2008 proximo
1490 1971 1669 2009 praenotatis,
1697 1970 1731 2000 ὅ(
1754 1970 1843 2009 loco,
1859 1970 1890 2000 in
1912 1968 2058 2008 praesentia
2077 1968 2194 1999 testium
2214 1966 2406 2006 eorumdem,

1335 2012 1467 2048 proxime
1486 2008 1724 2048 praescriptorum.

1341 2142 1529 2190 Dispenfiztio
1553 2145 1759 2176 Matrimonii
1775 2145 1852 2175 inter
1872 2145 1981 2189 Regem
2001 2141 2118 2189 Angliae
2131 2143 2170 2180 ὠ·
2187 2142 2410 2188 Margaretam

1672 2195 1811 2225 Sororem
1828 2194 1916 2238 Regis
1935 2193 2076 2224 Francia.

1343 2277 1546 2341 BOnifacius
1567 2276 1737 2314 Episcopus,
1755 2275 1848 2306 servus
1867 2274 2013 2305 servorum
2035 2274 2108 2312 Dei,
2124 2273 2265 2305 carisfirno
2279 2275 2308 2304 in
2320 2272 2406 2305 Chri-

1415 2316 1460 2346 sto
1482 2315 1559 2353 filio,
1577 2315 1711 2345 Edvardo
1732 2314 1780 2344 Re
1800 2316 1808 2344 i
1827 2314 1941 2354 Angliae
1960 2312 2074 2351 illustri,
2093 2313 2127 2344 &
2145 2314 2258 2344 dilectae
2277 2314 2308 2343 in
2322 2313 2408 2344 Chri-

1346 2355 1390 2385 sto
1402 2355 1483 2392 filiae,
1501 2354 1591 2384 nobili
1605 2353 1732 2390 mulieri,
1791 2362 1939 2392 argaretae,
1956 2361 2044 2389 natae,
2060 2352 2144 2382 clarae
2157 2352 2323 2389 memoriae,
2339 2351 2408 2382 Phi-

1344 2393 1382 2431 lip
1405 2395 1412 2423 i
1430 2393 1515 2432 Regis
1530 2393 1722 2429 Francorum,
1740 2391 1853 2422 salutem
1865 2392 1898 2422 &
1914 2390 2115 2428 Apostolicam
2128 2389 2370 2421 benedictionem.

1384 2404 1472 2471 Regis
1489 2433 1586 2462 aeterni
1608 2432 1677 2460 mira
1701 2431 1854 2469 benignitas
1872 2429 1984 2460 honore
2003 2428 2151 2467 multiplici
2178 2428 2306 2467 sponsam
2332 2429 2409 2459 suam

1346 2469 1512 2500 Romanam
1532 2469 1689 2501 Eccleiiam
1710 2468 1866 2508 iniignivit,
1883 2467 1928 2499 sed
1950 2469 1981 2498 in
1998 2467 2058 2498 hoc
2080 2466 2224 2506 potissime
2241 2467 2309 2498 fecit
2322 2467 2408 2506 ipsam

1345 2509 1564 2546 honorabilem,
1581 2509 1614 2539 ὃς
1628 2507 1704 2538 felici
1719 2507 1790 2538 statu
1809 2507 1984 2546 fulgentem,
2002 2505 2081 2544 quod
2104 2505 2197 2536 eidem
2230 2506 2261 2536 in
2282 2505 2411 2537 clavium

1346 2548 1502 2578 collatione
1516 2547 1686 2583 caelestium,
1705 2546 1783 2576 illam
1794 2546 1890 2576 tribuit
1902 2544 2106 2584 plenitudinem
2122 2528 2283 2583 potestatis,
2299 2553 2329 2575 ut
2349 2555 2412 2576 non

1347 2586 1438 2617 solum
1452 2588 1482 2617 in
1495 2586 1562 2624 hiis,
1581 2587 1610 2615 in
1625 2586 1725 2623 quibus
1737 2585 1799 2623 jura
1811 2583 1982 2615 difficultatis
1993 2582 2177 2614 obstaculum
2190 2592 2249 2614 non
2262 2582 2412 2624 inducunt,

1348 2624 1433 2663 poffit
1452 2634 1511 2656 tam
1533 2624 1655 2661 personis
1675 2623 1856 2660 sublimibus,
1875 2624 1961 2661 quam
1982 2621 2133 2653 humilibus
2155 2620 2249 2653 adesse
2261 2621 2415 2661 munifica,

1348 2663 1386 2694 set
1407 2664 1435 2693 in
1458 2663 1510 2693 hiis
1530 2664 1632 2705 etiarn,
1650 2672 1714 2701 quae
1723 2663 1785 2701 jura
1797 2662 1969 2703 prohibent,
1985 2669 2193 2699 nonnunquam
2213 2660 2294 2698 supra
2310 2662 2355 2699 jus
2375 2660 2413 2691 de

1344 2702 1409 2740 jure
1419 2701 1508 2733 valeat
1516 2700 1679 2739 dispeniare.

1389 2741 1571 2779 Qapropter
1591 2739 1718 2770 Romani
1739 2737 1886 2769 Pontificis
1905 2737 2066 2776 praecellens
2087 2736 2251 2774 auctoritas,
2269 2736 2413 2774 qualitates

1350 2780 1534 2818 negotiorum
1555 2778 1589 2809 &
1611 2779 1707 2808 merita
1766 2779 1910 2808 rionarum
1934 2776 2062 2813 diligenti
2075 2774 2332 2813 circumspectione
2344 2785 2410 2813 pro-

1351 2817 1485 2855 spiciens,
1504 2816 1638 2847 nonnulla
1652 2818 1722 2846 inter
1744 2825 1793 2846 um
1810 2816 1890 2846 certis
1903 2814 2042 2852 personis,
2060 2823 2125 2852 quae
2139 2814 2202 2844 alias
2214 2813 2310 2844 forent
2330 2813 2412 2845 illici-

1351 2864 1394 2894 ta,
1410 2855 1545 2886 concedit
1556 2854 1593 2885 de
1606 2855 1660 2885 suae
1672 2853 1844 2893 plenitudine
1858 2852 2013 2891 potestatis:
2032 2861 2102 2883 tunc
2115 2853 2146 2882 in
2158 2851 2211 2883 illis
2226 2853 2349 2892 rigorem
2372 2854 2413 2884 'u-

1352 2893 1433 2924 stitiae
1447 2893 1659 2925 mansuetudine
1671 2902 1845 2931 temperans,
1863 2893 1896 2923 &
1911 2891 1989 2929 quod
2005 2901 2024 2920 n
2061 2899 2108 2921 ant
2121 2891 2182 2930 jura
2196 2890 2233 2921 de
2254 2890 2341 2929 gratia
2384 2901 2414 2922 e-

1350 2934 1486 2972 nignitate
1505 2932 1670 2970 indulgens,
1687 2931 1839 2970 praesertim
1861 2939 1930 2961 cum
1951 2939 2024 2961 nece
2047 2939 2097 2961 itas
2111 2930 2212 2970 exigit,
2230 2929 2265 2961 &
2276 2929 2356 2961 causa
2369 2939 2414 2961 ra-

1352 2972 1491 3002 tionabilis
1504 2972 1531 3001 id
1546 2971 1679 3008 exposcit.

1389 3009 1464 3041 Sane
1482 3018 1645 3047 guerrarum
1669 3009 1811 3046 turbines,
1835 3006 2028 3038 scandalorum
2049 3006 2204 3046 procellas,
2222 3007 2416 3038 turbationum

1357 3050 1493 3086 impetus,
1512 3049 1545 3079 ὃ(
1564 3047 1690 3078 fremitus
1709 3045 1926 3084 tempestatum,
1944 3056 2008 3084 quae
2026 3046 2099 3076 inter
2118 3055 2147 3076 te
2167 3045 2284 3082 Regem
2303 3045 2416 3085 Angiiae

1352 3097 1387 3117 ex
1401 3096 1476 3125 parte
1491 3087 1565 3125 una,
1583 3087 1616 3118 &
1630 3085 1801 3116 carissimum
1816 3085 1844 3114 in
1859 3084 1976 3115 Christo
1990 3083 2080 3115 filium
2100 3083 2230 3114 nostrum
2250 3083 2415 3122 Philippum

1354 3125 1473 3163 Regem
1496 3125 1672 3156 Francorum
1691 3122 1846 3162 illustrem,
1863 3123 1978 3154 fratrem
2000 3131 2100 3160 tuum,
2117 3131 2153 3153 ex
2174 3130 2252 3160 parte
2263 3121 2363 3161 alterii,
2379 3123 2415 3154 &

1353 3166 1495 3202 utriusque
1507 3163 1610 3203 Regna
1622 3164 1655 3194 ὃ(
1670 3170 1768 3199 terras,
1781 3162 1839 3199 jam
1855 3172 1903 3200 per
1925 3172 1986 3192 nori
2002 3161 2111 3191 modici
2126 3160 2260 3197 temporis
2281 3160 2414 3200 spatium,

1353 3204 1428 3242 pacis
1440 3202 1559 3232 aemulus
1596 3201 1705 3232 Satanae
1717 3200 1822 3237 spiritus
1833 3201 1988 3238 suscitavit,
2006 3209 2041 3230 ex
2062 3199 2163 3237 quibus
2180 3199 2337 3230 animarum
2359 3199 2416 3230 dis-

1354 3242 1493 3279 crimina,
1505 3224 1685 3278 personarum
1701 3239 1840 3277 pericula,
1857 3240 1891 3270 &
1907 3238 2028 3276 dampna
2041 3247 2137 3268 rerum
2159 3238 2321 3276 innumera,
2339 3237 2415 3278 proh

1353 3280 1451 3310 dolor!
1471 3280 1668 3318 contigerunt,
1684 3278 1757 3308 foret
1769 3278 1940 3316 superfluum
1954 3286 2095 3314 enarrare,
2113 3285 2182 3306 curn
2195 3276 2257 3306 haec
2278 3286 2328 3314 per
2351 3277 2416 3307 uni-

1353 3318 1430 3388 veessa
1447 3327 1582 3349 terrarum
1600 3317 1682 3354 spatia
1699 3325 1827 3355 pateant,
1842 3317 1876 3348 &
1897 3326 1946 3355 per
1969 3314 2091 3355 singulos
2104 3315 2182 3345 orbis
2197 3315 2317 3352 angulos
2330 3315 2415 3346 intio-

1355 3367 1367 3389 t
1395 3366 1468 3387 cant.

1393 3394 1530 3433 Cumque
1547 3394 1623 3432 pacis
1641 3392 1738 3432 astor,
1763 3393 1796 3424 &
1815 3393 1905 3424 salutis
1922 3400 2047 3431 amator,
2076 3401 2124 3430 per
2145 3390 2353 3429 inspirationem
2375 3390 2415 3422 sui

1354 3434 1479 3472 spiritus,
1497 3434 1530 3464 &
1545 3432 1748 3462 exhortationes
1760 3442 1793 3462 ac
1809 3431 2007 3463 sollicitudines
2022 3430 2144 3469 nostraS,
2162 3431 2299 3461 continue
2313 3431 2344 3460 in
2358 3429 2413 3460 hac

1355 3483 1447 3510 parte,
1466 3482 1526 3502 non
1545 3470 1603 3500 fine
1620 3471 1805 3501 immensitate
1822 3470 1954 3501 laborum
1978 3469 2130 3507 adhibitas,
2147 3477 2237 3506 nuper
2248 3468 2334 3499 corda
2351 3477 2414 3506 par-

1354 3513 1427 3541 tium
1447 3509 1597 3541 emolliffet
1616 3508 1651 3538 ad
1670 3519 1785 3547 pacem:
1804 3519 1837 3539 ac
1854 3509 1947 3539 fuisset
1964 3509 1994 3538 in
2013 3517 2082 3546 nos,
2100 3507 2168 3538 hinc
2191 3507 2225 3538 &
2236 3506 2319 3545 inde,
2335 3506 2413 3543 super

1354 3550 1405 3580 hiis
1419 3550 1454 3580 &
1469 3549 1526 3579 aliis
1540 3548 1659 3585 partium
1673 3548 1792 3585 ipsarum
1804 3547 1963 3585 discordiis,
1979 3547 2013 3578 ὃς
2026 3546 2107 3584 super
2119 3545 2320 3577 reformatione
2337 3543 2414 3582 pacis

1357 3589 1391 3619 &
1405 3585 1569 3618 concordiae
1583 3586 1838 3624 compromissum:

1396 3626 1483 3664 Nos,
1500 3623 1683 3656 desiderantes
1694 3633 1724 3655 ut
1739 3623 1897 3663 hujusmodi
1908 3624 2053 3663 negotium
2065 3621 2154 3653 finem
2168 3621 2335 3660 prosperum
2355 3619 2413 3649 sor-

1357 3665 1469 3702 tiretur,
1487 3665 1557 3694 inter
1569 3672 1685 3701 caetera,
1702 3673 1866 3702 perpetuam
1880 3663 1939 3693 fieri
1953 3671 2054 3700 pacem
2068 3671 2118 3699 per
2128 3660 2257 3691 nostrum
2269 3659 2414 3689 arbitrium

1357 3703 1599 3741 pronuntiavimus
1613 3702 1685 3732 inter
1700 3712 1760 3740 eas,
1778 3703 1829 3740 ὃς,
1847 3701 1881 3732 ad
1894 3699 2052 3740 hujusmodi
2065 3709 2168 3738 pacem
2179 3696 2415 3735 confirmandam,

1357 3739 1545 3772 roborandam
1559 3748 1642 3778 atque
1654 3740 1832 3779 servandam,
1849 3739 2007 3777 voluimus,
2024 3737 2195 3769 laudavimus
2215 3736 2250 3766 δε
2271 3734 2416 3767 mandavi-

1358 3790 1440 3816 muS,
1458 3788 1488 3808 ut
1501 3779 1572 3808 inter
1588 3788 1639 3808 vos
1652 3779 1778 3810 invicem
1791 3779 1872 3813 fieret
1888 3778 1991 3815 copula
2005 3775 2164 3814 conjugalis.
2204 3796 2208 3797 γ

1396 3817 1508 3847 Verum
1521 3818 1585 3855 quia
1597 3816 1794 3847 obsistentibus
1807 3816 1890 3848 vobis
1902 3814 2110 3853 impedimentis
2123 3812 2196 3842 tertii
2218 3810 2321 3848 gradsis
2342 3821 2416 3842 cori-

1357 3855 1557 3895 sanguinitatis,
1581 3864 1640 3892 quo
1658 3856 1743 3885 vobis
1762 3854 1922 3885 adinvicem
1943 3853 2081 3889 attinetis3
2105 3849 2238 3881 videlicet
2280 3858 2309 3880 te
2322 3872 2332 3888 ,
2358 3850 2416 3889 fili,

1359 3892 1425 3924 Rex
1440 3893 1567 3931 Angliae,
1583 3892 1723 3924 secundo:
1743 3902 1771 3923 te
1787 3902 1876 3930 vero,
1895 3890 1933 3921 M
1981 3888 2172 3932 areta,¹teijtio
2185 3873 2272 3927 gradu
2287 3889 2303 3918 a
2324 3888 2418 3928 stipite

1357 3930 1567 3975 differentibus:
1588 3941 1705 3963 necnon
1725 3932 1759 3964 δε
1780 3931 1870 3970 quarti
1887 3929 1990 3969 gradus
2007 3925 2162 3964 affinitati-³,
2186 3927 2234 3965 qui
2255 3926 2418 3959 adinvicem

1358 3980 1412 4002 vos
1424 3978 1524 4000 contin
1545 3978 1577 4000 it·

1396 4007 1456 4038 Pro
1477 4017 1513 4037 eo
1525 3978 1613 4045 gqu’od
1632 4007 1780 4046 quondam
1799 4006 1952 4041 Alienora,
1967 4011 2039 4033 uxor
2056 4009 2121 4040 tua,
2137 4000 2204 4033 Rex
2219 4002 2346 4042 Angliae,
2363 4001 2418 4034 tibi

1359 4044 1530 4086 Margaretae
1548 4046 1580 4078 in
1600 4054 1701 4084 quarto
1719 4043 1960 4084 consanguinitatis
1977 4039 2064 4080 gxadu
2083 4041 2154 4072 olim
2167 4064 2179 4079 ‚
2200 4039 2272 4074 dum
2290 4043 2415 4078 viveret,

2372 4086 2415 4109 at·

2417 1506 2551 1536 011.826.

2425 2269 2503 2301 Ann.
2514 2268 2560 2308 D,

2453 2308 2538 2346 1298.

2425 2352 2477 2376 An.
2494 2350 2539 2376 26·

2425 2391 2456 2416 Ξ.
2479 2396 2503 2414 1.

2431 2431 2468 2453 Ex
2482 2427 2544 2460 Au·⁴

2427 2471 2493 2501 togr.
