2570 4261
0 196 93 231 nn.D.

3 246 70 278 29¹·

0 279 38 305 iv.
54 284 78 303 1.

0 316 99 350 [1515-

2 3155 91 3192 1516,

690 108 799 151 ET
880 108 1143 154 ACTA

108 200 187 230 rans,
212 191 372 230 frequenter
392 193 465 231 apud
491 193 584 225 sedem
612 193 807 232 Apostolicatn
829 195 928 227 institit
945 196 979 227 ad
1000 195 1134 227 nonnulla
1149 219 1159 234 ,

111 239 175 268 quae
201 233 314 268 putabat
339 231 515 263 subventioni
536 232 677 270 praedietae
698 233 880 264 verisimiliter
902 244 1068 272 oportuna,
1092 234 1136 264 sed
1152 258 1162 271 ‚

111 268 176 305 post
194 269 213 288 ³*
232 270 362 300 tradimus
376 272 484 308 varios,
497 271 575 308 super
590 271 658 308 hiis,
676 270 848 302 diversorum
862 271 1036 303 Pontificum
1052 273 1163 302 Roma-

112 316 217 337 norum
232 309 421 347 temporibus,
439 309 548 339 habitos
560 333 569 347 ,
593 308 742 339 novissime
754 333 764 347 ,
788 317 931 348 tamquam
949 310 1108 341 devotionis
1130 309 1165 339 fi-

112 344 180 382 lius,
198 345 300 375 nostris
312 346 490 383 beneplacitis
502 347 656 385 vauicvit3

148 382 201 421 Et,
220 391 251 413 ut
265 383 329 421 post
348 383 497 414 Christum
517 386 603 422 (juxta
624 384 784 415 Consilium
805 385 873 424 ejus)
889 394 949 423 eat,
969 385 995 416 se
1010 386 1098 423 ipsum
1114 385 1164 416 ab-

113 429 233 460 negans,
249 431 281 451 ac
295 421 395 451 tollens
411 423 454 460 (ut
467 423 588 452 eundem
602 422 729 460 sequatur
744 423 918 460 Dominum)
939 434 1055 454 crucem
1069 425 1161 461 suam,

149 460 337 497 Terminum,
357 459 490 497 Festum,
505 460 652 498 videlicet,
670 460 832 491 Nativitatis
854 463 926 491 beati
942 462 1077 499 Johannis
1092 461 1164 499 Bap-

111 497 201 535 tistae,
220 497 297 534 quod
313 498 365 527 erit
379 507 453 527 anno
467 499 502 527 ab
517 498 710 528 Incarnatione
725 498 847 529 Domini
860 499 1007 530 millesimo
1030 501 1166 531 ducente-

114 535 186 565 simo
200 535 382 574 nonagesimo
395 537 496 574 tertio,
513 537 546 567 &
562 538 587 566 ei
601 536 635 565 ad
647 537 876 568 transfretandum
890 538 1083 576 personaliter,
1097 548 1166 568 nec-

112 583 173 603 non
195 573 229 603 &
250 574 284 603 ad
304 574 432 609 generale
450 574 602 613 passagium
617 575 808 614 crucesignatis
821 577 854 607 &
865 576 1084 615 crucesignandis
1097 586 1163 607 om-

111 612 193 641 nibus
206 610 336 641 duximus
347 612 565 651 praefigendum,
584 613 725 642 humiliter
736 615 909 652 acceptavit,
929 616 1071 653 negligens
1085 623 1162 644 nata-

110 649 144 679 lis
159 648 210 679 soli
223 648 418 688 dulcedinem,
437 651 649 688 praerermittens
662 651 755 690 Regni
775 652 814 682 sui
835 660 1026 691 terrarumque
1039 653 1161 690 divitias,-

111 687 240 725 spernens
254 687 364 718 delicias
379 689 412 718 ὃ(
425 689 542 727 gloriam
556 690 623 718 inibi
638 689 810 719 dominandi.

151 725 227 755 Haec
242 727 360 766 quippe,
375 725 445 756 Deo
456 726 580 765 auspice,
600 728 759 764 processura
773 728 906 766 feliciter,
924 728 991 758 illud
1004 729 1086 759 etiam
1101 729 1161 759 evi-

111 763 180 794 dens
194 763 303 801 superni
315 764 416 795 favoris
431 764 570 795 Indicium
584 765 702 805 suggerit
721 766 756 796 de
776 766 964 796 misericordia
985 766 1080 797 divina
1099 767 1159 804 spe-

111 801 249 840 randum,
267 802 345 840 quod
361 812 447 840 cum,
466 803 534 833 sicut
551 804 633 834 habet
648 803 726 834 missa
739 804 775 834 de
788 804 909 842 partibus
924 805 976 834 illis
988 804 1040 835 fida
1054 805 1159 843 relatio,

110 839 286 877 impiissimus
307 839 444 871 Soldanus
462 841 612 871 Babilonite
627 866 636 880 ,
663 844 711 880 qui
726 844 845 880 partium
857 842 964 872 illarum
979 842 1160 874 Christicolas

109 877 272 918 proditoriis
293 878 438 909 infestabat
457 880 556 909 insidiis
570 904 579 917 ,
605 881 638 911 &
659 882 757 919 apertis
779 891 811 911 ac
833 880 936 910 infestis
951 882 1090 912 insultibus
1105 883 1159 911 im·-

109 916 270 955 pugnabat,
293 916 414 955 satagens
435 919 499 948 totis
520 919 624 948 viribus
642 919 808 949 orthodoxae
832 918 893 948 fidei
914 919 1026 950 abolere
1039 920 1160 950 totaliter

111 955 146 986 &
157 965 265 985 nomen
279 956 312 985 ὃς
326 955 450 993 cultum,
469 956 603 994 ipsiusque
623 959 790 987 memoriam
812 957 921 994 prorsus
935 958 1027 988 delere
1039 957 1075 987 de
1088 958 1160 989 terra

131 992 260 1031 raediffi,
277 1003 381 1032 nuper,
401 995 430 1024 in
446 993 548 1024 Mense
562 995 741 1025 Novembris
756 998 856 1025 exacto
870 995 1038 1033 novissime,
1052 997 1109 1034 jam
1123 996 1158 1027 de

108 1003 269 1069 gabaona,
288 1041 357 1062 cum
374 1034 498 1063 exercitu
511 1034 544 1064 ὃ(
557 1043 685 1071 apparatu
699 1034 831 1070 terribili,
844 1033 1016 1071 processisset
1030 1034 1064 1064 ad
1079 1035 1158 1064 suum

111 1069 313 1108 nequissimum
333 1071 507 1109 propositum
527 1081 627 1102 contra
649 1072 761 1102 eosdem
781 1071 963 1102 Christicolas
978 1095 988 1110 ,
1019 1081 1049 1103 ut
1068 1073 1097 1102 in
1115 1073 1159 1103 sua

110 1108 233 1145 sperabat
245 1108 387 1147 superbia,
404 1109 677 1148 consummandum,
697 1110 806 1140 obstitit
826 1110 959 1148 perversis
980 1111 1036 1148 ejus
1050 1112 1159 1141 conati-

112 1146 164 1176 bus
178 1146 271 1177 divina
285 1149 424 1185 potentia,
443 1148 564 1187 benigne
584 1150 747 1186 permittens
769 1148 874 1186 ipsum,
892 1150 930 1177 ne
942 1148 1022 1178 suum
1037 1159 1161 1186 concep-

110 1192 173 1214 tum
200 1185 394 1222 impiissimum
416 1186 627 1224 prosequeretur
646 1186 757 1217 ulterius
771 1186 937 1225 ,miserabili
951 1187 1065 1224 quidem
1081 1211 1090 1225 ,
1114 1187 1159 1218 sed

113 1223 287 1253 meritissima
302 1224 374 1254 sorte
387 1224 496 1254 succidi.

132 1260 134 1263 ’
151 1261 210 1299 Eya
226 1271 311 1301 ergo,
330 1261 447 1292 Christo
461 1262 597 1300 militent,
617 1263 664 1300 qui
679 1262 739 1292 sunt
752 1262 872 1292 Christi:
893 1261 985 1292 Ecce!
1005 1271 1162 1294 nunctem—

112 1309 162 1339 pus
177 1300 361 1338 acceptabile:
380 1300 474 1330 Ecce!
494 1300 640 1333 nunedies
653 1300 816 1330 obtinendae
830 1301 931 1329 salutis:
951 1300 1029 1330 Ecce
1046 1300 1051 1330 l
1072 1302 1159 1339 quarn

132 1347 237 1368 atenter
250 1338 371 1369 offertur
383 1338 497 1375 superna
512 1338 671 1377 dignatione
682 1338 825 1376 provisum
836 1347 946 1378 tempus
960 1359 970 1377 ,
990 1338 1161 1376 aptissimum

111 1348 268 1407 liberationi
283 1385 363 1406 terrae
376 1377 445 1406 illius
459 1384 569 1417 optatae.
802 1414 805 1416 .

149 1414 225 1446 Non
238 1416 321 1452 igitur
336 1414 511 1450 cun&emini
523 1415 641 1453 amplius
654 1414 779 1452 praediCti
800 1413 912 1452 gloriosi
934 1414 1026 1444 vexilli
1038 1415 1162 1446 domini-

112 1455 140 1484 ci
154 1453 293 1483 carsttere
305 1454 441 1491 insigniri,
459 1463 613 1483 mercantes
628 1453 704 1483 felici
718 1453 896 1483 commercio
910 1455 1162 1492 perpetuam,post

111 1491 326 1522 defunctionem
348 1492 473 1529 corporis
487 1515 496 1529 ,
521 1493 622 1531 exiguo
636 1515 645 1529 ,
670 1493 762 1521 immo
778 1491 964 1528 perpetuitatis
976 1495 1163 1529 comparatio-

110 1540 164 1567 ne,
183 1531 230 1560 vix
246 1538 463 1568 momentaneo,
482 1529 579 1560 labore
594 1531 732 1568 quietem,
752 1529 785 1559 δε
800 1530 1006 1566 permutatione
1020 1531 1142 1562 consulta
1152 1557 1161 1570 ,

110 1577 219 1599 terrena
229 1579 283 1606 pro
298 1568 453 1599 caelestibus
466 1577 690 1608 commutanteS,
699 1567 850 1599 transitoria
865 1577 918 1609 pro
933 1567 1064 1598 mansuris
1073 1577 1162 1610 ,tem-

109 1607 213 1645 poralia
225 1618 278 1647 pro
292 1610 409 1639 aeternis.

148 1645 309 1684 Caeterum,
329 1647 394 1678 licet
407 1647 440 1677 ad
455 1648 615 1678 excitandos
628 1646 734 1678 vestros
749 1647 857 1676 animos
872 1669 882 1685 ,
905 1648 934 1677 in
954 1655 1034 1677 terrae
1049 1657 1160 1679 memo-

112 1692 181 1714 ratae
194 1685 353 1715 succursum
363 1710 372 1724 ,
389 1685 516 1716 sufficere
530 1686 629 1716 debeat
642 1685 722 1716 solers
736 1687 851 1715 attentio
873 1685 1079 1722 praemissorum
1094 1710 1103 1725 ,
1129 1696 1160 1717 ut

111 1730 207 1752 tamen
221 1723 341 1760 ejusdem
356 1733 437 1753 terrae
452 1725 598 1763 negotium
613 1735 649 1754 eo
663 1724 806 1761 libentius,
825 1733 917 1760 eoque
930 1724 1080 1754 ferventius
1094 1735 1163 1762 pro—

110 1760 187 1798 sequi
200 1760 344 1799 studeads,
364 1772 422 1800 quo
435 1764 578 1799 potiorem
591 1763 717 1792 frustum
733 1772 765 1791 ex
779 1761 875 1792 vestris
889 1762 1029 1792 laboribus
1042 1773 1094 1793 vos
1109 1773 1163 1793 no-

111 1799 205 1829 veritis
224 1807 428 1838 percepturos,
453 1810 506 1829 iios
521 1825 531 1838 ,
553 1801 589 1830 de
608 1801 811 1838 omnipotentis
828 1799 885 1829 Dei
903 1800 1110 1840 misericordia,
1128 1803 1162 1832 &

109 1836 259 1867 beatorum
280 1837 357 1868 Petri
378 1839 411 1869 &
434 1838 534 1877 Pauli,
555 1838 762 1876 Apostolorum
776 1839 847 1876 ejus,
870 1839 1035 1868 auctoritate
1048 1839 1162 1878 confisi,

108 1876 143 1906 &
157 1875 218 1913 illa,
237 1886 322 1914 quam
337 1877 437 1915 nobis,
454 1877 521 1908 licet
535 1877 670 1916 indignis,
688 1877 768 1907 Deus
791 1876 846 1917 ipse
866 1876 968 1915 ligandi
988 1886 1021 1907 ac
1035 1877 1162 1909 solvendi

107 1914 246 1951 contulit,
265 1914 416 1953 potestate,

147 1951 309 1991 Omnibus,
328 1955 375 1990 qui
390 1954 565 1991 personaliter
579 1955 698 1992 propriis
712 1953 865 1990 sumptibus
881 1954 909 1982 in
923 1953 1065 1991 praediuae
1079 1963 1160 1985 terrae

111 1989 262 2021 subsidium
278 1992 417 2029 proficisci
429 1995 603 2031 curaverint,
622 1993 733 2030 plenam
745 1992 859 2021 suorum
878 1993 1077 2028 peccaminum
1092 2017 1101 2031 ,
1126 1993 1163 2024 de

108 2029 210 2067 quibus
231 2031 366 2060 veraciter
387 2031 490 2061 fuerint
511 2031 597 2060 corde
618 2032 753 2067 contriti,
779 2030 811 2060 &
832 2039 884 2059 ore
897 2030 1033 2069 confeffi,
1051 2031 1163 2062 veniam

107 2067 299 2107 indulgemus,
315 2070 349 2099 ὃ(
363 2093 373 2107 ,
399 2070 428 2099 in
451 2070 634 2100 retributione
642 2068 800 2108 justorum,
818 2068 906 2098 salutis
919 2076 1032 2099 aeternae
1046 2069 1163 2107 pollice-

108 2115 173 2135 mur
186 2114 386 2146 augmentum:
972 2145 986 2150 ..

145 2143 193 2173 Eis
210 2153 304 2175 autem
321 2168 331 2183 ,
352 2146 422 2183 qui,
448 2145 513 2177 licet
528 2147 556 2175 in
570 2146 664 2176 alienis
682 2144 820 2182 expensiS,
839 2146 868 2174 in
883 2154 1001 2182 propriis
1016 2152 1111 2176 tamen
1127 2147 1160 2176 il-

105 2181 153 2212 luc
173 2183 295 2220 personis
313 2183 476 2214 accesserint
490 2209 500 2222 ,
526 2185 559 2215 &
580 2185 629 2214 illis
650 2184 772 2214 similiter
787 2184 851 2221 qui,
866 2184 942 2221 juxta
957 2183 1114 2220 qualitatem
1129 2186 1163 2216 &

106 2220 268 2252 facultatem
289 2222 364 2252 suam
379 2246 388 2260 ,
414 2223 489 2253 viros
510 2222 636 2260 ydoneos
651 2224 681 2252 in
693 2222 814 2259 expensis
828 2222 945 2259 propriis
960 2221 1156 2262 destinabunt,

101 2261 232 2303 quamvis
248 2260 424 2298 personaliter
436 2261 486 2299 ipsi
497 2271 557 2291 non
572 2260 692 2299 vadent,
709 2261 823 2298 plenam
843 2260 958 2290 suorum
974 2261 1160 2292 concedimus

107 2307 219 2328 veniam
232 2308 424 2336 peccatorum.

144 2335 316 2375 Hujusmodi
339 2347 455 2375 quoque
471 2336 635 2368 remissionis
655 2337 688 2367 &
703 2335 882 2375 indulgentiae
894 2335 1026 2366 volumus
1042 2338 1075 2368 &
1089 2348 1162 2369 con—

105 2374 231 2404 cedimus
253 2375 310 2406 effe
330 2377 476 2413 participes
489 2401 499 2414 ,
522 2377 598 2413 juxta
620 2376 802 2413 quantitatem
822 2374 931 2404 subsidii
951 2376 985 2405 ὃς
1003 2375 1162 2407 devotionis

106 2412 261 2452 affectum,
279 2423 327 2443 eos
342 2415 407 2452 qui,
425 2414 489 2443 licet
504 2424 564 2443 non
576 2415 653 2452 juxta
668 2413 828 2450 qualitatem
841 2412 874 2442 &
889 2413 1051 2443 facultatem
1066 2414 1141 2444 suam
1151 2439 1160 2453 ,

105 2450 228 2489 aliquem
240 2461 349 2490 tamen,
364 2452 410 2481 seu
424 2452 530 2490 aliquos
542 2453 618 2482 viros
629 2453 658 2480 in
672 2451 821 2481 subsidium
841 2450 925 2480 dictae
949 2458 1028 2481 terr-ae
1042 2454 1160 2490 propriis

105 2488 259 2526 sumptibus
273 2489 465 2528 destinabunt,
485 2489 530 2520 vel
543 2489 579 2520 de
595 2489 645 2519 suis
660 2488 859 2526 temporalibus
881 2489 962 2518 bonis
979 2491 1162 2522 contribuerit

104 2527 140 2557 ad
153 2529 259 2565 aliquos
279 2528 457 2558 destinandos
473 2538 479 2556 :
506 2527 637 2558 Necnon
659 2537 760 2557 omnes
777 2527 826 2564 qui
838 2526 871 2556 ad
888 2526 1103 2569 subventionem
1117 2530 1160 2566 ip-

104 2564 158 2595 sius
178 2566 278 2596 Terrae
299 2566 334 2596 de
349 2566 431 2596 bonis
447 2564 547 2596 eisdem
560 2566 649 2604 aliqua
663 2565 874 2602 ministrabunt,
893 2574 976 2602 prout
993 2567 1103 2605 singulis
1117 2568 1162 2597 di-

100 2603 168 2634 vinfi
183 2604 264 2635 fuerit
279 2605 455 2642 inspiratione
469 2604 645 2643 suggestum,
660 2612 708 2634 aut
721 2604 784 2634 alias
798 2603 832 2632 ad
862 2604 1075 2641 promotionem
1088 2615 1161 2642 prae-

105 2641 187 2672 sentis
201 2644 305 2682 negotii
320 2643 468 2674 consilium
483 2643 516 2673 &
529 2643 662 2673 auxilium
677 2642 868 2684 impenderint<
877 2650 1061 2682 oportunum.

141 2680 234 2711 Porro
249 2706 258 2719 ,
285 2682 304 2711 fi
326 2681 400 2711 forte
419 2682 525 2719 aliquos
546 2691 645 2711 eorum
659 2705 669 2718 ,
688 2681 737 2719 qui
752 2690 838 2710 cruce
852 2680 974 2717 suscepta
986 2681 1015 2710 in
1026 2682 1084 2719 jam
1099 2681 1161 2712 dic-

103 2725 166 2748 tum
181 2728 262 2750 terrae
279 2719 391 2750 Saiicstae
411 2719 562 2750 subsidium
577 2718 772 2758 proficiscendi
786 2718 912 2748 laborem
925 2719 1073 2757 subierint,
1093 2720 1157 2758 post

103 2766 247 2795 arreptum
260 2759 311 2789 iter
326 2758 498 2796 hujusmodi,
516 2767 550 2787 ex
564 2758 616 2787 hac
632 2757 695 2788 luce
709 2758 830 2795 migrare
843 2758 992 2796 contigerit
1006 2782 1015 2796 ,
1031 2759 1102 2795 ipsos
1116 2760 1159 2789 rii-

102 2795 274 2826 chilominus
288 2796 371 2835 plene
384 2798 527 2835 percipere
541 2796 674 2826 volumus
688 2795 887 2834 indulgentiam
902 2796 1082 2834 praelibatam.

144 2834 277 2865 Personas
293 2835 560 2874 quoque,familias,
579 2836 611 2865 &
624 2835 700 2864 bona
713 2844 830 2872 eorum,
849 2844 919 2871 quos
931 2834 965 2864 ad
980 2835 1157 2866 transfretan-

102 2871 174 2902 dum
194 2874 371 2911 personaliter
417 2874 461 2904 vel
478 2875 554 2912 juxta
574 2873 733 2904 facultatem
754 2873 787 2903 &
808 2873 967 2910 qualitatem
989 2873 1066 2904 suam
1079 2875 1155 2906 viros

103 2910 229 2949 ydoneos
247 2898 443 2942 destinandum
464 2921 567 2942 votum
587 2911 733 2949 affumptae
750 2911 807 2949 jam
829 2912 919 2941 crucis
938 2910 1063 2951 astringit
1079 2937 1088 2950 ,
1107 2922 1156 2943 ex-

104 2958 198 2979 nunc:
255 2960 305 2980 uos
326 2952 398 2980 vero
418 2950 596 2989 suscipiendae
616 2951 708 2980 crucis
726 2949 762 2979 de
785 2956 890 2979 caetero
905 2958 1007 2980 votum
1021 2950 1156 2982 oblioabit

102 2987 138 3016 ad
153 2988 247 3025 idem,
263 2989 279 3018 a
299 2987 360 3025 die,
379 2988 434 3026 qua
453 2988 542 3019 taliter
564 2998 680 3018 crucem
699 2987 890 3025 assumpserint
904 3012 913 3025 ,
932 2988 981 3018 sub
997 2988 1070 3019 beati
1107 2991 1157 3020 etri

102 3025 137 3055 ὃ(
152 3025 248 3055 nostra
259 3027 439 3064 protectione
451 3026 627 3064 suscipimus,
645 3026 793 3058 statuentes
815 3035 846 3057 ut
865 3026 915 3057 sub
930 3025 1157 3059 Diocesanorum

103 3063 218 3093 suorum
231 3063 393 3094 defensione
409 3063 566 3094 consistant.

141 3101 233 3140 Qiod
246 3102 265 3132 si
279 3103 363 3141 aliqui
378 3113 426 3133 eos
442 3102 567 3132 indebite
587 3104 734 3134 molestare
756 3104 976 3143 praesumpserint
991 3129 1000 3144 ,
1018 3115 1069 3143 per
1081 3104 1157 3136 Dio-

102 3140 215 3171 cesanos
239 3140 372 3171 locorum
427 3142 455 3170 in
479 3142 580 3179 quibus
598 3141 684 3172 iidem
702 3143 896 3174 molestatores
920 3144 938 3163 *²
958 3143 1082 3181 fuerint,
1108 3154 1158 3184 per

101 3179 247 3209 censuram
262 3164 493 3217 ecclesiasticam,
512 3179 696 3217 appellatione
707 3181 858 3220 postposita
871 3182 1092 3219 compescantur.

137 3216 293 3255 Praeterea,
309 3218 386 3256 ipsis,
405 3220 453 3256 qui
468 3217 605 3255 praedic‘to
619 3218 709 3248 modo
730 3230 845 3250 crucem
867 3220 912 3251 vel
930 3221 990 3258 jam
1005 3220 1156 3258 assumpse-

105 3265 188 3292 runt,
202 3255 248 3285 vel
264 3255 403 3287 affurnent
416 3258 444 3286 in
460 3256 619 3293 posterum,
637 3256 811 3296 indulgemus
825 3283 834 3296 ,
859 3268 890 3289 ut
909 3269 958 3296 per
973 3259 1050 3289 Sedis
1065 3259 1158 3297 Apos-

103 3293 199 3324 tolicae
217 3293 318 3324 litteras
333 3319 342 3331 ,
368 3295 413 3325 vel
436 3295 593 3333 legatorum
606 3294 663 3331 ejus
679 3295 740 3332 (nisi
752 3296 825 3326 forte
839 3297 909 3335 illae,
929 3307 993 3335 quae
1005 3298 1040 3327 ab
1054 3297 1155 3327 eidem

103 3331 165 3363 sede
186 3331 312 3362 obtentae
333 3333 436 3363 fuerint
448 3356 458 3370 ,
477 3333 588 3370 plenam
602 3330 638 3362 de
651 3332 758 3364 indulto
770 3334 928 3372 hujusmodi
942 3335 1058 3366 fecerint
1074 3346 1155 3365 men-

104 3370 226 3405 tionem)
247 3378 323 3400 extra
336 3371 393 3401 suas
406 3369 543 3401 Dioceses
557 3380 617 3399 non
630 3370 737 3401 valeant
747 3374 912 3411 conveniri,
931 3373 1093 3404 dummodo
1108 3384 1155 3411 pa-

104 3410 154 3439 rati
172 3407 288 3439 existant
308 3418 407 3439 coram
427 3408 478 3438 suis
491 3408 646 3438 Ordinariis
665 3408 700 3438 de
715 3409 741 3438 se
755 3411 958 3447 querelantibus
972 3412 1153 3450 respondere:

102 3448 188 3486 Qios
203 3457 251 3484 per
265 3447 378 3478 eosdem
390 3446 556 3477 Ordinarios
570 3446 752 3477 ecclesiastica
771 3449 886 3479 censura
897 3449 1010 3480 defendi
1023 3475 1031 3489 ,
1048 3450 1154 3481 cessan-

100 3494 129 3516 te
148 3485 336 3523 appellationis
354 3484 503 3515 obstaculo
516 3508 526 3522 ,
552 3485 683 3515 volumus
697 3485 733 3515 ab
751 3485 819 3524 hiis,
839 3488 887 3524 qui
903 3488 1034 3527 eosdem,
1052 3498 1150 3519 contra

99 3523 241 3554 indultum
254 3523 426 3562 hujusmodi,
445 3522 664 3561 praesumpserint
676 3531 783 3554 temere
797 3525 952 3556 molestare.

140 3562 219 3600 Siqui
238 3572 307 3593 vero
327 3561 451 3599 ipsorum
470 3561 504 3591 ad
528 3560 695 3599 praestandas
714 3561 822 3601 usuras,
836 3563 996 3601 juramento
1008 3573 1156 3595 teneantur

100 3600 206 3631 astrieti
220 3624 230 3638 ,
256 3600 419 3631 Creditores
438 3609 540 3631 eorum
554 3624 563 3638 ,
586 3609 637 3637 per
655 3599 831 3631 Diocesanos
852 3601 932 3641 suos,
948 3603 1061 3633 censura
1075 3604 1155 3633 simili

100 3639 307 3680 compellantur
321 3663 331 3676 ,
355 3648 387 3670 ut
399 3663 409 3677 ,
429 3639 622 3677 juramentum
641 3637 800 3676 hujusmodi
813 3641 921 3677 penitus
934 3642 1099 3679 relaxantes,
1115 3642 1151 3671 ab

102 3677 244 3708 usurarum
259 3678 371 3708 ulterius
385 3678 531 3708 exactione
543 3675 681 3706 desistant.

138 3714 168 3745 Si
188 3725 281 3747 autem
301 3716 384 3754 aliqui
400 3714 575 3746 creditorum
592 3724 640 3745 eos
654 3722 758 3757 extunc
771 3714 806 3744 ad
819 3716 988 3747 solutionem
1005 3719 1151 3757 coegerint

100 3752 257 3793 usurarum,
275 3755 346 3792 ipsos
360 3754 394 3784 ad
408 3753 612 3784 restitutionem
626 3753 742 3790 ipsarum
760 3777 770 3790 ,
787 3763 836 3790 per
851 3755 964 3785 eosdem
979 3756 1154 3787 Diocesanos

101 3790 182 3821 fimili
192 3793 325 3823 volumus
338 3792 511 3822 distriffione
522 3790 666 3830 compelli.

132 3828 247 3866 Judaeos
269 3841 384 3869 quoque
405 3831 439 3860 ad
460 3829 638 3861 remittendas
658 3829 720 3866 ipsis
737 3827 825 3858 usuras
839 3839 888 3866 per
900 3829 1056 3862 'secularem
1071 3843 1155 3864 com-

100 3867 167 3905 pelli
177 3869 354 3906 praecipimus
364 3869 550 3909 potestatem,
570 3869 603 3898 ὃς
617 3866 712 3897 donec
726 3877 769 3896 eas
785 3867 952 3907 remiserint,
969 3870 1005 3899 ab
1018 3873 1154 3902 omnibus

100 3905 208 3936 Christi
228 3905 352 3938 fidelibus
367 3932 376 3946 ,
401 3908 500 3946 quibus
521 3907 578 3937 hoc
599 3915 648 3943 per
668 3906 732 3935 suos
753 3905 930 3936 Diocesanos
950 3906 1154 3940 denunciatum

95 3944 234 3980 extiterit,
248 3952 306 3974 tam
325 3946 355 3975 in
374 3946 567 3977 mercimoniis
581 3969 591 3983 ,
614 3944 700 3982 quam
724 3945 753 3973 in
765 3943 839 3981 aliis,
856 3943 908 3973 sub
921 3949 1155 3979 excommunica-

93 3982 179 4051 tion3ilsg
193 3981 440 4051 poepaffijiilbgmus
454 3986 493 4016 eis
508 3983 749 4017 communionem
765 3982 965 4015 omnimodam
977 3984 1118 4026 denegari.

173 4029 222 4051 om.
254 4042 260 4048 .
306 4043 313 4051 .
348 4024 365 4051 Ι
384 4044 390 4051 .

1223 101 1694 158 PUBLI‘CA.
2207 125 2252 177 83

1225 193 1392 240 *Postremo
1406 220 1416 236 ‚
1439 200 1632 245 crucesignatis
1654 203 1689 234 &
1705 203 1926 241 crucesignandis
1938 204 2040 235 eisdem
2054 205 2181 236 volentes
2195 208 2253 246 ple-

1203 241 1264 261 nius
1285 234 1451 274 prov1dere,
1469 237 1631 269 Diocesanis
1649 241 1772 278 ipsorum
1789 266 1798 280 ‚
1823 253 1856 273 ac
1871 244 2010 274 nonnullis
2024 244 2079 274 aliis
2094 244 2252 275 absolvendi

1206 279 1255 299 eos
1275 271 1311 299 ab
1331 277 1630 317 excommunicationis
1652 279 1789 310 sententiis
1801 304 1810 318 ,
1830 282 1858 310 in
1872 283 1951 311 variis
1964 282 2083 320 casibus,
2102 282 2139 312 de
2152 285 2252 320 quibus

1206 307 1440 353 secundumrjuris
1460 314 1493 343 &
1513 313 1579 357 facti
1597 316 1761 359 exigentiam
1782 320 1940 355 putavimus
1961 320 2091 358 expedire
2105 345 2114 358 ,
2138 330 2252 351 necnon

1205 344 1453 392 dispensa-indicum
1470 350 1593 394 clerieis,
1612 363 1675 391 qui,
1695 364 1761 385 cum
1773 356 1789 385 a
1800 366 1909 387 canone
1921 358 1965 389 vel
1985 360 2020 388 ab
2040 359 2158 388 homine
2169 359 2251 389 latam

1204 383 1367 414 sententiam
1380 388 1572 426 incurrissent,
1592 391 1792 430 irregularitatis
1806 403 1902 425 notam
1917 418 1927 434 2
1944 396 2128 427 immiscendo
2142 397 2168 427 se
2180 397 2252 428 divi-

1206 423 1248 451 nis
1261 421 1362 453 officiis
1368 446 1378 461 ,
1392 433 1611 467 contraxerunt,
1629 439 1678 466 per
1689 430 1751 461 alias
1767 432 1872 463 nostras
1891 434 1992 464 litteras
2009 434 2121 472 plenam
2135 436 2168 466 ὅ(
2182 435 2252 465 libe-

1206 469 1266 489 ram
1278 462 1462 493 concedimus
1478 464 1646 496 facultatem.

1243 534 1310 579 Dat.
1328 537 1400 574 apud
1416 538 1534 570 Urbem
1550 541 1693 573 Veterem.
1714 552 1757 582 15.
1777 545 1916 577 Kalendas
1934 547 2053 587 Aprilis,
2068 549 2254 581 Poiitificatfis

1208 573 1296 604 nostri
1309 584 1383 606 anno
1398 587 1506 615 quarto.

1917 660 2006 698 sigillo
2020 662 2123 702 avulfir.

1235 776 1323 807 Bulla
1339 776 1375 809 de
1395 780 1519 811 Centum
1539 780 1670 815 Milibus
1685 788 1873 819 Marcarum
1883 787 1974 833 fhper
1988 785 2104 820 decima
2121 787 2223 820 levata

1593 833 1668 878 Regi
1680 832 1864 880 afflgnandis.

1205 907 1280 968 N
1290 909 1398 955 Icolaus
1410 910 1578 952 Episcopus,
1597 915 1689 962 servus
1707 917 1850 962 servorum
1866 919 1938 964 Dei,
1958 907 2099 950 carissimo
2114 922 2142 951 in
2157 908 2253 951 Chris-

1205 949 1588 1019 licamtgegiel‘iipdgggggdm
1607 953 1683 994 Regi
1699 956 1807 995 Angliae
1821 957 1932 995 illustri,
1950 958 2061 989 salutem
2079 960 2113 990 &
2128 959 2253 997 Aposto-

1240 1022 1316 1053 Inter
1329 1034 1445 1069 caetera,
1463 1027 1499 1057 de
1514 1029 1614 1065 quibus
1625 1029 1789 1062 Celfitudini
1800 1033 1899 1071 Regiae
1912 1033 1945 1062 ad
1959 1034 2184 1071 prosecutionem
2198 1037 2253 1066 uti-

1205 1059 1262 1090 lem
1282 1072 1305 1106 n·
1336 1071 1387 1107 otii
1408 1064 1509 1095 Terrae
1530 1066 1640 1098 Sanctae
1653 1092 1662 1106 ‚
1685 1070 1763 1107 quod
1785 1079 1917 1108 tanquam
1939 1071 2072 1109 Princeps
2087 1073 2252 1104 Catholicus

1204 1097 1297 1141 suscep
1334 1111 1342 1130 1
1356 1101 1530 1139 personaliter
1543 1106 1623 1141 prose
1644 1107 1782 1146 nendum,
1799 1109 2013 1138 deliberavimus
2027 1110 2187 1149 subvenire,
2205 1112 2254 1142 de-

1205 1146 1310 1167 cimam
1337 1141 1469 1171 omnium
1497 1141 1621 1174 Ecclesia
1648 1146 1761 1176 icorum
1781 1147 1961 1183 reddituum,
1987 1148 2020 1178 &
2040 1158 2252 1187 proventuum,

1206 1175 1357 1207 collectam
1372 1189 1421 1216 per
1434 1180 1478 1210 sex
1491 1190 1594 1220 annos,
1609 1183 1686 1220 juxta
1705 1184 1912 1215 ordinationem
1934 1184 2061 1215 Concilii
2080 1186 2254 1225 Lugdunen-

1631 1221 1741 1258 Regnis
1752 1247 1761 1260 ,
1784 1224 1817 1254 ὃς
1832 1223 1944 1253 Walliae
1965 1233 1999 1253 ac
2012 1223 2146 1255 Yberniae
2160 1227 2253 1263 terris,

1206 1212 1255 1251 sis,
1272 1214 1301 1244 in
1323 1215 1434 1254 Angliae
1453 1228 1487 1249 ac
1507 1218 1612 1250 Scotiae

1206 1260 1259 1287 pro
1271 1252 1392 1285 subsidio
1406 1264 1489 1299 terrae
1502 1258 1639 1297 praefatae,
1658 1260 1708 1290 tibi
1721 1260 1850 1291 duximus
1864 1261 2088 1292 concedendam.

1226 1327 1233 1332 ι
1244 1288 1386 1337 Cumque
1394 1294 1444 1324 tibi
1455 1305 1519 1325 eam
1530 1295 1717 1336 assignandam
1736 1301 1766 1328 in
1779 1299 1890 1330 duobus
1904 1300 2044 1338 terminis,
2059 1299 2235 1331 medietatem
2244 1323 2254 1340 ,

1206 1331 1366 1374 Vi-z3ipfius
1379 1342 1408 1361 in
1422 1332 1513 1376 ‘Festo
1530 1333 1565 1363 N
1567 1336 1693 1367 ativitatis
1713 1337 1785 1368 beati
1796 1337 1932 1375 Johannis
1946 1336 2091 1376 Baptiitae,
2109 1341 2174 1369 anni
2187 1339 2254 1370 Do-

1206 1375 1276 1408 mini
1290 1369 1427 1413 millesimi
1438 1371 1621 1403 ducentesimi
1633 1376 1803 1413 nonagesimi
1820 1376 1918 1413 primi,
1937 1374 2088 1414 Reliquam
2109 1388 2179 1408 vero
2192 1387 2254 1409 me-

1207 1403 1339 1436 dietatem
1355 1418 1383 1437 in
1395 1409 1497 1440 eodem
1512 1411 1614 1450 Festo,
1632 1423 1707 1443 anno
1721 1414 1851 1445 revoluto
1864 1415 1892 1444 in
1906 1413 2019 1444 Orbem
2033 1417 2160 1452 proxime
2174 1417 2254 1448 secu-

1207 1449 1295 1488 turo,
1313 1444 1408 1491 nostra
1426 1448 1460 1478 &
1479 1448 1606 1480 Fratrum
1624 1451 1789 1482 nostrorum
1807 1452 1969 1483 deliberatio
1986 1453 2152 1485 decrevisset
2172 1456 2255 1493 (sicut

1208 1490 1237 1510 in
1248 1482 1304 1513 aliis
1318 1484 1418 1528 nostris
1438 1486 1534 1518 litteris
1546 1512 1555 1526 ,
1579 1498 1643 1526 quae
1658 1489 1880 1528 Magnificentiae
1899 1491 1928 1520 R
1965 1492 2000 1521 iae
2017 1491 2187 1532 diriguntur,
2205 1502 2254 1531 ap-

1207 1521 1410 1587 {areo-dne&
1431 1524 1479 1555 filii
1501 1525 1553 1557 Ma
1573 1527 1639 1558 ister
1654 1527 1835 1560 Guillielmus
1855 1529 1891 1559 de
1949 1529 2099 1569 onteforti,
2118 1531 2253 1563 Decanus

1234 1559 1343 1592 cclesiae
1357 1562 1453 1593 Samniti
1465 1564 1543 1595 Pauli
1586 1566 1779 1605 ondoniensis,
1797 1578 1876 1599 nunc
1890 1567 2055 1606 Capellanus
2075 1569 2170 1600 noster
2182 1595 2192 1609 ,
2218 1572 2252 1602 ὃς

1207 1596 1231 1626 F
1232 1600 1476 1643 ratres-Robertus
1489 1602 1526 1634 de
1546 1604 1643 1635 Novo
1663 1605 1798 1636 Mercato
1812 1605 2051 1645 Praedicatorum,
2066 1617 2100 1638 ac
2109 1608 2254 1646 Johannes

1206 1635 1241 1665 de
1260 1636 1434 1682 Belffingham
1457 1641 1610 1672 Minorum
1632 1643 1758 1674 Fratrum
1779 1644 1912 1675 ordinum
1926 1669 1936 1682 ,
1954 1645 2066 1684 Regalis
2081 1647 2254 1678 excellentiae

1207 1674 1329 1717 Nuntii,
1344 1687 1377 1707 ex
1392 1687 1469 1722 parte
1481 1680 1544 1718 tufi,
1562 1691 1631 1712 cum
1642 1681 1768 1713 instantia
1780 1684 1934 1722 petierunt,
1948 1684 1998 1714 tibi
2011 1683 2151 1714 decimam
2167 1687 2253 1723 ipsam

1205 1722 1232 1742 in
1248 1723 1307 1758 uno
1319 1724 1458 1756 termino,
1473 1718 1578 1750 scilicet
1592 1722 1621 1750 in
1634 1720 1712 1751 dieto
1731 1721 1803 1751 festo
1816 1723 1881 1751 anni
1891 1723 2062 1762 nonagesimi
2083 1724 2165 1760 primi
2182 1747 2192 1762 ,
2207 1732 2254 1754 to-

1206 1759 1264 1797 tam
1278 1756 1403 1801 integre,
1424 1755 1469 1786 vel
1482 1757 1576 1787 saltem
1591 1757 1768 1789 medietatem
1781 1759 1861 1797 ipsius
1873 1759 2007 1799 decimae,
2027 1769 2061 1790 ex
2073 1760 2123 1791 hiis
2137 1771 2200 1800 quae
2216 1763 2254 1794 de

1206 1799 1265 1827 ipsa
1278 1791 1402 1830 deposita
1414 1795 1537 1834 fuerant,
1557 1805 1631 1827 extra
1645 1796 1783 1834 Regnum
1796 1797 1906 1837 Angliae
1919 1798 2054 1835 assignari.

1226 1868 1230 1872 ι
1244 1828 1313 1860 Nos
1325 1841 1396 1861 vero
1410 1833 1553 1870 praedidtae
1565 1835 1836 1874 petitioni,nomine
1850 1844 1901 1867 tuo
1916 1837 1999 1867 nobis
2012 1837 2144 1868 exhibitae
2153 1861 2162 1876 ,
2170 1847 2255 1877 prout

1207 1867 1298 1897 eidem
1313 1872 1430 1913 negotio
1442 1873 1571 1909 expedire
1591 1875 1749 1911 putavimus
1764 1899 1773 1912 ,
1798 1874 1987 1905 favorabiliter
2001 1884 2168 1915 annuentes,
2187 1887 2255 1908 cena

1206 1913 1269 1950 tum
1290 1908 1364 1938 milia
1387 1909 1570 1941 Marcharum
1589 1912 1794 1951 Sterlingorum
1808 1935 1818 1950 ‚
1835 1913 1871 1944 de
1884 1914 1937 1944 hiis
1951 1924 2014 1952 quae
2025 1915 2134 1945 fuerant
2150 1925 2184 1945 ex
2197 1916 2257 1953 ipsa

1205 1943 1320 1976 deeima
1333 1970 1342 1984 ,
1368 1955 1442 1978 extra
1462 1950 1608 1986 praefatum
1635 1951 1746 1990 Angliae
1768 1951 1902 1989 Regnum
1926 1951 2049 1989 deposita
2063 1977 2072 1990 ,
2098 1954 2129 1982 in
2151 1954 2255 1985 eodem

1207 1981 1370 2027 Festo-anni
1385 1987 1555 2024 nonagesimi
1572 1989 1671 2028 primi,
1690 1999 1738 2026 per
1751 1990 1867 2020 dilectos
1882 1990 1967 2020 Filios
1990 1991 2117 2021 Labrum
2139 1991 2256 2030 Vulpcl-

1206 2020 1242 2058 li,
1261 2020 1435 2067 Riccardum
1453 2025 1637 2068 Cmdicionis
1651 2050 1660 2065 ,
1677 2027 1880 2059 Riccardinum
1894 2028 2029 2067 Gottoli,
2056 2031 2089 2060 &
2103 2029 2256 2061 Thomasi-

1206 2059 1490 2105 numnGuidicionis,
1507 2074 1539 2094 ac
1552 2064 1654 2095 Socios
1667 2075 1767 2096 eorum
1780 2065 1816 2097 de
1830 2067 1972 2097 Societate
1991 2067 2198 2098 Riccardorum
2219 2069 2256 2099 de

1207 2096 1307 2137 Luca,
1327 2099 1502 2132 Mercatores
1524 2102 1654 2133 Camerae
1674 2104 1776 2135 nostrae
1790 2128 1800 2143 ,
1826 2105 2046 2144 Magnificentiae
2066 2115 2121 2136 tuae
2136 2130 2145 2144 ,
2163 2107 2198 2137 de
2213 2108 2256 2145 ip-

1204 2135 1300 2180 sorum
1315 2137 1443 2208 Fratrusrciii
1457 2141 1573 2171 consilio
1587 2142 1762 2180 providimus
1774 2142 1931 2182 assignanda
1936 2166 1947 2183 ,
1965 2144 1998 2174 &
2013 2143 2137 2183 assignari
2151 2155 2258 2183 praece-

1227 2184 1298 2205 imus
1329 2186 1357 2206 er
1371 2187 1406 2208 eo
1437 2189 1492 2210 em.

1206 2183 1225 2257 I?
1244 2213 1262 2232 ³1²
1284 2185 1360 2253 (ἐπα
1374 2219 1446 2247 vero
1462 2228 1513 2248 nos
1528 2219 1561 2250 &
1575 2219 1660 2250 iidem
1676 2219 1781 2250 Fratres
1794 2221 1893 2252 incerti
1907 2221 2016 2259 sumuS,
2034 2231 2088 2252 nec
2100 2222 2191 2253 adhuc
2206 2233 2256 2261 per

1204 2251 1305 2282 litteras
1324 2262 1370 2284 aut
1392 2255 1528 2287 Nuncios
1547 2259 1692 2289 certificari
1711 2260 1855 2296 potuimus
1869 2284 1878 2297 ,
1903 2261 1998 2290 utrum
2029 2260 2104 2290 dista
2123 2261 2256 2293 medietas

1204 2291 1347 2336 praefatam
1363 2302 1480 2325 centum
1494 2295 1604 2327 milium
1621 2297 1804 2328 Marcharum
1818 2299 1998 2336 quantitatem
2014 2299 2129 2329 excedat
2143 2324 2153 2337 ,
2170 2300 2258 2332 dilec-

1203 2336 1236 2358 tis
1253 2328 1315 2359 filiis
1329 2331 1366 2361 M
1402 2332 1471 2363 istris
1484 2334 1651 2365 Guillielmo
1662 2335 1697 2365 de
1711 2335 1901 2373 Monteforti‚
1920 2336 2074 2374 Capeliano
2084 2337 2181 2368 nostro
2196 2339 2259 2369 De-

1206 2370 1348 2412 cano„&
1399 2371 1521 2409 adulpho
1542 2373 1578 2403 de
1597 2373 1708 2403 Baudak
1722 2397 1731 2411 ,
1758 2373 1971 2404 Archidiacono
1993 2374 2184 2406 Middelsexiae
2201 2402 2209 2415 ,
2228 2379 2258 2408 in

1204 2404 1328 2437 Ecclesia
1343 2407 1437 2439 Saneti
1451 2409 1529 2441 Pauli
1546 2411 1737 2442 Londoniens.
1756 2412 1790 2442 &
1805 2411 1946 2442 Gaufri'do
1958 2412 1994 2442 de
2008 2412 2135 2451 Vesano,
2153 2414 2259 2445 Carne-

1206 2445 1361 2490 raeAnostrae
1376 2446 1510 2487 Clerico,
1529 2448 1681 2480 Canonico
1694 2449 1878 2480 Cameracen.
1898 2460 1946 2487 per
1962 2451 2023 2480 alias
2045 2452 2095 2482 sub
2109 2453 2187 2483 certa
2202 2454 2259 2484 for-

1206 2491 1255 2525 ma
1268 2483 1369 2514 litteras
1384 2486 1492 2517 nostras
1506 2488 1692 2528 injungimus,
1711 2496 1757 2527 ut,
1777 2488 1796 2518 fi
1811 2488 1945 2526 praedidta
1958 2489 2065 2519 summa
2078 2499 2193 2520 centum
2204 2493 2259 2522 mi-

1203 2519 1274 2564 lium
1290 2521 1475 2555 Marcharum
1489 2525 1523 2556 ad
1537 2528 1718 2564 quantitatem
1734 2527 1855 2564 praefatae
1869 2526 2024 2558 medietatis
2045 2529 2125 2567 ipsius
2138 2529 2258 2561 decimae

1203 2558 1316 2603 forsitan
1337 2571 1397 2591 non
1417 2565 1553 2603 attingat,
1589 2573 1852 2603 quantumcumque
1871 2565 1955 2605 ipsam
1976 2566 2116 2597 summam
2138 2569 2257 2599 inveniri

1204 2605 1349 2639 continget
1364 2599 1440 2631 dista
1455 2603 1602 2633 medietate
1616 2605 1758 2633 minorem
1769 2627 1778 2640 ,
1798 2611 1892 2634 totum
1913 2603 1981 2642 ipsi,
1999 2604 2045 2636 vel
2060 2604 2119 2635 duo
2134 2616 2233 2638 eorum
2244 2633 2254 2646 ,

1204 2638 1223 2680 si
1246 2638 1358 2682 tertium
1376 2640 1498 2679 legitime
1521 2641 1648 2678 impediri
1665 2642 1817 2680 contigerit
1830 2666 1840 2679 ,
1865 2641 2007 2679 suppleant
2026 2652 2060 2672 ex
2075 2643 2126 2673 hiis
2142 2655 2204 2683 quae
2218 2647 2256 2676 de

1206 2684 1266 2711 ipsa
1278 2676 1391 2710 decimi
1413 2679 1601 2710 remanserunt
1613 2681 1643 2709 iri
1660 2680 1762 2718 Anglia
1776 2679 1983 2719 conservanda3
1998 2681 2106 2720 eisque,
2123 2683 2169 2713 seu
2184 2683 2258 2714 duo-

1205 2713 1272 2757 buS,
1289 2717 1373 2746 tertio
1394 2716 1516 2755 legitime
1537 2718 1676 2756 impedito
1690 2742 1699 2757 ,
1723 2718 1850 2757 exigendi
1866 2718 1881 2748 a
1895 2719 2080 2758 quibussibet,
2098 2721 2171 2758 apud
2186 2733 2259 2760 quos

1204 2755 1383 2785 invenientur
1397 2755 1531 2791 praedieta
1544 2757 1572 2786 in
1587 2756 1692 2794 Anglia
1705 2758 1882 2794 conservata,
1901 2767 2038 2795 quantum
2058 2759 2094 2789 ad
2106 2760 2258 2798 suppletio-

1203 2800 1270 2821 nem
1291 2793 1448 2831 hujustnodi
1466 2795 1551 2825 fuerit
1571 2804 1767 2833 opportunum
1785 2806 1790 2825 :
1819 2794 2051 2826 Contradidtores
2074 2808 2190 2836 quoque
2206 2809 2256 2836 per

1202 2831 1349 2861 censuram
1371 2831 1596 2863 Ecclesiasticam
1610 2858 1620 2871 ,
1645 2833 1830 2871 appellatione
1851 2833 2021 2872 postposita,
2041 2837 2255 2876 compellendi3

1200 2878 1235 2899 ac
1255 2869 1363 2907 insuper
1383 2871 1502 2902 faciendi
1521 2871 1707 2902 sufficientem
1723 2873 1910 2910 quitationem
1925 2871 1960 2902 de
1974 2872 2026 2902 hiis
2063 2883 2127 2911 quae
2140 2885 2254 2913 recepe-

1200 2908 1256 2938 rint
1269 2909 1304 2938 ab
1318 2908 1438 2947 eisdem,
1454 2911 1565 2947 plenam
1580 2911 1613 2940 &
1628 2911 1744 2940 liberam
1758 2911 1944 2941 concedimus
1961 2897 2135 2948 potestatem.

1239 2946 1298 2976 Pro
1314 2946 1462 2978 medietate
1475 2956 1569 2979 autem
1581 2948 1631 2978 alia
1646 2949 1727 2988 ipsius
1738 2948 1876 2987 decimae,
1894 2948 2032 2979 residuum
2042 2972 2051 2988 ,
2066 2951 2144 2988 quod
2160 2958 2194 2981 ex
2208 2951 2252 2990 ip-

1200 2984 1226 3014 sa
1239 2985 1397 3016 invenietur
1418 2985 1475 3016 esse
1496 2994 1660 3026 perceptum
1674 3011 1684 3025 ,
1703 2994 1926 3025 quantaecunque
1940 2987 2020 3017 fuerit
2037 2990 2194 3026 quantitatis
2208 2990 2249 3020 se—

1201 3024 1308 3054 renitati
1329 3023 1430 3064 Regiae
1449 3024 1626 3061 assignabitur
1641 3049 1650 3062 ,
1674 3027 1703 3054 in
1721 3025 1799 3055 disto
1823 3025 1906 3055 Festo
1928 3025 2001 3055 beati
2016 3025 2170 3064 Johannis,
2185 3030 2253 3058 anni

1201 3062 1373 3130 nonagesimi
1396 3063 1531 3101 secundi,
1557 3064 1680 3094 termino
1699 3063 1734 3093 ad
1755 3064 1813 3094 hoc
1826 3086 1836 3102 ‚
1867 3071 1898 3094 ut
1918 3063 2039 3102 superius
2057 3066 2228 3103 exprimetur
2241 3091 2251 3104 ,

1201 3109 1259 3137 prae
1285 3108 1365 3131 ituto.

1236 3176 1304 3207 Dat.
1322 3177 1395 3215 apud
1416 3178 1533 3209 Urbem
1551 3186 1677 3209 veterem
1699 3187 1743 3218 15.
1762 3178 1902 3210 Kalendas
1924 3179 2026 3217 Aprilis
2040 3205 2050 3218 ,
2069 3180 2256 3212 pontificatis*

1201 3215 1290 3246 nostri
1303 3226 1379 3247 anno
1395 3226 1502 3256 quarto.

1898 3334 1902 3338 η
1936 3295 2028 3332 sigillo
2043 3294 2146 3334 avttlss).

1198 3421 1320 3452 Decano
1338 3419 1440 3451 Sanni
1456 3418 1543 3450 Pauli
1560 3416 1780 3463 Archidiqcono
1796 3417 2003 3462 Aiiddlefiwiae
2016 3443 2025 3458 ,
2049 3420 2085 3454 ῥ’
2099 3415 2253 3461 lllagistro

1245 3466 1397 3510 Gaufrido
1422 3466 1458 3499 de
1481 3465 1590 3509 Vefimo
1611 3492 1620 3507 ‚
1655 3464 1698 3497 ad
1709 3465 1904 3510 fhpplendam
1929 3464 2119 3498 medictatem
2137 3463 2252 3496 decima:

1235 3515 1402 3560 fi’cundnm
1418 3525 1544 3547 tenorem
1559 3514 1686 3559 praefatae
1706 3513 1803 3546 Bulla.

1285 3599 1394 3630 lcolaus
1414 3599 1569 3637 Episcopus
1611 3597 1704 3628 servus
1717 3598 1861 3628 servorum
1875 3597 1950 3634 Dei,
1968 3597 2076 3627 dileCris
2092 3595 2167 3626 Filiis
2184 3595 2250 3627 Ma-

1291 3639 1381 3677 gistris
1396 3637 1557 3667 Willielmo
1570 3620 1607 3666 d’e
1620 3635 1790 3667 Monteforti
1804 3636 1911 3673 Capell.
1929 3635 2027 3678 nostro
2044 3634 2167 3678 Decano
2181 3659 2190 3672 ,
2216 3637 2249 3666 &

1197 3677 1352 3714 'Radulpho
1373 3677 1410 3706 de
1430 3674 1542 3705 Baudak
1557 3696 1566 3712 ,
1592 3674 1806 3704 Archidiacono
1830 3674 2022 3704 Middclsexiae
2038 3696 2047 3709 ,
2072 3683 2101 3701 in
2124 3672 2248 3704 Ecclesia

1196 3716 1290 3747 Sanfti
1311 3715 1389 3745 Pauli
1409 3712 1602 3743 Londoniensi
1616 3736 1625 3751 ,
1643 3723 1675 3742 ac
1689 3711 1830 3743 Gaufrido
1843 3712 1879 3742 de
1892 3712 2020 3748 Vesano,
2039 3709 2168 3742 Camcrae
2183 3722 2250 3743 nos—r

1199 3754 1261 3784 strae
1284 3752 1401 3783 Clerico
1416 3776 1425 3789 ,
1450 3752 1605 3781 Canonico
1625 3749 1821 3780 Cameracensi
1837 3775 1846 3788 ,
1871 3750 1984 3780 salutem
2003 3751 2036 3780 &
2052 3749 2249 3787 Apostolicam

1196 3792 1434 3824 benedictionem.

1234 3831 1311 3861 Inter
1325 3838 1442 3865 caetera,
1460 3828 1495 3858 de
1512 3828 1614 3865 quibus
1636 3827 1777 3857 carissimo
1796 3828 1825 3855 in
1838 3825 1956 3856 Christo
1971 3825 2043 3855 Filio
2060 3826 2175 3864 nostro,
2190 3827 2249 3857 Ed-

1198 3869 1295 3902 wardo
1312 3869 1386 3898 Revi
1400 3868 1509 3903 Angliae
1524 3865 1621 3895 illustri
1635 3865 1668 3895 ad
1683 3866 1927 3903 prosecutionem,
1949 3864 2009 3894 &c.
2028 3865 2143 3903 suscepit
2161 3890 2170 3903 ,
2188 3867 2247 3896 &e

1197 3918 1278 3940 terra:
1294 3894 1432 3945 praeffitae,
1449 3899 1543 3935 eidem
1559 3903 1635 3942 Regi
1651 3903 1780 3933 duximus
1793 3902 2018 3946 concedendam,

1237 3946 1374 3983 Cumque
1396 3945 1463 3981 sibi,
1483 3944 1543 3973 &c.
1584 3951 1627 3971 uae
1641 3942 1780 3979 praedisto
1794 3941 1869 3980 Regi
1884 3941 2040 3980 diriguntur
2054 3951 2090 3979 ap
2109 3950 2183 3978 aret;
2201 3949 2248 3977 tu,

1197 3985 1299 4018 dilecte
1321 3984 1359 4015 sili
1380 3980 1518 4022 Magister
1582 3980 1717 4049 miehmi'
1742 3982 1776 4011 &
1789 3980 1886 4013 dilecti
1899 3978 1950 4011 filii
1964 3979 2074 4013 Fratres
2120 3981 2251 4047 obertgus,

1725 4026 1744 4047 2
2212 4025 2248 4047 ‘cu

2271 206 2343 234 Ami.
2362 207 2388 234 i*

2289 253 2372 280 5291.

2273 284 2334 309 Eisv.
2360 292 2385 310 ἰ,

2272 928 2400 961 Ann.D.

2292 977 2376 1006 1291.

2271 1010 2322 1033 Aa.
2342 1017 2381 1041 ¹9·

2269 1048 2298 1071 Ε.
2325 1054 2348 1072 ι.

2272 1087 2310 1109 Ex
2324 1085 2381 1110 Au-

2272 1127 2337 1157 togr.

2274 2199 2294 2219 ²¹²
2304 2200 2405 2236 II.517.

2272 3598 2398 3631 Animi),

2292 3648 2373 3677 1291.

2269 3683 2320 3704 All.
2340 3689 2381 3712 19.

2271 3722 2298 3743 E.
2326 3726 2346 3742 i.

2270 3759 2309 3781 Ex
2327 3758 2382 3781 :stt-

2269 3802 2331 3829 Yfflgr.
