2570 4261
725 125 831 166 ET
915 123 1180 166 ACTA
1263 119 1740 165 PUBLICA.

8 211 85 242 Ann.
99 205 141 237 D·
167 206 260 251 “Dae
277 207 351 248 apud
363 206 549 248 Berewycum
564 207 642 247 super
659 208 801 241 Twedarn
823 211 852 240 iri
874 209 987 249 Scotia,
1009 219 1055 250 14.
1072 208 1117 240 die
1130 208 1211 239 Mar-

10 254 122 315 §.31³2
153 254 193 277 tu.

195 321 308 353 Eodem
324 322 415 353 modo
428 323 554 355 scribitur
568 327 681 353 Domino
697 325 738 352 A.
767 322 842 353 tituli
855 325 962 354 Sanceae
982 323 1091 353 Sabinae
1106 321 1215 352 Presbi-

157 367 215 391 tero
235 360 394 398 Cardinali,
413 364 524 392 Domini
539 365 621 401 Papae
636 365 796 391 camerario.

163 483 222 519 Ad
237 487 447 519 Procuratores
462 488 565 531 Regios
583 487 613 516 in
633 488 770 518 Romana
787 487 880 518 Curia
894 495 949 530 pro
968 483 1044 516 dieto
1073 483 1216 518 Gnidone.

20 585 47 617 Α
110 581 142 613 D
166 567 281 626 REX
295 568 401 600 dilec'm
416 569 532 600 Clerico
546 570 595 600 suo
634 568 773 608 Magistro
789 568 911 600 Andreae
925 568 1026 606 Sapiti,
1045 568 1166 600 salutem.

48 593 151 654 ‘lmus
260 607 413 646 Negotia,
438 607 572 638 diledlmm
593 592 741 638 Clericum
766 608 799 638 &
820 607 1068 650 Consanguineum
1092 607 1222 650 nostrum

21 631 83 692 An3
170 644 342 685 Magistrum
362 646 532 677 Guidonem
554 646 589 676 de
612 646 636 676 la
656 646 726 682 Val,
751 646 830 684 super
850 648 1012 683 provllione
1033 645 1166 676 Eccleliae
1188 645 1225 674 de

22 705 44 729 E
67 670 116 726 ‘24'
170 683 373 725 Maydenstan,
391 683 584 715 Cantuariensi
597 683 722 714 Diocese
737 683 801 721 sibi,
817 683 851 713 ad
864 685 1093 714 nominationem
1105 683 1226 713 isabellae

23 719 138 770 Rbm'&
173 721 204 752 R
242 724 295 753 inae
307 723 419 762 Angliae
434 721 582 752 Consortis
607 721 712 752 nostrae
727 722 890 760 kariffimae,
908 722 1072 752 auctoritate
1091 721 1167 751 Sedis
1185 720 1226 750 Α-

24 782 55 806 Γ),
84 785 103 811 4
171 771 211 799 po
236 761 318 792 olicae
338 760 428 797 faeta,
447 761 656 798 contingentia,
675 760 710 790 de
732 761 832 798 quibus
855 770 904 797 per
923 760 1059 790 diledtum
1073 760 1228 790 Vallettum

25 819 46 843 E
60 798 112 842 ’,μ’
123 821 159 839 m,
176 800 306 831 nostrum
321 798 512 828 Willielmum
527 799 564 829 de
577 798 771 836 Maidenstan,
789 798 906 828 latorem
919 798 1112 837 praesentium,
1127 798 1232 836 poteri-

27 837 55 881 ι’
91 851 134 881 dor
175 840 208 870 tis
242 838 330 868 lenius
343 837 507 874 informari,
524 838 606 867 vobis
621 836 874 875 commendamus,

47 862 73 890 3'
135 871 143 879 ⁸
253 875 384 905 audantes
398 876 524 913 quatinus
537 883 567 906 ut
582 876 666 915 gratia
679 874 755 905 Sedis
768 875 958 913 Apostolicae,
977 875 1018 905 ob
1040 873 1126 904 dic'tae
1148 873 1232 904 Con-

177 915 258 947 sortis
269 913 373 944 nostrae
385 914 501 943 honoris
514 922 702 950 augmentum
717 912 804 951 faeta,
820 914 848 943 iii
869 914 922 944 hac
946 922 1041 950 parte,
1059 912 1169 943 efficaci
1191 912 1233 942 di-

177 955 235 985 6³(ae
247 952 326 984 Sedis
338 951 466 988 praefidio
479 951 650 990 defensetur,
668 952 701 981 &
725 960 756 981 ut
775 952 851 982 idem
871 951 1103 988 Consanguiiieus
1122 950 1235 988 noster,

176 993 254 1030 cujus
272 991 488 1029 promotionem
508 990 631 1021 corditer
651 989 831 1028 affectamus,
850 990 955 1020 effe&u
981 990 1146 1028 provisionis
1162 999 1235 1026 prae-

178 1030 264 1061 didiae
279 1039 339 1059 non
353 1027 514 1066 frustretur,
532 1037 653 1058 omnem
666 1027 854 1067 diligentiam,
873 1028 1021 1059 confilium
1033 1029 1066 1059 &
1087 1028 1237 1064 auxilium,

201 1079 246 1099 uae
259 1067 398 1106 poteritis,
416 1068 580 1104 apponatis,
598 1068 635 1096 ita
656 1065 733 1103 quod
757 1066 856 1097 vestrae
876 1066 1134 1105 circumspefflonis
1155 1065 1238 1096 indu-

178 1079 273 1138 iiriam
287 1105 438 1136 debeamus
452 1105 516 1135 inde
529 1106 631 1135 merito
647 1104 860 1136 commendare.

197 1182 287 1227 „Dan
304 1181 377 1219 apud
399 1164 576 1213 Berewicum
592 1180 672 1219 super
693 1180 836 1212 Twedam
849 1182 879 1212 iri
894 1181 1011 1220 scotia,
1033 1191 1078 1222 14.
1094 1180 1140 1211 die
1156 1179 1239 1211 Mar-

182 1230 222 1253 tll.

219 1296 333 1328 Eodem
349 1295 439 1326 modo
452 1295 577 1325 scribitur
592 1294 732 1336 Magistro
747 1296 876 1328 Martino
891 1320 901 1335 ‚
925 1296 1003 1328 alteri
1022 1295 1243 1326 Procuratorurn

186 1335 279 1374 Regis
293 1337 323 1365 in
337 1334 426 1365 Curia
439 1333 584 1364 Romana.

224 1411 295 1442 Dat.
314 1418 345 1442 ut
361 1411 447 1449 supra.

441 1537 501 1572 Ad
514 1540 623 1586 Regem
639 1541 769 1571 Francia
783 1539 820 1573 de
839 1539 1006 1574 Credentia.

47 1628 124 1662 Ami.
137 1623 180 1656 D.
195 1622 638 1686 EXcellentiffimo'Princ-ipi,
658 1624 793 1656 Domino
807 1635 841 1656 ac
855 1625 931 1656 Patri
946 1625 1086 1656 kariffimo
1095 1645 1104 1663 ‚
1117 1623 1251 1655 Domino

76 1673 162 1705 1311.
274 1662 422 1700 Philippo,
442 1662 498 1692 Dei
512 1663 617 1700 gratia,
633 1662 707 1703 Regi
724 1664 848 1694 Franciae
869 1664 984 1702 Illustri,
1002 1663 1173 1702 Edwardus,
1191 1663 1253 1693 &c-

48 1710 103 1735 An.
116 1715 144 1740 4.
194 1700 327 1740 salutem,
344 1702 378 1732 &
392 1701 427 1731 ad
440 1709 507 1732 vota
520 1701 657 1731 successus
672 1702 816 1739 prosperos
829 1712 861 1732 ac
875 1703 977 1733 felices.

45 1750 78 1774 Ε.
95 1753 120 1771 2.
233 1738 314 1769 Cum
337 1740 480 1770 mittamus
501 1738 639 1769 dilectum
653 1741 686 1770 &
699 1739 812 1772 fidelem
829 1740 956 1771 nostrum
970 1739 1130 1770 Gerardum
1143 1739 1178 1769 de
1195 1737 1255 1768 Sal-

47 1779 163 1815 Rom.&
196 1787 270 1817 vayn
285 1777 432 1816 Militem,
451 1777 485 1807 &
499 1776 636 1807 dilectum
649 1777 796 1808 Clericuni
810 1779 938 1809 nostrum
958 1778 1130 1818 Magistrum
1153 1777 1257 1814 Roge-

47 1825 90 1850 Ἑν.
110 1829 137 1855 4.
196 1826 262 1846 rum
281 1815 318 1845 de
337 1815 509 1854 Hessart'on,
525 1814 559 1845 ad
577 1815 678 1846 vestrae
698 1817 856 1847 Serenitaris
870 1817 1059 1856 praesentiam,
1077 1827 1130 1854 pro
1143 1816 1258 1854 quibus-

49 1863 81 1888 Ε.
103 1869 129 1886 2.
149 1866 185 1884 m.
203 1853 270 1883 darn
291 1855 426 1893 negotiis,
449 1863 501 1883 nos
520 1853 670 1891 specialiter
689 1856 884 1894 tangentibus,
909 1855 991 1887 vobis
1013 1864 1048 1886 ex
1068 1863 1143 1893 parte
1163 1852 1260 1884 nostra

51 1906 100 1933 23.
116 1896 170 1922 dor.
201 1891 324 1923 seriosius
340 1892 527 1930 exponendis,

44 1936 81 1964 -ὶνι
97 1933 187 1962 Cedul.
239 1929 351 1960 Vestra:
372 1931 499 1969 gratuitae
518 1930 689 1961 Paternitatis
711 1931 920 1963 benevolentiae
945 1930 1105 1962 affecfmofis
1131 1930 1261 1968 precibus

202 1968 405 2008 supplicamus,
423 1970 551 2007 quatinus
564 1969 697 2007 praefatis,
717 1969 805 2000 Militi
820 1972 854 2002 &
871 1970 1007 2009 Clerico,
1024 1980 1057 2000 ac
1073 1979 1173 1999 eorum
1193 1969 1261 1999 alte-

201 2009 226 2037 ri
240 2031 249 2045 .,
263 2008 290 2036 in
312 2007 382 2045 hiis,
400 2018 464 2045 quae
486 2007 568 2037 vobis
589 2017 624 2037 ex
639 2016 715 2045 parte
730 2008 826 2039 nostra
840 2009 1033 2047 exposuerint,
1051 2008 1097 2038 vel
1107 2007 1263 2044 exposuerit

204 2045 272 2076 viva
287 2055 377 2082 voce,
391 2045 482 2076 velitis
495 2045 581 2075 fidem
595 2046 739 2076 credulam
755 2047 903 2085 adhibere,
922 2048 955 2078 ὃς
969 2045 1133 2085 exponenda
1147 2055 1197 2084 per
1219 2046 1263 2083 ip-

204 2084 265 2122 sos,
284 2083 329 2115 vel
345 2093 447 2114 eorum
459 2083 578 2115 alterum
594 2083 780 2116 favorabiliter
796 2085 933 2116 exaudire.

205 2198 235 2229 tii
244 2159 315 2192 Dat·
333 2159 407 2199 apud
425 2159 613 2201 Betewycum
632 2160 710 2202 super
722 2160 867 2195 Twedatn
882 2163 912 2194 in
925 2162 1040 2200 Scotifi,
1063 2162 1107 2193 18.
1118 2136 1171 2192 ldie
1184 2161 1266 2192 Mar-

725 2280 780 2307 Per
793 2282 885 2308 Breve
898 2277 930 2306 de
940 2281 1053 2316 privato
1066 2277 1164 2315 Sigillo.

422 2402 471 2433 De
488 2412 545 2432 non
565 2399 738 2432 Torneando
756 2399 839 2447 apud
858 2398 1063 2449 Leycestrt'am.

69 2488 145 2520 Ann.
157 2485 198 2516 D.
218 2483 340 2548 REX
357 2483 532 2515 Vicecomiti
546 2483 732 2524 Leycestriae,
749 2483 871 2515 salutem.

96 2535 180 2565 1311.
319 2523 400 2553 Cum
418 2533 523 2561 nuper,
541 2531 689 2560 antequam
702 2524 754 2553 iter
768 2525 930 2562 arripuimus
945 2523 1037 2554 versus
1050 2531 1138 2562 partes
1152 2523 1275 2560 Scotiae,

69 2570 122 2596 An.
141 2575 170 2601 4.
220 2562 255 2593 ad
271 2561 474 2592 Rebellionem
487 2561 662 2599 Scotorum,
675 2560 864 2592 Inimicorum
878 2563 912 2594 ὃς
928 2562 1088 2593 Rebellium
1102 2562 1277 2597 nostrorum,

69 2610 101 2633 Ε.
122 2614 148 2632 2.
221 2610 291 2632 cum
312 2600 370 2631 Dei
390 2599 528 2638 adjutorio
562 2599 787 2637 reprimendam,
804 2601 833 2630 in
854 2601 964 2640 singulis
979 2600 1170 2631 Comitatibus
1183 2600 1279 2637 Regni

69 2642 158 2679 Claus.
177 2649 206 2675 4-
223 2638 313 2670 nostri
329 2639 478 2669 fecerimus
493 2623 607 2675 publice
620 2637 801 2676 proclamari,
819 2639 857 2668 ne
893 2641 950 2677 uis,
966 2638 1092 2677 Comes,
1111 2639 1200 2676 Baro,
1219 2637 1279 2668 Mi-

71 2686 104 2711 13.
129 2691 155 2708 2.
170 2688 207 2706 m.
222 2678 279 2715 les,
296 2677 342 2708 seu
365 2676 431 2707 alius
452 2677 632 2715 quicunque,
650 2686 795 2714 toriieare,
813 2677 867 2707 bur
888 2687 966 2715 eare,
986 2677 1004 2697 ’κς
1022 2677 1105 2716 justas
1124 2677 1233 2714 facere,
1251 2685 1280 2705 a-

75 2729 119 2747 ii.
136 2719 161 2747 d.
223 2723 352 2748 venturas
366 2724 506 2754 quaerere,
524 2714 569 2745 seu
582 2715 644 2744 alias
659 2715 693 2745 ad
708 2724 785 2745 arma
807 2716 846 2744 ire
863 2716 1057 2754 praesumeret,
1074 2715 1146 2746 dutn
1168 2723 1281 2746 moram

74 2759 93 2775 *
111 2758 165 2786 111.
223 2756 379 2787 faceremus
390 2755 420 2783 in
433 2754 556 2791 partibus
570 2753 676 2784 Scotiae
689 2753 863 2793 supradiffis:

76 2805 93 2824 2
96 2805 142 2832 57.
264 2793 310 2823 Ac
322 2793 381 2832 jam
399 2792 612 2822 intellexerimus
630 2791 708 2829 quod
722 2792 834 2830 quidam
843 2816 853 2830 ,
865 2792 900 2824 ad
913 2791 1108 2824 burdeaiidum
1122 2791 1195 2831 apud
1209 2791 1285 2830 Ley-

228 2831 379 2869 cestriam,
397 2830 458 2860 sunt
474 2831 503 2860 iri
515 2831 647 2868 proximo
663 2831 845 2861 conventuri·
1239 2838 1242 2839 ⁷

263 2869 336 2901 Tibi
359 2869 537 2907 praecipimus
558 2868 655 2906 quod,
674 2870 703 2898 in
723 2868 797 2899 dieta
821 2854 894 2900 Villa
907 2869 944 2900 de
961 2868 1140 2910 Leycestri'a,
1158 2869 1193 2900 &
1214 2869 1285 2899 locis

226 2908 284 2939 aliis
305 2909 333 2937 in
352 2907 454 2938 Balliva
475 2915 539 2944 tua,
557 2906 607 2937 ubi
626 2906 755 2944 expedire
771 2906 889 2946 videris,
907 2909 1022 2946 publice
1044 2908 1226 2946 proclamari,
1251 2908 1285 2938 &-

229 2956 264 2977 ex
284 2954 359 2983 parte
379 2945 474 2976 nostra
492 2944 608 2976 firmiter
629 2946 748 2976 inhiberi
770 2945 867 2984 facias,
891 2956 927 2976 ne
969 2948 1029 2986 uis,
1054 2947 1180 2984 Comes,
1197 2945 1284 2982 Baro,

231 2984 338 3023 Miles,
352 2983 398 3014 seu
418 2983 484 3013 alius
503 2984 681 3022 quicunque,
699 2985 748 3014 sub
766 2984 937 3015 forisfactura
988 2996 1110 3016 erratum
1131 2987 1165 3017 &
1186 2984 1286 3014 Tene-

230 3031 396 3053 mentorum
433 3022 466 3052 &
481 3022 617 3052 omniurn
633 3032 695 3060 quae
711 3023 791 3053 nobis
806 3023 965 3053 forisfacere
979 3023 1169 3063 posset,apud
1181 3022 1287 3053 dictam

229 3061 337 3092 Villam
348 3059 386 3090 de
400 3044 444 3089 Ee
463 3058 580 3098 cestria,
597 3060 642 3090 vei
658 3061 739 3099 alibi,
757 3061 828 3091 infra
842 3061 975 3100 Regnum
990 3062 1137 3100 nostrum,
1151 3070 1288 3098 torneare,

234 3098 386 3137 burdeare,
399 3099 431 3136 ju
458 3108 485 3129 as
500 3097 606 3136 facere,
625 3107 770 3129 aventuras
794 3110 935 3138 quaerere,
953 3101 999 3130 seu
1019 3101 1082 3132 alias
1099 3101 1134 3131 ad
1153 3110 1230 3130 arma
1249 3101 1290 3129 ire

233 3137 398 3177 praesumat,
416 3136 551 3174 quamdiu
566 3137 596 3167 in
609 3135 691 3167 dietis
705 3138 827 3175 partibus
842 3138 947 3169 Scotiae
969 3139 1142 3178 steterimus,
1160 3139 1229 3170 sicut
1249 3138 1291 3169 su-

233 3177 326 3216 perius
340 3174 382 3206 est
395 3173 562 3212 expressum.

236 3251 366 3322 tiiTeste
383 3250 471 3290 Rege
488 3250 562 3290 apud
581 3250 768 3292 Berewycuin
787 3253 867 3292 super
886 3254 1029 3287 Twedam
1041 3277 1051 3294 ,
1076 3264 1124 3285 20.
1146 3254 1192 3285 die
1213 3252 1293 3284 Mar-

746 3369 802 3398 Per
813 3371 906 3400 Breve
921 3370 953 3400 de
962 3374 1077 3409 privato
1089 3368 1187 3407 Sigillo.

309 3500 369 3531 Pro
384 3499 517 3531 Henrico
530 3496 566 3530 de
582 3500 671 3546 Percy
691 3495 812 3590 Cujsllode
825 3499 1015 3546 Eprstopatus
1033 3499 1233 3543 Dunelmensis

691 3559 743 3580 con
767 3557 851 3582 lluto-

101 3640 227 3675 ΛΜΗ),
245 3630 365 3695 REX
380 3632 529 3671 omnibus,
546 3632 581 3662 ad
595 3642 683 3671 quos,
701 3632 761 3664 &c.
779 3633 901 3665 salutem.

128 3690 212 3720 1311.
345 3671 441 3701 Sciatis
455 3670 533 3709 quod
544 3671 738 3702 commisimus
752 3671 857 3703 diledw
879 3672 1098 3713 Consanguineo
1113 3673 1146 3704 &
1160 3671 1236 3702 fideli
1247 3681 1300 3703 no-

101 3724 154 3750 An.
169 3729 197 3755 4.
248 3709 324 3748 stro,
343 3708 474 3739 Henrico
484 3709 520 3739 de
532 3709 621 3748 Percy
658 3709 857 3748 Episcopatum
877 3710 1116 3749 Dunelmensem,
1134 3718 1300 3749 vacantem,

104 3764 136 3787 Ε.
154 3767 180 3784 2.
249 3750 283 3779 &
306 3750 335 3778 in
356 3757 440 3777 manu
460 3747 554 3791 nostra
574 3732 755 3791 exisientem,
774 3759 841 3779 cum
863 3748 986 3788 Castris,
1004 3751 1037 3781 &
1056 3750 1189 3780 omnibus
1203 3749 1301 3779 Terris

103 3799 159 3826 fin.
176 3805 204 3831 4,
251 3787 286 3817 &
298 3787 499 3824 Tenementis,
515 3784 550 3815 ad
564 3786 729 3823 praediistum
746 3786 948 3825 Episcopatum
970 3788 1187 3826 pertinentibus,
1204 3787 1301 3818 custo-

111 3839 144 3862 E.
159 3844 186 3861 ,υ
203 3842 240 3862 m,
252 3823 354 3855 dienda
372 3824 487 3855 durante
506 3826 653 3855 vacatione
668 3823 851 3868 Episcopatus
870 3826 1016 3864 praedisti,
1034 3825 1230 3864 percipiendo,
1247 3835 1300 3863 pro

111 3882 156 3900 ιο,
254 3859 380 3893 custodia
401 3862 460 3900 illa,
485 3861 522 3892 de
541 3863 658 3892 exitibus
677 3862 859 3903 Episcopatus
883 3864 1028 3903 praedieti,
1050 3865 1195 3896 trescentas
1219 3864 1301 3894 Mar—

254 3909 300 3931 cas
315 3910 364 3936 per
378 3901 512 3939 Annum,
531 3900 551 3930 si
564 3909 641 3930 tante
656 3908 784 3938 tempore
795 3901 934 3933 duraverit
944 3904 1053 3933 vacatio
1067 3902 1210 3941 praedidia:

293 3936 349 3976 Et,
365 3938 384 3967 si
399 3941 513 3977 majori,
531 3938 576 3968 vel
591 3939 696 3969 minori
710 3948 840 3977 ternpore
852 3940 992 3972 duraverit
1006 3942 1092 3979 quam
1104 3951 1154 3979 per
1169 3941 1304 3980 Annum,

256 3984 325 4006 tunc
347 3976 424 4015 idem
442 3977 584 4008 Henricus
605 3976 640 4007 de
658 3976 731 4007 ditia
751 3978 857 4010 summa
876 3980 1008 4019 percipiat
1019 3990 1073 4019 pro
1084 3988 1140 4011 rata
1152 3981 1307 4019 temporis,

253 4023 314 4052 quo
322 4013 463 4083 {iuraveirit
463 4017 585 4084 1:125390
599 4014 764 4054 supradidta:

347 4062 398 4083 om.
437 4075 444 4082 .
489 4075 496 4083 .
557 4076 563 4083 .

1266 625 1306 654 tii.

2236 129 2316 181 187

1290 204 1348 244 Ita,
1365 205 1513 246 videlicet,
1529 207 1607 246 quod
1630 209 1667 239 de
1685 210 1818 241 omnibus
1839 209 1955 240 exitibus
1970 208 2170 254 Episcopatus,
2186 219 2220 241 ac
2232 211 2310 242 Ter·
2328 208 2404 240 Ann.
2417 206 2463 238 D'.

1254 245 1405 282 rarum,&
1419 244 1667 289 Tenementorutn
1682 248 1812 285 illorum,
1829 249 1912 279 nobis
1925 248 1959 279 ad
1974 249 2153 279 Scaccariiim
2168 247 2309 287 nostrum,
2351 255 2439 286 1311·

1256 291 1305 325 per
1324 291 1421 312 manus
1445 283 1539 313 dilecti
1561 283 1666 314 Clerici
1687 286 1776 316 nostri
1794 286 1917 317 Roberti
1938 286 1974 317 de
1996 286 2100 317 Barton
2122 288 2221 325 (quem

1257 320 1320 362 alias
1340 319 1446 364 nostras
1466 320 1595 352 Parentes
1615 322 1749 362 Litteras,
1774 324 1970 355 constituimus
1987 333 2166 363 receptorem
2183 310 2315 355 nostrum
2376 352 2379 353 γ

1258 366 1382 387 exituum
1399 358 1524 396 illorum)
1538 369 1590 403 per
1605 362 1797 392 rationabilem
1818 364 2076 401 computationem,
2096 363 2163 393 inde
2183 362 2218 393 ad
2238 361 2319 393 idem

1258 395 1438 439 Scaccarium
1453 406 1502 434 per
1515 397 1625 428 dietum
1638 398 1799 430 Robertum
1815 400 2040 439 reddendam3&
2055 411 2105 439 per
2116 401 2319 433 testimonium

1261 433 1389 471 praedicti
1403 433 1539 473 Henrici,
1557 437 1591 466 ad
1607 436 1724 474 plenum
1738 437 1941 476 respondeatur.

2264 297 2313 324 per
2330 287 2396 315 Edv.
2416 293 2444 313 2-

1300 509 1335 540 In
1350 511 1442 549 cujus,
1459 510 1519 541 &o

1302 585 1393 616 Teste
1411 586 1493 626 Rege
1510 586 1582 625 apud
1600 567 1785 628 Berewycum
1807 587 1885 626 super
1906 588 2050 621 Twedain
2063 612 2074 628 ,
2098 589 2146 620 26.
2171 589 2218 621 die
2240 589 2321 622 Man⁴

1767 704 1820 732 Per
1833 705 1925 732 Breve
1940 704 1972 733 de
1980 706 2098 742 privato
2113 704 2210 741 Sigillo.

1333 776 1363 806 T
1383 778 1544 809 mandatum
1566 777 1607 808 est
1628 777 1770 809 Militibus
1783 803 1793 816 ,
1817 778 1910 809 liberis
1929 778 2092 811 hominibus
2110 802 2119 817 ,
2143 781 2176 811 ὃς
2197 779 2330 810 omnibus

1292 852 1297 857 .
1352 815 1407 844 aliis
1419 816 1598 847 Tenentibus
1611 816 1648 846 de
1658 816 1825 856 Episcopatu
1837 816 1991 855 praedifto,
2008 828 2040 848 ac
2055 817 2092 848 de
2113 816 2235 855 Castris,
2253 818 2330 847 Ter-

1275 862 1311 881 ris
1333 854 1366 883 &
1386 854 1589 892 Tenementis,
1605 854 1640 884 ad
1661 855 1782 885 eundem
1806 854 2003 892 Episcopatum
2016 855 2233 894 pertinentibus,
2250 854 2330 892 quod

1275 889 1369 920 eidem
1384 891 1534 930 Henrico,
1552 901 1684 931 tanquam
1700 892 1823 923 Custodi
1835 892 2035 930 Episcopatus,
2054 893 2236 932 Castrorum,
2253 893 2330 923 Ter-

1276 938 1371 958 rarum
1393 932 1425 960 &
1447 932 1696 961 Tenementorum
1709 931 1926 969 praedictorum,
1942 933 1970 961 in
1985 933 2120 962 omnibus
2152 941 2215 969 quae
2229 931 2263 962 ad
2278 941 2329 961 cu-

1278 966 1398 1011 stodiam
1416 968 1492 999 illam
1512 970 1653 1008 pertinent
1665 993 1675 1008 ,
1699 970 1750 1001 sint
1772 969 1947 1001 intendentes
1964 970 1997 1001 &
2017 954 2212 1009 respondentes
2227 993 2238 1009 ‚
2261 970 2331 1000 sicut

1278 1004 1446 1044 praedictum
1461 1007 1511 1037 est.

1316 1042 1352 1074 In
1365 1045 1458 1083 cujus,
1478 1045 1539 1077 διε.

1318 1118 1406 1150 Teste
1420 1130 1452 1151 ut
1463 1121 1550 1159 supra.

1351 1245 1411 1275 Pro
1434 1239 1559 1275 Roberto
1586 1240 1623 1276 de
1643 1244 1756 1277 Barton
1767 1269 1778 1285 ‚
1804 1245 1957 1289 Receptore
1973 1246 2126 1277 Exituum
2142 1242 2275 1289 ejusdem
2326 1240 2329 1243 ’

1711 1291 1911 1338 Epiftopatns.

1288 1374 1410 1438 REX
1424 1375 1573 1414 omnibus,
1591 1375 1626 1407 ad
1641 1385 1713 1414 quos
1723 1399 1733 1416 ,
1743 1376 1804 1407 ὅτε.
1822 1374 1946 1406 salutern.
2368 1371 2496 1406 AnnD,²

1386 1415 1483 1445 Sciatis
1504 1415 1581 1452 quod
1593 1439 1604 1453 ,
1634 1415 1703 1445 cum
1723 1414 1948 1445 commiserimus
1969 1413 2075 1446 dilecto
2099 1413 2322 1455 Confimguineo
2334 1437 2344 1454 ‚
2386 1422 2472 1454 1311,

1291 1451 1352 1488 &aa
1371 1461 1401 1482 ut
1409 1454 1444 1491 fic
1462 1463 1494 1481 ra
1509 1452 1587 1492 usque
1601 1451 1785 1490 Episcopatus
1796 1452 1942 1492 praeditsti3
2368 1457 2420 1480 An.
2433 1462 2463 1488 4.

1329 1491 1416 1530 Nos,
1454 1501 1471 1521 e
1485 1490 1614 1522 fidelitate
1625 1490 1720 1522 dilecti
1734 1490 1841 1521 Clerici
1854 1490 1941 1521 nostri
1954 1489 2077 1523 Roberti
2099 1490 2135 1522 de
2159 1490 2261 1522 Barton
2284 1490 2345 1530 ple-
2369 1496 2397 1519 Ε.
2418 1500 2446 1518 2.

1293 1530 1357 1560 nisis
1371 1529 1560 1568 confidentes,
1578 1527 1778 1560 constituimus
1790 1529 1912 1559 eundem
1923 1528 2089 1561 Robertum
2104 1538 2281 1567 receptorem
2293 1540 2348 1561 no·
2367 1531 2422 1559 Fin.
2439 1538 2468 1566 4.

1293 1567 1383 1598 strum
1403 1569 1536 1598 omniurn
1557 1569 1683 1599 exituum
1702 1566 1904 1606 Episcopatus,
1924 1567 2076 1598 Terrarum
2096 1569 2130 1599 ὃς
2151 1568 2349 1600 Tenemento-
2367 1573 2398 1596 Ε.
2416 1577 2442 1596 2.
2463 1568 2503 1595 m

1294 1616 1360 1636 rum
1373 1605 1591 1644 praedictorum,
1608 1606 1727 1636 durante
1743 1605 1820 1636 dieta
1834 1606 1994 1636 vacatione:
2373 1617 2417 1635 10.

1342 1644 1384 1675 Ita
1412 1643 1488 1683 quod
1518 1644 1595 1675 idem
1618 1643 1763 1674 Robertus
1784 1643 1820 1674 de
1842 1644 1959 1675 exitibus
1980 1644 2031 1674 illis
2046 1667 2056 1683 ,
2088 1654 2137 1683 per
2156 1645 2351 1677 rationabilem

1295 1683 1541 1720 computationem
1555 1707 1565 1721 ,
1590 1682 1657 1713 inde
1698 1682 1732 1712 ad
1753 1681 1931 1712 Scaccarium
1953 1682 2082 1713 nostrum
2102 1684 2293 1722 reddendam,
2317 1685 2351 1716 &

1297 1730 1347 1760 per
1359 1719 1554 1751 testimonium
1569 1705 1695 1758 praedigti
1709 1719 1829 1750 Henrici
1838 1745 1848 1758 ,
1864 1721 1947 1751 nobis
1959 1720 1994 1751 ad
2008 1721 2124 1759 plenum
2137 1722 2309 1760 respondeat.

1338 1759 1393 1798 Et,
1408 1760 1437 1789 in
1451 1758 1565 1789 Officio
1581 1758 1648 1797 illo,
1665 1769 1714 1799 per
1728 1768 1849 1796 annum,
1866 1759 1887 1789 fi
1899 1766 1979 1789 tanto
1995 1767 2124 1797 ternpore
2143 1760 2221 1792 dieta
2243 1761 2355 1792 vacatio

1300 1797 1456 1836 duraverit,
1474 1798 1518 1827 vel
1531 1797 1551 1827 fi
1567 1798 1665 1835 majori
1677 1805 1824 1835 tempore,
1842 1796 1887 1828 vel
1913 1798 2019 1827 minori
2037 1797 2177 1829 duraverit
2199 1800 2286 1837 quam
2306 1808 2355 1837 per

1302 1836 1437 1874 Annum,
1455 1845 1524 1866 tunc
1538 1845 1591 1873 pro
1605 1835 1663 1866 rata
1678 1836 1813 1873 temporis
1829 1844 1888 1873 quo
1902 1835 2056 1874 duraverit,
2074 1837 2108 1867 &
2122 1836 2266 1868 Officium
2287 1836 2356 1867 illud

1301 1875 1436 1912 tenuerit,
1455 1875 1586 1912 percipiat
1601 1884 1616 1903 a
1630 1875 1711 1904 nobis
1727 1874 1780 1904 tale
1795 1874 1813 1893 ²*
1829 1872 1947 1904 feodum
1983 1874 2062 1911 quale
2076 1875 2121 1905 ille
2158 1876 2225 1914 qui,
2243 1885 2356 1913 tempo-
2375 1879 2395 1899 ²¹*
2410 1879 2467 1908 iii.

1304 1921 1335 1956 re
1351 1913 1386 1943 A.
1402 1922 1492 1956 nuper
1504 1911 1636 1950 Episcopi
1650 1912 1707 1942 loci
1720 1912 1807 1956 illius,
1824 1912 1928 1942 ultimo
1947 1896 2059 1955 ditCtum
2078 1898 2224 1946 Officium
2243 1914 2358 1953 habuit,
2380 1918 2446 1956 258.

1303 1961 1332 1981 in
1342 1949 1459 2019 IOfficio
1471 1950 1539 2020 lngc'
1556 1951 1591 1981 ab
1605 1949 1709 1982 eodem
1724 1949 1866 1989 Episcopo
1878 1960 2020 1989 percipere
2032 1951 2186 1984 consuevit.

1357 1999 1376 2018 n
1390 1998 1484 2027 quuS,
1537 1999 1563 2020 c.

1343 2063 1432 2096 Teste
1446 2065 1528 2105 Rege
1540 2072 1572 2096 ut
1582 2065 1669 2104 supra.

1826 2145 1880 2174 Per
1891 2147 1984 2175 Breve
1996 2144 2028 2174 de
2037 2147 2153 2184 privato
2164 2144 2265 2183 Sigillm

1313 2220 1400 2281 ET
1419 2219 1584 2251 mandatum
1606 2218 1648 2250 est
1668 2217 1797 2250 Henrico
1816 2219 1930 2251 Beaufiz
1943 2242 1953 2259 ‚
1978 2221 2012 2252 &
2036 2220 2172 2251 Roberto
2194 2221 2230 2253 de
2250 2221 2374 2262 Welle,

1390 2258 1468 2296 quod
1485 2258 1691 2296 Episcopatiim.
1706 2257 1891 2295 praedistum,
1911 2268 1980 2289 cum
1993 2257 2099 2289 Castris
2113 2260 2146 2290 &
2161 2259 2218 2291 aliis
2231 2262 2375 2298 pertinen-

1311 2297 1354 2327 tiis
1376 2297 1443 2334 suis,
1489 2297 1585 2326 raefato
1604 2296 1737 2326 Henrico
1753 2318 1763 2334 ‚
1788 2306 1837 2332 per
1859 2296 2074 2334 Cirographum
2124 2298 2194 2327 inter
2215 2297 2286 2337 ipsos
2309 2298 2376 2330 inde

1314 2334 1456 2365 conficien
1477 2344 1546 2371 um,
1564 2334 1645 2364 simul
1667 2343 1736 2364 cum
1756 2334 1891 2364 omnibus
1906 2335 1997 2376 ¹bonis
2019 2335 2053 2365 δε
2074 2321 2205 2373 Catallis,
2231 2345 2295 2374 quae
2316 2337 2377 2368 fue-

1315 2381 1381 2403 runt
1394 2373 1530 2410 Antonii,
1548 2371 1694 2409 quondam
1707 2370 1811 2409 Episco
1832 2372 1912 2402 iloci
1927 2371 2014 2410 illius,
2033 2374 2067 2404 &
2090 2382 2170 2411 quae,
2186 2384 2240 2412 pro
2260 2374 2377 2413 quibus-

1314 2411 1380 2441 dam
1396 2411 1514 2448 debitis,
1530 2411 1559 2439 in
1581 2411 1683 2447 quibus
1706 2409 1782 2439 idem
1855 2411 1948 2440 tonius
1968 2409 2044 2449 Regi
2063 2410 2109 2440 die
2123 2420 2182 2449 quo
2202 2412 2275 2443 obiit
2298 2420 2378 2443 tene-

1316 2449 1414 2487 batur,
1433 2450 1463 2479 in
1486 2458 1601 2479 manum
1623 2448 1714 2487 Regis
1732 2455 1827 2487 capta,
1845 2449 1885 2478 eis
1907 2447 1972 2478 Rex
1994 2448 2139 2480 mandavit
2159 2449 2284 2488 liberari,
2307 2451 2380 2488 libe-

1316 2496 1394 2518 rent:

1354 2525 1393 2556 Et
1412 2523 1549 2563 praedieto
1570 2524 1704 2555 Roberto
1722 2534 1823 2555 omnes
1843 2525 1930 2555 exitus
1950 2524 2134 2564 Episcopatus
2148 2526 2292 2566 praediffl,
2311 2535 2381 2558 cum

1319 2564 1508 2602 pertinentiis,
1527 2564 1577 2600 qui
1588 2563 1622 2593 ad
1638 2573 1735 2593 manus
1750 2563 1807 2593 suas
1823 2563 2052 2602 qualitercunque
2075 2563 2266 2603 devenerunt,
2283 2564 2382 2596 simili-

1318 2612 1361 2633 ter
1382 2602 1518 2639 liberent,
1536 2603 1572 2631 ita
1594 2601 1672 2639 quod
1690 2601 1767 2633 idem
1784 2601 1932 2634 Robertus
1953 2601 2029 2642 Regi
2047 2602 2115 2634 inde
2137 2602 2172 2634 ad
2196 2602 2379 2635 Scaccarium

1319 2639 1409 2680 Regis
1425 2639 1514 2671 valeat
1525 2638 1698 2678 respondere.

1358 2714 1449 2748 Teste
1461 2723 1493 2748 ut
1505 2715 1593 2754 supra.

1833 2794 1887 2824 Per
1900 2796 1993 2825 Breve
2006 2793 2038 2825 de
2044 2796 2161 2835 privato
2173 2794 2274 2834 Sigillo.

1328 2921 1393 2952 Rex
1408 2922 1530 2966 gratias
1546 2922 1610 2965 agit
1626 2921 1727 2965 Papa,
1753 2917 1834 2965 quod
1848 2916 2026 2964 Johannem
2045 2919 2082 2952 dc
2097 2918 2171 2962 Ζιεκ1
2182 2922 2214 2952 in
2227 2917 2388 2967 Archiepi-

1570 2967 1727 3013 scopatum
1746 2964 1960 3013 Dublinenfi’m
1976 2967 2140 3015 exaltaffit.

1328 3051 1474 3113 PAPAE
1488 3050 1554 3083 Rex
1567 3051 1670 3083 devota
1682 3052 1790 3097 pedum
1804 3051 1899 3084 oscula
1912 3053 2071 3097 beatorum.
2118 3092 2124 3098 .
2167 3095 2170 3098 Δ
2239 3092 2250 3102 .
2412 3056 2543 3095 Ann.D.1

1414 3091 1556 3129 Frequens
1574 3091 1780 3136 beneficiorum
1803 3091 1836 3122 &
1858 3100 2011 3129 gratiarum
2031 3091 2146 3124 collatio
2161 3101 2253 3136 ,1qua
2267 3101 2319 3136 nos
2337 3091 2388 3135 ⁴&e
2433 3104 2520 3136 1311.

1329 3129 1439 3160 nostros
1453 3154 1463 3168 ,
1489 3128 1587 3159 vestrae
1607 3128 1779 3160 Patermtatis
1800 3130 1896 3161 dextra
1916 3130 2042 3167 largiflua
2062 3131 2238 3169 prosequitur
2252 3154 2262 3167 ,
2286 3113 2389 3160 indicat
2410 3139 2462 3164 An.
2480 3145 2510 3172 4.

1332 3168 1476 3199 evidenter
1489 3167 1565 3205 quod
1577 3166 1724 3206 nostrum,
1738 3168 1772 3198 &
1786 3167 1886 3205 Regni
1896 3168 1985 3199 nostri
1999 3169 2190 3200 commodum
2203 3170 2236 3200 &
2252 3169 2393 3200 honorem
2413 3179 2441 3203 Ε,
2463 3183 2489 3201 2.

1331 3206 1432 3237 vestrae
1451 3204 1610 3249 affectionis
1629 3205 1791 3246 plenitudo,
1807 3207 1874 3237 zelo
1891 3208 2009 3238 caritatis
2021 3206 2169 3246 succensa,
2185 3206 2318 3238 desiderat
2331 3205 2394 3237 feli-
2411 3210 2527 3245 Rom&-

1332 3247 1402 3276 citer
1416 3253 1608 3288 augmentari.¹
2411 3254 2455 3279 Fr.
2471 3259 2500 3287 4,

1370 3283 1583 3315 Considerantes
1602 3289 1710 3320 itaque,
1733 3283 1769 3314 &
1789 3291 1853 3313 ante
1865 3284 1967 3315 mentis
1988 3284 2093 3315 nostrae
2111 3282 2211 3314 oculos
2230 3282 2394 3314 reducentes
2412 3292 2442 3316 Β.
2457 3298 2483 3318 2.
2505 3289 2560 3325 υἷ’

1333 3322 1408 3353 illam
1429 3320 1527 3352 vestrae
1547 3321 1612 3351 beni
1633 3322 1723 3351 nitatis
1741 3323 1775 3353 δε
1790 3323 1884 3362 gratiae
1899 3318 2140 3360 munificentiam,
2158 3331 2245 3360 quam
2257 3322 2287 3351 in
2299 3322 2394 3359 perso*
2415 3336 2461 3365 ²3·

1336 3371 1402 3391 nam
1416 3360 1523 3389 discreti
1537 3359 1598 3389 Viri
1629 3358 1747 3389 ohannis
1759 3358 1795 3390 de
1810 3359 1891 3399 Lek,
1908 3358 2054 3397 Capellani
2071 3359 2158 3390 nostri
2171 3358 2323 3398 kariffimi,
2341 3369 2395 3391 nu-

1335 3410 1385 3438 per
1400 3397 1603 3429 Duiikeldensis
1618 3396 1750 3427 Ecclefiae
1763 3397 1872 3437 Electi,
1885 3408 1937 3435 pro
1949 3398 2026 3434 cujus
2039 3406 2073 3428 ex
2094 3398 2217 3428 editione
2229 3397 2331 3430 votiva
2343 3408 2395 3429 ve-

1336 3438 1401 3468 strae
1415 3437 1558 3467 Sannititati
1571 3435 1633 3465 alias
1646 3435 1797 3466 direximus
1819 3446 1915 3474 preces
1935 3435 2057 3474 nostraS,
2107 3437 2132 3466 ei
2151 3437 2270 3474 intuitu,
2286 3436 2320 3467 &
2341 3446 2396 3466 no-

1336 3476 1386 3507 stri
1409 3474 1649 3512 contemplatione
1664 3496 1674 3512 ,
1697 3473 1844 3504 liberaliter
1862 3469 2022 3512 effudistis,
2053 3474 2141 3512 ipsum
2164 3483 2199 3504 ex
2219 3473 2398 3512 Apostolicae

1336 3513 1475 3555 potestatis
1491 3511 1662 3551 plenitudine
1675 3511 1876 3549 promovendo
1888 3512 1916 3541 in
1933 3510 2068 3542 Ecclesiae
2080 3511 2262 3542 Dublinenlis
2275 3512 2397 3543 Archie·

1337 3553 1485 3591 piscopum
1505 3553 1538 3582 ὃς
1558 3550 1723 3587 Pastorem,
1742 3558 1826 3586 prout
1849 3548 1925 3580 idem
1945 3558 2111 3589 promotus,
2126 3550 2247 3588 persuas
2262 3549 2398 3589 Litteras,

1337 3591 1421 3626 nobis
1436 3589 1501 3619 inde
1514 3588 1644 3625 directas,
1669 3597 1736 3625 quas
1747 3589 1815 3618 laeto
1829 3589 1927 3618 animo
1937 3589 1971 3619 &
1983 3589 2072 3618 corde
2080 3587 2208 3626 jocundo
2219 3590 2397 3628 recepimus,

1338 3629 1439 3659 nostris
1451 3628 1560 3658 auribus
1572 3626 1718 3665 patefecit,

1375 3666 1483 3697 Vestrae
1497 3663 1667 3695 Clementiae
1679 3663 1805 3704 speciales
1817 3672 1851 3693 ex
1863 3663 1921 3694 hoc
1939 3664 2089 3701 gratiarum
2104 3665 2248 3696 referimus
2260 3665 2397 3704 afflonoe3

1338 3704 1511 3736 confidentes
1524 3704 1553 3734 i'n
1570 3702 1705 3733 Domino
1720 3699 1855 3739 firmiter,
1871 3703 1906 3733 δὲ
1919 3702 2058 3739 sperantes
2071 3702 2149 3741 quod
2183 3712 2218 3734 ex
2232 3704 2397 3741 promotio—

1337 3754 1373 3774 ne
1393 3741 1542 3781 praediffi,
1560 3740 1702 3780 condigna
1723 3741 1821 3770 merita
1840 3741 2015 3783 reportabitis
2033 3750 2131 3771 coram
2153 3726 2239 3778 beo,
2280 3741 2396 3779 uodque

1339 3781 1470 3821 praedicta
1483 3779 1607 3810 Ecclesia
1619 3777 1863 3822 Dublinensisper
1875 3780 2159 3822 circumspectionem
2173 3781 2207 3811 &
2227 3751 2392 3810 industriam

1338 3819 1443 3859 praefan
1459 3817 1594 3856 Johannis
1607 3841 1618 3854 ,
1641 3817 1700 3860 tam
1713 3826 1749 3860 'in
1762 3816 1955 3860 spiritualibus
1970 3841 1980 3856 ,
2004 3818 2093 3857 quam
2110 3819 2141 3849 in
2158 3817 2395 3858 Temporalibus,

1338 3857 1479 3890 fructuosa
1492 3858 1525 3888 &
1538 3855 1613 3886 utilia
1624 3854 1750 3894 suscipiet
1765 3860 1947 3886 incrementa.

1379 3932 1554 3971 conservet,
1571 3932 1630 3963 ὅτε.

1380 4009 1448 4049 Dat2
1464 4007 1539 4048 apud
1551 4008 1738 4051 Berewycum
1750 4007 1831 4048 super
1841 4007 1985 4040 Twedam
1992 4031 2003 4048 ‚
2020 4015 2048 4047 5.
2063 4007 2111 4042 die
2122 4005 2233 4050 Aprilis,

1847 4053 1933 4087 Aaz
2348 4051 2402 4088 «Ui
