2570 4261
33 745 165 782 *HI-99·

182 114 260 150 126
637 94 1855 147 CONVENTIONES,L1TERAE,
2568 142 2570 166 ⁵

1283 181 1317 211 ὅ(
1325 180 1395 211 infra
1404 180 1519 225 claustra
1527 182 1566 211 tui
1573 181 1695 219 peetoris
1702 181 1830 226 diligenti
1837 180 2016 224 meditatione
2023 180 2167 226 resolvere,
2174 182 2297 226 qualiter,
2304 179 2360 210 cla·
2376 161 2510 231 AlmggD'
2569 172 2570 191 ³

35 220 170 281 Ant-1³·
1285 219 2357 290 rmemisssssssfflsirritfssszz‘s‘lsssssissts‘*s
2376 209 2444 268 Ea.

34 262 146 328 Ὲ-Ῐίἐῗῖ.
193 309 243 341 De
266 309 456 338 sacramento
475 299 595 347 praestito
613 310 667 345 per
690 301 736 333 JV.
762 299 937 345 Fpissopum
961 295 1063 328 Sanfii
1085 293 1233 334 Andre-a,
1283 267 1442 325 ὀῇἓὸἑῖἑὲῐοῑὶε
1452 296 1572 326 brachiis
1586 268 1937 335 amplexgtusfiempgreos
1952 268 2090 334 praeveni}
2103 269 2356 337 honoribrisssan-

430 349 535 393 defide
559 352 595 387 &⁴
610 346 762 393 fidelitate
791 344 993 392 obftrvandis.

34 443 109 474 Ann.
124 439 164 472 D.
185 436 391 495 UNiversis,
405 434 548 475 praesentes
564 427 673 464 Literas'
689 431 867 470 inspecturis,
891 430 945 460 W.
964 429 1136 460 miseratione
1153 424 1249 457 divin&

56 482 138 520 1308.

33 525 86 548 Aa.
106 529 131 546 2.

32 563 63 585 E.
85 567 111 584 2.

32 595 121 629 Clauf.
139 604 163 621 2.

32 638 64 661 Σ,
83 644 107 660 2.
127 643 161 660 m.

37 681 82 698 21.
101 671 161 698 Ced.

257 475 389 505 Eccleliae
404 473 499 504 Sancti
512 472 632 503 Andreae
648 469 818 509 Episcopus,
835 469 947 500 salutem
962 467 1133 499 inDomino
1149 465 1250 502 sempi-

184 522 299 543 ternam.

222 549 372 582 Noveritis
389 549 464 588 quod
484 559 534 579 nos
551 547 720 579 attendentes
737 546 840 583 Regiae
864 543 1083 588 mansuetudini,
1101 551 1184 587 quam
1200 540 1251 571 Se-

185 590 338 620 renissimus
356 588 489 626 Princeps
507 587 651 617 Dominus
668 584 926 623 noster,D0minus
944 583 977 614 E.
998 582 1056 612 Dei
1075 579 1250 625 gratia,Rex

184 628 309 665 Illustris,
329 637 417 664 nuper
431 627 512 656 nobis
526 626 600 655 circa
616 625 810 659 liberationem
825 622 950 653 nostram
963 621 1056 652 facere
1069 620 1251 665 dignabatur,

184 665 354 705 spondemus
371 666 404 696 &
423 665 610 702 promittimus
627 673 675 700 per
695 661 840 699 praesentes
854 684 865 699 ‚
911 660 965 691 uod
987 660 1022 690 ab
1048 659 1100 689 hac
1125 659 1194 688 liora
1220 666 1250 700 in

185 713 264 736 antea
281 704 396 743 praefato
417 703 547 734 Domino
569 700 666 731 nostro
679 700 773 738 Regi,
812 709 877 730 uem
924 699 1056 742 ominum
1074 696 1200 726 nostrum
1218 694 1252 724 li-

185 744 268 781 gium
284 742 461 781 profitemur,
479 742 498 761 ³*
512 741 545 771 δι·
560 738 715 770 haeredibus
729 738 778 768 suis
811 738 884 768 deles
899 746 1016 768 erimus:
1035 734 1120 779 fidem
1132 735 1165 765 &
1182 733 1252 778 fide-

181 782 287 813 litatem
306 781 398 811 eidem
419 780 570 816 Domino,
587 777 642 808 suis
657 787 690 807 ue
712 776 868 807 haeredibus
891 776 1027 814 perpetuo
1054 773 1250 803 inviolabiliter

182 820 390 851 observabimus
408 819 440 849 &
458 788 783 848 tenebimuszffnimicos
798 817 868 845 vero
882 815 962 852 ipsius
1001 813 1034 843 ὃς
1051 812 1194 853 haeredum
1209 810 1251 841 su-

183 869 284 896 orum,
303 859 337 888 &
359 856 486 887 Rebelles
509 855 716 893 quoscumque,
735 855 806 891 quta
828 854 904 891 posse
923 836 1050 894 nossrum
1065 873 1076 888 ,
1093 851 1128 881 ad
1147 850 1251 893 iidem,

185 898 358 934 amicitiam,
374 896 407 926 &
423 895 457 924 ad
477 893 637 923 fidelitatem
652 894 727 923 suam
743 892 927 922 adducemus:
947 900 981 920 ac
1003 889 1074 927 ipsos
1084 889 1120 932 ad
1135 888 1250 918 fideliter

185 934 397 965 deserviendum
420 933 555 963 Domino
576 931 654 967 Regi
671 930 809 970 praedieto
824 930 857 960 &
872 929 1029 960 haeredibus
1052 927 1120 966 suis,
1137 935 1252 969 eorum-

185 983 240 1012 que
258 971 396 1002 Ministris
410 994 421 1010 ,
438 970 530 1002 modis
546 971 678 1001 omnibus
693 991 704 1008 ,
730 969 829 1007 quibus
850 968 951 999 scimus
967 967 1001 998 &
1019 965 1178 1004 possumus,
1195 964 1254 995 alli-

184 1021 298 1043 cremus.

219 1049 414 1080 promittentes
432 1047 526 1086 quod,
544 1045 807 1085 quotienscumque,
824 1045 857 1076 &
870 1043 1104 1082 quandocumque
1125 1042 1166 1086 de¹
1179 1044 1252 1080 pacis

182 1098 263 1119 terrae
283 1087 389 1118 Scotiae
412 1085 665 1123 Perturbatoribus,
697 1083 915 1114 Conventiculas
929 1105 939 1121 ,
970 1081 1254 1125 Confoederationes,

184 1126 230 1157 seu
245 1125 472 1163 Conspirationes
491 1123 678 1163 quascumque
696 1122 862 1153 facientibus
880 1123 967 1164 nobis·
987 1120 1114 1164 constare
1136 1128 1250 1163 poterit,

187 1165 258 1203 ipsos
274 1188 283 1202 ,
306 1164 400 1194 donec
417 1175 432 1194 a
449 1163 500 1194 suis
519 1161 737 1200 praesumptLIOslS
755 1159 876 1191 audaciis
900 1159 1053 1201 destiterint
1066 1182 1076 1198 ,
1108 1158 1201 1188 modis
1217 1159 1251 1188 &

187 1204 241 1234 viis
256 1204 408 1240 omnibus,
428 1202 525 1240 quibus
533 1200 704 1238 poterimus,
723 1199 774 1237 ὃς,
792 1199 811 1229 si
826 1198 936 1229 necesse
948 1197 1047 1236 fuerit,
1065 1207 1114 1241 per
1129 1206 1251 1242 omnem

187 1241 333 1272 censuram
353 1239 575 1271 Ecclesiasticam
590 1261 600 1276 ,
616 1238 846 1276 compescemus,
862 1246 1016 1274 eorumque
1033 1245 1155 1266 nomina
1170 1235 1251 1265 dicto

188 1279 324 1314 Domino
338 1279 432 1317 Regi,
450 1277 604 1308 haeredibus
618 1276 670 1307 suis
687 1301 697 1315 ,
721 1275 766 1307 seu
782 1285 882 1306 eorum
900 1274 1040 1305 Ministris
1061 1283 1147 1313 quam
1169 1275 1252 1304 citius

187 1319 388 1349 nuntiabimus.

229 1357 337 1386 Statum
352 1357 437 1385 etiam
451 1354 574 1394 ejusdem
593 1353 719 1384 Domini
742 1351 826 1392 Regis
843 1353 873 1382 in
890 1351 943 1382 hiis
960 1352 993 1382 &
1012 1351 1069 1382 aliis
1087 1360 1254 1389 augmenta-

190 1396 285 1426 bimus
300 1396 332 1425 &
349 1394 595 1432 promovebimus,
612 1402 665 1422 nec
684 1393 836 1430 quicquam
853 1391 1007 1429 faciemus,
1024 1390 1068 1421 vel
1092 1391 1251 1427 procurabi—

193 1443 273 1471 mus,
290 1432 334 1463 seu
344 1435 418 1470 juxta
435 1432 513 1470 posle
527 1431 656 1461 nostrum
671 1430 729 1460 fieri
741 1430 949 1468 permittemus,
968 1439 1015 1467 per
1037 1428 1113 1467 quod
1131 1437 1252 1459 conten-

192 1473 275 1502 tionis
292 1472 325 1501 &
342 1470 515 1501 dissensionis
530 1470 660 1507 materia,
676 1469 721 1499 seu
735 1468 898 1499 turbationis
916 1467 1048 1505 scintilla,
1065 1468 1136 1497 inter
1153 1467 1252 1504 praefa-

191 1518 252 1540 tum
271 1509 436 1539 Dominum
451 1509 565 1544 Regem
584 1507 746 1545 incolasque
763 1506 860 1544 Regni
875 1506 1008 1544 Angliae,
1023 1505 1252 1537 &GentesTer-

190 1558 229 1578 rae
245 1548 349 1578 Scotiae
363 1547 566 1586 quascumque,
587 1545 802 1583 quomodolibet
815 1544 900 1575 valeat
915 1544 1040 1574 suboriri.

230 1586 275 1617 Ad
291 1597 355 1624 quae
369 1587 470 1617 omnia
484 1586 516 1616 &
529 1584 634 1621 singula
649 1583 762 1614 fideliter
776 1583 903 1613 facienda
917 1584 950 1613 &
965 1582 1135 1613 observanda
1145 1605 1155 1621 ,
1168 1582 1253 1621 spon-

192 1625 273 1655 tanea
287 1625 485 1662 voluntate,&
495 1633 554 1653 non
570 1622 772 1660 coadhiffuper
787 1632 888 1659 corpus
904 1621 1028 1651 Domini
1041 1621 1253 1660 consecratum,

192 1664 226 1694 δε
242 1662 370 1693 Crucem
388 1662 419 1693 G
430 1671 452 1692 N
463 1672 483 1692 A
495 1672 512 1692 Υ
523 1671 591 1700 ΤΗ,
609 1661 742 1699 vastisque
765 1660 965 1698 Sacroianctis,
983 1660 1128 1698 corporale
1146 1659 1255 1698 praesti-

190 1703 275 1735 timus
284 1701 495 1740 Juramentum,
513 1698 623 1738 fideque
645 1699 738 1730 media
752 1699 921 1736 obligamur.

233 1740 279 1771 Ad
296 1741 360 1770 haec
375 1740 583 1778 promittimus,
600 1738 649 1769 sub
663 1738 759 1768 debito
774 1736 897 1776 ejusdem
911 1737 1062 1775 juramenti
1096 1737 1172 1775 quod
1188 1735 1256 1767 fines

192 1777 377 1816 Episcopatus
391 1778 606 1815 Dunclmeniis,
624 1787 691 1815 quos
706 1776 782 1806 idem
797 1775 943 1806 Dominus
959 1774 1051 1805 noster
1067 1759 1146 1814 Rex,
1163 1775 1197 1806 ad
1211 1777 1256 1805 in-

192 1817 414 1855 terpellationem
430 1816 554 1846 nostram
579 1815 745 1852 instantem,
764 1824 814 1852 pro
839 1813 919 1844 mora
943 1813 1039 1843 nostra
1058 1814 1091 1844 ad
1110 1813 1199 1844 nostri
1213 1814 1255 1844 se—

193 1857 341 1885 curitatem
359 1854 514 1892 conceffii,
533 1855 587 1884 {ine
602 1853 714 1884 licentia
730 1853 852 1891 ejusdem
868 1851 995 1882 Domini
1017 1851 1107 1890 Regis
1126 1852 1253 1893 speciali,

195 1894 316 1923 minime
328 1893 566 1931 transgrediemur.

194 1931 265 2002 fid*sn
287 1933 365 1970 cujus
388 1933 427 1963 rei
449 1931 646 1963 testimonium
670 1929 790 1969 sigillum
815 1929 945 1961 nostrum
971 1928 1148 1969 praesentibus
1166 1939 1255 1969 appo-

224 1980 305 2001 imus.

1291 343 1340 370 per
1354 333 1436 363 donis
1452 334 1485 364 ὃ(
1500 335 1662 364 muneribus
1680 335 1770 364 allexit
1791 334 1968 372 magnificis,
1987 334 2093 373 semper
2114 336 2272 367 commoda
2292 342 2370 374 pro-·

1288 372 1395 401 cui-avit
1406 371 1545 413 ipsorum,
1563 373 1595 403 ὃς
1613 373 1686 403 auxit
1704 372 1805 403 statum
1824 373 1978 410 condignis
1994 373 2027 404 &
2044 373 2155 404 utilibus
2170 374 2361 405 incrementis.

1323 409 1391 439 Nec
1420 409 1486 440 illud
1512 410 1643 441 volumus
1667 410 1716 441 sub
1737 411 1842 441 silentio
1867 413 2027 450 praeterire,
2046 412 2126 450 quod
2150 411 2267 444 Batones
2287 412 2355 451 ipsi,

1287 446 1456 484 persistentes
1476 449 1505 477 in
1528 449 1608 486 ipsius
1626 449 1716 486 Regis
1738 449 1868 480 fidelitate
1886 449 2044 480 constanter
2059 473 2069 489 ,
2095 450 2279 482 indesinenter
2296 454 2355 490 ejus

1290 486 1425 516 mandatis
1436 486 1469 516 &
1484 487 1666 524 beneplacitis
1682 488 1868 526 adhaeserunt,
1885 488 1918 518 δε
1935 489 1963 517 in
1986 487 2194 527 quibuscunque
2211 490 2262 521 suis
2282 490 2354 522 locis

1289 524 1322 554 ὃ(
1337 526 1412 554 terris
1427 526 1515 555 estitit
1526 535 1544 555 o
1565 534 1715 564 ortunum,
1732 536 1784 564 pro
1796 526 1955 557 defensione
1968 526 2057 564 Regii
2071 529 2195 558 nominis
2209 529 2242 559 &
2257 528 2351 560 Coro-

1288 572 1350 599 nae,
1367 562 1393 593 se
1408 572 1521 593 murum
1553 564 1697 594 efenlionis
1711 564 1826 594 viriliter
1840 564 2120 603 opponentes,multa
2135 565 2245 598 fuerunt
2256 577 2354 606 exper-

1289 601 1310 630 ti
1324 600 1461 639 pericula,
1477 601 1617 640 multaque
1629 602 1769 640 dispendia
1780 603 1926 635 subierunt.

1327 639 1424 707 Qs'are
1444 639 1689 679 Magnificentiam
1710 640 1835 678 Regiam
1856 651 1990 679 rogamus
2026 641 2060 673 &
2075 642 2218 674 hortamur
2233 644 2263 674 in
2282 645 2354 676 Filio

1288 675 1347 707 Dei
1361 717 1364 721 Ι
1387 678 1464 721 atris,
1484 679 1609 716 quatinus
1625 679 1761 717 praemissa
1775 679 1846 710 infra
1859 679 1973 710 claustra
1987 665 2077 718 liegii
2096 682 2217 719 pectoris
2234 682 2353 715 sollicita

1290 716 1472 747 meditatione
1491 716 1654 755 discutiens,
1672 718 1704 748 &
1725 719 1827 748 attente
1846 718 2020 749 considerans
2033 742 2043 757 ,
2068 722 2164 758 quanti
2183 721 2298 752 honoris
2315 724 2349 754 &

1289 753 1458 793 commodi,
1472 755 1524 785 tibi
1542 756 1574 786 δε
1597 755 1725 793 Regnis,
1743 766 1775 786 ac
1795 758 1871 786 terris
1886 758 1954 795 tuis,
1972 767 2005 787 ex
2020 758 2178 795 hujusmodi
2191 758 2349 792 reformati·

1288 802 1343 821 one
1358 794 1446 831 pacis,
1464 792 1570 824 fruc'tus
1577 794 1891 832 advenient3quantisve
1906 795 2126 833 pei-discordiam
2142 808 2350 839 memoratam,

1288 831 1337 859 nisi
1355 832 1431 868 pacis
1446 831 1569 869 ejusdem
1579 855 1588 870 ,
1606 832 1674 862 Deo
1689 834 1828 871 propitio,
1846 832 2005 864 reformatio
2019 834 2145 865 celeriter
2158 836 2348 878 subsequatur,

1289 876 1315 898 te
1337 878 1370 899 ac
1393 877 1473 900 terras
1493 870 1618 908 praefatas
1639 880 1761 908 expones
1780 871 1906 908 periculis
1926 895 1936 910 ,
1963 873 2101 910 quantisve
2123 885 2152 904 tu
2172 875 2351 913 dispendiosis

1288 908 1434 937 eventibus
1446 908 1615 947 subjacebis,
1629 909 1741 939 eosdem
1754 909 1871 940 Barones
1885 920 1939 948 pro
1951 911 2041 941 divini
2055 913 2179 942 nominis
2193 915 2300 954 glorifi,
2316 916 2351 947 ὃς

1290 944 1465 982 Apostolicae
1476 947 1560 985 sedis,
1579 957 1612 978 ac
1629 947 1726 978 nostra
1740 949 2010 988 reverentia,tuique
2024 949 2107 979 status
2120 951 2277 986 &honoris
2283 963 2354 992 aug-

1290 992 1404 1023 mento,
1422 985 1454 1015 ad
1469 986 1609 1023 amplexus
1623 986 1758 1022 benignae
1770 987 2006 1018 reconciliationis
2020 988 2164 1027 admittas,
2182 990 2216 1020 &
2232 1001 2300 1022 curn
2314 994 2353 1024 eis

1289 1032 1391 1059 pacem
1405 1023 1563 1061 hujusmodi
1579 1034 1638 1054 non
1650 1024 1760 1054 differas
1774 1024 1933 1056 reformare.

1293 1099 1297 1103 ῃ
1325 1061 1355 1091 Si
1377 1072 1460 1101 vero,
1476 1062 1551 1101 quod
1574 1063 1657 1102 abiit,
1675 1063 1832 1101 hujusmodi
1854 1064 2056 1095 turbationibus
2073 1074 2133 1095 nori
2154 1066 2245 1104 posses
2265 1067 2353 1100 finem

1290 1109 1437 1138 imponere
1451 1111 1499 1139 per
1513 1101 1648 1140 teipsum,
1665 1102 1698 1132 &
1714 1111 1765 1140 pax
1778 1102 1936 1141 hujusmodi
1950 1113 2009 1133 non
2024 1103 2125 1134 valeret
2138 1114 2173 1135 ex
2187 1106 2239 1136 tuis
2253 1117 2352 1145 opera-

1290 1138 1411 1170 tionibus
1425 1141 1589 1179 provenire,
1606 1150 1658 1170 nos
1668 1140 1785 1171 libenter
1801 1140 1982 1172 ministerium
1999 1141 2172 1179 Apostolicae
2193 1144 2359 1177 sollicitudi-

1291 1177 1333 1206 nis
1348 1187 1533 1216 apponemuS,
1554 1189 1644 1217 neque
1658 1178 1717 1210 ullis
1729 1189 1875 1217 parcemus
1885 1179 2039 1219 laboribus,
2057 1191 2109 1219 pro
2126 1182 2355 1219 hujusmodiam-

1291 1217 1432 1252 putatione
1446 1217 1608 1256 discordiae,
1626 1228 1678 1248 nec
1695 1219 1817 1256 quietem
1833 1219 1939 1256 animi,
1957 1228 2093 1256 quantum
2106 1221 2188 1250 nobis
2209 1224 2355 1259 permitte-

1291 1261 1334 1283 tur
1346 1254 1479 1297 desuper,
1497 1257 1657 1296 capiemus,
1682 1265 1712 1287 nt
1731 1257 1800 1295 tibi,
1820 1255 1994 1296 Regnisque,
2012 1267 2044 1288 ac
2067 1259 2142 1288 terris
2164 1260 2216 1290 tuis
2230 1261 2352 1300 ejusdem

1289 1301 1365 1330 pacis
1378 1294 1482 1325 claritas
1495 1295 1637 1325 elucescat.

1328 1330 1375 1361 Sic
1395 1333 1478 1372 igitur
1500 1333 1678 1372 beneplacitis
1699 1332 1870 1371 Apostolicis
1884 1334 1914 1364 in
1928 1333 1984 1364 hac
1998 1343 2074 1372 pai-te
2087 1342 2166 1367 tuum
2180 1337 2299 1369 inclines
2311 1349 2354 1370 re-

1290 1378 1413 1401 verenter
1424 1371 1567 1410 auditum,
1584 1372 1621 1402 iic
1637 1371 1772 1402 ferventer
1794 1371 1828 1402 ad
1850 1372 2080 1403 reformationem
2101 1376 2176 1412 pacis
2195 1376 2356 1415 hujusmodi

1291 1417 1436 1439 convertas
1454 1409 1586 1441 desideria
1604 1411 1704 1441 mentis
1726 1418 1798 1449 tuae,
1816 1410 1891 1449 quod
1912 1411 1982 1442 illius
2003 1419 2094 1448 gratus
2113 1412 2229 1445 efferitus
2244 1438 2253 1454 ,
2269 1426 2354 1454 quem

1291 1445 1503 1490 desiderabiliter
1513 1449 1707 1487 expeffitamus,
1724 1448 1812 1479 nostri
1826 1449 2105 1489 pediorisintima,ex
2121 1451 2242 1489 praefatae
2250 1453 2357 1485 discor-

1290 1484 1347 1528 diae
1361 1487 1558 1518 amaricatione
1572 1489 1696 1525 turbata,
1714 1487 1872 1518 delectabili
1881 1487 2056 1526 jocunditate
2072 1488 2192 1528 reficiat,
2211 1499 2298 1531 tuque
2318 1494 2355 1523 ab

1290 1523 1339 1553 illo
1347 1546 1358 1561 ,
1377 1526 1423 1562 qui
1440 1527 1514 1563 pacis
1529 1525 1569 1556 est
1585 1535 1692 1556 amator
1702 1526 1735 1556 ὃ(
1749 1526 1863 1563 αυέὶοῐ,
1881 1526 2068 1557 retributionis
2083 1536 2193 1559 aeternae
2206 1532 2355 1567 praemium

1289 1561 1483 1630 lconsequaris,
1509 1574 1542 1595 ac
1563 1574 1670 1595 nornen
1693 1563 1825 1602 Regium
1850 1566 1981 1595 humanae
2007 1565 2092 1596 laudis
2108 1570 2258 1605 praeconiis
2275 1570 2358 1600 attol-

1299 1609 1364 1631 atur.

1326 1639 1425 1683 Ecce!
1451 1640 1560 1682 insuper
1583 1641 1660 1680 quod
1686 1641 1884 1673 Venerabilem
1903 1642 2026 1673 Fratrem
2052 1642 2178 1675 nostrum
2201 1645 2357 1678 Arnaldum

1292 1676 1466 1717 Episcopum
1483 1679 1670 1711 pictavensem
1680 1703 1689 1718 ,
1707 1681 1818 1711 honoris
1831 1680 1919 1718 Regii
1935 1680 2258 1722 fervidumizelatorem,
2275 1694 2359 1724 utpo-

1290 1724 1318 1746 te
1336 1718 1383 1760 qui
1400 1721 1436 1748 de
1454 1717 1567 1749 Ducatu
1585 1728 1633 1749 tuo
1650 1721 1728 1750 traxit
1744 1719 1949 1758 originem,ad
1965 1729 1992 1750 te
2006 1720 2134 1751 duximus
2146 1720 2360 1763 destinandum,

1294 1765 1342 1793 qui
1355 1755 1432 1794 super
1454 1757 1599 1795 praemiisis
1613 1759 1664 1788 tibi
1681 1757 1801 1788 nostram
1816 1759 1917 1795 aperiet
1931 1758 2113 1789 voluntatem.

1332 1793 1380 1825 Tu
1395 1805 1462 1825 vero
1476 1805 1525 1833 ea,
1543 1806 1606 1834 quae
1620 1797 1696 1834 super
1711 1796 1852 1834 praeditstis
1867 1796 1975 1827 ibidem
1992 1795 2145 1835 Episcopus
2159 1798 2211 1828 tibi
2226 1808 2259 1829 ex
2280 1808 2359 1837 parte

1292 1832 1388 1863 nostra
1399 1833 1532 1872 retulerit,
1553 1834 1736 1865 indubitanter
1750 1835 1881 1874 credere,
1898 1835 1932 1866 &
1945 1834 2097 1866 efficaciter
2116 1835 2270 1875 adimplere
2292 1848 2360 1876 pro-

1295 1880 1392 1909 cures,
1409 1871 1602 1916 Rescripturus
1624 1874 1706 1904 nobis
1727 1883 1775 1911 per
1799 1873 1886 1912 ipsum
1902 1897 1928 1918 ,θ
1938 1873 1971 1904 &
1986 1873 2085 1905 litteras
2097 1881 2154 1905 tuas
2170 1875 2204 1905 ad
2218 1885 2268 1906 nos
2283 1876 2361 1907 defe-

1293 1909 1405 1978 reigidas,
1423 1911 1558 1950 quicquid
1574 1911 1652 1950 super
1669 1912 1814 1950 praemissis
1831 1912 1937 1943 duxeris
1953 1911 2134 1953 faciendum,
2151 1913 2184 1945 &
2197 1914 2297 1945 videris
2311 1924 2361 1946 ex-

1292 1957 1327 1986 pe
1348 1958 1395 1979 ire.

226 2047 293 2078 Dat.
311 2047 383 2086 apud
400 2047 615 2087 Nox-hammon.
637 2058 681 2080 11.
695 2047 740 2079 die
754 2047 856 2079 mens-IS
871 2046 1000 2086 Augusti·
1331 2024 1398 2057 Dat.
1416 2025 1554 2066 Pie‘tavis,
1575 2037 1601 2068 3.
1618 2026 1680 2059 Idus
1698 2027 1836 2066 Augusti,
1855 2026 2037 2059 Pontificatas
2049 2027 2137 2059 nostri
2152 2039 2227 2061 anno
2238 2031 2329 2062 tertio.

1962 2105 2015 2136 Sub
2022 2104 2085 2146 filis
2103 2106 2236 2137 canabeis.

197 2182 255 2217 Ad
281 2186 388 2230 Regem
410 2209 420 2226 ‚
443 2193 498 2229 pro
529 2182 691 2216 Concordia
715 2195 784 2215 cum
806 2180 970 2215 Baronibus
991 2180 1126 2215 habenda
1144 2210 1155 2226 ,
1186 2182 1256 2217 hor-

648 2242 770 2264 tatorza.

1292 2234 1352 2265 Pro
1376 2229 1531 2278 Raa'nlpho
1552 2230 1589 2265 de
1612 2235 1722 2266 Monte
1740 2234 1902 2325 ῗενῖενίί
1919 2253 1929 2270 ‚
1965 2231 2002 2264 de
2024 2226 2145 2264 licentia
2163 2231 2300 2281 fugandi
2323 2237 2355 2267 in

1763 2292 1810 2312 ore
1834 2291 1867 2313 15·

1295 2365 1413 2423 REX
1430 2367 1565 2397 omnibus
1601 2365 1635 2396 ad
1652 2375 1736 2404 quos,
1754 2365 1815 2396 &c.
1832 2363 1953 2396 salutem.

1387 2405 1484 2436 Sciatis
1500 2407 1559 2444 quo
1592 2427 1602 2442 ,
1618 2404 1655 2434 de
1670 2404 1757 2444 gratia
1778 2403 1870 2434 nostra
1886 2403 1995 2442 speciali
2010 2427 2020 2444 ,
2046 2406 2233 2438 conceffimus
2250 2405 2357 2438 dileeto
2376 2396 2450 2428 Ann-
2461 2396 2503 2428 D·

1294 2441 1328 2486 ᾃ
1346 2442 1420 2474 fideli
1441 2443 1554 2482 nostro,
1573 2441 1728 2480 Radulpho
1747 2442 1782 2473 de
1803 2442 1908 2473 Monte
1927 2442 2083 2483 Hermerii,
2101 2445 2176 2483 quod
2195 2445 2265 2484 ipse,
2287 2455 2357 2483 quo·
2402 2437 2486 2476 ¹303·

1292 2482 1429 2527 tienscum
1449 2492 1501 2521 ue,
1518 2482 1551 2513 &
1572 2481 1794 2548 quandocunpue
1816 2491 1863 2520 per
1879 2480 1993 2525 forestas
2004 2504 2014 2521 ,
2030 2481 2075 2513 seu
2097 2483 2213 2515 chaceas
2231 2482 2336 2514 nostras
2347 2506 2359 2523 2
2370 2478 2429 2540 ἓίνι.2
2443 2486 2469 2503 2.

1294 2528 1613 2590 tarsncsffdemresdsgssis
1622 2528 1811 2596 ςὲἒῗὴὲἑὲῗεζ
1823 2519 2033 2599 t{1:³³3siteglitii'itate
2043 2541 2108 2598 sus,
2127 2559 2221 2600 fugare
2239 2560 2272 2591 &
2289 2559 2358 2591 feras
2373 2555 2430 2580 Par.
2452 2561 2480 2579 2·
2510 2570 2512 2572 ’

1294 2607 1408 2642 capere,
1424 2598 1459 2643 ᾅτ.
1471 2596 1718 2641 αΐροηειῐςροῐῐῖξὲ
1736 2596 1791 2641 fine
1808 2597 1972 2641 occasione,
1992 2597 2036 2628 vel
2048 2598 2252 2642 impedimento
2268 2599 2355 2630 nostri
2373 2594 2402 2617 E.
2418 2599 2444 2617 2·
2459 2597 2486 2627 P·

1292 2636 1441 2675 Justiciarii
1477 2636 1637 2674 Forestaru,
1658 2634 1807 2673 Viridarii,
1821 2644 1867 2666 aut
1886 2635 2004 2667 aliorum
2026 2635 2227 2669 Ministrorum
2247 2637 2357 2668 nostro-
2374 2638 2400 2656 ²·
2413 2637 2507 2667 m·²4·

1293 2684 1355 2705 rurn
1372 2658 1489 2719 Foresiae
1504 2684 1745 2718 quorumcunque.
1770 2713 1776 2718 .
1914 2712 1920 2718 θ

1330 2712 1364 2744 In
1376 2722 1468 2753 quuS,
1484 2714 1544 2745 &c.
1563 2712 1697 2751 quamdiu
1708 2713 1789 2742 nobis
1802 2711 1934 2750 placuerit
1945 2710 2094 2744 duraturas.

46 2315 122 2346 Ann.
139 2313 180 2345 D.

75 2355 160 2385 1228.

47 2396 88 2420 Ar.
100 2390 137 2421 a2..

45 2434 78 2458 E.
97 2440 123 2458 2.

46 2472 87 2496 Ex
95 2472 149 2498 Au-

45 2512 108 2545 togr.

197 2317 261 2392 C
271 2317 389 2348 Lemens
404 2317 508 2356 Episco
528 2328 558 2349 us
571 2318 661 2349 servus
677 2317 821 2348 servorum
838 2316 911 2354 Dei,
930 2316 1081 2348 Carissimo
1095 2318 1124 2348 in
1140 2318 1255 2350 Christo

280 2357 349 2387 Filio
364 2356 495 2388 Edvardo
540 2358 587 2394 egi
609 2356 721 2394 Angliae
739 2355 855 2394 illustri,
871 2355 983 2386 salutem
1005 2357 1037 2386 δε
1059 2357 1256 2394 Apostolicam

190 2394 427 2426 benediffionem.

234 2432 320 2464 Zelus
334 2433 460 2464 comedit
479 2443 548 2472 nos,
568 2433 619 2463 Fili
643 2432 806 2470 Carissime,
825 2432 930 2463 inclitae
948 2432 1054 2463 domus
1071 2442 1142 2471 tuae,
1159 2435 1192 2466 ὃ(
1208 2445 1257 2474 pa-

201 2479 279 2503 terna
291 2472 420 2511 dileetio,
438 2472 493 2510 qua
507 2480 534 2503 te
549 2473 616 2502 inter
631 2480 746 2502 caeteros
764 2471 858 2507 Reges
872 2472 905 2502 &
921 2470 1067 2512 Principes
1080 2472 1167 2503 Orbis
1178 2482 1257 2505 terrae

200 2508 365 2541 Catholicos
383 2511 516 2542 sincerius
529 2511 652 2547 gerimus
665 2512 695 2540 in
711 2509 857 2540 visceribus
881 2511 1014 2548 caritatis,
1031 2510 1114 2548 pullat
1128 2512 1255 2543 hostium

196 2549 289 2579 cordis
305 2549 406 2588 nostri,
423 2550 513 2580 animi
526 2550 598 2579 vires
608 2547 725 2579 solicitat
738 2548 902 2586 vigilanter,
920 2549 953 2579 &
967 2548 1071 2579 nostrae
1090 2551 1192 2581 mentis
1208 2560 1257 2582 ex-

195 2588 263 2618 citat
284 2589 438 2626 cogitatus,
454 2588 530 2626 quod
553 2587 589 2621 de
611 2586 648 2617 sui
668 2586 752 2618 status
773 2586 947 2624 prosperitate
968 2587 1108 2624 pensantes
1131 2588 1236 2620 assidue

195 2625 378 2656 indesinenter
392 2626 493 2657 nostrae
504 2625 693 2656 sollicitudinis
708 2625 796 2656 studia
811 2634 1024 2663 convertamuS,
1042 2635 1072 2656 ut
1086 2626 1187 2658 domus
1201 2613 1256 2665 ips}

196 2664 329 2702 prosperis
344 2665 449 2702 semper
460 2664 586 2695 fulciatur
600 2664 760 2702 eventibus,
779 2665 851 2701 pacis
864 2662 976 2694 affiduae
999 2665 1120 2694 ubertate
1135 2665 1255 2705 laetetur,

194 2703 289 2738 vigeat
310 2704 487 2734 incrementis
506 2702 679 2740 magnificis,
695 2703 728 2733 &
751 2703 858 2733 eximiis
880 2702 1034 2732 honoribus
1053 2703 1204 2742 attollatur,
1221 2705 1255 2736 &

195 2740 293 2771 nullius
311 2742 339 2770 iri
357 2741 448 2772 domo
474 2741 535 2779 ipsa
557 2741 707 2772 succrescat
727 2740 864 2771 vastabilis
877 2740 971 2770 herbae
988 2742 1170 2780 contagium,
1190 2753 1254 2781 quae

194 2778 288 2809 semen
307 2779 478 2810 dissensionis
497 2779 649 2817 producere
666 2779 751 2810 valeat
765 2801 775 2818 ,
800 2786 845 2809 aut
867 2778 1057 2809 amaritudinis
1069 2779 1191 2821 fruetus,
1210 2781 1255 2812 vel

195 2819 361 2848 nocumenti
374 2819 518 2856 cujussibet
529 2819 557 2848 in
572 2818 682 2849 eidem.

230 2855 361 2887 Romana
377 2857 489 2895 quidem
501 2855 639 2895 Ecclesia,
658 2855 753 2887 Mater
765 2864 827 2894 tua,
844 2855 963 2886 domum
978 2855 1081 2894 ipsam,
1099 2858 1173 2888 velut
1192 2858 1257 2889 Fili-

196 2902 244 2923 am
259 2894 446 2931 praedilecsam
463 2894 568 2933 semper
583 2894 636 2925 fide
657 2895 818 2933 praeclaram
842 2895 963 2932 invenit,
980 2895 1138 2926 devotionis
1157 2899 1257 2936 reperit

197 2932 352 2974 integritate
365 2933 562 2972 conspicuam,
582 2933 615 2964 &
628 2934 677 2964 sibi
691 2941 801 2971 gratam
814 2932 847 2963 &
863 2942 1008 2970 acceptam
1024 2935 1167 2971 cognovit
1184 2936 1258 2966 mul-

197 2969 337 3006 tiplicibus
350 2973 494 3002 virtutibus
507 2973 682 3002 meritorum.

238 3006 279 3050 Ex
292 3009 342 3038 hiis
362 3011 456 3048 enim,
474 3020 536 3048 quae
551 3011 579 3040 in
599 3011 723 3040 Sacrario
739 3009 859 3048 pectoris
880 3009 1000 3048 ejusdem
1016 3010 1165 3049 Ecclefiae,
1184 3013 1259 3044 velut

197 3043 339 3083 Scriptum
353 3057 501 3086 perempne
515 3071 525 3085 ,
548 3048 694 3079 recondita
708 3048 903 3079 conservantur
915 3071 925 3086 ,
943 3050 1093 3086 provenire
1113 3049 1258 3087 dignosci-

197 3090 240 3114 tur
253 3084 328 3122 quod
343 3094 385 3123 te,
402 3094 484 3116 tantae
499 3087 531 3117 ὅ(
546 3094 604 3117 tam
617 3086 777 3118 benedictae
792 3086 895 3116 domus
910 3096 1027 3124 germen
1041 3089 1209 3127 egregium,
1229 3091 1259 3121 in

201 3123 298 3152 medio
311 3124 434 3161 pe&oris
446 3124 600 3161 Apostolici
615 3127 738 3162 gerimus
754 3125 967 3163 praediletstum,
986 3126 1018 3156 δε
1034 3126 1175 3163 personam
1184 3136 1259 3159 tuam

200 3160 318 3192 affiduae
336 3163 438 3192 mentis
456 3163 608 3193 obtuitibus
621 3165 763 3194 intuemur
779 3186 789 3202 ,
806 3163 839 3194 ad
863 3171 918 3194 tuae
939 3174 972 3194 ac
995 3163 1093 3201 Regni
1111 3165 1169 3203 tui,
1185 3166 1260 3197 velut

196 3199 374 3267 terriedipsius
388 3201 545 3239 peculiaris,
563 3200 693 3232 Ecclesiae
705 3202 861 3240 paternis&
870 3202 990 3233 sollicitis
1004 3202 1100 3233 studiis
1111 3204 1259 3235 cumulum

200 3247 276 3268 inten
297 3246 381 3269 entes.

231 3276 305 3306 Sane
323 3276 426 3307 auditui
443 3277 531 3307 nostri
548 3276 741 3316 Apostolatiis,
759 3287 817 3308 tam
831 3288 879 3318 per
895 3277 993 3309 litteras
1014 3288 1088 3317 tuas,
1102 3289 1185 3318 quam
1200 3280 1261 3311 alias

197 3313 335 3354 innotuit,
353 3316 428 3354 quod
445 3315 524 3346 hoste
542 3317 633 3353 pacis,
658 3317 753 3346 Satore
770 3316 931 3355 discordiae,
955 3316 1091 3355 Regnum
1109 3327 1188 3348 tuum
1209 3318 1262 3349 suae

201 3352 327 3383 versutiae
346 3354 449 3384 malleis
466 3356 635 3394 impetente,
654 3354 686 3384 &
712 3355 742 3383 in
761 3355 819 3391 ipso
837 3356 968 3392 nequitiae
985 3356 1071 3386 solitae
1087 3355 1261 3387 diffundente

200 3399 323 3457 vegenti,
339 3392 374 3422 ad
392 3402 507 3429 gravem
525 3402 590 3423 cum
609 3392 689 3430 ipsius
707 3391 804 3429 Regni
822 3391 975 3424 Baroiiibus
992 3394 1159 3425 discordiam
1176 3394 1261 3425 deve-

201 3438 230 3457 m
257 3439 274 3458 1.

237 3465 281 3510 Ex
297 3478 353 3506 quo
365 3477 445 3499 tanto
460 3470 600 3506 graviores
613 3470 789 3507 percepimus
806 3491 815 3506 ,
842 3468 874 3498 &
894 3468 1022 3500 sentimus
1036 3473 1064 3501 in
1080 3472 1177 3502 animo
1191 3481 1261 3509 pun—

202 3503 327 3547 (stiones,
347 3515 423 3537 tanto
444 3517 477 3537 ue
493 3509 601 3537 ma'oris
616 3508 817 3538 amaricationis
832 3507 929 3538 eflusio
940 3508 1041 3539 intima
1063 3509 1155 3540 nostra
1168 3509 1263 3547 perfu—

201 3542 246 3571 dit
253 3565 262 3580 ,
280 3553 383 3580 quanto
396 3545 432 3575 de
441 3518 584 3576 etstabisius
597 3547 625 3575 in
641 3546 688 3576 tu'a
703 3547 793 3584 quiete
805 3545 984 3583 quiescimus,
993 3547 1025 3577 &1
1035 3557 1139 3585 quanto
1150 3555 1261 3578 tuorum

1334 2767 1431 2821 Teste.
1449 2788 1534 2829 Rege
1550 2788 1623 2829 apud
1638 2788 1861 2828 Northampton.
1882 2798 1924 2820 ii.
1940 2788 1987 2819 die
2000 2788 2129 2827 Augusti.

2038 2867 2092 2896 Per
2110 2864 2194 2906 ipfitm
2212 2868 2316 2905 Regem.

1296 2993 1385 3027 Bulla
1402 3005 1464 3040 qua
1474 2974 1771 3074 ‘Inquiſstoresfiapez
1783 2994 1907 3039 Negotia
1923 2993 2161 3039 Templariorum
2177 2992 2358 3040 affignantur
2376 2980 2458 3046 ⁰¹¹3:

1687 3046 1723 3080 (9⁶
1769 3051 1939 3087 eputantnr.

1369 3127 1492 3158 Lemens
1508 3127 1661 3166 Episcopus
1671 3150 1681 3166 ,
1704 3126 1792 3157 servus
1808 3126 1950 3158 servorum
1968 3126 2048 3164 Dei,
2073 3126 2283 3157 Venerabilibus
2295 3126 2358 3157 Fra·
2373 3131 2447 3162 Ann.
2463 3131 2504 3163 D.

1298 3133 1359 3197 C
1379 3167 1479 3204 tribus,
1500 3166 1725 3204 Archiepiscopo
1740 3164 1948 3205 Cantuariensi,
1964 3165 1997 3196 &
2011 3164 2061 3195 suis
2075 3163 2274 3204 Suffiaganeis,
2291 3165 2357 3196 salu-
2394 3171 2478 3210 1308,

1298 3213 1356 3235 tem
1372 3205 1404 3235 &
1421 3203 1615 3242 Apostolicam
1632 3203 1869 3234 benedic‘tionem.
2370 3212 2424 3236 An.
2442 3219 2469 3236 2.

1338 3243 1450 3272 Faciens
1464 3242 1681 3273 misericordiam
1700 3251 1768 3272 cum
1791 3241 1869 3273 servo
1885 3241 1933 3272 suo
1949 3241 2008 3272 Dei
2022 3240 2108 3280 filius,
2124 3240 2268 3273 Dominus
2300 3242 2357 3273 esus
2370 3251 2397 3274 E.
2409 3256 2435 3274 2.

1299 3280 1440 3319 Christus,
1457 3280 1491 3311 ad
1505 3281 1561 3310 hoc
1576 3290 1627 3310 nos
1639 3280 1726 3310 voluit
1739 3281 1767 3309 in
1782 3280 1891 3318 specula
1906 3280 2042 3310 eminenti
2055 3279 2254 3318 Apostolatsisa
2280 3282 2353 3310 umi:
2374 3290 2413 3312 Ex
2431 3286 2502 3321 Regi-

1298 3329 1329 3350 ut
1343 3328 1481 3356 gerentes,
1499 3318 1564 3348 licet
1577 3319 1725 3356 immeriti,
1744 3320 1820 3349 vices
1839 3320 1894 3357 ejus
1915 3319 1944 3348 in
1965 3319 2039 3348 terris
2053 3320 2108 3357 ,in
2126 3318 2235 3349 cunCtis
2251 3319 2358 3350 afflbus
2367 3323 2418 3359 stro

1301 3360 1333 3389 &
1350 3356 1537 3395 proceffibus,
1554 3356 1633 3394 ipsius
1650 3357 1768 3395 vestigia
1782 3379 1793 3396 ,
1810 3366 1946 3396 quantum
1964 3357 2061 3395 patitur
2078 3356 2198 3388 humana
2215 3356 2360 3398 fragilitas,
2373 3360 2495 3388 Windnl-

1297 3397 1449 3427 imitemur.
2361 3399 2404 3438 sey
2411 3399 2502 3426 inBibI.

1335 3434 1407 3464 Sane
1425 3432 1551 3472 dudum,
1565 3433 1642 3463 circa
1656 3433 1758 3464 nostrae
1775 3434 1959 3472 promotionis
1971 3432 2006 3464 ad
2020 3433 2145 3471 Apicem
2160 3432 2270 3464 Summi
2284 3432 2362 3464 Pon·
2372 3436 2465 3468 camb.

1299 3472 1418 3502 tificatsis
1430 3472 1556 3509 initium,
1573 3472 1659 3502 etiam
1671 3481 1818 3510 antequam
1841 3472 1998 3509 Lugduni,
2016 3473 2064 3503 ubi
2082 3473 2238 3509 recepimus
2257 3471 2361 3502 nostrae

1300 3510 1499 3540 Coronationis
1515 3509 1633 3547 insignia
1649 3533 1658 3548 ,
1683 3512 1842 3540 veniremus
1856 3522 1866 3548 3
1882 3511 1915 3541 &
1931 3509 1995 3548 post
2011 3512 2111 3548 etiam,
2128 3510 2187 3540 tam
2199 3510 2256 3549 ibi,
2294 3510 2359 3540 uam

1299 3549 1380 3587 alibi,
1403 3548 1503 3578 secreta
1522 3548 1699 3585 quorundam
1719 3549 1802 3578 nobis
1822 3549 1965 3579 insinuatio
1985 3549 2122 3578 intimavit
2137 3571 2147 3586 ,
2166 3547 2241 3586 quod
2298 3548 2358 3584 agi-

57 3743 76 3763 *
96 3743 150 3770 Hs.

86 3790 146 3807 100.

203 3579 386 3612 Successiium
405 3584 573 3614 sinistrorum
589 3584 704 3613 emersio
714 3606 723 3621 ,
743 3594 795 3614 nos
814 3583 908 3614 durius
921 3585 1031 3615 turbant
1046 3587 1076 3615 in
1089 3587 1211 3624 intimiS,
1228 3587 1261 3617 &

201 3619 284 3648 nobis
317 3622 418 3651 uietem
434 3623 520 3652 animi
535 3623 582 3652 vix
596 3621 750 3659 indulgent.

241 3655 296 3687 Pro
310 3657 391 3700 esto,
409 3659 586 3690 diletiissime
604 3660 669 3697 Fili,
688 3661 705 3690 fi
721 3659 892 3696 Magnitudo
907 3668 953 3690 tua
970 3662 1116 3698 prudenter
1136 3661 1263 3692 conside-

204 3702 262 3732 rat,
279 3696 312 3726 &
328 3696 438 3727 diicutit
453 3698 616 3737 diligenter,
633 3699 686 3727 ribi

206 3735 302 3763 omnia
325 3735 353 3763 in
375 3745 441 3771 pace
464 3736 647 3766 concrescunt
668 3759 678 3774 ,

208 3772 222 3784 *
244 3771 371 3809 quodque
386 3772 405 3801 si
417 3772 586 3804 dissensionis
601 3775 699 3803 vitabis
713 3776 853 3804 materiam
864 3798 871 3812 ,
890 3775 999 3809 fugabis
1019 3776 1166 3806 discordias
1200 3776 1264 3807 odia

207 3809 304 3851 procul
316 3810 460 3853 pelleSQ&
479 3821 638 3848 guerrarum
651 3812 809 3849 impetuosis
822 3813 983 3850 impulsibus
994 3814 1119 3844 libellum
1135 3799 1213 3844 dabis
1220 3824 1264 3843 re-

210 3844 300 3887 pudii,
318 3856 347 3876 ln
363 3857 454 3890 terris,
473 3858 525 3879 titt·
541 3851 639 3880 ditioni
651 3850 923 3888 subjectis,gratiam
938 3852 989 3881 tibi
1004 3852 1164 3882 vendicabis
1182 3852 1263 3882 Altis-

209 3885 287 3919 limi,
299 3883 337 3912 ,δε
349 3892 388 3913 tui
404 3886 481 3916 latius
495 3887 617 3917 dilatabis
633 3888 756 3919 culmina
769 3887 961 3927 Principatsis,
978 3890 997 3920 fi
1011 3892 1085 3927 pacis
1107 3889 1263 3928 quaesiveris

210 3921 389 3964 commoda,
407 3924 439 3953 ὃς
457 3926 582 3963 quaesita,
599 3935 649 3963 pro
662 3926 752 3955 divini
765 3927 888 3956 nominis
897 3926 1000 3965 gloria,
1014 3928 1188 3966 prosequaris

236 3957 305 3989 Nec
318 3958 434 3998 indigne
441 3969 516 3992 tuam
529 3972 639 4001 oportet
647 3963 845 3997 Celsitudinem
859 3966 990 3997 tenaciter
998 3966 1099 3998 habere
1111 3965 1264 4005 memoria,

702 3699 859 3767 &tentibus
880 3701 1021 3736 apparebit
1042 3700 1167 3738 indiciis,
1184 3700 1263 3739 quod

754 3738 848 3767 omnia
869 3738 898 3766 in
916 3737 1055 3768 discordia
1081 3738 1238 3769 dilabuntur
1251 3761 1261 3776 ,

1301 3586 1370 3624 ster,
1386 3585 1589 3623 Praeceptores,
1607 3587 1639 3616 &
1653 3586 1698 3615 alii
1714 3586 1815 3617 Fratres
1830 3586 1944 3617 Ordinis
1962 3585 2078 3617 Militiae
2091 3586 2209 3624 Templi
2219 3585 2355 3626 Jerosoly-

1302 3626 1400 3655 mitani
1435 3626 1468 3655 ὃς
1481 3625 1567 3654 etiam
1582 3623 1637 3661 ipse
1648 3623 1731 3655 Ordo
1751 3626 1828 3663 (qui,
1845 3624 1879 3655 ad
1893 3624 2083 3655 defensionem
2095 3623 2265 3655 Patrirnonii
2285 3623 2354 3661 ejus-

1300 3662 1368 3692 dem
1390 3647 1510 3693 Domini
1528 3662 1613 3692 nostri
1632 3662 1693 3701 Jesu
1715 3662 1839 3702 Christi,
1856 3663 1963 3693 fuerant
1981 3663 2010 3692 in
2031 3662 2216 3694 transmarinis
2233 3662 2352 3700 partibus

1300 3701 1432 3739 deputati)
1454 3707 1551 3730 contra
1564 3701 1653 3738 ipsum
1676 3701 1855 3740 Dominum,
1872 3710 1884 3731 1
1895 3710 1917 3731 Ν
1934 3701 1953 3731 S
1962 3710 1978 3730 c
1986 3710 2004 3731 Ε
2014 3708 2035 3730 1..
2043 3709 2066 3731 υ
2078 3711 2090 3732 s
2110 3701 2161 3730 ΑΡ
2170 3710 2190 3729 o
2200 3709 2212 3730 s
2220 3707 2269 3729 TA
2281 3708 2293 3729 s
2302 3709 2313 3729 1
2325 3708 2356 3730 AF.

1303 3746 1532 3769 NEPHANDU
1544 3746 1589 3776 M,
1609 3748 1713 3769 Deris
1725 3748 1902 3770 STABILE
1923 3739 2233 3769 IDoLOLATRne
2249 3746 2358 3768 vtTi-

1302 3784 1361 3806 uixi
1377 3800 1386 3814 ,
1412 3785 1677 3807 ExacRAiiiLa
1704 3785 1883 3808 FACINUS
1903 3777 2193 3813 SonoMoRUM‚
2211 3783 2260 3806 ET
2278 3784 2356 3806 ωε,-

1302 3823 1426 3845 RESES
1446 3823 1597 3845 VARias
1615 3824 1691 3846 erant
1704 3816 1777 3853 lapsi.
1814 3831 1817 3835 ¹

1341 3853 1418 3890 Quia
1439 3855 1508 3884 vero
1529 3862 1587 3882 non
1605 3863 1660 3884 erat
1680 3854 1826 3884 verisimile
1839 3877 1850 3893 ,
1872 3863 1924 3884 nec
1941 3852 2075 3884 credibile
2090 3851 2232 3883 videbatur
2246 3874 2257 3890 ,
2276 3851 2357 3890 quod

1301 3889 1363 3920 Viri
1386 3891 1444 3921 tam
1465 3890 1583 3926 religiosi
1603 3892 1663 3930 (qui
1686 3893 1829 3930 praecipue
1849 3902 1902 3932 pro
1924 3890 2032 3921 Christi
2052 3890 2169 3920 nomine
2189 3889 2268 3920 suum
2285 3890 2358 3929 saepe

1301 3927 1462 3965 sanguinem
1481 3928 1624 3959 effundere
1632 3952 1642 3968 ,
1660 3939 1694 3961 ac
1715 3931 1841 3968 personas
1860 3930 1916 3960 suas
1937 3929 2032 3959 mortis
2049 3927 2176 3965 periculis
2198 3927 2353 3966 frequenter

1300 3975 1439 4005 exponere
1476 3967 1678 4007 credebantur,
1703 3969 1806 4007 quique
1825 3967 1910 4000 multa
1931 3967 1965 3999 &
1981 3974 2082 4004 magna
2096 3988 2106 4006 ‚
2129 3965 2189 4000 tam
2205 3965 2359 4035 inotgivinis

2294 4014 2359 4045 cm,
