2570 4261
229 132 312 172 1¹80

91 217 220 251 11111111).

95 265 207 324 155⁹?

96 338 111 352 ’
122 334 226 371 11-768·

97 910 172 943 Arm.
182 907 235 939 DJ

118 958 202 988 ¹297-

95 994 148 1019 An.
166 1000 210 1028 25.
225 999 230 1004 ⁴

95 1033 126 1056 Ε,
149 1039 172 1056 ι,

95 1071 151 1095 Rot.
166 1066 226 1094 Ale-

95 1115 167 1133 man.
180 1114 228 1141 25.

96 1147 126 1170 E.
140 1154 206 1171 Lm.

101 1190 142 1219 ¹3-
163 1182 189 1210 d.

109 2710 236 2744 AnnD.

137 2759 220 2789 1297.

106 2794 158 2818 An.
177 2799 221 2825 ²5·

107 2833 138 2856 Ε.
165 2839 187 2855 1.

105 2870 165 2895 rat.
177 2874 221 2901 ²5-

107 2909 136 2934 Σ.
154 2914 176 2932 1.
194 2912 218 2941 p.

108 3320 236 3367 'll-7⁶9·

274 214 364 248 Teste
378 213 462 252 Rege
475 209 549 250 apud
563 208 675 239 Lodres
692 213 736 244 15.
755 204 801 235 die
822 203 905 235 Maii.

279 289 451 322 Confimsses
460 288 547 318 literae
562 284 719 323 diriguntur
731 281 854 319 Rogero
868 279 905 310 de
919 279 1019 318 Bygod
1041 277 1163 322 Comiti'
1174 274 1300 321 Norfol-

242 331 295 360 ciae
311 331 343 360 &
358 329 377 347 ³*
395 325 560 358 Marescallo
576 322 704 361 Angiiae,
721 318 881 350 Humfrido
897 318 933 349 de
949 318 1052 350 Bohun
1074 317 1188 347 Comiti
1208 314 1302 345 Here-

242 367 342 400 sordiae
356 366 389 397 ὃ(
403 364 538 401 Ess’exiae,
557 362 619 392 &c.

277 443 337 474 Sub
348 441 449 472 eidem
464 437 559 469 forma
571 436 700 467 scribitur
713 433 874 466 Venerabili
885 432 979 471 Patri,
996 432 1032 463 A.
1053 427 1242 462 Dunelmensi
1262 426 1304 457 E·

239 481 374 519 piscopo,
392 488 461 509 cum
481 477 530 507 ista
551 475 749 514 requisitione,
764 472 843 512 quod
866 472 898 502 sit
921 469 1136 514 London.-&c.
1155 475 1185 497 ut
1201 468 1304 509 supra,

243 529 310 549 cum
325 518 503 553 hominibus,
522 516 600 553 equis
621 515 655 545 &
676 513 759 543 armis
782 511 896 541 munitis
916 509 1073 540 decentiori
1093 509 1127 539 &
1147 513 1305 546 potentiori

242 557 332 589 modo
346 566 405 594 quo
419 555 538 595 poterit,
557 561 664 593 paratus
679 550 870 587 transfretare,
889 546 948 584 ἀι.
967 547 1101 588 utsupra.

280 631 371 664 Teste
383 639 415 662 ut
429 630 516 669 supra.

244 752 382 802 Adelpho
410 757 482 801 Regi
506 755 707 786 Romanorum
723 776 733 792 ‚
757 748 793 782 de
811 745 981 793 festinando
1005 749 1037 778 in
1050 745 1231 792 fieccurfiam
1251 748 1307 779 Co-

376 806 460 836 mitis
476 800 623 836 Flandriae
634 826 644 843 ,
671 802 708 837 (9⁰
726 796 763 831 de
778 794 972 830 conveniendo
992 806 1062 828 cum
1080 797 1169 842 Rege.
1302 802 1310 806 ”

246 889 303 952 A
322 886 461 919 Tressiaut
476 887 510 918 &
523 883 664 915 tresnoble
677 884 798 922 Prince,
817 884 852 914 A.
870 891 918 920 par
932 880 957 911 la
971 890 1054 920 grace
1074 878 1110 910 de
1131 879 1226 916 Dieu,
1244 878 1307 909 Roi

321 926 357 957 de
378 926 528 966 Romeyns
541 947 551 961 ,
576 932 648 954 touz
665 924 743 962 jours
766 922 888 954 creffant
902 945 911 957 ,
935 919 1033 951 nostre
1052 918 1192 962 1161611616
1212 918 1308 962 Amy3

244 965 365 996 Edward
379 989 388 1003 ,
417 974 466 1003 par
487 963 595 994 mesine
615 962 640 992 la
661 971 745 1001 grace
758 986 768 1000 ,
798 962 859 993 &c.
886 959 960 990 saluz
983 959 1017 990 &
1039 957 1198 988 treschieree
1223 966 1307 988 amis-

243 1012 314 1034 teez.

282 1042 360 1081 Sire,
378 1041 397 1073 il
419 1041 459 1072 est
482 1040 555 1079 ensi,
574 1049 630 1078 que
647 1038 675 1069 le
694 1038 755 1069 Roi
776 1037 813 1069 de
837 1038 948 1069 France
960 1036 999 1067 fet
1013 1034 1168 1066 somondre
1189 1042 1233 1066 tot
1255 1034 1308 1064 son

244 1089 313 1118 poer
326 1091 377 1118 pur
390 1089 495 1120 vener,
509 1089 546 1110 en
561 1087 666 1116 propre
680 1077 816 1115 persone,
833 1077 873 1108 od
883 1083 963 1115 grant
976 1073 1099 1113 effortz,
1120 1073 1164 1104 sur
1177 1073 1204 1104 le
1214 1071 1308 1117 *Con-

242 1128 270 1150 te
283 1119 320 1150 de
335 1119 482 1157 Flandres,
501 1117 762 1156 prol'cheinement,
779 1126 815 1146 en
827 1116 943 1146 beiance
958 1113 995 1144 de
1005 1112 1187 1151 sousprendre
1202 1111 1221 1142 11
1235 1111 1268 1142 8(
1282 1111 1309 1141 sa

240 1166 330 1196 terre,
350 1169 365 1189 a
387 1167 422 1190 ce
443 1167 498 1196 que
518 1165 590 1187 nous
612 1163 712 1186 avoms
733 1154 858 1185 entendu
872 1163 921 1192 par
935 1153 1041 1183 certein
1057 1151 1255 1190 mandement,
1272 1151 1307 1182 &

241 1207 290 1236 par
305 1198 440 1228 certeines
453 1203 548 1236 gentz.

283 1234 326 1274 E,
347 1245 400 1274 pur
416 1245 450 1266 ce
472 1244 527 1273 que
545 1232 700 1271 l'Aliance,
719 1241 776 1270 que
795 1231 837 1262 est
857 1239 938 1262 entre
960 1238 1033 1260 nous
1046 1228 1122 1261 &le
1134 1228 1175 1260 dit
1189 1227 1303 1266 Conte,

243 1273 285 1305 est
300 1273 382 1313 tiele,
402 1284 459 1312 que
472 1281 544 1303 nous
558 1281 595 1301 ne
606 1271 625 1301 li
637 1270 759 1302 devoms
775 1270 861 1301 failler
875 1280 891 1300 a
905 1270 962 1300 tieu
975 1267 1129 1307 busoigne‚
1208 1306 1213 1311 .

282 1312 370 1343 Nous
383 1313 490 1343 feismes
504 1310 658 1342 somondre
672 1309 811 1379 lecsnfentz
823 1309 860 1339 de
873 1317 963 1339 armes
981 1306 1018 1337 de
1037 1305 1134 1337 nostre
1154 1305 1306 1344 Roialme,

245 1361 298 1390 pur
314 1351 383 1381 estre
403 1362 418 1381 3
431 1360 503 1381 nous
516 1361 531 1380 3
545 1349 677 1387 Londre,
751 1347 877 1379 Chivaus
897 1347 931 1378 &
947 1355 1038 1376 armes
1070 1345 1096 1376 le
1118 1344 1305 1384 Dymoin⁰e‚

246 1390 380 1428 prechein
394 1399 472 1427 apres
487 1389 525 1419 les
540 1387 664 1428 Oytaves
677 1386 713 1417 de
727 1387 753 1418 la
764 1386 897 1418 Nativite
912 1385 991 1429 Seint
1002 1368 1098 1423 Joiian
1120 1383 1147 1414 le
1166 1383 1244 1422 Bapti
1272 1393 1304 1421 e,

244 1428 491 1466 proscheinement
511 1428 607 1458 avenir
620 1449 630 1465 ‚
654 1425 748 1464 prestz
763 1448 773 1464 ,
797 1426 831 1457 &
851 1423 1015 1463 apparmllez
1034 1423 1071 1454 de
1089 1422 1197 1461 paffer,
1222 1432 1305 1452 oves-

246 1476 301 1504 que
316 1476 387 1534 ncpus
402 1466 538 1504 mesmes,
553 1475 587 1496 au
603 1465 664 1503 plus
685 1463 741 1496 tost
763 1474 820 1503 que
841 1474 912 1495 nous
932 1470 1081 1502 purroms,
1098 1471 1176 1500 apres
1195 1460 1222 1491 le
1238 1461 1306 1499 jour

244 1514 326 1536 avant
348 1513 376 1535 it.

282 1543 322 1582 E,
341 1553 394 1582 pur
415 1553 449 1574 ce
470 1553 527 1582 que
545 1542 571 1573 16
588 1542 707 1581 damage
727 1541 765 1572 du
787 1540 902 1580 Conte,
920 1539 940 1570 fi
961 1539 1010 1570 nul
1030 1539 1049 1570 li
1069 1539 1179 1570 aveneit
1194 1538 1263 1577 (que
1279 1539 1307 1578 ja

245 1582 324 1617 Dieu
342 1592 379 1612 ne
399 1581 497 1619 voille)
517 1581 609 1611 serreit
631 1581 699 1611 bien
719 1579 832 1618 nostre,
849 1580 883 1611 &
903 1578 940 1609 de
957 1587 1021 1609 tous
1034 1587 1088 1608 nos
1100 1587 1178 1618 amys
1191 1576 1307 1617 ausynt;

246 1620 295 1650 des
311 1630 403 1659 queux
419 1631 491 1651 nous
506 1630 579 1650 vous
591 1628 705 1650 tenoms
717 1618 854 1650 Soverein
868 1619 902 1649 &
916 1617 1057 1655 Principal

282 1659 372 1690 Nous
391 1660 500 1697 prioms
519 1659 693 1689 chierement
701 1680 710 1696 ‚
722 1658 756 1689 ὃς
770 1666 937 1696 requeroms
949 1656 1046 1687 vostre
1057 1639 1182 1685 ssauteffe
1194 1655 1229 1686 &
1243 1664 1309 1686 vos-

246 1706 289 1729 tre
302 1698 400 1729 amiste
416 1697 464 1735 (de
479 1698 544 1736 quei
557 1707 629 1727 nous
644 1706 717 1727 nous
730 1695 813 1726 fioms
827 1695 911 1732 molt)
948 1705 983 1725 ue
994 1703 1066 1725 vous
1088 1693 1194 1724 voillez
1214 1693 1309 1724 ordei-

247 1747 314 1775 ner,
342 1737 376 1768 86
394 1746 454 1767 tant
473 1736 557 1774 faire,
581 1745 637 1773 que
659 1734 793 1765 levantdit
813 1733 912 1764 Conte
924 1705 976 1764 19011
990 1732 1051 1763 31(16
1066 1731 1308 1763 covenablement

247 1785 295 1816 par
310 1784 369 1806 voz
379 1784 483 1815 gent-z,
502 1775 550 1813 qui
566 1774 624 1811 plus
636 1773 784 1811 procheins
797 1772 860 1803 sont
874 1782 902 1802 as
918 1771 1052 1803 Marches
1065 1769 1103 1800 de
1125 1771 1151 1801 sa
1168 1780 1256 1809 terre,
1274 1771 1309 1802 &

248 1815 298 1852 q'ui
311 1815 406 1844 mieuz
419 1814 452 1845 &
466 1813 526 1854 plus
538 1812 679 1843 eseement
693 1822 711 1852 y
727 1811 848 1850 puiss‘ent
859 1812 956 1848 venir3
977 1810 1010 1841 &
1024 1808 1160 1840 entendre
1171 1817 1232 1840 tant
1254 1819 1311 1848 que

248 1856 353 1894 nous'y
367 1852 502 1892 puissoms
518 1860 620 1882 mettre
634 1859 711 1881 autre
730 1850 851 1887 conseil;
870 1859 917 1880 car
936 1859 1010 1880 nous
1032 1847 1161 1879 meismes
1178 1857 1197 1890 y
1214 1848 1310 1879 bioms

249 1891 355 1930 passer,
375 1901 410 1921 en
426 1901 515 1930 prope
528 1890 659 1929 persone,
677 1899 711 1919 au
726 1897 818 1920 terme
832 1887 964 1919 avantdit.

289 1929 314 1960 E
338 1939 410 1961 vous
437 1931 544 1968 prioms
568 1927 729 1966 derechief,
747 1937 803 1965 que
823 1937 896 1958 vous
911 1925 1079 1966 apruechiez
1092 1935 1144 1956 vos
1160 1924 1313 1964 Mmhoe,

249 1967 349 1999 devers
369 1968 408 1998 les
428 1969 528 2006 parties
546 1966 581 1996 de
603 1966 749 2004 Flandres,
768 1966 808 1997 od
829 1966 854 1996 16
876 1975 945 2004 poer
957 1966 1006 2003 qui
1017 1974 1088 1995 vous
1102 1972 1205 2002 porrez
1219 1963 1311 1994 bone-

248 2016 328 2038 ment
342 2008 437 2045 avoir,
455 2006 530 2037 issint
543 2015 598 2043 que
610 2015 682 2035 vous
695 2015 713 2045 y
724 2005 913 2035 soiezrentour
927 2004 970 2034 cel
984 2012 1057 2034 term
1097 2012 1129 2041 e,
1148 2002 1169 2033 fi
1184 2012 1220 2041 qe
1239 2011 1312 2033 nous

248 2045 393 2084 peuffoms
413 2045 503 2084 parler
525 2044 668 2074 ensemble
687 2053 740 2082 pur
759 2052 832 2075 nous
850 2041 1026 2081 entreayder,
1045 2012 1096 2073 ἄη
1113 2051 1143 2072 ur
1159 2040 1231 2072 estre
1251 2041 1312 2080 plus

249 2084 308 2116 sort
321 2093 419 2115 contre
433 2084 457 2114 la
470 2083 570 2114 malice
585 2083 656 2113 &le
669 2092 740 2120 poet
751 2081 788 2112 de
800 2081 897 2113 nostre
909 2090 1069 2111 commune
1081 2051 1201 2121 lgnemy.

288 2120 314 2152 E
335 2132 408 2190 3116,
427 2121 647 2160 endementiers,
665 2119 778 2161 voyllez.
798 2120 873 2151 aider
893 2130 928 2151 au
952 2118 993 2151 dit
1013 2118 1098 2150 Cont
1112 2129 1148 2150 en
1160 2118 1186 2149 la
1198 2127 1312 2150 manere

252 2170 333 2192 2vant
356 2171 400 2191 lte.

292 2198 317 2229 E
337 2199 381 2230 sur
402 2208 436 2229 ce
456 2199 489 2230 &
510 2198 553 2228 sur
575 2198 613 2228 les
633 2205 721 2228 autres
743 2197 841 2228 choses
856 2220 866 2236 ,
891 2197 940 2235 qui
964 2206 1036 2227 vous
1057 2196 1192 2235 pleirront
1215 2195 1314 2227 devers

254 2247 342 2308 1nouS,
361 2247 433 2267 nous
448 2236 551 2267 voillez
565 2235 682 2267 mandet
707 2234 802 2267 vostre
820 2236 940 2268 volume
959 2245 1009 2275 par
1027 2235 1055 2266 le
1075 2244 1190 2276 porteur
1212 2234 1248 2265 de
1270 2244 1316 2266 ces

265 2284 346 2306 ettl'es

294 2314 328 2345 N
331 2313 407 2345 ostre
418 2313 480 2344 Sire
493 2323 565 2344 vous
576 2314 613 2344 eit
626 2322 663 2343 en
677 2312 702 2343 sa
715 2313 808 2353 garde.

291 2391 408 2422 Donees
427 2401 442 2420 a
461 2389 601 2421 Warham
620 2389 647 2420 le
673 2397 717 2428 17.
733 2389 800 2428 J‘our
819 2388 856 2420 de
877 2389 966 2430 May,
983 2389 1037 2420 l’an
1059 2387 1097 2420 de
1116 2388 1213 2420 nostre
1231 2397 1317 2430 regne

252 2430 381 2462 vintisme
393 2430 481 2469 quint.

274 2557 324 2590 Dc
342 2555 526 2603 requisitione
548 2558 633 2602 Regis
651 2553 938 2599 divetfimodefafla
957 2551 1124 2586 hominibus
1142 2552 1178 2587 de
1194 2556 1296 2589 Scotia

399 2603 492 2651 [ἕψον
508 2604 638 2651 paffagio
653 2606 741 2651 Regis
756 2602 800 2635 ad
811 2614 914 2650 partes
929 2602 1164 2648 transmarinas.

256 2688 369 2748 REX
384 2687 490 2720 dilecris
503 2689 537 2720 &
553 2688 680 2719 fidelibus
694 2688 764 2727 suis,
780 2688 911 2719 universis
931 2689 965 2720 &
989 2688 1120 2727 singulis,
1138 2687 1319 2726 Comitibus,

329 2728 495 2766 Batonibus,
517 2727 673 2766 Militibus,
693 2730 727 2759 ὅτ,
741 2727 797 2757 aliis
816 2727 1041 2765 quibuscumque
1062 2727 1099 2757 de
1119 2726 1225 2766 Regno
1245 2726 1317 2757 Sco-

257 2769 321 2805 tiae‚
337 2766 370 2797 ad
386 2777 472 2806 qum,
489 2767 548 2798 &c.
567 2766 700 2797 Salutem.

295 2806 374 2845 Qia
388 2806 468 2844 super
485 2805 606 2845 paffagio
621 2805 738 2842 nostro,
757 2803 836 2843 quod
854 2803 888 2835 ad
911 2803 1054 2834 honorem
1075 2803 1134 2834 Dei
1153 2804 1187 2834 &
1209 2802 1316 2842 nostri,

256 2851 287 2875 ut
301 2845 455 2884 speramus,
474 2845 507 2875 ὃ(
522 2855 574 2883 pro
587 2844 749 2874 defensione
764 2844 796 2874 &
810 2844 960 2873 communi
974 2843 1092 2874 utilitate
1114 2842 1228 2881 populi,
1247 2843 1318 2882 regi-

257 2884 328 2913 mini
343 2882 442 2914 nostro
456 2882 617 2921 commisii,
636 2882 670 2913 ad
692 2891 780 2921 partes
799 2881 990 2912 transmarinas
1011 2880 1171 2920 statuimus,
1191 2882 1318 2919 quamci-

252 2923 307 2952 tius
323 2921 493 2966 commodeo
503 2922 674 2962 poterimus,
692 2921 755 2959 post
771 2920 847 2951 diem
862 2920 1235 2964 dominicameroximam
1250 2918 1315 2958 post

229 2958 380 2991 “Ostabas
395 2960 554 2991 NariVitatis
568 2960 661 2991 8311611
672 2959 808 2998 Johannis
821 2958 966 2997 Baptistae,
984 2967 1120 2997 proximo
1135 2959 1253 2989 futur-as:

294 2999 340 3029 Ad
356 3008 439 3037 quani
455 2999 530 3029 diem
545 2999 718 3029 summoneri
734 2999 852 3028 fecimus
866 2997 1004 3028 Proceres
1020 2998 1053 3029 &
1067 2997 1134 3028 alios
1149 2996 1242 3027 fideles
1262 3006 1315 3027 no-

258 3035 344 3075 stros,
361 3038 394 3066 ad
408 3037 662 3076 proficiscendum,
680 3047 748 3068 cum
764 3037 843 3077 equis
862 3037 895 3068 &
916 3038 1013 3075 armis,
1029 3046 1098 3066 cum
1117 3045 1243 3075 corpore
1261 3045 1316 3066 no-

256 3073 330 3112 stro,
348 3075 382 3105 ad
397 3085 485 3112 partes
496 3077 655 3113 praedic‘tas3

293 3113 452 3151 Quaedam,
468 3125 532 3151 quae
545 3114 607 3146 sunt
623 3114 776 3153 specialiter
797 3114 879 3144 nobis
900 3113 999 3152 cordi,
1016 3113 1188 3150 injunximus
1209 3112 1318 3144 dileffis

255 3151 290 3182 δε
309 3152 433 3182 fidelibus
455 3152 571 3190 nostris,
596 3153 716 3191 Hugoni
735 3152 773 3189 de
792 3152 990 3191 Creffingham
1012 3150 1197 3182 Thesaurario
1217 3151 1318 3183 nostro

253 3190 378 3228 Scotiae,
396 3189 526 3220 Waltero
541 3190 577 3220 de
600 3190 838 3229 Huntercombe,
853 3191 981 3222 Osberto
1001 3189 1038 3220 de
1059 3189 1263 3229 Spaldington,
1281 3191 1315 3222 &

255 3228 416 3296 Vks’lillielmo
429 3227 472 3296 (161
479 3228 601 3259 Mortuo
617 3229 709 3268 Mari,
723 3229 806 3261 vobis
818 3238 853 3260 ex
865 3238 941 3269 parte
956 3227 1052 3260 nostra
1064 3229 1139 3260 vivae
1155 3229 1236 3259 vocis
1250 3239 1314 3260 ora-

254 3277 291 3298 cu
302 3278 322 3298 0
334 3276 451 3298 intiman
472 3277 500 3297 a:

294 3306 313 3325 *
330 3305 422 3336 Vobis
442 3304 625 3344 mandamus,
643 3313 768 3345 rogantes
787 3307 817 3336 in
837 3305 893 3336 fide
908 3307 942 3338 &
954 3305 1125 3343 (1116611006,
1145 3305 1247 3343 quibus
1260 3316 1315 3336 no-

254 3345 297 3374 bis
317 3345 469 3382 tenemini,
495 3343 612 3374 firmiter
633 3344 819 3384 injungendo,
842 3355 994 3384 quatenus,
1019 3344 1156 3384 praefatis,
1174 3342 1313 3383 Hugoni,

255 3380 405 3421 Waltero,
422 3382 550 3413 Osberto
564 3382 598 3413 &
609 3382 788 3420 Willielmo,
804 3384 833 3412 in
852 3384 920 3423 hiis,
960 3394 1006 3414 uae
1023 3383 1104 3413 vobis
1124 3381 1205 3420 super
1227 3383 1314 3420 passa—

255 3423 303 3465 gio
316 3421 419 3464 nostro¹
429 3420 567 3459 praeditsto
581 3420 708 3451 duxerint
722 3421 902 3460 exponenda,
921 3394 1007 3452 fidem
1022 3421 1174 3459 plenariam
1185 3420 1315 3452 adhibea-

256 3468 304 3489 tis:
330 3470 377 3498 ea,
402 3462 472 3490 licut
492 3459 706 3497 commodum,
729 3460 763 3490 &
787 3459 930 3490 honorem
952 3459 1106 3498 nostrum,
1131 3459 1165 3490 &
1187 3458 1313 3490 vestrum

256 3500 403 3535 proprium
416 3497 546 3536 diligitis,
565 3497 646 3528 &de
657 3498 740 3528 vobis
760 3497 912 3535 specialiter
935 3498 1121 3536 confidimus,
1139 3497 1231 3528 modis
1249 3508 1315 3528 om-

257 3536 337 3565 nibus
358 3537 479 3575 faciatis,
497 3537 529 3567 &
547 3537 631 3566 eriam
656 3535 802 3575 expleatis,
819 3535 975 3567 secundum
996 3535 1075 3575 quod
1095 3546 1163 3574 vos,
1186 3544 1220 3566 ex
1239 3545 1316 3574 parte

258 3572 367 3610 nostrii,
385 3575 449 3605 inde
465 3575 594 3605 duxerint
608 3574 822 3612 requirendum:
840 3573 883 3605 Ita
896 3575 975 3614 quod
989 3575 1070 3607 vobis
1083 3583 1118 3606 ex
1135 3574 1194 3605 hoc
1216 3574 1314 3606 futuris

259 3613 430 3648 temporibus
444 3612 584 3650 specialius
596 3621 749 3644 teneamur.
1200 3633 1206 3639 .

293 3647 328 3678 In
343 3650 435 3689 cujus,
453 3652 514 3682 &c.

293 3723 385 3754 Teste
399 3725 481 3766 Rege
495 3727 569 3766 apud
583 3727 783 3758 Portesmouth
800 3736 848 3767 24.
873 3727 919 3759 die
934 3727 1015 3759 Maii.

294 3798 461 3831 Consimiles
481 3802 568 3833 literae
589 3802 744 3843 diriguntur
761 3803 892 3834 universis
912 3804 947 3835 &
969 3804 1079 3843 singulis
1093 3827 1103 3843 ,
1127 3801 1291 3834 Comitibus
1307 3825 1317 3842 ‚

256 3837 428 3876 BaronibuS,
448 3839 603 3878 Militibus,
621 3843 654 3872 &
669 3841 726 3871 aliis
743 3842 980 3881 quibuscumque,
999 3844 1068 3872 ultra
1088 3852 1165 3872 mare
1185 3841 1312 3878 Scodae,

257 3874 336 3914 quod
349 3875 479 3905 Waltero
494 3877 530 3907 de
550 3879 773 3910 Huntercombe
798 3880 832 3910 &
854 3880 1015 3911 Willielmo
1037 3881 1074 3911 de
1095 3879 1220 3910 Mortuo
1239 3878 1315 3909 Mari

257 3915 287 3943 in
302 3912 370 3956 liiis,
388 3923 450 3980 3113ae
465 3915 502 3943 eis
515 3916 595 3954 super
607 3918 728 3957 paisagio
741 3918 900 3958 praediifim,
914 3918 975 3954 &a
993 3926 1024 3949 ιιι
1031 3917 1136 3959 fipra,
1152 3917 1240 3950 fidem
1255 3917 1316 3956 ple-

257 3960 360 3982 nariam
375 3961 390 3980 a
410 3951 541 3991 iubeant,
559 3962 590 3984 ut
598 3954 690 3995 fhpra.

294 4019 383 4051 Teste
395 4027 426 4051 ut
439 4019 524 4057 supra.

2070 76 2097 85 „-

657 110 1461 165 CONVENTIONES‚
1514 107 1908 157 LITERAE,

1382 194 1553 226 Consimiles
1574 195 1674 226 litterae
1691 194 1847 233 diriguntur
1869 193 2016 232 univerfis,
2034 193 2218 233 Comitibus,
2235 195 2407 236 Baronibus,
2420 195 2498 228 Ann.
2511 198 2555 233 D:

1345 234 1503 272 Militibus,
1521 235 1555 265 ὅ(
1570 234 1628 264 aliis
1641 233 1867 271 quibuscumque
1879 234 1948 263 citra
1962 243 2040 263 mare
2054 232 2176 272 Scotiae,
2189 234 2269 272 quod
2281 235 2406 273 Hugoni
2443 246 2528 276 1297.

1345 273 1381 304 de
1393 272 1597 307 Creffingham
1611 273 1645 303 &
1659 271 1789 301 Osberto
1803 272 1840 301 de
1851 271 2054 310 Spaldington,
2071 272 2101 301 in
2113 272 2165 303 hiis
2185 282 2250 311 quae
2270 275 2326 312 eis,
2344 273 2406 310 &c.
2421 277 2489 305 Edv.
2510 286 2535 306 1.

1345 318 1377 341 ut
1404 319 1484 350 upra,
1502 310 1590 341 fidem
1604 310 1756 348 plenariam
1770 309 1937 349 adhibeant,
1951 310 2083 349 utsupra.

1399 360 1419 380 n
1431 351 1525 388 cujus,
1543 350 1605 380 &c.
1623 357 1654 380 ut
1667 348 1754 386 supra.

1369 478 1420 510 De
1439 479 1553 522 gratiis
1572 473 1723 519 faciendis
1737 475 1798 506 illis
1815 473 1851 507 de
1873 477 1972 521 Regno
1986 478 2086 508 Scotiae
2104 479 2158 522 qui
2170 487 2240 509 cum
2256 473 2334 524 Rege
2349 479 2382 509 in

1436 524 1445 532 ‘
1520 523 1646 570 vaffagio
1660 521 1705 554 ad
1713 533 1816 569 partes
1836 524 2058 569 transmarinas
2063 524 2126 567 fint
2142 528 2229 559 ituri.

1422 606 1446 637 E
1456 605 1489 638 X
1511 606 1620 638 dileffls
1634 608 1668 639 δε
1681 606 1808 638 fidelibus
1823 607 1876 638 suis
1910 607 2034 646 Hugoni
2046 607 2083 639 de
2097 606 2409 648 Creffingham‚Wal-
2424 614 2500 648 Αηη,
2509 615 2554 649 1),·

1430 656 1494 677 tero
1505 645 1541 676 de
1554 645 1794 690 Huntercombe,
1812 631 1974 678 Will'ielmo
1995 647 2033 678 de
2049 647 2176 679 Mortuo
2191 647 2287 687 Mari,
2302 650 2338 682 &
2351 649 2410 681 Os-
2444 664 2530 695 1297,

1348 683 1432 715 berto
1446 684 1482 715 de
1495 684 1700 723 Spaldington,
1716 685 1851 716 Salutem.
2420 698 2473 723 Aa,
2492 703 2536 731 25,

1388 722 1436 754 Ad
1453 722 1615 754 faciendum
1627 746 1637 762 ‚
1654 724 1773 754 nomine
1786 723 1886 754 nostro
1895 746 1905 762 ,
1922 724 2056 755 omnibus
2068 724 2118 755 illis
2133 724 2170 756 de
2184 724 2294 763 Regno
2309 725 2409 758 nostro
2424 736 2451 761 Ε,
2476 742 2500 760 1.

1351 760 1476 806 Scotiae,
1494 762 1543 800 qui
1555 761 1704 806 aci-pacem
1719 761 1846 807 nostram
1860 762 1998 801 existunt,
2015 763 2048 794 &
2064 763 2172 795 ibidem
2187 773 2352 803 morantur,
2371 765 2406 797 &
2423 771 2528 800 ibidum.

1350 798 1387 830 de
1399 800 1498 838 quibus
1508 799 1694 831 sufficientem
1706 800 1883 831 securitatem
1896 801 2044 831 habueritis
2053 824 2062 838 ‚
2078 802 2114 832 de
2128 802 2273 833 veniendo
2287 804 2321 834 ad
2335 813 2387 834 nos
2397 828 2407 843 ,

1351 838 1384 869 &
1404 838 1500 882 eundo
1518 847 1587 869 cum
1607 848 1730 876 corpore
1750 838 1850 869 nostro
1863 863 1874 877 ,
1899 840 1928 869 in
1942 839 2110 876 obsequium
2124 840 2256 872 nostrum
2268 841 2302 872 ad
2318 851 2409 880 partes

1350 878 1541 908 tranlmarinas
1556 899 1568 916 ,
1592 886 1645 915 pro
1659 877 1822 908 defensione
1835 877 1868 908 &
1881 878 1999 909 tuitione
2011 877 2111 915 Regni
2125 878 2231 918 nostri,
2251 882 2350 917 gratias
2364 882 2409 912 su-

1351 915 1579 986 {assisa}
1594 914 2410 992 3232{fgsssssl'iffi‚ze15503502532‘3d‘3ff0‘ffl0²’m

1390 993 1482 1024 Vobis
1503 993 1604 1024 damus
1615 1016 1626 1032 ,
1650 1001 1752 1024 tenore
1773 993 1966 1031 praesemiurn,
1981 992 2168 1032 potestatem,
2185 978 2277 1025 ratum
2289 995 2414 1028 habituri

1352 1031 1387 1062 &
1407 1041 1519 1069 gramm
1542 1030 1677 1070 quicquid
1697 1041 1747 1069 per
1768 1041 1820 1063 vos
1845 1031 1884 1062 fic
1905 1031 2013 1063 factum
2034 1031 2160 1063 fueritin
2175 1033 2349 1073 praemiffiis3
2367 1034 2410 1067 Ita

1353 1070 1432 1108 quod
1445 1070 1481 1101 de
1495 1071 1588 1114 gratiis
1604 1069 1781 1113 hujusmodi,
1798 1079 1848 1109 per
1861 1080 1913 1101 vos
1925 1069 2059 1101 faciendis
2073 1093 2083 1108 ,
2098 1071 2133 1101 &
2149 1070 2186 1102 de
2200 1072 2362 1103 nominibus
2376 1074 2410 1104 il-

1351 1108 1446 1140 lorum
1456 1133 1465 1148 ,
1485 1109 1585 1147 quibus
1598 1119 1643 1140 eas
1656 1108 1793 1146 feceritis,
1810 1109 1909 1147 nobis,
1924 1108 1976 1139 sub
1989 1108 2092 1145 sigillis
2106 1108 2223 1148 vestris,
2234 1108 2366 1143 diffinere
2376 1113 2411 1144 &

1349 1149 1461 1217 apelerte,
1477 1147 1515 1217 ag
1530 1149 1610 1219 {⁸ss⁵
1625 1146 1702 1187 quod
1716 1147 1859 1187 poteritis,
1877 1146 2008 1179 constare
2020 1148 2132 1178 faciatis.

1403 1197 1483 1226 1}qu
1522 1210 1532 1225 ,
1604 1209 1609 1215 .

1386 1262 1476 1294 Teste
1489 1272 1520 1295 ut
1534 1265 1621 1303 supra.

1387 1337 1551 1371 Consimilis
1610 1340 1692 1373 testas
1760 1351 1790 1374 er
1811 1339 1972 1372 consimiles
1991 1339 2093 1371 litteras
2113 1347 2239 1379 patentes
2286 1340 2349 1373 data
2369 1341 2412 1373 est

1350 1376 1472 1423 Huvoni
1492 1379 1551 1410 Cre
1573 1381 1688 1425 ingham
1704 1351 1895 1426 ²T'gesiiuraijio
1917 1378 2014 1423 Regis
2030 1379 2139 1423 Scotiae
2153 1403 2163 1418 ,
2187 1365 2363 1424 §c-dsbeno
2376 1380 2414 1411 de

1349 1404 1552 1461 Spal'dington,
1570 1418 1606 1449 de
1616 1419 1774 1457 hujusmodi
1787 1427 1880 1458 gratus
1894 1417 2029 1448 faciendis
2041 1418 2177 1461 omnibus
2191 1418 2244 1448 illis
2258 1418 2294 1448 de
2305 1418 2415 1459 Regno

1350 1455 1457 1487 Scotiae
1469 1481 1479 1495 ,
1504 1459 1553 1495 qui
1566 1457 1600 1488 ad
1623 1467 1723 1496 pacem
1745 1458 1834 1497 Regis
1848 1455 1988 1496 existunt,
2006 1456 2041 1488 &
2056 1465 2127 1487 citra
2138 1465 2215 1488 mare
2227 1456 2333 1489 Scotiae
2347 1468 2415 1489 rno—

1352 1502 1465 1533 rantur,
1476 1496 1519 1539 .&
1534 1495 1570 1526 de
1584 1497 1700 1535 quibus,
1718 1494 1779 1531 &c.
1799 1502 1830 1526 ut
1839 1495 1934 1535 fiaepra.

1387 1532 1422 1564 In
1436 1543 1531 1573 cnjus,
1550 1535 1612 1566 &c.
1631 1544 1662 1566 ut
1674 1535 1762 1573 supra.

1388 1610 1554 1642 Consimilis
1567 1611 1689 1650 potestas
1704 1622 1754 1651 per
1768 1610 1929 1643 consimiles
1943 1610 2046 1641 litteras
2058 1617 2182 1648 patmtes
2197 1608 2260 1642 data
2278 1608 2320 1642 est
2332 1610 2417 1642 wai-

1352 1658 1414 1681 tero
1431 1649 1468 1681 de
1484 1650 1705 1682 Huntercombe
1720 1652 1753 1683 &
1767 1650 1929 1681 Willielmo
1940 1649 1977 1680 de
1991 1649 2117 1680 Mortuo
2131 1648 2209 1680 Mari
2222 1649 2258 1680 de
2271 1649 2416 1688 hujusmo-

1351 1689 1381 1719 di
1427 1690 1487 1720 atiis
1500 1689 1633 1720 faciendis
1648 1690 1783 1720 omnibus
1799 1689 1851 1719 illis
1863 1689 1912 1728 qui
1927 1688 1998 1720 ultra
2011 1698 2090 1719 mare
2102 1687 2210 1720 Scotiae
2222 1697 2377 1720 morantur.

1416 1737 1426 1758 r
1440 1727 1477 1758 de
1493 1729 1611 1768 quibus,
1630 1726 1691 1764 ὠς.
1709 1735 1741 1758 ut
1748 1727 1844 1768 ficpra.

1390 1803 1483 1836 Teste
1498 1813 1530 1836 ut
1541 1805 1629 1845 supra.

1399 1936 1450 1970 De
1463 1938 1583 1969 Simone
1599 1935 1710 1981 Frafir
1721 1962 1731 1979 ‚
1751 1933 1843 1981 fhper
1851 1934 1982 1980 ftrvitio
1999 1933 2057 1978 suo
2073 1935 2106 1966 in
2124 1934 2245 1967 Guerra
2268 1942 2373 1966 contra

1750 1986 1860 2031 Regem
1875 1985 2020 2015 Franciae.

1432 2069 1607 2139 'sl'oighceffix
1622 2072 1685 2140 ,Sqil
1699 2069 1788 2101 cestes
1803 2069 1898 2100 lettres
1912 2075 2028 2100 verront
2041 2077 2080 2099 ou
2095 2073 2214 2106 orront‚
2232 2066 2334 2099 Simon
2350 2065 2417 2098 Fra·
2434 2077 2564 2111 Anam

1445 2119 1475 2138 Εἴ
1540 2119 1568 2139 lv
1595 2118 1625 2139 er
1662 2120 1676 2139 a
1687 2118 1732 2141 ΠΖ.

1393 2146 1491 2177 Come
1511 2146 1608 2178 nostre
1630 2149 1699 2179 cher
1718 2147 1857 2183 Seitgneur
1879 2140 2001 2177 Edward
2017 2169 2027 2185 ‚
2126 2144 2152 2175 la
2173 2153 2257 2185 grace
2270 2143 2307 2174 de
2320 2142 2417 2182 Dieu,
2433 2126 2550 2193 A¹n29²7i

1356 2184 1417 2216 Roi
1437 2185 1629 2226 d’Engleterre
1643 2211 1653 2225 ,
1680 2187 1817 2224 Seigneur
1836 2183 1955 2215 d’Irland
2006 2194 2023 2215 e
2078 2193 2114 2214 uc
2127 2183 2309 2222 d'Aquitaine
2325 2184 2373 2221 (en
2388 2183 2417 2221 qi
2436 2199 2463 2223 Ε,
2488 2204 2498 2222 1
2549 2190 2551 2192 ·

1355 2223 1448 2254 hostel
1458 2225 1508 2262 jeo
1520 2225 1549 2255 su
1563 2224 1716 2263 demorez,
1737 2236 1752 2255 a
1768 2225 1793 2254 sa
1807 2224 1940 2261 volente,
1959 2207 2068 2253 iicome
2077 2223 2127 2261 jeo
2142 2222 2162 2252 li
2177 2223 2303 2260 promis,
2319 2231 2336 2252 e
2347 2222 2417 2258 jurai
2435 2237 2475 2261 Ex
2489 2217 2552 2261 ἐφ’

1355 2262 1399 2293 sur
1412 2262 1520 2293 Scintes
1533 2262 1705 2301 Ewangiles)
1722 2273 1769 2294 me
1783 2271 1829 2301 eyt
1842 2271 1968 2300 attroye,
1986 2261 2021 2291 de
2034 2260 2060 2290 sa
2071 2270 2172 2298 grace,
2189 2259 2271 2291 d'aler
2281 2270 2318 2289 en
2329 2259 2417 2290 Esco-
2433 2280 2497 2309 togr.

1357 2311 1393 2332 ce
1414 2311 1468 2339 por
1488 2302 1547 2331 mei
1567 2303 1728 2340 apparailler
1795 2311 1829 2331 or
1848 2302 1865 2331 li
1880 2301 1979 2338 servir,
1997 2298 2089 2329 solom
2102 2308 2174 2329 mon
2190 2309 2275 2338 poer,
2293 2308 2329 2329 en
2341 2297 2419 2329 ceste
2433 2315 2503 2338 Penes
2512 2311 2568 2338 ομ

1357 2349 1474 2380 guerre,
1493 2340 1542 2378 q’il
1556 2340 1590 2370 ad
1603 2351 1637 2371 au
1653 2340 1714 2371 Roi
1726 2326 1763 2370 de
1793 2340 1901 2377 'rance,
2563 2342 2568 2346 '

1355 2385 1362 2388 ’
1392 2378 1446 2417 Jeo
1468 2387 1570 2415 graunt
1591 2389 1608 2409 6
1625 2387 1769 2417 promette
1789 2377 1946 2415 leaui‘nent,
1964 2385 2014 2415 par
2027 2385 2074 2405 ces
2087 2375 2225 2413 presentes
2237 2374 2345 2414 lettres,
2362 2385 2418 2414 que

1354 2418 1404 2456 jeo
1418 2418 1530 2447 mettrai
1541 2427 1613 2448 mon
1624 2419 1685 2449 161111
1701 2427 1772 2456 poer
1784 2417 1820 2447 de
1831 2417 1851 2447 li
1863 2417 1963 2453 servir,
1982 2425 1998 2445 a
2011 2414 2037 2446 sa
2057 2415 2077 2435 '¹‘
2096 2414 2229 2452 volente,
2247 2424 2283 2444 en
2297 2414 2322 2444 la
2335 2423 2418 2454 guer-
2433 2425 2448 2439 ο
2460 2426 2566 2460 ΠΠΟ,

1358 2466 1390 2486 16
1405 2455 1548 2494 avandite‚
1566 2455 1673 2487 sicome
1685 2466 1700 2486 a
1713 2466 1782 2487 mon
1797 2455 1932 2495 Seigneur
1945 2453 2008 2493 lige.
2564 2457 2569 2461 '

1396 2493 1440 2534 E,
1458 2494 1489 2525 fil
1503 2496 1634 2534 avenoit,
1651 2505 1700 2533 par
1712 2505 1804 2526 acune
1813 2502 1963 2531 aventure,
1982 2501 2038 2531 que
2043 2492 2092 2530 jeo
2106 2500 2143 2522 ne
2157 2491 2184 2522 le
2198 2491 2260 2522 sace
2272 2492 2345 2529 mie,
2362 2500 2421 2530 que

1354 2533 1405 2572 Ι160
1426 2534 1580 2564 retornerai
1597 2544 1634 2564 en
1653 2533 1748 2564 l’ostre
1768 2532 1865 2564 nostre
1884 2532 2021 2569 Seigneur
2036 2530 2064 2560 16
2080 2529 2142 2561 Roi
2155 2529 2315 2568 avauntdit,
2332 2530 2419 2560 saunz

1358 2571 1409 2602 nul
1423 2571 1518 2611 delay,
1536 2581 1590 2610 por
1603 2571 1736 2603 demorer
1749 2582 1784 2612 y,
1803 2582 1839 2602 en
1852 2572 1969 2602 meisme
1989 2569 2013 2599 la
2031 2568 2126 2599 forme
2143 2578 2199 2607 que
2209 2569 2258 2607 jeo
2272 2568 2303 2599 fu
2318 2568 2420 2599 demo-

1360 2619 1410 2641 rez
1424 2619 1528 2642 avaunt
1541 2621 1588 2641 666
1600 2621 1685 2643 oures
1715 2621 1765 2649 par
1779 2620 1853 2641 mon
1864 2610 1985 2640 serment
1999 2607 2138 2639 avaundit.

1399 2648 1425 2680 E
1442 2672 1453 2688 ,
1477 2659 1494 2680 a
1512 2657 1585 2680 tores
1604 2660 1652 2681 ces
1673 2635 1772 2680 6110163
1792 2649 1867 2687 fere,
1886 2659 1903 2679 e
1916 2647 2003 2678 Furnir
2016 2655 2052 2676 en
2064 2654 2128 2690 tous
2139 2646 2308 2689 poinz,·je0
2321 2645 2422 2682 oblige

1361 2696 1409 2718 rna
1430 2687 1568 2727 persone,
1595 2698 1642 2719 rna
1655 2688 1779 2727 femme,
1799 2698 1815 2718 e
1829 2697 1888 2718 mes
1900 2686 2030 2723 enfantz,
2047 2694 2064 2714 e
2077 2685 2231 2728 quiconqui
2243 2693 2306 2722 Jay,
2323 2693 2340 2714 6
2354 2692 2421 2714 avet

1358 2727 1471 2764 porrai,
1488 2736 1504 2756 a
1517 2726 1542 2756 la
1557 2726 1674 2757 volente
1689 2730 1759 2757 mon
1775 2726 1802 2757 S·
1824 2735 1892 2756 neur
1905 2725 1931 2755 le
1945 2723 1996 2754 Ro
2026 2723 2179 2754 avauntdit-

1392 2763 1443 2804 1E,
1460 2773 1544 2796 outre
1562 2775 1597 2795 ce
1611 2788 1622 2804 ‚
1646 2765 1777 2795 Monsire
1829 2762 1923 2794 ichard
1937 2762 1975 2792 Fr
2002 2771 2050 2799 er,
2068 2770 2140 2791 mon
2152 2759 2270 2798 Cosyn,
2288 2758 2340 2802 1’311
2355 2768 2419 2790 em-

1360 2804 1416 2841 pris
1430 2828 1439 2841 ,
1467 2813 1484 2833 e
1505 2804 1640 2841 meinpris
1688 2813 1724 2833 en
1740 2803 1764 2833 la
1777 2802 1909 2840 presence
1923 2799 2019 2831 nostre
2031 2799 2072 2829 dit
2088 2798 2247 2836 Seigneur,
2262 2798 2419 2829 6111610016-

1358 2851 1438 2872 ment
1459 2841 1536 2884 ovek
1558 2843 1619 2872 moi
1640 2826 1683 2872 si⁷ir
1704 2842 1787 2872 autiel
1800 2841 1998 2880 obligement‚
2025 2846 2114 2868 come
2123 2838 2174 2876 jeo
2186 2846 2235 2867 me
2248 2836 2278 2867 su
2291 2845 2327 2876 cy
2341 2836 2417 2867 obli-

1359 2888 1432 2920 gez,
1450 2882 1558 2911 hcome
1570 2888 1672 2911 avaunt
1684 2879 1727 2910 est
1743 2880 1792 2911 dit.
2099 2915 2104 2919 ,

1396 2918 1426 2949 Si
1441 2928 1541 2948 avoms
1552 2920 1606 2949 mis
1620 2928 1672 2949 nos
1683 2917 1748 2950 seals
1760 2928 1775 2948 a
1791 2916 1851 2950 cest
1861 2916 1941 2948 escrit
1957 2924 1994 2947 en
2005 2914 2220 2952 tesmOignance
2241 2912 2278 2944 de
2291 2920 2364 2945 totes
2379 2912 2420 2944 les

1360 2956 1460 2989 choses
1472 2957 1653 2988 avauntdites.

1398 2995 1516 3026 Donees
1539 3006 1554 3026 a
1573 2994 1709 3026 Brembre
1721 3019 1732 3035 ,
1755 2995 1781 3027 16
1795 2995 1832 3026 28
1844 2995 1910 3033 jour
1923 2993 1959 3024 de
1975 2991 2065 3030 Maii,
2081 2991 2137 3022 1’311
2148 2990 2188 3022 (111
2205 2989 2309 3032 Regne
2322 2989 2419 3022 nostre

1357 3034 1497 3072 Seigneur
1508 3034 1535 3065 le
1548 3033 1606 3066 Rei
1618 3034 1761 3066 avauntdit
1774 3034 1906 3066 vintisme
1920 3033 2010 3071 quint.

2435 2359 2530 2377 mera?-

2085 3106 2139 3137 Sub
2156 3105 2229 3143 Sigil.
2241 3104 2313 3144 ficis.

1359 3253 1498 3303 Adolpho
1524 3259 1598 3302 Regi
1619 3259 1823 3290 Romanorum
1838 3281 1847 3297 ‚
1882 3253 1918 3286 de
1955 3251 2076 3300 agendis
2093 3277 2103 3294 ,
2138 3262 2259 3299 urgente
2287 3250 2420 3297 periculo

1408 3307 1532 3337 Comitis
1550 3304 1698 3337 Flandriae
1714 3329 1723 3345 ‚
1749 3307 1785 3342 &⁸
1807 3303 1843 3336 de
1856 3303 1914 3350 ipsb
1935 3303 2067 3343 Comite,
2092 3303 2176 3333 omni
2188 3300 2330 3333 dilatione
2340 3296 2419 3347 post-

1408 3350 1515 3386 habita
1527 3379 1538 3395 ,
1554 3352 1768 3398 succurrendo.

2359 3411 2564 3508 gns.

1425 3447 1566 3480 Treihaut
1583 3446 1616 3477 &
1630 3445 1771 3478 tresnoble
1782 3445 1885 3476 Prince
1899 3469 1909 3483 ,
1931 3444 1967 3474 A.
1982 3453 2032 3482 par
2053 3442 2078 3473 la
2090 3449 2175 3483 grace
2189 3440 2225 3471 de
2239 3440 2332 3479 Dieu,

1435 3487 1472 3517 de
1487 3486 1657 3523 Romeyns,
1672 3494 1742 3516 touz
1753 3485 1832 3528 jonrs
1845 3482 1983 3527 61611301,
2002 3481 2098 3513 nostre
2112 3480 2244 3512 treschier
2262 3488 2344 3518 amy,
2404 3495 2418 3501 -
2454 3500 2542 3531 1297.

1358 3524 1455 3565 ward,
1472 3525 1533 3556 &c.
1551 3523 1625 3554 saluz
1640 3524 1673 3555 &
1690 3523 1851 3555 treschieres
1865 3521 2007 3552 amisteez.
2432 3535 2484 3559 An.
2504 3539 2553 3574 ²53.

1396 3563 1457 3603 Sir,
1475 3570 1554 3593 autre
1573 3562 1633 3592 foiz
1652 3572 1724 3593 vous
1744 3560 1854 3591 1611111611
1871 3560 1979 3598 savoir,
1994 3568 2042 3597 par
2057 3566 2118 3588 noz
2130 3557 2224 3588 lettres
2260 3556 2311 3594 qui
2323 3554 2415 3586 furent
2430 3574 2460 3598 E.
2484 3579 2508 3598 ,ι

1357 3601 1435 3631 faites
1457 3611 1473 3631 a
1487 3600 1627 3632 warham
1642 3624 1652 3637 ‚
1677 3600 1703 3630 le
1722 3599 1904 3635 diseseptisine
1926 3599 1993 3635 jour
2015 3597 2052 3627 de
2065 3596 2155 3637 May,
2173 3579 2415 3633 prescheinement
2430 3613 2487 3636 Rot,
2501 3598 2564 3636 Alb,

1356 3639 1471 3678 paffez,
1488 3647 1606 3669 coment
1619 3638 1645 3668 le
1658 3638 1727 3677 Roy
1743 3637 1780 3668 de
1794 3637 1901 3667 France
1916 3636 1960 3666 fist
1973 3634 2125 3666 somondre
2139 3642 2183 3665 tot
2197 3633 2248 3663 son
2259 3641 2346 3670 poer,
2361 3640 2414 3668 pur
2431 3656 2500 3674 man·
2516 3640 2564 3682 ²3²·

1356 3679 1436 3708 venir
1450 3687 1486 3708 611
1502 3687 1605 3715 propre
1620 3677 1736 3714 persone
1770 3686 1826 3706 ove
1839 3684 1918 3715 grant
1933 3673 2039 3705 efforrz,
2050 3697 2060 3712 ,
2077 3673 2120 3704 sur
2133 3672 2160 3703 le
2172 3670 2269 3702 Conte
2280 3669 2316 3699 de
2328 3668 2352 3698 F
2353 3668 2412 3699 1311-
2430 3689 2461 3712 E·
2480 3694 2502 3712 ι.
2517 3693 2556 3711 m·

1355 3715 1434 3755 dres,
1453 3726 1489 3746 en
1509 3716 1608 3746 biance
1626 3714 1662 3745 de
1682 3699 1864 3753 sousprendre
1882 3714 1902 3743 li
1923 3715 1955 3745 &
1978 3713 2004 3743 sa
2025 3721 2114 3749 terre,
2131 3720 2147 3741 a
2158 3719 2193 3740 ce
2207 3718 2263 3752 que
2276 3717 2348 3737 nous
2363 3717 2413 3738 eu-
2434 3733 2478 3761 ¹3·
2487 3721 2564 3759 dorso·

1354 3763 1417 3822 rsnes
1438 3753 1562 3785 entendu
1580 3764 1629 3792 par
1651 3755 1758 3785 certein
1779 3752 1964 3783 mandement
1977 3775 1987 3789 ,
2013 3751 2047 3782 &
2064 3760 2115 3788 par
2135 3756 2251 3779 certams
2265 3754 2350 3785 genrz.
2363 3756 2412 3777 au-

1368 3800 1417 3822 int.

1392 3830 1439 3868 E,
1454 3840 1506 3868 pur
1530 3840 1568 3861 ce
1588 3839 1644 3868 que
1664 3830 1828 3868 l'Alliance,
1846 3838 1902 3867 que
1922 3827 1963 3858 est
1975 3835 2053 3857 entre
2066 3834 2139 3857 nous
2153 3822 2187 3853 &
2202 3821 2229 3851 le
2243 3821 2284 3853 dit
2297 3821 2414 3862 Conte,

1356 3868 1397 3899 est
1413 3869 1494 3908 tiele,
1511 3878 1566 3906 que
1583 3878 1656 3900 nous
1668 3879 1706 3899 ne
1720 3869 1738 3898 li
1754 3869 1874 3899 devoms
1889 3866 1975 3897 failler
1988 3875 2004 3895 a
2018 3866 2076 3895 tieu
2091 3861 2241 3910 busoigne,

1393 3906 1483 3938 Nous
1511 3906 1619 3937 feismes
1648 3906 1754 3938 tantost
1778 3904 1932 3937 somondre
1952 3903 1990 3933 les
2008 3909 2094 3941 gentz
2111 3898 2228 3942 darmes
2256 3898 2292 3929 de
2314 3899 2413 3931 nostre

1355 3943 1491 3976 Roialrne
1505 3967 1514 3983 ,
1539 3955 1592 3982 pur
1609 3944 1682 3976 estre
1704 3955 1719 3975 a
1734 3954 1805 3975 nous
1823 3953 1838 3973 a
1859 3940 1990 3977 Londre,
2008 3939 2048 3969 od
2063 3937 2190 3981 Chivaus
2205 3937 2238 3967 ὃς
2254 3947 2361 3975 armes,
2384 3938 2412 3968 le

1353 3982 1504 4022 dymeirige
1517 4006 1528 4021 ,
1546 3984 1680 4021 prechein
1701 3992 1778 4022 apres
1793 3982 1832 4012 les
1856 3979 1981 4024 Oytaves
2000 3976 2072 4007 dela
2087 3975 2216 4006 Nanvite
2230 3975 2310 4006 Seint
2318 3976 2415 4015 Johan

1356 4021 1384 4051 le
1397 4020 1550 4059 Baptistre,
1568 4022 1799 4061 precheine-rnent
1811 4027 1923 4055 avenir,
1937 4014 2031 4055 prestz
2043 4015 2077 4046 &
2087 4013 2250 4054 apparaillez
2263 4013 2299 4046 de
2308 4013 2416 4083 9301ξίἓί
