2570 4261
251 111 326 137 212

103 189 178 219 Ann.
192 186 234 217 D.

106 226 216 294 ἷέἷῗῖ·
253 276 303 308 De
326 274 456 313 Litoris,
478 267 616 316 pluribus
648 265 860 300 Cardinalibus
871 265 1038 313 ftribendis
1051 294 1060 310 ‚
1080 277 1135 313 pro
1144 264 1232 310 statu
1241 265 1316 310 fra-

483 329 566 350 trum
592 316 867 350 Carmelitanorum
885 314 1086 361 fhblevando.

105 417 158 442 An.
182 422 224 440 io.
259 408 337 470 SU
347 407 387 439 Is
406 407 457 437 W.
477 406 512 437 de
526 405 673 444 Odiham‚
687 405 720 437 &
734 404 770 435 A.
784 406 820 436 de
831 405 951 444 Berton,
965 405 1086 436 salutern.
1252 442 1257 448 α

106 457 138 480 1.
162 461 183 479 i.
354 446 487 476 Scribatis
504 445 700 483 amicabiliter,
719 454 768 484 per
781 445 869 474 literas
882 444 985 484 Regis,
1005 444 1141 474 Domino
1155 442 1189 473 E.
1205 441 1321 481 Episco-

107 488 218 518 Bumlela
258 495 297 523 po
315 484 492 522 Tusculano,
510 484 689 514 sacroscmetae
703 484 846 514 Romanae
858 482 992 513 Ecclesiae
1004 481 1164 512 Cardinali:
1185 481 1322 525 Domino

105 531 206 556 Litera-
260 523 301 553 H.
320 523 403 554 titulo
418 523 514 553 Sancti
531 522 674 553 Laurentii
690 523 719 552 in
734 522 844 552 Lucina
859 520 1025 561 Presbytero
1040 520 1194 550 Cardinali:
1214 519 1322 549 Domi-

107 575 166 594 rum
186 563 219 598 &v
256 572 296 591 no
311 562 339 600 J.
362 561 474 592 Sanctae
496 560 599 591 Mariae
621 562 650 591 in
672 560 761 591 Cosm
782 560 830 591 din
850 559 986 590 Diacono
1008 558 1164 590 Cardinali:
1186 558 1322 589 Domino

107 605 229 632 Brevium
256 599 302 631 M.
325 600 436 630 Sanctae
456 599 560 630 Mariae
576 601 606 630 in
627 599 745 630 Porticu
795 600 898 629 iacono
911 597 1072 635 Cardinali3
1086 597 1163 636 quod
1175 607 1243 627 cum
1257 596 1323 626 Do-

108 645 134 670 in
153 643 235 669 Torri.
255 639 348 668 minus
376 637 451 676 Papa
465 661 475 677 ,
505 637 570 679 post
593 637 760 668 Concilium
781 637 807 667 L
846 636 971 666 dunense
984 659 994 675 ,
1026 635 1128 666 statum
1149 636 1264 666 fratrum
1286 635 1323 665 de

255 676 362 707 Monte
383 676 527 715 Carmeli,
543 686 629 716 quem
647 676 795 706 Dominus
840 686 854 706 a
911 683 980 705 tunc
998 675 1027 705 in
1048 674 1180 719 pendenti
1193 675 1323 714 reliquit,

255 716 388 746 haetenus
412 725 471 746 non
491 715 658 753 firmaverit,
683 714 788 752 placeat
810 714 839 745 di
874 715 893 744 is
915 712 1111 744 Cardinalibus
1130 721 1194 752 erga
1214 713 1324 743 Domi-

254 764 325 784 num
345 754 452 792 Papam
467 753 618 784 efficaciter
632 754 810 792 interponere
822 762 908 792 partes
921 752 996 790 suas,
1013 762 1072 792 quo
1085 753 1171 792 magis
1184 751 1267 783 status
1281 751 1324 782 di-

251 793 365 823 &orum
377 794 491 822 fratrum
510 792 640 831 pristinus
652 791 844 822 confirmetur.

288 831 421 862 Scribatis
437 831 519 861 etiam
535 829 625 860 Priori
641 830 773 860 Generali
787 831 903 860 fratrum
916 829 1021 860 ordinis
1037 829 1180 868 praediffi,
1196 830 1244 867 qui
1260 828 1323 860 Do-

255 871 337 900 mino
352 869 381 900 R
400 870 426 898 tvi
462 879 490 899 er
506 869 623 907 litteras,
663 869 820 900 raesentibus
832 868 1006 906 interclusas,
1025 870 1102 908 (uper
1117 868 1176 899 hoc
1189 868 1323 906 supplica-

256 910 315 946 vit,
333 919 370 947 qu
459 909 572 938 ominus
586 918 627 938 no
653 918 683 938 er
696 908 762 938 Rex
775 907 924 947 praedidms
937 907 1058 938 multum
1074 917 1103 938 re
1124 909 1235 938 ratiatui·
1248 908 1274 937 ei
1287 907 1323 937 de

277 948 385 977 recibus
407 946 474 984 suis,
513 957 558 977 uas
579 947 719 977 continuo
739 946 832 977 fratres
851 945 977 986 praedieti
1000 956 1052 985 pro
1067 947 1143 986 ipo,
1163 946 1270 984 liberis,
1288 946 1323 976 &

289 995 364 1025 egno
376 985 442 1024 suo,
457 957 605 1015 aqueum
620 986 744 1024 faciunt,
762 986 795 1016 &
809 993 887 1025 rogat
902 983 980 1023 quod
993 985 1095 1024 jugiter
1109 986 1138 1015 in
1153 984 1324 1015 interceffio-

256 1025 337 1054 nibus
349 1025 399 1055 suis
414 1023 450 1054 de
464 1025 522 1063 ipso
536 1026 704 1055 memoriam
720 1024 840 1054 habeant
856 1023 1010 1061 specialem.

294 1063 332 1094 Et
351 1063 486 1094 mandetis
506 1063 616 1100 eidem,
635 1063 713 1101 quod
729 1063 794 1094 Rex
810 1064 845 1093 ita
859 1062 963 1102 scripsit
975 1061 1186 1099 Cardinalibus;
1205 1061 1242 1092 set
1256 1060 1322 1092 Do-

256 1102 464 1170 {F'ffiffsummo
479 1100 613 1132 Pontifici
626 1103 706 1140 super
720 1102 777 1133 hoc
793 1101 910 1133 scribere
919 1124 929 1140 ,
946 1101 986 1131 ob
999 1101 1098 1141 aliquas
1110 1101 1218 1140 causaS,
1235 1100 1323 1132 distu-

267 1149 311 1170 iti
339 1151 354 1172 a
367 1150 439 1172 Vice.

297 1220 365 1252 Dat.
378 1221 450 1262 apud
466 1221 620 1252 Rothelan.
636 1221 751 1252 decimo
764 1220 839 1252 sexto
852 1220 899 1252 die
910 1220 1032 1252 octobr.

257 1354 364 1386 Litera
393 1353 682 1387 recommendatoria
705 1365 726 1385 a
750 1352 902 1400 Rodulpho
920 1357 1126 1389 Romanorum
1145 1357 1244 1401 Rege,
1266 1364 1321 1402 pro

582 1405 718 1437 Henrico
738 1401 775 1435 de
797 1402 989 1447 Hamerstcn.

108 1497 184 1527 Αῃῃ,
200 1495 241 1527 D,
257 1489 332 1552 M
343 1489 476 1530 Agnifico
498 1492 624 1529 Principi
645 1491 776 1522 Domino
795 1491 958 1532 Edwardo,
973 1492 1030 1524 Dei
1046 1493 1131 1533 gratia
1167 1492 1241 1533 Regi
1259 1493 1321 1524 An-

130 1536 213 1566 1282.
351 1531 462 1569 giorum
485 1531 584 1561 illustri
598 1554 607 1568 ‚
630 1532 725 1561 amico
748 1530 797 1561 suo
817 1531 975 1570 cariffimo,
1000 1532 1078 1563 Rud.
1099 1531 1130 1561 αἱ
1152 1542 1198 1562 em
1219 1531 1322 1570 gratia,

107 1579 162 1604 An.
179 1585 220 1604 ιο,
258 1567 458 1612 Romanorum
479 1570 544 1601 Rex
564 1570 670 1608 semper
693 1569 854 1608 Augustus,
871 1571 1058 1610 integerrimae
1071 1569 1231 1601 dilectionis
1245 1571 1279 1602 &
1292 1580 1321 1601 a-

109 1618 138 1641 Ε.
160 1624 184 1641 ι.
257 1608 372 1638 micitiae
386 1609 553 1639 continuam
566 1608 736 1638 firmitatem.

108 1657 149 1680 Ex
169 1653 239 1688 orig.
294 1645 353 1676 Pro
374 1646 507 1678 Henrico
522 1647 558 1678 de
573 1647 744 1677 Hamersten
758 1647 866 1677 famulo
880 1646 980 1678 nostro
991 1647 1096 1678 dilecto
1105 1672 1114 1686 ,
1132 1649 1180 1688 qui
1194 1648 1321 1686 quando-

108 1690 241 1728 infnrur,
254 1693 309 1722 que
331 1685 382 1716 suis
402 1686 540 1725 obsequiis
559 1686 649 1717 coluit
669 1685 805 1725 Regnum
827 1686 937 1726 Angli-ie
958 1710 967 1725 ,
1008 1687 1139 1726 cujusque
1161 1686 1322 1717 fidelitatem

109 1730 215 1757 [mam
254 1723 437 1761 praelucidam
462 1725 659 1764 cognoscimus
681 1726 716 1755 ab
735 1733 849 1762 experto
864 1748 874 1762 ,
906 1724 1089 1756 Serenitatem
1113 1725 1236 1757 vestram
1260 1725 1322 1756 Re-

256 1763 331 1801 giam
353 1772 482 1802 rogamus
501 1764 660 1802 plenifsimo
674 1773 741 1794 cum
757 1763 880 1802 effectu,
894 1773 1026 1803 quatenus
1039 1764 1142 1804 ipsum,
1161 1764 1322 1795 nostrorum

255 1803 497 1841 contemplatione
516 1804 729 1841 precaminum,
744 1801 860 1842 gratiose
883 1803 965 1832 vobis
986 1803 1088 1833 habere
1107 1803 1261 1842 dignemini
1279 1814 1322 1834 re-

257 1841 458 1879 commistum,
475 1842 507 1873 &
527 1852 607 1879 eum,
627 1842 756 1872 benivole
778 1841 989 1880 pertractantes,
1007 1841 1056 1871 libi
1069 1843 1172 1873 curetis
1185 1841 1268 1873 vestri
1283 1842 1323 1874 fa-

257 1880 332 1908 voris
345 1880 377 1910 &
391 1881 488 1920 gratiae
503 1880 704 1920 plenitudinem
721 1881 865 1918 impertiri.

257 1959 403 2030 deglatgm
423 1959 582 2001 Maguntiae
600 1962 701 2002 quinto
722 1959 788 1991 Kal.
811 1960 1002 2000 Novembris,
1026 1961 1120 2000 Regni
1140 1959 1229 1992 nostri
1248 1971 1323 1993 anno

260 2117 265 2122 .
297 2078 457 2118 Magnifico
470 2079 594 2118 Principi
611 2080 745 2112 Domino
767 2080 849 2112 Edw.
872 2080 931 2111 Dei
948 2081 1033 2122 gratia
1048 2105 1059 2121 ,
1074 2080 1149 2122 Regi
1165 2080 1324 2122 Anglorum

258 2117 371 2156 illustri,
390 2119 484 2149 amico
498 2119 596 2150 nostro
613 2119 763 2151 carissimo.

111 2263 210 2291 ⁸11.22
217 2271 242 2298 3.
262 2258 288 2284 *τ
303 2261 409 2292 Litora
433 2272 453 2293 a
478 2261 626 2294 Florentio
656 2264 770 2295 Comite
787 2262 964 2306 Halana'iae,
988 2267 1179 2296 nunciatoria
1197 2263 1234 2297 de
1253 2267 1324 2298 Fri-

298 2306 440 2353 sbmbus,
468 2319 598 2355 quatuor
619 2311 733 2357 proeliis
753 2312 922 2357 superatis,
950 2315 987 2350 ξφ
1016 2311 1053 2346 de
1082 2324 1198 2360 corpore
1222 2316 1324 2347 Patris

299 2357 371 2403 fisi,
397 2355 437 2390 ab
459 2361 589 2390 inimicis
608 2370 788 2406 recuperato,

113 2452 180 2483 Ann
205 2450 234 2481 D

236 2475 243 2482 ,
260 2446 339 2509 LE
360 2446 439 2478 Haut
460 2446 565 2478 Prince
586 2448 619 2478 &
640 2447 742 2486 noble,
760 2447 809 2479 son
831 2449 961 2481 treschier
984 2450 1018 2481 &
1038 2460 1102 2480 ame
1115 2450 1160 2482 Sei
1200 2460 1266 2490 eur,
1283 2451 1324 2482 E-

331 2484 436 2524 duard,
453 2486 526 2517 Rois
540 2486 730 2526 d'Engleterre
765 2486 879 2520 Florens
893 2487 991 2520 Come
1002 2488 1039 2519 de
1052 2488 1151 2521 Holan
1185 2490 1274 2529 saluz,
1288 2492 1322 2523 &

223 2551 228 2558 .
259 2525 279 2556 li
293 2525 449 2564 apparellies
462 2536 497 2555 en
511 2533 573 2556 tous
586 2527 652 2556 lieus
663 2537 678 2556 a
691 2526 710 2556 li
724 2509 816 2556 servir.

299 2563 448 2594 Treschier
467 2564 546 2603 Sire,
565 2574 650 2594 come
670 2564 687 2594 il
705 2563 745 2594 est
767 2565 822 2596 ensi
841 2576 897 2606 que
916 2566 989 2604 Die,
1027 2577 1055 2597 ar
1068 2565 1093 2596 sa
1107 2575 1207 2605 grace,
1225 2576 1272 2598 ma
1283 2569 1322 2598 ai-

261 2602 316 2633 diet
337 2612 352 2632 a
374 2612 425 2639 ce,
444 2612 498 2641 que
515 2604 544 2641 je
567 2602 606 2633 sui
627 2613 730 2634 venues
751 2614 765 2633 a
785 2603 865 2636 dusiis
884 2605 920 2635 de
940 2615 1000 2635 mes
1041 2607 1131 2635 nemis
1142 2613 1268 2636 mortens
1282 2606 1321 2637 les

261 2640 386 2685 FrisonS,
402 2651 438 2671 ne
454 2641 518 2671 vole
528 2643 574 2680 je,
594 2652 629 2671 en
644 2642 718 2671 nulle
728 2651 858 2682 manere,
877 2643 952 2674 lalier
965 2653 1020 2684 que
1033 2644 1057 2681 je
1068 2653 1104 2673 ne
1118 2644 1144 2673 le
1157 2653 1228 2674 vous
1243 2644 1321 2675 feiss'e

259 2679 363 2715 saveir,
381 2689 449 2709 com
474 2690 489 2710 a
510 2690 580 2710 mon
601 2680 733 2718 Se'oner,
750 2682 783 2712 &
803 2692 818 2711 a
840 2682 892 2712 celi
905 2682 941 2712 de
984 2684 1010 2712 ui
1023 2683 1048 2719 je
1062 2692 1109 2712 me
1123 2681 1158 2712 fie
1173 2690 1248 2721 tant,
1267 2692 1322 2721 que

260 2719 326 2750 bien
341 2718 424 2756 quide
438 2718 543 2757 savoir,
562 2729 616 2757 que
629 2729 647 2758 p
659 2730 689 2749 us
702 2719 748 2749 lies
761 2730 797 2749 en
812 2720 919 2759 seront,
938 2720 964 2751 se
1013 2721 1038 2751 ix
1052 2729 1100 2751 me
1113 2720 1215 2752 donoit
1228 2721 1322 2752 achie—

261 2767 310 2789 ver
328 2756 347 2787 fi
362 2765 441 2796 grant
454 2758 540 2794 partie
553 2757 588 2787 de
605 2768 674 2787 mon
688 2757 775 2797 desir,
793 2769 863 2789 com
877 2759 953 2790 ceste
968 2758 1018 2789 est.

298 2795 374 2833 Sire,
391 2806 462 2834 pour
477 2796 531 2826 che
546 2795 586 2826 est
601 2806 656 2835 que
667 2798 695 2835 je
709 2806 779 2827 vous
795 2797 832 2827 fas
845 2797 951 2836 savoir,
969 2808 1023 2838 que
1032 2797 1070 2836 jai
1085 2797 1141 2828 heu
1155 2807 1183 2828 as
1194 2807 1262 2838 gens
1274 2799 1323 2830 de-

260 2834 368 2865 vantdis
387 2842 482 2874 quatre
503 2834 612 2865 batalles
624 2858 634 2874 ,
652 2836 685 2866 &
703 2834 739 2865 de
753 2836 901 2867 trestoutes
912 2846 983 2867 nous
996 2847 1011 2867 a
1027 2835 1125 2867 nostre
1140 2836 1200 2867 Sire
1213 2838 1294 2869 aidiet
1306 2849 1322 2869 a

261 2881 311 2911 ce,
325 2883 380 2912 que
392 2883 462 2903 nous
476 2872 514 2904 les
528 2875 723 2912 veinquemes,
738 2874 771 2904 ὃς
786 2885 872 2906 avons
887 2876 1007 2914 conquis
1022 2883 1093 2906 touz
1106 2875 1177 2905 leurs
1191 2876 1252 2913 plus
1266 2876 1322 2908 fort

261 2920 307 2947 pas
316 2934 325 2948 ‚
344 2912 377 2941 &
391 2921 502 2955 ravoms
517 2923 565 2953 par
578 2912 657 2943 force
671 2913 696 2943 le
709 2923 772 2944 cors
784 2924 855 2945 mon
870 2914 1008 2952 Seigneur
1021 2923 1091 2944 mon
1103 2923 1183 2954 pere,
1202 2914 1227 2945 la
1242 2915 1323 2954 quele

260 2948 345 2979 chose
356 2959 384 2988 Je
401 2950 516 2980 deliroie
529 2951 572 2981 sur
587 2960 658 2982 tutes
673 2953 751 2982 riens.

295 2987 374 3026 Site,
393 2988 412 3018 si
430 2998 499 3018 vous
517 2990 635 3020 vodroie
654 2992 746 3028 proier
765 3000 820 3030 que
842 3002 930 3030 vous,
947 2991 995 3022 des
1015 3001 1061 3022 ces
1077 2992 1173 3029 biens,
1191 3002 1248 3030 que
1262 2992 1323 3024 Dix

262 3035 334 3056 nous
353 3037 369 3056 a
387 3026 445 3065 fet,
462 3037 530 3058 avec
553 3038 624 3058 nous
645 3030 757 3060 vuellies
775 3029 869 3060 nostre
883 3031 1019 3068 Seigneur
1033 3030 1178 3069 mercher,
1195 3033 1242 3071 qui
1256 3041 1324 3063 touz

258 3065 338 3110 jours
357 3065 448 3094 vuelle
466 3065 536 3095 estre
550 3066 634 3110 garde
648 3068 683 3098 de
698 3078 786 3107 vous,
804 3069 837 3101 &
852 3079 923 3101 vous
935 3070 1012 3100 voles
1025 3069 1109 3100 chose
1123 3079 1178 3110 que
1191 3071 1220 3108 je
1235 3070 1324 3111 puisse

261 3102 344 3142 faire,
359 3104 510 3134 comandes
523 3113 591 3135 moi.

461 3248 511 3279 De
529 3256 677 3291 apparatu
696 3247 802 3280 Bellica
821 3258 924 3281 contra
942 3249 1109 3295 Wzllenfts.

115 3336 191 3367 Ann.
204 3335 243 3367 D.
261 3333 347 3388 RE
357 3332 387 3365 Χ
399 3333 505 3365 dilecto
518 3334 551 3364 &
565 3333 639 3365 fideli
653 3335 702 3365 suo
715 3335 834 3366 Olivero
849 3337 884 3367 de
895 3337 1067 3378 Dynebam,
1085 3339 1208 3370 salutem.

136 3377 218 3406 1282.
370 3373 460 3411 Super
470 3373 592 3416 ¹auxilio,
611 3384 659 3412 per
674 3384 726 3404 vos
741 3376 773 3405 ὃς
789 3375 918 3407 homines
933 3377 1057 3416 vestros,
1078 3378 1211 3409 haCtenus
1224 3387 1325 3410 conna

115 3418 168 3442 An.
187 3424 229 3440 10.
261 3411 419 3457 walenses,
439 3413 567 3441 inimicos
589 3412 621 3442 &
635 3413 748 3443 rebelles
761 3414 884 3453 nostros,
903 3416 984 3445 nobis
998 3416 1168 3447 laudabiliter
1182 3417 1325 3456 impens0,

116 3456 145 3479 Ε.
166 3460 189 3478 i.
263 3450 295 3479 &
322 3451 432 3480 ulterius
451 3450 644 3487 impendendo
658 3474 667 3488 ,
700 3453 780 3484 vobis
801 3461 880 3483 tanto
904 3456 1022 3492 majores
1049 3463 1138 3495 grates
1162 3456 1325 3495 referimus,

116 3488 248 3518 Rot‚tVaII.
263 3496 367 3525 quanto
379 3489 485 3519 fidelius
499 3489 532 3520 &
548 3489 706 3528 diligentius
717 3492 855 3530 praemiffa
868 3494 999 3524 novimus
1012 3504 1064 3524 vos
1078 3494 1182 3524 fecisse.

122 3537 165 3554 io.
180 3532 206 3554 Ε.
226 3536 249 3553 ι.
300 3525 444 3570 Caeterum
457 3528 538 3565 auia,
556 3527 590 3558 ad
603 3528 738 3559 malitiam
750 3528 893 3560 dictorum
908 3531 1084 3564 Walenlium
1098 3543 1127 3563 re
1148 3533 1323 3571 timendam,

118 3573 156 3593 m.
172 3574 198 3592 2.
215 3565 241 3592 d.
262 3563 403 3630 glraigentia
422 3577 455 3597 ve
484 3567 556 3597 rain
576 3567 699 3604 partibus
721 3567 907 3599 Westwauiae
928 3571 1010 3602 nobis
1032 3581 1104 3603 nece
1127 3573 1182 3607 aria
1195 3571 1238 3602 est
1251 3572 1324 3602 hisce

293 3610 307 3629 e
329 3612 372 3631 us:

301 3638 389 3681 Vobis
408 3642 587 3685 mandamus,
602 3652 729 3682 rogantes
747 3645 775 3674 in
798 3644 868 3683 fide,
884 3647 917 3677 δε
934 3647 1085 3687 homagio,
1103 3657 1137 3679 ac
1153 3647 1322 3686 dileetione‚

263 3677 361 3719 quibus
373 3680 452 3722 nobis
466 3683 615 3721 tenemini,
634 3683 749 3713 firmiter
761 3683 950 3723 injungentes,
969 3686 1047 3725 quod
1061 3696 1129 3716 curn
1142 3688 1220 3725 equis
1232 3687 1266 3718 &
1279 3696 1322 3716 ar-

264 3723 334 3750 nus,
350 3715 382 3744 ad
402 3717 485 3761 die'tas
507 3728 594 3758 partes
608 3721 651 3751 W
653 3721 808 3759 estwalliae,
846 3725 992 3754 uamcitius
1006 3725 1147 3765 poteritis,
1165 3725 1325 3762 accedatis,

266 3751 310 3781 vel
329 3751 421 3795 saltem
435 3756 551 3800 aliquos,
566 3758 602 3801 de
613 3760 776 3789 hominibus
791 3733 886 3791 vestris
900 3763 1055 3802 equitibus,
1074 3773 1143 3794 cum
1158 3765 1234 3803 equis
1249 3772 1321 3794 coo-

265 3799 364 3826 pertis,
382 3791 484 3835 ibidem
499 3804 623 3838 mittatis,
640 3806 722 3835 prout
736 3797 770 3827 ad
786 3799 927 3830 honorem
942 3801 1066 3832 vestrum
1081 3802 1115 3832 &
1130 3801 1321 3832 commodum

264 3827 394 3870 nostrum
414 3838 498 3873 magis
521 3833 639 3875 videritis
659 3837 787 3875 expedire
806 3847 812 3865 z
850 3837 889 3868 Ita
907 3839 983 3878 quod
1005 3850 1074 3877 vos,
1096 3840 1141 3870 vel
1162 3839 1321 3876 hujusmodi

264 3865 393 3894 hommes
413 3867 513 3905 vestrl,
530 3872 582 3911 litis
600 3872 628 3901 in
651 3875 770 3910 partibus
784 3875 850 3912 illis,
868 3878 940 3914 apud
956 3877 1153 3917 Kermerdyn,
1172 3886 1239 3907 cum
1253 3877 1323 3906 dile-

265 3903 315 3932 &o
335 3904 475 3949 avunculo
495 3907 527 3935 &
548 3908 620 3950 hdeli
641 3911 738 3941 nostro
761 3913 921 3944 Willielmo
943 3915 978 3944 de
997 3916 1142 3953 Valentia,
1163 3916 1193 3944 in
1209 3914 1320 3945 instanti

266 3940 350 3984 festo
365 3941 461 3971 §andri
475 3942 612 3985 Nicliolai
622 3968 631 3982 ,
642 3949 692 3989 ,vel
706 3950 733 3978 in
747 3951 855 3980 octabis
862 3952 935 3981 Festi
949 3954 1016 3983 illius
1029 3954 1063 3984 ad
1077 3954 1226 3990 ultimum3
1244 3962 1322 3990 para-

263 3985 285 4009 ιι
297 3979 396 4010 exinde
410 3978 546 4019 proficisci
560 3990 627 4011 cuin
641 3986 715 4024 ipso,
732 3987 766 4017 ad
784 3989 862 4019 vadia
878 3990 987 4029 nostra,
1006 3992 1034 4022 in
1046 3991 1254 4031 expeditionem
1266 4001 1321 4022 no-

720 85 1498 136 CONVENTIONES,
1553 83 1942 132 LITERAE,

1356 170 1443 201 stram
1461 178 1560 201 contra
1579 170 1671 202 dictos
1687 170 1849 209 Walenses,
1866 170 1998 200 inimicos
2017 168 2051 200 &
2071 167 2185 199 rebelles
2195 168 2324 207 nostros;
2342 167 2421 200 &ad
2437 162 2512 196 Ann.
2524 160 2570 194 D:

1357 220 1389 240 ea
1408 208 1569 239 faciendum
1587 219 1652 249 quae
1666 210 1743 240 idem
1757 209 1911 240 avunculus
1921 207 2017 238 noster
2029 208 2127 246 vobis,
2143 214 2189 238 aut
2198 207 2281 239 dietis
2293 207 2419 238 homini·
2452 202 2536 235 1282·

1358 248 1409 278 bus
1423 246 1518 278 vestris
1531 248 1657 288 injunget
1667 259 1700 279 ex
1733 257 1789 279 arte
1803 247 1907 278 nostra.
2428 246 2496 273 Edv.
2519 251 2543 271 ι.
2564 261 2570 265 Α

1398 285 1436 330 Et
1454 286 1529 324 hoc,
1542 286 1611 317 sicut
1630 287 1666 317 de
1684 259 1814 318 fidelitate
1827 285 1917 317 vestra
1929 283 2118 323 coniminum,
2133 283 2214 315 nullo
2228 283 2320 315 modo
2333 284 2423 322 omit÷

1360 333 1431 355 tatis.

1398 404 1488 436 Teste
1499 404 1582 444 Rege
1591 404 1665 443 apud
1679 405 1796 436 Rothel.
1810 404 1984 436 duodecimo
1996 403 2043 435 die
2056 403 2245 435 Novembris.

1505 484 1618 516 Eodem
1638 485 1729 517 modo
1742 486 1906 518 mandatum
1921 483 1963 515 est
1975 484 2108 515 omnibus
2121 483 2287 524 subscriptis.

1365 565 1475 602 Hugont’
1493 565 1525 595 de
1543 569 1667 606 curteny.

1365 602 1493 642 Galfrido
1507 605 1539 633 de
1550 605 1677 644 Canuill,

1368 643 1411 671 W
1412 640 1519 672 illielmo
1534 642 1567 671 de
1578 647 1691 673 Martin
1698 667 1708 682 ,

1369 682 1412 709 W
1411 679 1517 710 illielmo
1537 681 1569 710 de
1581 681 1782 721 Chambernon,

1368 722 1502 756 Mangero
1517 719 1548 749 de
1563 722 1661 750 Sanb‘t'o
1674 721 1799 761 Albino,

1368 759 1412 787 W
1410 756 1517 787 illielmo
1539 756 1569 786 la
1590 759 1699 798 Zuche,

1367 798 1467 832 Rogero
1481 795 1510 825 la
1526 797 1636 836 Zuche,

1368 836 1411 863 W
1411 833 1517 864 illielmo
1531 835 1563 864 de
1578 836 1772 876 Panchardon,

1367 875 1455 902 Henr.
1469 874 1501 903 de
1515 872 1636 912 Ralegh,

1368 911 1483 941 Roberto
1498 910 1523 941 le
1538 914 1666 953 Daneys,

1914 568 2013 604 Rogero
2033 564 2149 604 Beupel,

1914 602 2048 634 Nicholao
2063 605 2095 634 de
2109 603 2308 645 Monte-finti,

1913 645 2019 673 Briano
2038 643 2070 672 de
2089 646 2177 684 Cony,

1915 681 2038 711 Waltero
2052 682 2084 711 de
2099 681 2128 711 la
2145 681 2253 720 Linde,

1913 719 2021 750 Thomae
2036 720 2068 749 de
2073 719 2169 760 sanilo
2185 723 2214 750 V
2213 724 2296 758 igore,

1913 759 2028 789 Ricardo
2047 758 2190 797 Cremuill,

1914 796 2044 836 Johanm'
2058 798 2090 827 de
2103 797 2251 837 Cormails,

1915 839 2015 866 Simoni
2030 836 2062 865 de
2080 839 2177 866 Monte
2192 840 2303 874 Acuta,

1915 874 2030 904 Roberto
2042 875 2074 904 de
2089 877 2186 905 Wton
2194 899 2205 915 ,

1916 911 2066 942 Willielmo
2081 915 2112 943 de
2127 916 2248 953 Pernen,

1368 952 1483 980 Warino
1502 951 1534 980 de
1548 949 1577 979 la
1594 954 1692 991 Smne,
1916 951 1936 971 ³*
1955 952 2077 981 Andreae
2095 952 2166 982 Wak
2437 958 2570 994 *11‚2'24.

1366 988 1482 1019 Roberto
1495 990 1527 1019 de
1541 989 1684 1029 Dinham,
1944 988 2044 1019 ohanm·
2056 990 2088 1019 de
2101 993 2146 1020 W
2142 976 2269 1030 itbeftnd
2271 1013 2282 1028 ,

1366 1026 1474 1057 Thomae
1494 1029 1526 1058 de
1538 1031 1668 1066 Merton,
1943 1026 2045 1058 ohaam·
2056 1028 2089 1058 de
2102 1031 2228 1067 Bri-wer,

1367 1067 1484 1096 Ricardo
1500 1067 1532 1096 de
1545 1069 1682 1106 Lomone,
1915 1066 2033 1096 Roberto
2047 1067 2080 1096 de
2094 1069 2199 1106 Panes,

1365 1108 1474 1143 Hugoni
1495 1106 1527 1135 de
1546 1104 1666 1144 Ralegh,
1917 1103 2065 1134 Willielmo
2078 1107 2192 1144 Treuet,

1367 1142 1500 1174 Michaeli
1512 1144 1685 1183 Trenchard,
1916 1143 2032 1173 Roberto
2046 1147 2204 1183 Marmion,

1365 1182 1496 1222 Johanni
1516 1184 1547 1212 de
1561 1181 1714 1223 AJhelegh,
1916 1181 2039 1220 Philippo
2056 1183 2088 1212 de
2103 1183 2201 1222 lVerk,
2562 1198 2570 1213 ι

1365 1224 1454 1251 Henr.
1471 1225 1557 1262 Tracy
1564 1247 1573 1259 ‚

1916 1222 2025 1258 Hugoni
2043 1223 2123 1250 Poins
2130 1244 2141 1260 ,

1364 1261 1480 1290 Ricardo
1494 1261 1526 1290 de
1539 1260 1668 1300 clifford,

1915 1261 2002 1290 Henr.
2022 1261 2054 1291 de
2071 1262 2190 1290 Urtiaco.

1408 1405 1505 1450 Regi,
1534 1404 1641 1436 Litera
1669 1401 1890 1450 Archiepifiopi
1917 1404 2157 1448 Cantuariensts‚
2174 1401 2266 1449 steper
2288 1412 2384 1436 morte

1667 1451 1814 1485 Lemelini
1836 1455 1982 1499 Principis
2006 1453 2125 1487 Walliae.

1367 1538 1422 1595 A
1439 1540 1561 1572 Trechir
1580 1540 1689 1582 Seynur
1706 1540 1849 1581 Edward,
1867 1541 1936 1573 Deu
1949 1551 2048 1582 grace,
2061 1541 2126 1582 Rey
2139 1541 2212 1572 d'En
2233 1540 2348 1580 leterre,
2360 1540 2429 1582 Sey-
2448 1536 2570 1586 Anu-12¹

1441 1589 1493 1609 nur
1513 1579 1666 1618 d’hlande,
1689 1578 1758 1611 Duc
1774 1580 1952 1620 d'Aquitain‚
1974 1581 2045 1611 frere
2055 1580 2111 1620 Jan
2154 1550 2245 1619 paria
2263 1579 2428 1611 Suffraunce
2467 1592 2552 1624 1282·

1364 1618 1448 1656 Deu,
1468 1617 1644 1659 Ercevesque
1655 1618 1690 1650 de
1701 1618 1870 1658 Canterbir,
1886 1619 1993 1651 Priniat
2004 1619 2041 1651 de
2053 1628 2096 1651 tut
2109 1604 2287 1660 fingleterre,
2307 1617 2380 1650 saluz
2393 1629 2429 1650 en
2446 1634 2499 1658 An.
2519 1640 2563 1659 Π,

1363 1664 1464 1697 graunt
1478 1667 1647 1696 reverence,
2444 1669 2474 1697 E.
2494 1679 2519 1697 ¹,

1402 1696 1478 1733 Sue,
1495 1696 1595 1727 sachez
1611 1697 1646 1727 ke
1667 1706 1749 1734 ceus,
1768 1696 1804 1727 ke
1818 1696 1910 1727 furent
1923 1706 1939 1727 a
1950 1696 1977 1727 la
1988 1705 2066 1728 mort
2079 1696 2222 1736 Lewelin,
2236 1703 2379 1728 truverent
2393 1707 2428 1728 au
2446 1708 2570 1736 Peckham

1384 1734 1425 1765 lus
1448 1736 1527 1773 prive
1538 1736 1565 1766 lu
1580 1735 1617 1766 de
1631 1736 1680 1766 sun
1696 1745 1759 1765 cors
1774 1736 1878 1765 meime
1892 1735 1989 1766 choses
2004 1736 2041 1766 ke
2054 1746 2105 1767 nus
2119 1745 2218 1767 avoms
2231 1745 2332 1772 veue53
2348 1744 2427 1767 entre
2446 1746 2546 1783 ῃρὲψν,
2553 1744 2570 1784 j

1366 1783 1403 1843 ἐς
1422 1782 1509 1805 autres
1528 1774 1624 1805 choses
1645 1775 1676 1804 ili
1695 1782 1749 1804 ont
1770 1784 1825 1805 une
1846 1774 1926 1806 lettre
1943 1774 2071 1813 deguisee
2092 1785 2140 1813 par
2155 1774 2215 1806 faus
2225 1784 2297 1806 nuris
2310 1773 2346 1805 de
2358 1782 2430 1815 tray-
2453 1785 2570 1813 mmai,

1377 1823 1423 1843 un.
2473 1825 2477 1830 -
2508 1824 2513 1830 ·

1403 1851 1429 1882 E
1446 1860 1498 1888 pur
1517 1860 1556 1881 co
1573 1851 1608 1882 ke
1624 1862 1675 1883 vus
1696 1851 1723 1882 se
1741 1859 1776 1882 ez
1791 1852 1870 1892 garni
1885 1874 1895 1890 ‚
1925 1861 1978 1882 nus
1998 1861 2142 1890 enveyum
2160 1851 2188 1882 le
2208 1851 2335 1883 transcrit
2353 1851 2389 1882 de
2406 1823 2570 1892 121}ssngss

1365 1890 1446 1922 lettre
1470 1899 1485 1920 a
1510 1889 1536 1920 le
1553 1890 1632 1922 Eves
1632 1891 1651 1921 k
1671 1890 1706 1921 de
1723 1861 1763 1922 {a
1777 1902 1787 1929 3
1819 1901 1834 1921 e
1851 1890 1877 1920 la
1894 1890 1975 1921 lettre
1993 1900 2119 1931 meymes
2135 1891 2206 1922 tient
2227 1888 2380 1921 Eadmund
2397 1889 2434 1921 de

1367 1928 1534 1959 Mortemor
1567 1939 1588 1960 o
1607 1931 1633 1960 le
1651 1930 1729 1970 prive
1745 1929 1808 1960 Seel
1826 1929 1964 1960 Lewellin
1980 1940 1995 1960 a
2014 1929 2052 1960 ses
2067 1929 2163 1961 choses
2181 1939 2232 1959 vus
2251 1937 2354 1968 purrez
2369 1939 2436 1960 aver

1365 1979 1382 1999 a
1399 1966 1499 2001 vostre
1514 1977 1533 2007 p
1545 1968 1612 2009 eyfir
1626 1980 1637 2007 3
1668 1979 1685 1999 e
1699 1978 1737 1999 co
1753 1978 1803 1999 nus
1819 1967 1978 1999 maundum
1995 1978 2048 2006 pur
2067 1979 2116 1999 vus
2135 1968 2229 2006 garnir
2243 1992 2253 2006 ,
2277 1977 2293 1997 e
2312 1978 2372 1998 nun
2388 1978 2437 2006 pas

1366 2016 1418 2046 pur
1437 2015 1472 2038 ce
1491 2005 1527 2036 ke
1545 2007 1594 2038 nul
1612 2018 1648 2038 eti
1667 2007 1693 2038 se
1713 2016 1722 2038 t
1739 2016 1839 2047 greve,
1858 2017 1875 2037 e
1894 2017 1945 2036 vus
1965 2007 2074 2046 priums
2089 2007 2125 2037 ke
2139 2007 2190 2037 nul
2203 2016 2240 2036 ne
2255 2005 2328 2037 sente
2342 2015 2436 2045 mort;

1367 2056 1405 2115 ἓε
1427 2045 1556 2113 maPaynf
1569 2055 1623 2086 pur
1643 2056 1682 2076 no
1709 2056 1738 2077 re
1760 2045 1983 2085 maundemenr,
1999 2055 2015 2077 e
2035 2045 2071 2077 ke
2091 2047 2137 2077 sce
2151 2046 2188 2076 ke
2203 2054 2256 2077 nus
2271 2055 2321 2076 vus
2336 2055 2437 2076 maun-

1389 2093 1450 2115 ums
1481 2093 1496 2113 e
1515 2092 1526 2114 t
1552 2092 1596 2114 ete

1406 2092 1521 2153 Ovekgs
1543 2107 1679 2162 co,’fire,
1696 2123 1798 2154 sachez
1817 2122 1852 2153 ke
1873 2121 1955 2153 dame
1971 2120 2099 2153 Mahaud
2113 2121 2266 2160 Lungespe
2285 2131 2301 2152 e
2313 2131 2364 2153 nus
2377 2123 2437 2163 pria

1368 2172 1418 2200 par
1433 2162 1537 2198 lettres,
1555 2161 1590 2192 ke
1603 2171 1655 2192 nus
1669 2162 1813 2193 volissums
1826 2161 1942 2192 asoudre
1956 2160 2098 2200 Lewelio,
2117 2161 2155 2191 ke
2170 2161 2191 2190 il
2204 2170 2260 2199 peu
2299 2160 2371 2191 estre
2383 2171 2435 2191 en—

1369 2200 1452 2232 seveli
1470 2210 1506 2231 en
1528 2200 1556 2229 lu
1570 2199 1667 2239 dedic,
1682 2211 1699 2232 e
1720 2212 1771 2231 nus
1791 2201 1809 2231 li
1828 2199 2027 2230 maunddames
2047 2199 2081 2229 ke
2098 2210 2155 2229 nus
2175 2209 2212 2230 ne
2227 2199 2313 2230 frums
2327 2201 2399 2230 riens
2413 2200 2435 2231 fi

1369 2240 1416 2270 len
1437 2249 1487 2308 nes
1495 2247 1562 2279 poet
1581 2249 1683 2277 prover
1697 2239 1733 2270 ke
1747 2240 1767 2270 il
1780 2239 1887 2270 mustra
1900 2238 2006 2277 Seigne
2016 2237 2052 2268 de
2065 2237 2188 2278 Verraye
2201 2247 2390 2276 repentaunce
2401 2249 2433 2270 a-

1370 2287 1457 2310 vaunt
1480 2286 1495 2307 a
1510 2286 1600 2307 mort·

1406 2316 1431 2346 E
1449 2317 1468 2348 si
1490 2325 1539 2346 me
1561 2301 1615 2346 dis'c
1632 2315 1770 2347 Edmund
1790 2315 1826 2347 de
1839 2314 2002 2346 Mortemer
2017 2314 2052 2344 ke
2064 2315 2084 2345 il
2096 2323 2179 2354 aveyt
2193 2314 2317 2346 entendu
2333 2325 2382 2353 par
2393 2315 2432 2346 see

1367 2355 1476 2424 1Valles,
1494 2354 1529 2385 ke
1541 2353 1635 2385 furent
1647 2365 1663 2385 a
1675 2354 1700 2384 la
1713 2363 1805 2393 mort,
1823 2354 1859 2384 ke
1873 2354 1892 2384 il
1904 2361 1966 2384 avet
1980 2352 2141 2384 demaunde
2153 2354 2180 2384 le
2191 2353 2300 2385 Prestre
2313 2354 2435 2386 devaunt

1379 2404 1393 2424 a
1409 2403 1500 2425 mort·

1406 2431 1474 2463 Mes
1493 2417 1591 2463 sauntz
1603 2430 1701 2472 dreyte
1714 2437 1872 2470 certeynete
1887 2440 1958 2462 nous
1971 2440 2028 2461 nen
2043 2430 2130 2462 frums
2144 2431 2231 2461 riens:

1404 2470 1491 2503 Ovec
1509 2479 1562 2508 co,
1584 2469 1684 2501 sichen
1702 2469 1737 2499 ke
1756 2469 1783 2499 le
1795 2470 1841 2507 jur
1859 2479 1983 2509 meymes
2001 2469 2039 2500 ke
2057 2469 2076 2499 il
2091 2469 2121 2499 fu
2141 2471 2221 2509 ocis,
2247 2480 2285 2500 un
2303 2468 2378 2510 Muy
2397 2481 2434 2502 ne

1364 2510 1468 2541 blaunc
1481 2509 1502 2540 li
1516 2508 1642 2540 chaunso
1656 2507 1761 2547 messe,
1778 2517 1794 2538 e
1809 2510 1899 2541 mifire
1914 2508 2014 2548 Roger
2031 2507 2068 2539 de
2075 2507 2236 2540 Mortemei·
2250 2508 2285 2539 ad
2299 2508 2327 2539 le
2341 2479 2432 2541 velgte-

1368 2559 1458 2579 mens.

1405 2587 1492 2619 Ovec
1515 2596 1554 2617 co
1567 2609 1577 2625 ,
1598 2585 1670 2625 fire,
1694 2595 1747 2616 nus
1771 2595 1822 2616 vus
1846 2595 2020 2626 requerrurns
2040 2585 2076 2616 ke
2100 2587 2174 2626 piete
2196 2595 2247 2617 vus
2273 2594 2378 2627 prenge
2399 2586 2436 2618 de

1369 2626 1473 2695 Clerscs
1497 2625 1533 2655 ke
1554 2635 1606 2657 vus
1624 2635 1660 2656 ne
1678 2624 1780 2655 suffrez
1795 2634 1841 2662 pas
1856 2624 1892 2654 ke
1907 2625 1954 2655 len
1976 2624 2015 2655 les
2029 2626 2094 2656 ocie
2108 2647 2118 2663 ‚
2141 2634 2178 2655 ne
2196 2624 2232 2655 ke
2251 2624 2296 2655 len
2311 2625 2353 2656 lur
2371 2625 2434 2657 face

1369 2674 1434 2696 maii
1471 2675 1487 2695 e
1505 2674 1577 2695 cors.

1402 2703 1428 2733 E
1451 2703 1564 2741 sachez,
1581 2701 1646 2739 sire,
1665 2700 1754 2731 Dieus
1774 2710 1825 2731 vus
1845 2699 1966 2730 defende
1986 2700 2023 2731 de
2042 2701 2097 2731 mal
2132 2701 2151 2731 si
2167 2711 2218 2731 vus
2233 2710 2270 2731 ne
2285 2700 2312 2731 le
2325 2701 2435 2731 destur-

1368 2742 1423 2772 bez
1445 2752 1460 2772 a
1478 2740 1573 2772 vostre
1592 2749 1677 2778 poer,
1695 2749 1747 2770 vus
1769 2739 1859 2768 cheez
1880 2749 1916 2769 en
1934 2738 2084 2777 sentence,
2100 2723 2148 2768 kar
2169 2737 2261 2768 suffrir
2282 2749 2317 2769 ce
2335 2739 2372 2770 ke
2386 2740 2434 2770 len

1367 2789 1433 2822 peut
1449 2779 1595 2811 desturber
1608 2787 1675 2809 vaut
1690 2776 1914 2808 consentement.

1404 2818 1429 2850 E
1453 2828 1505 2857 pur
1522 2828 1574 2857 ce,
1593 2816 1661 2854 sire,
1678 2826 1729 2847 vus
1751 2817 1853 2853 priums
1874 2815 1910 2846 ke
1927 2815 1946 2845 il
1966 2826 2018 2846 vus
2031 2813 2123 2853 pleyse
2137 2814 2202 2845 keil
2215 2814 2295 2846 Clers
2308 2814 2434 2855 quisunt

1369 2867 1405 2888 en
1427 2856 1595 2894 Snaudone,
1611 2854 1656 2885 sen
1675 2854 1795 2893 puissent
1814 2853 1870 2884 iffir
1892 2865 1909 2884 e
1924 2854 2048 2892 quereler
2067 2854 2163 2884 mieuz
2176 2863 2232 2884 oue
2249 2854 2291 2885 lur
2303 2854 2382 2884 biens
2395 2863 2433 2885 en

1369 2897 1512 2933 Fraunce,
1529 2905 1568 2926 ou
1588 2894 1701 2932 ayllurs,
1719 2894 1767 2924 kar
1790 2903 1843 2931 pur
1858 2903 1895 2924 co
1908 2893 1944 2923 ke
1960 2903 2011 2924 nus
2024 2902 2134 2923 creums
2149 2892 2184 2923 ke
2198 2892 2351 2923 Snaudone
2365 2893 2435 2923 serra

1369 2934 1480 2971 vostre,
1499 2934 1524 2964 se
1547 2934 1566 2964 il
1587 2933 1679 2963 avient
1698 2932 1735 2962 ke
1756 2941 1792 2961 en
1816 2941 2026 2971 cunqueraunt,
2044 2941 2083 2962 ou
2105 2941 2180 2972 apres
2198 2931 2243 2962 len
2259 2931 2323 2962 face
2338 2931 2394 2962 mal
2406 2941 2435 2962 as

1369 2975 1455 3012 clers,
1468 2973 1559 3003 Dieus
1574 2972 1599 3002 le
1615 2980 1714 3003 rettera
1730 2981 1745 3001 a
1758 2980 1826 3007 vuS,
1845 2980 1862 3000 e
1878 2970 1973 3001 vostre
1987 2971 2047 3001 bon
2061 2980 2151 3002 renun
2161 2980 2197 3001 en
2210 2970 2278 3002 serra
2286 2969 2400 3008 blesini,
2418 2979 2435 3000 e

1372 3023 1424 3044 nus
1436 3013 1590 3044 enserrums
1605 3018 1691 3042 tenuz
1724 3020 1757 3041 ur
1770 3008 1881 3039 lasches.

1406 3051 1432 3082 E
1452 3051 1489 3082 de
1507 3060 1554 3081 ces
1572 3049 1687 3087 choses,
1724 3050 1778 3086 ire,
1797 3048 1824 3078 se
1838 3048 1856 3077 il
1871 3046 1934 3077 vust
1949 3047 2020 3086 plest
2035 3047 2172 3078 maunder
2187 3057 2240 3078 nus
2251 3046 2346 3078 vostre
2359 3046 2436 3088 pley-

1369 3092 1423 3130 fir,
1441 3091 1488 3120 kar
1511 3098 1563 3120 nus
1584 3090 1594 3118 i
1617 3096 1753 3119 mettrum
1768 3088 1795 3117 le
1809 3085 1921 3128 conseyl
1936 3086 1973 3118 ke
1986 3097 2037 3118 nus
2050 3096 2195 3126 purrurns,
2213 3096 2253 3118 ou
2266 3095 2316 3126 par
2325 3085 2380 3116 aler
2393 3085 2416 3116 la
2425 3108 2436 3124 ‚

1371 3141 1410 3162 ou
1458 3139 1471 3159 t
1484 3136 1562 3159 autre
1575 3136 1614 3157 vo
1633 3136 1656 3157 e.

1443 3167 1558 3204 lachez,
1577 3137 1655 3204 sirie,
1674 3164 1727 3203 ke,
1744 3164 1763 3195 si
1779 3175 1829 3195 vus
1849 3173 1885 3194 ne
1904 3163 1972 3195 fetes
1989 3163 2084 3194 nostre
2104 3164 2210 3202 priere,
2229 3174 2281 3194 vus
2293 3173 2344 3195 nus
2362 3170 2435 3194 met-

1368 3217 1428 3240 tre'z
1442 3217 1477 3238 en
1492 3204 1604 3242 tristur,
1619 3203 1690 3234 dunt
1703 3214 1754 3234 vus
1768 3203 1887 3234 instrum
1899 3204 1928 3242 ja
1942 3213 1977 3233 en
1993 3201 2070 3233 ceste
2083 3203 2129 3233 vie
2143 3201 2272 3234 mortele.

1406 3247 1466 3278 sire
1480 3244 1571 3275 Dieus
1581 3242 1647 3282 gard
1662 3253 1730 3281 vus,
1749 3252 1765 3272 e
1779 3242 1864 3273 kaunt
1878 3252 1893 3272 a
1905 3252 1956 3274 vus
1968 3249 2061 3280 aperit.

1369 3325 1494 3398 LCeste
1517 3325 1599 3356 lettre
1624 3323 1656 3354 fu
1674 3324 1769 3355 escrite
1788 3334 1803 3355 a
1822 3323 1985 3362 Pernbrugg
1998 3345 2008 3361 ,
2037 3321 2064 3353 le
2078 3319 2164 3361 Jeodi
2184 3330 2262 3360 apres
2282 3319 2310 3351 la
2330 3320 2433 3361 Seynre

1397 3375 1468 3398 ucie.

1369 3513 1420 3545 De
1448 3505 1560 3540 Cedula
1579 3532 1588 3548 ,
1630 3504 1714 3548 infra
1738 3504 1912 3538 Femoralia
1939 3503 2085 3537 Lemelini
2110 3498 2263 3548 quondam
2287 3500 2434 3544 Prt'ncipis

1401 3556 1509 3592 Walliae
1526 3558 1648 3587 inventa
1658 3581 1668 3596 ,
1694 3555 1859 3587 multorum
1876 3555 1998 3585 nomina
2015 3553 2209 3598 Magnarum
2228 3549 2397 3580 continente.

1428 3644 1517 3675 Rater
1535 3643 1563 3682 J.
1585 3642 1764 3684 permissione
1785 3642 1896 3680 divina,
1921 3638 2122 3672 cantuariensis
2142 3635 2278 3680 Ecclesiae
2295 3633 2428 3679 Minister
2441 3625 2517 3657 Ann-
2532 3624 2570 3657 D·

1438 3682 1551 3712 humilis
1559 3706 1568 3721 ,
1583 3684 1668 3714 totius
1681 3683 1796 3718 Angliae
1811 3681 1934 3719 Primas,
1946 3678 2097 3710 venerabili
2107 3678 2137 3708 in
2150 3671 2268 3721 Christo
2279 3672 2354 3703 Patri
2361 3673 2428 3704 Do-
2466 3665 2550 3695 1282·

1366 3721 1450 3752 mino
1469 3720 1500 3750 B.
1524 3719 1582 3752 Dei
1633 3722 1703 3760 aria,
1729 3720 1896 3751 Bathonien.
1919 3720 1953 3750 &
1973 3718 2097 3748 Wellen.
2117 3713 2278 3759 Episcopo,
2293 3711 2428 3753 salutem,
2439 3708 2495 3770 {ln-
2512 3713 2555 3733 ¹¹·

1367 3760 1401 3790 &
1423 3759 1551 3790 fraternae
1572 3758 1599 3789 d'
1612 3760 1730 3790 edtionis
1742 3761 1773 3789 in
1788 3758 1923 3789 Domino
1935 3757 2333 3794 continuummcrementum.
2464 3764 2469 3770 ·
2491 3751 2524 3808 ¹6
2540 3780 2547 3788 ⁰
2568 3782 2570 3786 Α

1405 3798 1499 3837 Qia,
1515 3807 1578 3835 quae
1593 3800 1621 3828 in
1640 3798 1765 3829 Domini
1778 3796 1866 3828 nostri
1880 3797 1969 3833 Regis
1982 3794 2137 3837 dampnum
2150 3790 2184 3820 &
2196 3789 2354 3833 periculum
2368 3799 2430 3820 Ver·
2444 3786 2485 3826 iix
2524 3789 2570 3818 ng·

1366 3845 1432 3876 gere
1451 3836 1651 3876 dinoscuntur,
1667 3837 1795 3876 detegere
1809 3835 1893 3866 debet
1908 3834 1995 3864 fidelis
2006 3830 2136 3871 quilibet,
2152 3828 2187 3859 &
2201 3837 2233 3858 &a
2248 3828 2298 3858 fibi
2312 3828 2429 3873 nullate·
2443 3819 2517 3864 ‘nf'ff

1366 3884 1419 3904 nus
1431 3874 1592 3913 occultare,
1617 3875 1741 3914 nosque,
1759 3875 1834 3904 inter
1847 3873 1930 3910 alios,
1945 3871 2026 3908 ipsius
2035 3869 2182 3913 ‚honorem
2196 3866 2229 3897 δε
2246 3867 2430 3912 magnificen-
2443 3861 2554 3886 summ·

1365 3913 1433 3942 tiam
1454 3913 1490 3943 ab
1509 3914 1690 3945 inimicorum
1706 3912 1807 3943 infidiis
1821 3911 1878 3941 effe
1890 3918 1978 3940 tutam
1991 3909 2090 3951 intime
2102 3903 2276 3943 affectantes,
2292 3913 2431 3949 mittimus

1366 3951 1450 3982 vobis
1472 3952 1612 3989 quandam
1633 3951 1781 3988 cedulam,
1801 3947 1977 3986 praesentibus
1996 3943 2187 3988 interclusam,
2205 3944 2354 3975 obscuram
2368 3953 2431 3983 qui-

1365 3989 1432 4020 dem
1454 3991 1562 4029 verbis,
1580 3992 1614 4022 &
1634 3990 1706 4021 fictis
1726 3987 1888 4019 nominibus
1909 3991 2100 4024 conceptam,
2117 3991 2196 4022 cujus
2216 3982 2435 4060 transcript‘ilittga
