2570 4261
664 174 778 215 ET
862 174 1129 216 ACTA

0 261 39 282 m·
51 250 97 282 D·
115 256 254 297 Magistro
275 257 362 288 Petro
383 257 488 296 Aigot,
507 257 623 288 Clerico
638 258 750 296 vestro,
768 259 797 289 in
811 259 930 297 quadam
967 262 1075 292 ecuniae
1089 259 1167 290 sum-

1 299 68 329 293.
115 296 161 326 ma
179 298 327 326 tenemini:
336 307 389 334 pro
403 297 458 335 quii
475 297 523 327 libi
537 297 664 327 denarios
679 297 786 328 vestros
801 298 906 328 Scotiae
919 271 1167 336 aslignastimquo-

0 340 28 358 v·
49 338 72 356 ¹·
115 344 180 364 rum
198 335 298 365 solutio
320 335 413 365 eidem
437 334 594 372 Maoistro,
611 335 644 364 ad
668 335 874 373 suggestionem
895 333 1101 375 quorumdam,
1118 333 1168 365 fibi

112 373 332 410 adversantium,
352 374 441 403 extitit
461 359 593 403 hsslenus
617 368 766 411 retardata3
784 374 817 404 ὃς
840 385 892 405 nos
905 376 1065 414 rogaveritis
1081 383 1112 405 ut
1125 374 1168 404 su-

112 421 162 453 per
181 411 238 441 hoc
258 411 415 441 remedium
436 410 550 448 aliquod
562 411 717 441 faceremus
730 413 853 449 apponi,
872 412 1094 450 Magnificentiae
1106 422 1168 443 ves·

112 459 165 481 trae
179 450 312 480 volumus
326 449 382 478 esse
397 457 514 485 notum,
535 449 612 486 quod
630 449 762 479 Domino
779 450 852 487 Regi
865 450 969 484 Sonti-„e
989 450 1169 481 demandavi-

116 498 180 518 mus
183 487 256 555 diad,1
262 487 340 524 quod
362 487 441 524 super
463 489 577 526 negotio
592 487 656 525 illo,
674 496 809 526 quantum
823 489 857 518 ad
872 490 988 527 praesens
1001 491 1103 527 eXtitit,
1121 488 1170 519 de-

115 536 182 556 man
218 535 237 554 n
258 534 317 555 um.

151 564 189 594 Et
208 563 228 593 fi
249 564 395 603 contingat
416 563 537 594 eundem
552 563 666 601 Regem
682 566 828 603 negotium
841 565 908 595 illud
918 566 993 603 juxta
1007 565 1170 596 mandatum

116 603 243 634 nostrum
264 602 431 639 praedidtum
454 602 607 632 nullatenus
628 603 773 642 expedire,
788 613 854 641 vos,
874 614 926 641 pro
947 614 982 634 eo
1005 604 1082 641 quod
1099 613 1171 641 prce-

119 640 210 671 dietus
222 639 288 669 Rex
300 640 458 678 adjornatus
472 640 512 670 est
525 649 623 670 coram
640 642 721 671 nobis
730 665 738 680 ,
755 641 808 672 alia
819 641 854 671 de
868 643 967 680 causa,
986 643 1097 672 circiter
1118 642 1140 671 F
1142 652 1172 671 e-

118 679 195 710 stum
219 678 329 709 Sandiae
349 679 492 709 Trinitatis
514 679 646 716 proximo
665 679 809 717 futurum,
827 680 950 718 aliquem
974 680 1009 710 de
1028 680 1124 711 vestris
1138 680 1172 709 ad

118 719 274 749 terminum
293 717 388 755 illum,
406 716 441 746 ad
460 716 666 747 ostendendum
690 718 771 748 nobis
793 719 902 749 dhstum
924 720 1087 757 negotium,
1105 727 1172 748 tunc

120 756 286 803 mittatis3in
302 765 360 794 quo
373 755 427 785 tale
442 755 598 785 remedium
609 755 667 785 fieri
683 756 920 795 faciemus,quale
934 758 1089 794 poterimus
1102 765 1175 794 prae-

121 805 169 827 via
182 803 296 824 ratione.

159 832 243 862 Nam
266 832 294 860 in
319 831 372 861 hiis
395 832 429 863 &
454 832 482 861 in
507 832 585 870 aliis,
610 842 662 862 vos
681 833 857 871 tangentibus
872 856 881 871 ,
908 833 1041 863 faciemus
1060 833 1177 863 libenter

120 870 201 939 guod
215 879 268 907 pro
274 870 382 937 dmbis²
401 879 498 908 utpote
510 880 561 910 pro
574 880 639 901 caro
660 873 754 902 amico
774 871 891 910 nostro,
910 871 1002 902 facere
1022 872 1177 910 poterimus

145 919 206 939 ono
222 917 272 938 mo
293 917 321 938 0.

162 983 230 1015 Dat.
245 984 318 1022 apud
330 984 520 1016 Hundessawe
533 984 640 1016 ottavo
655 985 700 1016 die
714 985 865 1017 Februarii.

173 1117 282 1150 Litera
299 1112 440 1160 Johanni
459 1118 531 1162 Regi
545 1118 642 1149 Scotiae
654 1142 663 1158 ‚
682 1126 737 1161 pro
753 1114 906 1163 Magistro
925 1118 1008 1148 Petri
1028 1115 1133 1162 Alget.

0 1217 55 1240 inn,
70 1207 112 1238 D.

2 1255 86 1285 1293.

0 1290 33 1314 [η.
56 1295 100 1313 21.

195 1202 251 1234 EX
267 1203 299 1234 &
317 1202 440 1247 superior
454 1203 601 1234 Dominus
616 1204 714 1241 Regni
729 1203 848 1242 Scotiae,
867 1204 972 1234 ducito
985 1203 1018 1234 ὃς
1031 1202 1106 1233 fideli
1118 1202 1167 1233 suo
1177 1225 1186 1241 ,

208 1241 349 1279 Johanni,
368 1241 468 1272 eadem
482 1242 586 1281 gratia,
604 1243 682 1279 Regi
695 1242 861 1273 Scottorum
874 1241 989 1279 illustri,
1007 1242 1138 1279 salutem,
1153 1242 1186 1271 &

133 1280 226 1311 felices
239 1279 273 1310 ad
287 1288 354 1310 vota
365 1280 511 1310 successus.

172 1319 248 1358 Qia
269 1317 416 1348 Dominus
437 1318 502 1348 Rex
523 1318 693 1355 Norwagiae
717 1317 844 1356 illustris,
859 1319 966 1349 amicus
978 1317 1076 1348 noster
1088 1314 1189 1347 cariffi-

134 1367 215 1395 mus.‚
232 1365 282 1395 per
295 1356 351 1386 suas
364 1357 479 1394 litteras*²
496 1367 584 1394 nuper
600 1357 708 1394 mistas,
725 1357 805 1386 nobis
820 1356 1002 1394 significavit,
1022 1355 1100 1393 quod
1123 1354 1190 1385 Ma-

133 1395 223 1433 gistro
244 1395 331 1425 Petro
352 1394 458 1432 Algot,
477 1394 594 1425 Clerico
615 1395 681 1432 suo,
697 1396 726 1424 in
750 1394 871 1432 quadarn
885 1394 993 1424 summa
1007 1395 1133 1431 pecuniae
1148 1402 1190 1423 te·—

134 1442 230 1464 netur:
250 1442 303 1470 pro
318 1442 370 1470 qua
383 1432 411 1462 id
420 1455 428 1470 ,
447 1433 525 1471 quod
538 1434 621 1464 habet
632 1435 661 1463 in
676 1433 786 1470 Regno
800 1432 895 1463 vestro
909 1432 1032 1469 Scotiae',
1045 1431 1192 1469 assignavit

135 1471 228 1505 eidem
243 1480 291 1508 per
306 1470 436 1508 quasdam
449 1471 547 1501 litteras
560 1471 596 1502 de
610 1472 761 1502 Attornato
769 1494 780 1510 ,
796 1481 863 1512 quas
873 1471 950 1503 idem
964 1470 1063 1500 Petrus
1083 1471 1193 1509 optinet

130 1510 173 1541 >de
190 1509 323 1540 Domino
340 1509 425 1546 Rege
438 1509 605 1547 supradieto.

174 1547 211 1577 Et
227 1547 319 1578 dictus
333 1547 478 1578 Dominus
491 1548 556 1578 Rex
572 1548 743 1585 Norwagiae
762 1547 846 1578 nobis
867 1546 943 1577 dedit
962 1546 1099 1584 intelligi,
1117 1543 1195 1583 quod

137 1586 254 1625 quidam
277 1594 375 1616 contra
396 1585 505 1617 dietum
526 1586 701 1624 Magistrum
722 1588 751 1616 in
765 1586 822 1617 hoc
836 1584 1016 1618 obstaculum
1031 1585 1064 1615 &
1077 1583 1197 1622 impedi-

139 1633 270 1656 mentum
283 1633 425 1661 apponere
438 1626 532 1656 conati
544 1625 615 1656 sunt.

177 1663 215 1694 Et
228 1662 337 1701 insuper
349 1662 425 1697 idern
436 1662 581 1694 Dominus
595 1663 661 1694 Rex
675 1663 757 1694 nobis
770 1662 872 1700 scripsit
894 1661 973 1700 quod
989 1660 1080 1691 dic‘tus
1097 1660 1197 1691 Petrus

140 1701 183 1733 est
198 1710 289 1731 certus
304 1700 466 1732 Attornatus
480 1701 609 1740 ejusdem.

181 1739 242 1769 Vos
263 1739 444 1769 amicabiliter
459 1749 596 1777 rogamus
616 1740 743 1778 quatinus
762 1738 798 1770 de
811 1739 932 1776 negotio
947 1738 994 1768 illo
1007 1736 1097 1768 velitis
1112 1736 1201 1767 taliter

142 1777 289 1814 ordinare,
306 1776 383 1815 quod
403 1777 531 1814 praefatus
554 1778 669 1815 Petrus,
688 1778 779 1808 modo
799 1778 911 1813 debito,
938 1776 992 1806 suae
1009 1777 1203 1813 approximare

143 1815 233 1848 valeat
250 1815 352 1846 rationi
373 1816 446 1853 (non
463 1816 594 1847 obstante
613 1816 795 1853 suggestione
813 1816 848 1846 ab
862 1816 919 1846 aliis
933 1814 998 1847 inde
1010 1814 1094 1850 facia)
1111 1814 1131 1843 si
1151 1813 1202 1843 de.-

144 1853 248 1886 manda
259 1853 306 1885 sua
324 1854 407 1891 vobis
420 1855 586 1886 rationabilis
600 1855 742 1894 videatur,
760 1855 793 1885 &
808 1855 869 1885 suus
888 1861 980 1884 certus
1001 1853 1086 1883 fuerit
1104 1853 1204 1882 Attor-

145 1901 234 1924 natus.

0 1334 87 1391 {ialin

184 1970 274 2002 Teste
288 1971 375 2010 Rege
388 1973 461 2011 apud
474 1972 667 2005 Hundessawe
679 1973 786 2005 octavo
800 1973 847 2004 die
860 1971 1010 2003 Februarii.

151 2047 1205 2064 „qv———ff-m

437 2111 543 2141 Litera
561 2105 714 2154 Magistro
732 2110 818 2141 Petro
837 2106 941 2152 Asgot,

204 2192 294 2231 ·EX,
312 2195 373 2226 &c.
390 2196 495 2227 dilecfto
509 2196 561 2226 sibi
575 2195 721 2233 Magistro
734 2194 822 2225 Petro
834 2195 942 2233 Algot,
958 2194 1018 2225 &c.
1035 2192 1159 2223 salutem.
1183 2229 1188 2234 .

257 2233 459 2271 Regratiamur
473 2236 555 2265 vobis
570 2235 694 2265 multum
709 2235 773 2271 care
788 2233 823 2263 de
838 2233 949 2264 duobus
963 2232 1063 2270 pulcris
1077 2229 1213 2266 Asturcis,

158 2271 322 2314 &nduobus
343 2273 444 2310 pulcris
465 2273 652 2310 Falconibus,
670 2282 742 2310 quos
763 2281 852 2309 nuper
872 2271 978 2301 misistis
1000 2280 1048 2308 per
1060 2268 1215 2311 vestrarum

159 2309 285 2348 BaJulum
307 2310 488 2350 Literarurng
511 2312 544 2342 &
564 2310 600 2341 de
622 2311 746 2348 pluribus
767 2311 823 2340 aliis
842 2310 943 2348 pulcris
962 2308 1082 2339 Exennis
1102 2306 1216 2343 vestris,

159 2359 224 2387 quae
240 2348 322 2378 nobis
338 2350 501 2383 multotiens
516 2349 706 2380 transmisistis.

198 2386 246 2416 De
263 2386 361 2418 debito
379 2390 468 2425 vero,
487 2389 516 2417 in
539 2398 598 2425 quo
617 2397 696 2418 carus
715 2386 820 2416 amicus
840 2385 936 2415 noster
958 2384 1104 2415 Dominus
1127 2380 1218 2411 vester

8 2438 143 2473 ⁰11.604.
161 2425 226 2455 Rex
241 2424 413 2468 Norwagiae
425 2426 507 2455 vobis
521 2433 649 2463 tenetur,
664 2426 697 2455 &
710 2423 790 2462 quod
803 2424 884 2454 vobis
897 2423 1047 2464 assignavit
1063 2422 1081 2440 ‘⁴‘
1101 2422 1129 2450 in
1147 2419 1219 2462 Sco-

161 2462 200 2494 tia
211 2464 420 2503 reeipiendum,
437 2464 523 2494 sciatis
539 2462 617 2502 quod
633 2473 685 2501 pro
699 2461 794 2492 vestro
808 2463 927 2499 negotio
941 2460 1091 2499 specialiter
1105 2467 1220 2495 rog-wl-

162 2511 226 2531 mus
241 2500 404 2532 Dominum
420 2502 538 2540 Regem
552 2502 658 2532 Scotiae
671 2499 867 2538 supradietum.
956 2504 958 2506 '
1107 2536 1111 2540 Ι
1145 2535 1149 2540 ,

202 2539 255 2578 Et,
270 2539 289 2569 fi
305 2542 465 2578 precamina
479 2539 573 2571 nostra
587 2540 720 2570 ullatenus
733 2538 840 2570 duxerit
854 2536 1051 2575 adimplenda,
1066 2544 1129 2573 quia
1143 2533 1220 2577 idern

164 2577 230 2608 Rex
246 2577 366 2617 Scotiae,
384 2579 435 2610 alia
450 2579 486 2609 de
500 2578 599 2616 caus-51,
616 2578 772 2617 adjornatus
786 2576 825 2606 est
841 2576 920 2615 quod
935 2576 966 2606 lit
980 2583 1078 2609 coram
1093 2573 1176 2617 nobis
1191 2582 1221 2601 in

163 2617 301 2654 proximo
314 2616 503 2654 parliamento
515 2617 613 2647 nostro
622 2641 632 2654 ,
646 2618 721 2646 circa
737 2614 852 2645 Festum
861 2614 969 2645 Satist-ae
978 2613 1124 2643 Trinitatis
1133 2634 1142 2649 ,
1156 2620 1223 2653 vos.-

164 2656 175 2684 i
197 2655 216 2684 si
230 2678 240 2692 ,
257 2656 304 2685 vel
322 2656 420 2694 aliquis
445 2665 480 2685 ex
499 2665 577 2695 parte
602 2652 710 2692 vestra,
728 2652 833 2684 adtunc
848 2654 901 2684 sitis
913 2651 1038 2689 ibidem,
1054 2659 1122 2681 cum
1140 2649 1223 2692 literis

200 2693 291 2722 omini
305 2693 390 2724 vestri
403 2693 620 2732 sufficientibus,
637 2692 671 2723 ad
686 2693 833 2731 negotium
846 2691 971 2726 vestrum
984 2697 1084 2720 coram
1096 2687 1177 2719 nobis
1190 2687 1224 2717 ὃς

165 2730 296 2761 Consilio
309 2732 407 2763 nostro
420 2731 647 2769 ostendendum,
1094 2730 1096 2732 ’

204 2767 242 2838 Eg
255 2778 308 2799 nos
322 2781 375 2809 pro
389 2772 471 2802 vobis
485 2770 590 2801 adtunc
610 2770 745 2807 faciemus
763 2768 842 2807 quod
861 2767 953 2798 facere
971 2765 1126 2805 poterimus
1144 2765 1226 2805 bono

168 2816 221 2839 mo
241 2817 270 2837 ο.

1 2209 82 2241 'Ann.
95 2206 136 2238 D.

29 2256 113 2286 1293.

6 2290 58 2316 Aa.
74 2295 118 2312 21.

7 2330 38 2354 E.
64 2334 88 2351 i.

6 2364 110 2392 uidem.

205 2886 297 2917 Teste
309 2894 340 2917 ut
352 2887 440 2926 supra.

173 3029 294 3063 Placita
312 3025 394 3073 apud
409 3029 498 3059 Scone
514 3029 545 3058 in
563 3025 672 3059 osbabis
689 3025 909 3070 Purificationis
927 3027 1019 3057 Beatae
1037 3026 1151 3057 Mariae
1176 3035 1232 3055 an-

223 3089 258 3108 no
278 3078 368 3123 Regni
390 3077 477 3121 Regis
495 3072 649 3119 Johannis
667 3078 763 3108 Scottae
784 3078 902 3120 primo,
927 3084 1029 3106 coram
1055 3072 1110 3119 ἱρῇ)
1134 3074 1230 3117 Rege,

222 3127 259 3162 &
277 3124 340 3169 eju's
355 3123 466 3166 confilio
476 3150 486 3166 ‚
510 3125 542 3154 in
556 3122 757 3160 Parliamento
770 3123 827 3168 fito
838 3126 950 3170 primo.

264 3212 366 3248 Acduf
373 3210 522 3248 atachiatus
535 3210 588 3241 fuit
600 3209 635 3240 ad
647 3209 874 3248 respondendum
888 3211 1023 3242 Domino
1036 3208 1116 3247 Regi
1130 3208 1165 3238 de
1177 3208 1236 3246 pla—

278 3253 355 3289 cito,
374 3260 476 3289 quare,
494 3258 563 3279 cum
576 3257 736 3280 tenementa
749 3249 786 3279 de
797 3250 885 3280 Reres
900 3250 933 3280 δε
955 3249 991 3279 de
1012 3248 1088 3287 Crey
1108 3247 1236 3284 fuerunt,

182 3291 216 3321 &
232 3299 308 3324 nunc
322 3289 384 3325 sunt
396 3290 425 3323 in
436 3286 566 3323 eustodia
578 3286 702 3319 Domini
714 3286 876 3326 Regis‚per
888 3296 1013 3318 mortem
1027 3287 1160 3317 Duncani
1174 3285 1237 3315 Co-

185 3330 260 3359 mitis
271 3327 307 3357 de
325 3327 403 3364 Fife,
421 3326 498 3356 idem
513 3324 640 3355 Macduf
650 3326 680 3355 in
693 3327 860 3356 tenementis
875 3326 1033 3365 praediffis,
1050 3328 1128 3362 {uper
1147 3323 1238 3354 seisinzl

188 3366 310 3397 Domini
324 3365 432 3403 Regis,
448 3373 526 3394 nunc
541 3370 640 3393 contra
654 3373 754 3401 pacem
766 3363 843 3394 suam
854 3366 992 3396 violenter
1006 3363 1032 3393 se
1053 3362 1174 3400 intrusit,
1192 3361 1238 3391 fir-

184 3414 245 3474 gas
260 3403 339 3449 §.c-es
352 3403 414 3447 letia
425 3402 481 3471 deSC
474 3401 577 3432 eisdem
591 3402 683 3442 cepit,
700 3401 736 3431 ad
754 3401 1007 3439 exhaeredationem
1030 3402 1063 3433 δε
1085 3401 1240 3439 dampnum

217 3452 308 3473 omini
354 3452 369 3471 e
392 3451 414 3472 is
482 3450 508 3470 c.

223 3480 260 3512 Et
273 3451 565 3519 praediegkus'Maeduf
574 3478 669 3516 venit,
685 3478 719 3508 δε
733 3478 808 3508 bene
822 3477 956 3508 concedit
968 3477 1046 3516 quod
1067 3477 1180 3508 intravit
1199 3485 1240 3507 te-

187 3527 319 3551 nementa
333 3514 482 3556 praedieta,
500 3515 605 3546 nullam
618 3515 752 3546 Domino
764 3515 844 3553 Regi
862 3516 992 3547 faciendo
1011 3517 1156 3555 injuriam,
1176 3517 1242 3554 quia

186 3558 256 3589 dicit
271 3556 350 3596 quod
366 3555 542 3586 Malcolrnus
574 3553 720 3592 quondam
737 3552 846 3584 Comes
860 3553 897 3584 de
910 3554 971 3584 Fife
1006 3554 1088 3585 Pater
1101 3555 1178 3592 suus,
1191 3553 1241 3584 de-

185 3596 228 3633 dit
246 3597 273 3626 ei
293 3602 454 3630 tenementa
475 3602 534 3631 prae
554 3592 622 3636 ista:
641 3593 674 3622 δε
693 3592 841 3623 Dominus
863 3579 1022 3627 Alexander
1039 3593 1105 3626 Rex
1126 3593 1240 3623 ultimus

187 3634 369 3668 confirmavit
387 3632 500 3669 donum
519 3630 706 3671 praedictum,
724 3630 758 3661 &
778 3629 903 3662 ostendit
923 3639 1027 3662 cartam
1043 3632 1076 3662 &
1089 3631 1241 3662 confirma-

187 3674 299 3706 tionem
310 3671 433 3703 Domini
445 3668 595 3701 Alexandri
607 3668 655 3699 Re
677 3669 698 3698 is
710 3667 846 3706 praedid‘ci.

224 3711 263 3749 Et
286 3712 349 3749 quia
369 3708 501 3740 testatum
523 3707 648 3746 est,’pei·
685 3716 797 3737 roceres
810 3707 844 3738 &
860 3705 1025 3746 Magnates,
1044 3707 1121 3746 quod
1135 3707 1241 3738 Domi-

188 3759 241 3787 nus
263 3748 437 3786 Alexander,
455 3746 520 3781 Rex
539 3745 704 3783 primitius,
717 3745 815 3775 habuit
836 3744 994 3781 custodiam
1011 3755 1241 3779 tenementorum

206 3787 397 3856 ,τκὲἰέὶὶοῑιὶπὲ
397 3784 491 3856 111PFH:
503 3791 628 3814 mortem
643 3783 713 3814 dieti
726 3781 896 3821 Malcolmi,
913 3785 1019 3819 ratione
1039 3786 1158 3816 minoris
1174 3794 1243 3816 aeta-

270 3827 367 3860 obam
411 3826 425 3831 ”
450 3825 491 3854 ui:
1073 3840 1077 3846 ·

228 3862 267 3894 Et
287 3865 390 3895 iterum
413 3863 489 3894 idem
506 3860 574 3891 Rex
593 3860 690 3891 habuit
708 3857 867 3895 custodiam
881 3860 1050 3895 eorumdem
1063 3869 1242 3893 tenemento-

190 3910 274 3939 xum,
297 3903 408 3938 ratione
429 3900 548 3932 minoris
565 3900 650 3930 aetatis
668 3898 801 3928 Duncani
822 3897 871 3927 filii
890 3896 1027 3929 Colbani·
1056 3901 1105 3937 qui
1127 3900 1243 3939 quidem

192 3937 350 3977 Duncanus
363 3940 436 3972 obiit
447 3939 547 3970 seisitus
559 3936 596 3967 de
609 3936 748 3976 praedietis
762 3936 930 3966 tenementis
963 3937 998 3968 δτ-
1030 3947 1046 3968 e
1056 3938 1160 3969 feodo:

229 3975 268 4007 Et
279 3976 423 4014 Dominus
435 3978 502 4009 Rex
515 3986 593 4007 nunc
601 4000 611 4014 ,
628 3975 692 4014 post
705 3983 832 4006 mortem
845 3973 914 4004 dieti
931 3959 1084 4018 Duncani,
1099 3976 1153 4008 fuit
1174 3977 1245 4008 seisi-

192 4022 237 4045 tus
255 4014 291 4045 de
311 4015 437 4053 custodia
457 4015 602 4046 dietorum
620 4022 867 4050 tenementorum,
888 4020 998 4043 ratione
1016 4015 1135 4047 minoris
1158 4016 1246 4047 aetatis

192 4051 347 4096 Duncani,
361 4052 410 4092 filii,
423 4054 578 4093 Damam,
593 4051 686 4093 adrine
697 4052 770 4089 infra
784 4059 897 4088 aetate-m
910 4050 1064 4088 existentis·

30 3231 108 3262 Ann.
121 3227 162 3258 D.

61 3276 145 3307 1293.

32 3312 88 3336 An.
107 3316 133 3333 11
142 3326 148 3333 .

33 3350 63 3374 Ε.
87 3355 109 3372 ι.

31 3388 88 3412 Rot.
100 3389 167 3420 penes

31 3426 166 3451 Camerar.

1208 144 1684 219 PUBLI-CA.
2178 191 2255 232 117

1244 257 1314 288 Ideo
1326 259 1532 305 consideratum
1545 261 1587 292 est
1601 262 1678 301 quod
1692 262 1840 300 praediistus
1856 263 1982 295 Macduf
1991 261 2184 295 committatur
2197 264 2255 300 pri-
2271 261 2344 293 Ann.
2357 258 2399 292 D.

1206 295 1297 338 sonae,
1317 298 1530 341 &csla'lva-ii'oi
1544 301 1654 331 afflone
1670 301 1730 340 sua,
1747 302 1767 331 si
1782 312 1867 339 quam
1881 302 1996 341 habeat,
2016 311 2174 333 tenementa
2183 312 2253 339 prie-
2298 308 2382 339 1293.

1206 333 1298 371 dieta,
1316 337 1443 373 petendi,
1462 338 1616 368 iecundum
1630 339 1719 377 Leges
1737 340 1770 370 &
1785 341 2016 371 consuetudinem
2036 341 2146 380 Regni,
2163 339 2254 370 versus
2273 342 2336 368 Edv-
2361 349 2382 367 ι-

1206 371 1382 443 afflig-attinge]
1393 373 1482 405 filiurn
1499 375 1632 406 Dunkani
1641 400 1650 415 ,
1664 379 1697 409 &
1711 378 1833 409 haeredes
1848 379 1926 417 suos,
1940 389 2008 409 cum
2021 380 2056 408 ad
2068 387 2179 409 aetatem
2192 386 2255 416 per-

1293 422 1301 441 i
1320 435 1329 450 ‚
1383 422 1408 442 c.

1242 490 1385 535 johannes
1404 492 1441 523 de
1462 492 1682 537 SouleslMiles,
1709 497 1755 533 qui
1773 496 1889 527 feofatus
1909 497 1950 527 est
1972 507 2021 535 per
2044 497 2232 535 Margaretam
2247 518 2257 534 ,

1209 538 1273 566 quae
1293 530 1345 560 fuit
1364 540 1434 561 uxor
1454 531 1586 575 Hugoms
1604 533 1640 563 de
1658 533 1798 572 Peresby,
1817 534 1852 564 de
1872 544 1966 572 quarta
1981 543 2057 573 parte
2073 535 2197 565 Batoniae
2222 534 2258 564 de

1210 567 1475 612 Ardroffan‚·ven1t
1497 580 1595 599 coram
1616 571 1749 601 Domino
1772 572 1867 611 Rege,
1886 574 1917 603 ὃς
1940 573 2006 603 dicit
2029 573 2105 610 quod
2126 572 2260 610 praedieh

1212 605 1371 643 Margareta
1384 607 1473 644 ipsum
1490 608 1620 645 feofavit,
1638 609 1792 639 tenendum
1805 612 1834 639 in
1848 612 1937 648 capite
1948 610 1983 641 de
2006 611 2137 641 Domino
2160 611 2260 649 Rege,

1211 644 1244 674 &
1258 645 1359 688 optulit
1373 645 1506 687 Domino
1522 646 1592 685 Regi
1605 648 1774 684 homagium
1788 648 1877 678 suum.

1247 681 1286 712 Et
1305 693 1368 726 quia
1387 683 1503 714 feoratus
1525 685 1576 715 fuit
1597 693 1724 722 tempore
1747 687 1896 716 vacationis
1914 686 2026 725 Regni,
2051 696 2110 724 quo
2132 692 2262 723 tempore

1210 729 1269 763 nori
1291 730 1382 758 potuit
1403 721 1437 751 ad
1458 722 1571 764 Regem
1587 723 1692 754 Scotiae
1714 724 1835 763 venisse,
1853 734 1906 754 nec
1925 726 2063 754 licentiam
2082 726 2117 754 ab
2137 735 2173 754 eo
2187 726 2263 754 obti÷

1211 758 1316 797 nuisse,
1335 768 1440 796 paratus
1455 759 1496 789 est
1510 761 1659 791 iatisfacere
1674 761 1805 792 Domino
1821 763 1895 802 Regi
1908 773 1959 800 pro
1972 762 2094 799 ingressu
2119 769 2265 792 tenemen*

1211 804 1307 826 torum
1319 798 1537 836 praedk‘tomm,
1556 799 1735 836 supplicando
1749 809 1841 830 tamen
1859 803 1974 840 gratiam
1989 801 2082 838 suam,
2101 801 2133 831 &
2159 799 2267 829 Domi*

1212 845 1263 864 nus
1279 835 1343 878 Rex
1361 837 1433 874 cepit
1448 836 1612 880 homagium
1627 837 1706 867 suum
1722 837 1758 868 de
1771 846 1935 870 tenemento
1959 838 2115 879 praediisto3
2134 837 2209 868 salvo
2227 846 2269 868 taA

1215 883 1281 902 men
1291 883 1355 912 Jure
1370 874 1418 903 suo
1431 875 1463 905 δε
1477 875 1614 913 aliorum,
1634 876 1694 906 ὅτε.

1255 952 1479 984 Memorandum
1500 953 1577 992 quod
1597 955 1683 985 breve
1703 955 1900 993 subscriptum,
1915 956 2046 986 traditum
2067 956 2119 987 fuit
2134 954 2269 986 Domino

1218 991 1379 1022 Alexandro
1394 991 1430 1021 de
1445 992 1577 1031 Ergadia,
1595 993 1640 1023 die
1655 1002 1791 1024 contento
1806 995 1836 1022 in
1850 995 1939 1024 brevi.

1242 1125 1439 1156 Summonitio
1455 1133 1509 1169 per
1526 1121 1702 1170 Johannem
1722 1125 1833 1169 Regem'
1848 1125 1945 1155 Scotiae
1955 1133 2010 1167 pro
2033 1125 2182 1169 Homagio
2193 1120 2253 1166 sibi

1668 1171 1820 1216 faciendo.

1263 1257 1415 1296 Ohannes,
1435 1259 1493 1290 Dei
1508 1259 1608 1298 gratia,
1627 1259 1692 1289 Rex
1705 1258 1827 1296 Scotiae,
1847 1256 2006 1289 Alexandro
2021 1257 2057 1288 de
2078 1256 2215 1296 Ergadia,
2235 1256 2277 1287 di·
2298 1266 2372 1297 Anu*
2384 1262 2424 1296 D„

1274 1296 1349 1326 ledto
1365 1297 1398 1327 ὃ(
1413 1296 1487 1327 fideli
1501 1299 1568 1335 suo,
1586 1299 1619 1328 ὃς
1634 1297 1742 1328 Ballivis
1757 1297 1807 1326 suis
1821 1296 1857 1326 de
1872 1297 2017 1333 Lothave,
2035 1296 2158 1326 salutem.
2328 1313 2411 1342 1293,

1264 1333 1435 1366 Mandamus
1450 1337 1531 1367 vobis
1545 1337 1578 1366 &
1591 1337 1769 1375 praecipimus
1786 1344 1936 1373 quatenuS,
1952 1334 2017 1364 visis
2039 1334 2134 1364 litteris
2167 1334 2200 1364 &
2222 1332 2277 1363 sine
2297 1348 2347 1371 An,
2369 1353 2415 1371 Η,

1226 1372 1374 1411 dilatione,
1391 1373 1556 1404 summoniri
1569 1374 1673 1404 faciatis
1688 1373 1843 1412 Angustum
1859 1372 1947 1402 filium
1964 1372 2125 1402 Donenaldi
2142 1358 2278 1409 Militem3
2300 1387 2327 1409 E.
2347 1390 2371 1408 χ,

1228 1410 1457 1479 Ιὲαννειηυῃάυιῃ
1470 1412 1542 1443 Mac
1555 1411 1706 1451 Eregliers,
1724 1413 1757 1442 &
1773 1411 1942 1441 Auneelium
1958 1410 2045 1440 filiuni
2060 1410 2194 1440 Duncani
2208 1409 2280 1440 Mac

1256 1458 1352 1479 revere

1267 1473 1415 1526 *Dde,
1433 1489 1540 1518 caeteris
1554 1489 1670 1527 negotiis
1686 1486 1891 1525 praetermissis,
1910 1486 1961 1516 sint
1980 1486 2072 1516 modis
2095 1486 2228 1516 omnibus
2250 1484 2285 1516 ad
2303 1488 2317 1504 *³
2328 1486 2434 1521 11.605-

1231 1535 1283 1556 nos
1297 1550 1307 1563 ,
1337 1526 1371 1556 ad
1392 1527 1563 1564 quindenam
1584 1525 1647 1564 post
1671 1525 1773 1556 Pascha
1792 1526 1924 1563 proximo
1942 1525 2067 1555 futurum
2081 1547 2091 1562 ,
2121 1525 2284 1562 ubicunque

1232 1564 1366 1594 fuerimus
1386 1565 1415 1594 in
1433 1565 1544 1602 Scotia,
1562 1565 1596 1593 ad
1619 1565 1779 1594 faciendum
1802 1564 1883 1593 nobis
1904 1563 2085 1599 homagium,
2104 1563 2137 1592 &
2151 1563 2201 1592 alia
2223 1572 2286 1605 quae

1234 1602 1281 1646 de·
1287 1603 1348 1640 jure
1368 1602 1460 1634 facere
1481 1612 1628 1640 tenentur,
1646 1603 1679 1634 &
1702 1602 1760 1633 hoc
1781 1602 1935 1632 nullatenus
1961 1602 2111 1638 omittant,
2128 1610 2183 1631 nec
2201 1608 2289 1631 omit-

1235 1649 1304 1671 tatis.

1275 1720 1366 1751 Teste
1380 1720 1487 1759 meipso
1501 1721 1575 1759 apud
1588 1720 1695 1752 Dunde
1710 1720 1846 1753 vicesimo
1862 1720 1956 1757 primo
1967 1718 2014 1750 die
2038 1719 2199 1757 Februarii,
2216 1724 2292 1748 anno

1240 1759 1334 1800 Regni
1347 1759 1436 1789 nostri
1450 1761 1551 1798 primo.

1279 1839 1340 1880 Post
1353 1838 1480 1871 nonnulla
1494 1838 1551 1868 alia
1558 1838 1662 1877 placita
1667 1838 1834 1878 sequuntur,
1866 1850 1868 1852 ·

1278 1919 1413 1949 Nomina
1428 1928 1529 1950 eorum
1544 1920 1591 1957 qui
1605 1918 1732 1949 fecerunt
1745 1917 1875 1947 defaltam
1889 1916 1922 1947 ad
1935 1917 2060 1953 primum
2079 1914 2297 1955 Parliernentum

1244 1957 1371 1988 Domini
1381 1958 1519 1995 Johannis
1532 1957 1621 1993 Regis
1633 1957 1705 1994 apud
1720 1956 1830 1993 Scone,
1850 1957 1877 1985 in
1892 1956 2001 1985 oCtabis
2014 1954 2216 1985 Purificationis
2230 1954 2298 1984 Rea-

1245 2004 1281 2026 tae
1295 1996 1412 2033 Mariae,
1427 2005 1503 2025 anno
1518 1995 1614 2034 Regni
1627 1996 1666 2025 sui
1679 1996 1787 2032 primo,
1796 1993 1860 2034 post
1875 1994 2127 2024 summonitionem
2141 1994 2178 2023 eis
2192 1993 2297 2023 fastam

1245 2044 1295 2072 per
1307 2033 1428 2064 litteram
1441 2033 1567 2064 Domini
1581 2033 1676 2073 Regis.

1285 2113 1416 2144 Roberttaes
1435 2114 1466 2143 de
1484 2115 1573 2151 Brus,
1592 2116 1681 2144 Comes
1695 2113 1727 2143 de
1746 2112 1855 2150 Carick,

1286 2152 1433 2182 Donenald
1441 2151 1517 2193 filius
1535 2155 1657 2190 Anegos,

1287 2191 1431 2229 Johqunes
1450 2194 1537 2219 Comes
1555 2190 1586 2219 de
1604 2189 1727 2228 Cathen‚

1290 2231 1332 2259 W
1331 2229 1451 2259 illielmus
1466 2229 1498 2258 de
1515 2227 1656 2269 Dufglqss.

1289 2308 1506 2340 Consideratum
1521 2308 1574 2339 fuit
1587 2308 1665 2346 quod
1681 2309 1783 2338 iterum
1797 2305 2028 2337 summoneantur
2065 2302 2143 2343 quod
2162 2304 2190 2335 in
2211 2300 2307 2334 crasti-

1253 2358 1292 2378 no
1313 2348 1409 2382 clausae
1427 2347 1558 2385 Paschae,
1576 2349 1737 2384 ubicunque
1756 2346 1821 2377 Rex
1842 2345 2015 2386 fuerit-infra
2027 2330 2165 2375 Revnuin
2180 2342 2304 2380 Scotiae„

1256 2386 1290 2416 ad
1306 2385 1466 2416 faciendum
1483 2385 1649 2424 homagium
1663 2385 1761 2421 suum,
1778 2385 1812 2414 &
1829 2382 1907 2420 quod
1921 2385 1973 2412 lint
1986 2383 2024 2412 ibi
2034 2369 2151 2411 audituri
2168 2381 2306 2418 judicium

1255 2425 1351 2462 suum,
1393 2434 1456 2454 uare
1475 2434 1535 2453 non
1555 2423 1667 2454 fuerunt
1685 2422 1732 2452 liic
1750 2421 1785 2452 ad
1807 2421 1864 2451 hoc
1886 2420 2123 2458 Parliamentum,
2140 2420 2220 2450 sicuti
2234 2419 2308 2449 sum⁶

1258 2463 1360 2492 moniti
1386 2471 1500 2499 uerunt,
1518 2463 1578 2491 ὕες.

1293 2500 1330 2530 Et
1346 2499 1507 2530 mandatum
1521 2500 1561 2529 est
1577 2498 1639 2529 Vic.
1660 2497 1752 2537 quod,
1770 2497 1914 2534 assumptis
1927 2497 2022 2526 secum
2042 2496 2086 2526 sex
2103 2495 2193 2526 liberis
2215 2494 2310 2526 homi-

1258 2539 1341 2568 nibus
1361 2538 1396 2568 de
1417 2539 1504 2568 tribus
1526 2537 1648 2568 Baroniis
1669 2537 1928 2574 propinquioribus.
1948 2535 2121 2565 summoneat
2145 2544 2208 2572 eOS,
2233 2532 2312 2572 quod

1260 2577 1312 2608 fint
1325 2586 1421 2611 coram
1436 2576 1517 2616 Rege
1529 2575 1563 2606 :id
1576 2576 1722 2613 praesatum
1735 2575 1888 2604 terminum
1897 2573 1948 2611 ,ad
1962 2573 2120 2608 faciendum
2134 2573 2314 2609 homagium,

1259 2617 1293 2684 {J
1314 2614 1484 2683 laudiendum
1502 2613 1641 2652 judicium
1661 2614 1758 2650 suum,
1777 2622 1862 2650 quare
1876 2622 1936 2642 non
1950 2620 2085 2643 venerunt
2099 2612 2132 2642 ad
2147 2610 2314 2649 praediolum

1285 2664 1314 2684 ar
1326 2662 1488 2685 ramentum.

1262 2731 1282 2760 b
1298 2691 1336 2722 Et
1351 2692 1428 2730 quod
1444 2691 1613 2722 Vicecomes
1632 2690 1733 2721 habeat
1754 2689 1840 2720 breve
1862 2688 1901 2718 ibi
1922 2687 2188 2726 summonitorium,
2204 2687 2238 2720 ὃ(
2259 2684 2317 2718 hoc

1284 2740 1358 2763 reve.

1288 2859 1336 2890 De
1345 2857 1477 2903 ftrvitio
1498 2854 1593 2890 oblato
1613 2868 1680 2889 cum
1700 2865 1816 2888 centum
1833 2850 1991 2887 Militibus
2009 2855 2040 2885 in
2055 2854 2150 2886 Terra
2162 2852 2270 2898 fhnr‘la
2282 2877 2293 2895 ,

1412 2916 1467 2951 per
1482 2908 1607 2938 Petrum
1626 2908 1765 2940 Martini
1783 2902 1818 2935 de
1835 2905 1923 2936 Luna
1940 2900 2170 2948 Aragoncnst‘m.

1268 2988 1496 3051 ILlustrissimo
1511 2988 1660 3025 Domino,
1680 2987 1813 3018 Domino
1828 2986 1978 3024 Edvardo,
1995 2985 2070 3025 Regi
2092 2984 2138 3015 An
2160 2984 2220 3024 liae,
2239 2983 2319 3016 Duci
2339 2982 2466 3017 Ann.D‚

1320 3029 1476 3066 Aquitania:
1485 3051 1494 3065 ,
1513 3027 1637 3064 Principi
1650 3027 1693 3058 W
1695 3027 1764 3056 allite
1777 3036 1810 3056 ac
1824 3025 1957 3055 Domino
1971 3024 2120 3063 Yberniae,
2153 3033 2225 3054 etrus
2239 3023 2320 3054 Mar-
2359 3032 2442 3062 1293i

1268 3068 1320 3097 tini
1340 3066 1376 3096 de
1399 3066 1497 3104 Luna,
1515 3065 1551 3095 de
1571 3064 1676 3104 Regno
1696 3065 1878 3104 Aragonum,
1897 3071 2059 3104 promptam
2083 3062 2254 3101 oblequendi
2266 3073 2320 3093 vo-
2337 3067 2388 3091 Aa.
2405 3072 2448 3091 ιι.

1270 3105 1404 3136 luntatem
1428 3106 1457 3134 in
1477 3104 1628 3141 omnibus,
1651 3112 1786 3141 tanquam
1809 3102 1959 3140 Domino,
1990 3103 2036 3132 cui
2056 3101 2156 3132 servire
2179 3100 2322 3139 desidero,
2338 3107 2367 3129 Ε.
2391 3111 2415 3128 ι.

1271 3144 1341 3174 sicut
1355 3143 1445 3174 decet.
2341 3144 2379 3166 Ex
2399 3139 2471 3174 orig.

1309 3181 1388 3212 Cum
1415 3180 1514 3211 vestrae
1539 3178 1713 3209 sereniffimae
1733 3177 1872 3217 Majestati
1890 3177 1962 3216 saepe
1979 3176 2157 3208 notificatum
2175 3175 2257 3207 fuerit
2274 3187 2323 3214 per
2341 3180 2365 3205 in
2385 3178 2469 3206 Tui-ri.

1273 3230 1322 3251 me
1336 3243 1345 3258 ,
1371 3218 1554 3250 mediantibus
1572 3218 1774 3248 venerabilibus
1792 3217 1928 3247 Fratribus
1945 3216 2051 3246 ordinis
2069 3213 2197 3245 Fratrum
2217 3215 2323 3244 Praedi-

1272 3267 1419 3296 catorum,
1445 3256 1520 3296 quod
1540 3255 1624 3294 Deo,
1648 3256 1697 3285 sub
1715 3255 1810 3285 vestro
1825 3255 1936 3285 servitio
1955 3255 1999 3285 leu
2018 3253 2171 3291 stipendio,
2196 3252 2323 3283 intende-

1273 3299 1356 3335 bam,
1374 3306 1441 3327 cum
1462 3303 1576 3326 centum
1596 3293 1753 3331 Militibus,
1770 3294 1870 3324 servire
1888 3294 1917 3323 in
1936 3293 2054 3323 exercitu
2073 3292 2173 3321 Terrae
2185 3290 2303 3329 sandrin,

1312 3334 1421 3365 Vestrae
1434 3331 1609 3364 Celiitudinis
1626 3332 1765 3371 Majestati
1779 3332 1845 3361 duxi
1859 3332 2000 3362 humiliter
2012 3328 2236 3368 supplicandum,
2255 3338 2323 3366 qua*

1275 3375 1349 3405 tinus
1370 3373 1450 3412 super
1470 3372 1526 3402 hoc
1547 3380 1674 3401 mentem
1695 3369 1815 3400 vestram
1838 3370 1925 3400 michi
1938 3369 1956 3398 si
1977 3366 2088 3398 nificare
2102 3367 2271 3406 dignemini,
2289 3367 2323 3400 ὃς

1278 3412 1396 3442 eandem
1417 3419 1554 3449 exponere
1574 3409 1725 3439 venerabili
1744 3409 1807 3439 viro
1824 3432 1834 3446 ,
1860 3406 1945 3437 Fratri
1982 3406 2123 3436 Villielmo
2144 3403 2179 3434 de
2201 3403 2324 3443 Odone,

1277 3450 1371 3481 Priori
1384 3447 1553 3480 Provinciali
1569 3447 1694 3484 Angli-ie·
1718 3455 1747 3476 ut
1760 3446 1815 3484 ipse
1829 3446 1917 3476 miclii
1932 3444 2083 3481 lignificare
2104 3442 2192 3472 valeat
2211 3444 2326 3474 certitu.-

1277 3489 1421 3527 dinaliter,
1438 3486 1503 3525 quid
1519 3485 1597 3554 suber
1608 3486 1674 3523 huju
1688 3483 1768 3515 modi
1779 3485 1895 3522 negorio
1909 3483 1999 3513 facere
2014 3492 2065 3524 me*
2073 3489 2203 3518 oportet,
2222 3489 2269 3518 ut,
2284 3480 2325 3510 se-

1277 3527 1404 3558 cundum
1426 3525 1524 3556 vestiae
1582 3525 1726 3554 ionationis
1743 3523 1910 3560 imperium,
1929 3531 1976 3551 me
1996 3520 2099 3558 possim
2111 3527 2241 3556 tempore
2254 3527 2326 3550 con-

1276 3576 1348 3606 gruo
1363 3575 1431 3596 cum
1446 3561 1560 3601 prat-satis
1574 3547 1715 3592 ffiilitibus
1730 3570 1888 3599 praeparare.

1314 3604 1411 3634 Valeat
1424 3604 1451 3631 in
1469 3600 1600 3630 Domino
1614 3600 1719 3638 semper
1733 3598 1823 3628 vestra
1836 3598 1925 3637 Regia
1939 3593 2099 3633 Ceffimdo,
2117 3593 2222 3630 Amen.

1315 3637 1425 3673 Datum
1438 3637 1634 3677 Caesaraugust.
1654 3639 1750 3676 quinta
1763 3636 1809 3666 die
1824 3635 1929 3667 Martii.

1315 3717 1401 3749 Dors.
1415 3713 1594 3746 illustrissimo
1608 3713 1741 3744 Domino
1754 3712 1829 3753 Regi
1846 3711 1965 3751 Angliae.

1333 3845 1454 3875 Citatur
1469 3837 1625 3885 Johannes
1641 3841 1706 3872 Rex
1722 3840 1820 3871 Scotiae
1836 3834 1880 3868 ad
1893 3833 2120 3882 respondendum
2135 3836 2167 3866 in
2185 3836 2278 3868 Curia

1466 3890 1552 3933 Regis
1570 3887 1686 3934 Angliae
1697 3913 1706 3930 ‚
1730 3885 1764 3919 ob
1774 3883 1929 3932 justitiam
1945 3882 2132 3930 denegatam.
2347 3851 2421 3884 Ann'
2436 3849 2476 3882 θ’

2375 3899 2459 3929 1293.

2347 3933 2398 3956 An.
2413 3938 2457 3955 21,

1285 3973 1422 4042 REX,
1439 3972 1561 4010 superior
1573 3970 1718 4002 Dominus
1739 3969 1835 4009 Regni
1851 3967 1973 4007 Scodae,
1990 3967 2096 3999 «medio
2117 3968 2152 3999 δε
2170 3964 2243 3996 fideli
2265 3965 2330 4003 suo,
2347 3971 2374 3994 Ε.
2394 3976 2416 3993 ι.

1381 4011 1486 4044 ohanni
1521 4009 1621 4041 eadem
1656 4009 1740 4048 ratia,
1755 4009 1833 4045 Regi
1847 4007 1951 4038 Scotiae
1964 4007 2079 4045 illustri,
2095 4006 2217 4036 salutem.
2345 4009 2397 4031 Rot.
2411 4008 2476 4030 Stat.

1321 4054 1360 4093 J0
1381 4060 1452 4084 anne
1465 4035 1571 4081 iviason
1593 4071 1603 4087 .‚
1642 4056 1768 4079 ercatore
1779 4046 1816 4076 de
1836 4045 1911 4078 terra
1928 4045 2024 4082 nostra
2042 4045 2206 4082 Vaseoniae,
2222 4041 2331 4078 accepi·
2347 4051 2390 4068 21.
2404 4045 2432 4068 Ε.
2454 4048 2478 4075 i,

1796 4093 1809 4104 ἢ

1750 4084 1774 4115 P
1799 4105 1811 4123 2
2271 4087 2333 4110 mus
2348 4089 2383 4107 m.
2398 4088 2425 4114 4.
