2570 4261
934 174 976 214 O
1087 175 1137 216 M
1247 175 1266 217 1

238 184 316 223 126

1511 174 1539 216 S

1375 177 1401 218 S
1647 176 1697 218 A.

422 421 671 463 OMISSA
714 423 788 464 IN
826 423 1033 465 TOMO
1070 422 1296 464 PRIMO

82 652 99 670 θ
113 653 136 681 1.
150 650 215 689 893.
233 642 260 670 *ἓ
284 647 438 679 Henricns
458 646 610 680 friderici
623 650 816 693 Imperatoris
834 659 872 679 ex
890 645 1020 692 Ifhbella
1038 647 1170 693 Anglica
1184 645 1270 690 filius
1281 671 1292 688 ‚

277 696 441 728 Avunculo
460 696 527 741 sito,i
545 697 678 728 Henrico
705 698 780 743 Regi
806 696 922 742 Angliae
953 695 1084 739 notificat
1098 697 1133 741 ft
1153 706 1230 726 nunc
1245 694 1295 740 ‘'ffi'

276 741 469 790 baptizatum
484 770 494 786 ,
526 746 563 782 (ῤ’
585 748 685 790 patris
713 746 990 777 Locum-tenentem
1013 747 1045 776 in
1069 747 1167 791 Regno
1189 743 1294 776 Sicilia

273 790 474 835 constitutum.

81 881 157 915 Αῃῃ,
171 880 211 912 D,
230 876 291 940 SI
310 875 535 915 Magnificentiae
547 877 648 909 vestrae
661 877 819 917 frequenter
837 879 980 918 hucusque
999 888 1059 910 non
1072 877 1246 918 scripsimus:
1273 878 1293 908 fi

102 929 186 958 1247,
280 917 420 955 nepoticae
433 915 564 954 sospitatis
576 925 693 948 eventus
712 917 746 948 ad
762 919 892 948 notitiam
912 918 1032 949 vestram
1053 918 1078 948 se
1098 919 1140 947 nis
1161 916 1292 947 officium

77 962 131 987 An.
147 968 189 995 3¹-
230 955 329 985 calami
343 964 403 984 non
417 955 563 994 perduxit,
578 956 597 987 si
613 956 776 987 nostrorum
789 957 865 995 gesta
880 957 1055 988 successuum
1096 956 1146 988 ilus
1158 956 1292 986 haetenus

77 1000 113 1026 Η.
130 1007 155 1034 3.
229 994 370 1024 dictatoris
384 1002 445 1023 non
459 993 585 1033 digessit,
603 994 682 1025 causa
694 995 746 1025 fuit
763 996 840 1033 quod
862 996 946 1026 nobis
961 997 990 1026 in
1012 996 1088 1026 annis
1107 995 1206 1025 teneris
1221 1004 1292 1024 con-

227 1032 344 1070 stitutis,
360 1040 413 1061 nec
425 1033 524 1062 renatis
536 1031 628 1070 adhuc
642 1033 723 1064 fonte
743 1033 909 1073 baptismatis
921 1057 931 1073 ,
956 1034 1023 1074 quid
1044 1034 1077 1064 &
1101 1034 1147 1064 cui
1162 1033 1293 1063 scriberet

226 1069 320 1102 nostra
336 1069 445 1100 dudum
461 1070 575 1102 infantia
589 1082 642 1102 nec
657 1072 810 1103 discernere
824 1081 930 1111 poterat
947 1083 1001 1103 nec
1016 1072 1158 1103 noscebat.

265 1109 360 1139 Nunc
372 1117 466 1139 autem
477 1109 584 1140 honore
597 1112 666 1141 tanti
679 1111 850 1142 Sacramenti
865 1111 1026 1142 solemniter
1039 1110 1178 1149 decorati,
1193 1109 1227 1140 ad
1241 1120 1292 1140 an-

228 1158 282 1179 nos
296 1148 378 1178 etiam
391 1148 504 1185 alicujus
519 1150 689 1188 cognitionis
702 1150 814 1180 adducis
829 1173 839 1189 ,
865 1160 934 1188 quos
955 1160 1009 1180 nec
1026 1151 1118 1180 minus
1129 1148 1250 1188 gustatus
1262 1159 1293 1179 a-

228 1196 294 1217 mor
307 1194 429 1227 paternae
441 1185 595 1217 dulcedinis
609 1197 697 1227 nuper
711 1189 778 1219 fecit
791 1189 923 1227 audaces,
941 1189 1011 1219 dum
1030 1198 1081 1218 nos
1096 1189 1125 1217 in
1141 1187 1210 1217 solio
1224 1187 1290 1226 suo,

229 1234 262 1255 ut
276 1226 330 1255 toti
345 1224 451 1264 Regno
465 1225 570 1255 Siciliae
584 1226 668 1265 usque
680 1227 714 1257 ad
729 1227 850 1257 reditum
864 1226 945 1257 suum
957 1227 992 1257 de
1006 1226 1106 1257 Italicis
1120 1227 1242 1265 partibus
1255 1226 1290 1256 de

229 1264 451 1294 consiliariorum
464 1263 642 1303 disponamus
655 1266 788 1304 consilio,
805 1265 923 1305 gloriose
940 1266 1063 1306 reliquit:
1083 1264 1227 1305 praesentes
1238 1274 1292 1295 vo-

228 1301 270 1332 bis
284 1301 389 1332 nostrae
403 1302 570 1332 salutationis
581 1304 672 1341 apices
683 1303 854 1334 destinamus
869 1327 877 1342 ,
902 1304 936 1334 &
956 1304 1127 1342 frequentius
1141 1302 1291 1334 destinabi-

224 1350 288 1371 mus
303 1340 485 1384 infuturum,
505 1343 634 1385 quotiens
648 1343 682 1373 ὃς
695 1352 788 1373 rerum
802 1343 914 1383 qualitas
927 1344 1036 1382 exiget,
1051 1344 1085 1375 &
1100 1342 1126 1373 se
1141 1343 1223 1372 nobis
1236 1351 1291 1382 op-

223 1387 378 1420 portunitas
393 1387 498 1418 ingeret
513 1390 692 1411 nunciorum.

223 1518 344 1550 Littera
364 1518 451 1563 Regis
477 1519 645 1550 Innocentio
673 1528 780 1564 quarto
800 1544 810 1559 ,
843 1516 879 1550 de
902 1520 1000 1564 Regno
1025 1517 1130 1551 Sicilia
1158 1516 1290 1550 Ricardo

538 1569 646 1599 Comiti
674 1564 824 1598 Cornubiae
843 1563 949 1600 oblato.

75 1634 152 1667 Anu·
167 1634 206 1666 D·
231 1651 448 1713 SAndtissimo
463 1652 492 1682 in
507 1651 624 1682 Christo
645 1652 714 1690 patri
731 1651 758 1690 J.
779 1651 900 1682 Summo
918 1650 1051 1682 Pontifici
1065 1651 1208 1682 Henricus
1224 1649 1290 1682 Rex

97 1683 187 1740 1¹²53·
278 1690 388 1730 Angliae
402 1690 523 1721 salutem.
563 1690 696 1721 Ecclesiae
714 1690 856 1721 Romanae
876 1692 956 1721 matri
977 1690 1081 1721 nostrae
1100 1692 1133 1721 &
1150 1691 1291 1730 praecipue

73 1717 207 1751 Caus37.
227 1730 281 1770 piae
294 1730 444 1769 paternitati
457 1729 557 1760 vestrae
569 1739 682 1769 quantas
697 1729 788 1768 potest
803 1730 923 1759 humana
942 1729 1061 1759 devotio
1075 1730 1217 1759 referimus
1229 1738 1290 1768 gra-

74 1756 110 1817 Ῑέ
125 1763 152 1819 3d·
169 1763 206 1780 m·
226 1769 325 1799 tiarum
336 1768 461 1798 actiones
472 1767 508 1798 de
520 1779 556 1799 eo
568 1768 645 1808 quod
661 1767 818 1798 Ricardum
832 1767 981 1798 Comitem
990 1767 1147 1798 Comubiae
1162 1778 1219 1805 prce
1234 1777 1291 1797 cae-

80 1798 89 1816 ¹
115 1812 120 1817 '
153 1812 159 1819 ·
224 1808 287 1838 teris
303 1806 401 1837 mundi
414 1806 593 1847 Magnatibus
605 1806 722 1846 elegistis
735 1807 769 1838 ad
784 1807 897 1837 culmen
907 1807 1003 1847 Regni
1017 1807 1135 1845 Siciliae,
1154 1806 1232 1844 quod
1246 1807 1290 1836 in-

223 1854 265 1877 ter
279 1854 382 1876 caetera
398 1844 499 1885 Regna
512 1855 645 1885 magnum
661 1845 716 1875 esse
737 1846 925 1885 cognovimus
939 1869 948 1884 ,
971 1845 1113 1876 censentes
1131 1855 1183 1875 nos
1198 1846 1227 1875 in
1247 1846 1289 1883 ip-

219 1885 271 1916 sius
283 1884 448 1914 exaltatione
463 1895 520 1914 non
535 1885 715 1915 mediocriter
729 1885 888 1915 honoratos.

261 1923 368 1953 Verum
391 1933 459 1953 cum
480 1923 644 1953 venerabilis
658 1923 709 1953 Vir
732 1922 867 1962 Magister
887 1922 1020 1952 Albertus
1037 1921 1177 1952 Notarius
1195 1922 1287 1952 vester

223 1972 276 1992 nos
289 1971 323 1992 ex
338 1969 414 2001 parte
425 1961 515 1992 vestra
530 1962 637 1992 curiose
655 1961 827 2000 sollicitaret,
843 1960 920 2000 quod
933 1960 1012 1998 ipsius
1026 1960 1114 1991 fratris
1134 1960 1222 1992 nostri
1238 1972 1288 1991 ne-

219 2003 316 2070 potio,
334 2001 408 2030 circa
422 2001 591 2040 praedic'tum
610 2001 744 2040 Regnum
763 1999 968 2039 adquirendum
991 1999 1141 2029 consilium
1162 2000 1196 2030 δε
1212 2001 1289 2030 auxi-

232 2041 290 2070 ium
307 2039 546 2078 impenderemus,
565 2049 626 2069 non
641 2040 822 2070 immemores
836 2039 968 2068 omnium
982 2039 1126 2068 bonorum
1141 2038 1174 2068 &
1188 2040 1288 2077 gratia-

221 2088 285 2108 rum
299 2078 457 2117 specialium
469 2101 478 2114 ,
495 2088 559 2118 quae
574 2078 740 2108 multociens
753 2078 789 2108 ab
807 2076 930 2107 Ecclesia
952 2075 1086 2106 Romana
1105 2076 1288 2115 suscepimus,

1218 2125 1290 2153 Pl‘ae‘

1192 2138 1288 2195 trega

223 2126 254 2147 ut
269 2117 316 2147 filii
329 2118 397 2155 grati
412 2117 445 2147 ὅ(
458 2116 554 2146 devoti
567 2125 760 2156 acceptamus,
775 2114 852 2156 quod
867 2115 978 2146 aClero
987 2114 1082 2155 Regni
1096 2115 1183 2145 nostri

221 2156 280 2186 fato
296 2155 407 2186 Comiti
428 2155 472 2185 vel
487 2156 592 2186 haeredi
608 2155 657 2185 suo
681 2156 828 2194 negotium
848 2153 1034 2192 adquisitionis
1055 2153 1177 2192 ejusdem

224 2193 419 2234 prosequenti,
437 2202 601 2234 competens
618 2194 749 2224 auxilium
764 2193 950 2230 impertiatur:

262 2232 341 2263 Salva
356 2232 437 2262 nobis
449 2241 497 2271 per
509 2233 606 2262 omnia
619 2234 704 2271 gratia
718 2231 807 2262 vestra
819 2230 950 2261 concessa
963 2254 973 2270 ,
996 2231 1029 2261 &
1042 2230 1063 2260 fi
1076 2231 1167 2268 placet
1181 2240 1289 2263 conce—

221 2271 330 2309 denda,
348 2270 382 2300 ad
396 2272 542 2310 negotium
555 2272 663 2310 crucis,
680 2270 758 2311 quod
771 2269 964 2310 assumpsimus
977 2269 1183 2308 exequendum.

258 2346 344 2378 Teste
359 2346 442 2386 Rege
455 2347 529 2388 apud
543 2346 670 2378 Westm.
687 2348 726 2378 28
741 2347 786 2378 die
795 2347 926 2386 Januarii.

223 2479 408 2514 conditiones
426 2478 487 2527 fiib
505 2478 620 2527 ''quihus
642 2483 776 2528 Regnum
803 2481 908 2514 sicilia:
933 2479 1102 2514 conceditur
1126 2479 1290 2514 Edmundo

584 2530 661 2562 Filio
678 2532 807 2563 Henrici
824 2533 922 2578 Regis.

73 2607 151 2638 Ann·
167 2605 208 2637 D·
231 2613 283 2671 A
292 2615 436 2646 Lexander
450 2615 620 2654 Episcopus,
637 2615 727 2646 servus
740 2615 883 2646 servorum
895 2614 970 2654 Dei,
990 2614 1151 2658 Carissimo.
1159 2615 1189 2645 in
1203 2614 1290 2646 Chri-

94 2654 177 2684 1255.
292 2654 336 2684 sto
350 2655 407 2684 silio
420 2654 574 2685 Edtnundo
586 2654 686 2684 Illustri
695 2654 725 2684 R
764 2655 897 2692 'Siciliae,
915 2654 998 2684 Nato
1011 2653 1290 2696 CariffimihinChri-

71 2688 191 2758 2⁴1⁶·339·
228 2691 333 2762 stetgifklkii
349 2692 436 2723 nostri
451 2693 536 2734 Regis
553 2693 664 2733 Angliae
682 2692 713 2723 Ill
761 2695 812 2732 ris,
832 2692 956 2723 Salutem
977 2693 1011 2723 &
1027 2691 1224 2731 Apostolicam
1238 2691 1290 2721 be-

102 2741 109 2749 ·
151 2743 157 2749 ·
224 2741 243 2761 n
320 2741 423 2762 ionem.

72 2760 130 2787 Bib.
152 2764 209 2788 σθ’·
264 2770 375 2801 Affueta
389 2769 455 2800 sedis
469 2769 645 2808 Apostolicae
662 2770 893 2807 circumspectio,
911 2769 1017 2799 habens
1031 2769 1059 2799 in
1075 2769 1119 2799 sua
1130 2768 1289 2799 liberalitate

72 2799 210 2836 Clea‘m
226 2808 411 2848 providentiae
424 2807 545 2839 studium
555 2832 565 2847 ,
581 2816 684 2839 attente
696 2808 842 2846 propensat
854 2809 953 2848 quibus
966 2808 1113 2851 dexteram.
1120 2809 1222 2852 aperiat
1229 2807 1288 2851 ¹lar-

72 2841 104 2864 E.
132 2846 155 2863 ¹·
226 2848 313 2886 gitatis
327 2871 336 2886 ‚
358 2856 389 2878 ut
403 2848 531 2886 ampliori
550 2856 613 2886 erga
634 2847 695 2877 illos
710 2846 902 2878 munificentia
922 2847 1054 2877 exuberet
1068 2856 1115 2886 qui
1131 2847 1288 2884 potioribus

72 2879 114 2902 Ex
129 2878 188 2903 Aa·
230 2886 303 2916 circa
316 2896 377 2917 eam
391 2886 497 2925 fulgere
512 2887 616 2916 meritis
635 2885 826 2916 dinoscuntur.
864 2886 976 2923 Unde,
1002 2885 1065 2922 quia
1083 2884 1191 2922 semper
1208 2885 1289 2915 incli-

71 2920 136 2950 ὀμ·
227 2931 288 2954 tum
307 2933 393 2963 genus
414 2933 494 2955 tuum
518 2925 636 2964 puritate
657 2924 744 2960 fidei,
765 2924 924 2955 devotionis
943 2925 1097 2954 sinceritate
1146 2922 1287 2963 sedulique

228 2962 418 3000 prosecutione
430 2963 530 2993 servitii
541 2971 604 3002 erga
620 2962 783 2993 Romanam
797 2963 949 2994 Ecclesiam
962 2962 1087 2993 Matrem
1117 2971 1180 2992 uam
1195 2962 1287 2992 excel-

227 3001 315 3031 lenter
329 3000 447 3039 effulsit,
463 3001 576 3032 Idcirco
590 3002 661 3041 ipsa,
680 3012 744 3039 quae
757 3011 888 3042 prompta
900 3003 929 3031 in
943 3002 1045 3041 gratia,
1059 3002 1090 3030 in
1109 2999 1189 3030 dono
1207 3001 1287 3031 beni-

226 3039 290 3069 vola
303 3062 313 3078 ,
336 3040 447 3077 copiosa
464 3041 494 3070 in
509 3041 619 3078 premio
633 3062 643 3077 ,
667 3040 700 3070 &
720 3042 748 3070 in
769 3041 950 3071 retributione
969 3038 1116 3079 magnifica
1130 3040 1286 3079 invenitur,

74 3083 95 3104 ²*
111 3083 206 3120 1.894.
224 3078 374 3121 majoribus
386 3087 471 3121 genus
484 3078 573 3118 ipsum
587 3078 665 3117 cupit
678 3079 696 3097 '¹‘
713 3079 845 3116 ampliare
858 3078 1014 3116 beneficiis,
1030 3079 1063 3108 &
1077 3077 1221 3121 altioribus
1233 3078 1287 3108 ho-

223 3116 340 3146 noribus
353 3116 512 3153 sublimare3
531 3125 562 3147 ut
576 3138 585 3153 ‚
607 3126 712 3153 quanto
727 3117 929 3148 habundantius
947 3117 983 3147 de
1002 3124 1120 3147 materni
1139 3116 1286 3147 dulcedine

222 3156 316 3224 lissberis
328 3156 432 3186 auxerit
447 3177 457 3193 ,
478 3163 557 3185 tanto
576 3156 605 3184 in
620 3154 700 3193 ipsius
720 3157 812 3188 mattis
832 3156 1010 3196 beneplacitis
1028 3155 1223 3186 vehementius
1238 3155 1287 3186 de-

250 3196 348 3224 cietur.

260 3232 332 3262 Sane
344 3231 460 3263 dsserstus
473 3231 543 3263 filius
556 3231 690 3272 Magister
704 3232 834 3264 Albertus
848 3256 858 3271 ,
879 3232 1016 3263 N0tarius
1030 3231 1124 3263 noster
1135 3255 1144 3270 ,
1161 3232 1287 3273 Aposto-

221 3270 286 3301 licae
300 3271 366 3301 sedis
382 3271 519 3310 Legatus,
538 3271 589 3301 tibi
605 3274 639 3302 ὃς
652 3271 820 3302 Haeredibus
831 3272 898 3309 tuis,
914 3273 982 3302 sicut
996 3280 1030 3302 ex
1049 3279 1125 3309 parte
1141 3279 1188 3301 tua
1204 3273 1288 3302 nobis

225 3310 346 3340 relatum
365 3310 455 3340 extitit
506 3309 536 3340 R
572 3319 642 3339 num
660 3309 762 3340 Siciliae
784 3321 816 3340 ac
830 3318 919 3340 totam
942 3319 1043 3340 terram
1058 3332 1068 3348 ,
1088 3319 1152 3349 quae
1166 3309 1206 3339 est
1223 3311 1291 3340 citra

228 3347 331 3378 Fatum
344 3348 427 3388 usque
440 3332 480 3378 ad'
490 3317 613 3378 coffinia
625 3348 777 3378 Terrarum
791 3348 922 3379 Ecclesiae
938 3348 1099 3386 Romanae,
1113 3358 1181 3378 cum
1193 3349 1289 3378 omni-

226 3385 279 3416 bus
292 3387 408 3426 juribus,
428 3386 604 3425 honoribus,
629 3386 815 3425 distric‘tibus,
839 3388 872 3418 &
896 3388 1065 3424 pertinentiis
1082 3387 1134 3416 suis
1156 3388 1286 3430 (excepta

227 3422 350 3455 Civitate
364 3425 560 3456 Benevmtana
571 3448 581 3462 ,
605 3434 673 3455 cum
688 3425 767 3463 ipsius
785 3426 886 3462 juribus
907 3427 940 3455 &
955 3426 1125 3463 pertinentiis
1139 3425 1288 3463 universis)

228 3462 259 3490 in
272 3462 403 3502 feudum,
421 3464 457 3494 de
470 3463 580 3501 speciali
598 3464 761 3493 auetoritare
782 3474 814 3494 ac
834 3463 966 3494 mandato
989 3464 1077 3494 felicis
1091 3463 1291 3494 recordationis

228 3498 388 3532 Innocentis
403 3502 487 3542 Papae
501 3503 590 3540 quarti
605 3500 817 3532 Praedecessoris
833 3502 922 3532 nostri
938 3525 947 3540 ,
971 3501 1108 3533 concessit
1124 3525 1133 3540 ,
1156 3501 1244 3533 Salvis
1256 3502 1291 3532 li-

230 3536 379 3570 bertatibus
398 3541 431 3571 &
453 3541 674 3571 immunitatibus
700 3540 886 3571 Ecclesiamm
909 3541 1112 3578 praedi&orum
1135 3540 1231 3580 Regni
1256 3541 1290 3571 &

231 3573 330 3606 Terrae
344 3579 402 3607 t‘am
417 3581 446 3609 in
461 3580 644 3609 elerstionibus
656 3580 741 3618 quam
753 3581 783 3609 in
798 3579 855 3609 aliis
867 3579 1051 3616 spectantibus
1061 3579 1097 3609 ad
1111 3578 1217 3609 eadem.

268 3612 346 3643 Idem
366 3627 434 3646 vero
454 3616 645 3648 Praedecessor
659 3641 669 3656 ,
694 3626 725 3647 ut
743 3616 853 3657 asseris,
877 3617 1091 3648 concessionem
1112 3617 1291 3655 hujusmodi,

233 3649 385 3694 supplendo
397 3655 553 3694 defectum,
569 3656 649 3696 siquis
664 3658 692 3685 in
707 3666 738 3685 ea
757 3655 843 3685 fuerat
853 3678 863 3694 ,
887 3655 922 3686 de
942 3656 1114 3695 plenitudine
1134 3655 1291 3693 potestatis,

231 3689 392 3732 authoritate
415 3692 576 3731 Apostolica
591 3694 770 3724 confirmavit
783 3694 834 3724 tibi
847 3717 856 3731 ,
882 3694 1017 3733 Regnum
1033 3695 1066 3726 δε
1079 3694 1198 3724 Terram
1219 3703 1292 3731 prae-

232 3726 287 3770 fata
301 3737 330 3756 iri
345 3728 459 3772 feudum
471 3731 507 3774 de
517 3742 596 3762 novo
608 3733 785 3771 concedens,
801 3740 885 3770 prout
906 3733 936 3763 in
956 3734 1034 3772 ipsius
1051 3732 1163 3763 Litteris
1186 3732 1291 3769 plenius

230 3763 332 3794 dicitur
343 3775 486 3797 contineri.

268 3802 336 3846 No}
351 3804 438 3841 itaque
446 3829 453 3841 ,
461 3806 512 3845 tuis
526 3806 770 3845 supplicationibus
783 3809 907 3839 inclinati
914 3834 924 3847 ,
933 3809 1147 3840 conceffionem
1155 3832 1165 3848 ,
1171 3808 1205 3839 &
1220 3817 1292 3838 con-

231 3840 419 3871 firmationem
441 3843 619 3887 hujusmodi,
642 3847 692 3876 sub
716 3847 928 3878 conditionibus
949 3848 1019 3878 infra
1042 3847 1146 3886 scriptis
1167 3854 1234 3876 ratas
1257 3846 1291 3875 &

232 3888 318 3918 gratas
331 3879 478 3917 habentes,
496 3882 560 3918 ipsas
575 3884 610 3913 de
624 3883 738 3914 fratrum
753 3885 914 3916 nostrorum
929 3887 1114 3923 approbamus
1126 3884 1244 3914 consilio
1258 3884 1292 3913 &

231 3918 353 3955 assensu,
369 3918 402 3948 ὃς
415 3917 463 3946 sub
476 3919 575 3948 eisdem
592 3922 800 3952 conditionibus
822 3924 878 3953 illas
891 3925 1055 3955 auctoritate
1070 3921 1234 3962 Apostolica
1248 3922 1292 3950 in-

232 3965 383 3991 novantes,
402 3954 535 3998 Regnum
549 3958 582 3986 &
594 3958 712 3989 Terram
727 3961 858 3998 praedieta
873 3983 882 3996 ,
909 3972 977 3991 cum
997 3962 1131 3991 omnibus
1144 3959 1245 3996 jun'bus
1257 3958 1290 3988 &

231 3995 402 4033 pertinentiis
414 3993 465 4023 suis
475 4016 487 4030 ,
510 3993 545 4023 de
559 3994 672 4025 fratrum
687 3998 809 4034 ipsorum
825 3998 959 4030 consensu
973 4023 983 4038 ,
1006 4000 1056 4029 tibi
1077 3999 1111 4029 &
1123 3997 1291 4028 Haeredibus

232 4032 285 4061 tuis
298 4032 434 4075 utriusque
447 4030 534 4061 Sexus
552 4032 712 4074 inseudum
759 4037 808 4065 sub
827 4036 930 4067 eisdem
949 4037 1176 4075 conditionibus,
1193 4043 1293 4076 perpe·

232 4077 283 4100 tuo
297 4069 496 4108 concedmus,
513 4070 547 4101 &
561 4078 644 4100 etiarn
662 4081 718 4101 con
739 4082 867 4103 sinamus.

1331 421 1687 465 EDITIONIS
1725 424 2203 469 LONDlNENSIS.

1369 558 1559 591 Conditiones
1570 568 1665 592 autern
1678 560 1740 593 sunt
1754 560 1829 601 istae,
1847 563 1925 603 quod
1940 571 1970 594 tu
1988 563 2022 594 &
2041 561 2178 594 Haeredes
2192 564 2233 594 tui
2254 562 2393 605 Regnum
2409 572 2487 605 Am,
2502 574 2545 612 DJ

1333 598 1366 628 ὃ(
1380 607 1482 641 terram
1495 599 1607 638 praefata
1618 600 1770 631 nullatenus
1781 601 1922 640 dividetis,
1940 601 1985 632 sed
1998 602 2105 639 semper
2120 602 2164 632 illa
2185 612 2255 632 unus
2267 610 2394 642 tantum,

1332 636 1382 667 sub
1397 638 1457 676 ipsis
1471 637 1693 677 conditionibus,
1709 640 1870 670 immediate
1884 650 1917 670 ac
1938 641 1967 670 in
1982 642 2072 680 capite
2088 640 2123 670 ab
2144 640 2268 671 Ecclesia
2283 640 2396 673 Roma-

1335 685 1371 706 na
1386 676 1506 714 tenebit,
1527 677 1630 707 &tam
1643 686 1690 714 tu,
1708 688 1792 716 quarn
1806 679 1855 718 ipsi
1877 678 2012 709 Haeredes
2032 679 2115 709 nobis
2137 680 2170 710 &
2186 679 2398 712 Successoribus

1335 713 1451 753 nostris,
1469 715 1607 745 canonice
1621 716 1802 754 intrantibus,
1815 727 1849 747 ac
1863 716 1996 748 Ecclesiae
2011 716 2156 748 Romanae
2176 717 2311 749 fidelitatis
2324 728 2398 757 prae-

1334 751 1439 783 stabitis
1452 753 1678 792 Sacramentum,
1688 755 1721 785 &
1738 754 1852 793 Ligium
1865 755 2030 795 homagium
2041 756 2161 795 facietis,
2169 756 2323 788 secundum
2338 757 2398 788 for-

1337 800 1415 821 mam
1429 791 1541 821 inferius
1554 801 1738 830 annotatam,
1764 794 1797 824 &
1813 794 1920 833 singulis
1937 795 1997 834 ipsis
2017 794 2229 826 Succefforibus
2249 796 2283 827 δε
2302 796 2396 827 eidem

1335 829 1479 874 Romanae
1493 829 1627 861 Ecclesiae
1639 832 1805 862 renovabitis
1823 832 1881 863 tam
1898 832 1988 870 ipsum
2007 832 2188 873 homagium,
2205 836 2289 874 quam
2302 835 2398 874 hujus-

1334 869 1413 898 modi
1426 868 1647 899 Sacramentum.

1372 907 1513 946 Qiolibet
1526 917 1597 938 vero
1610 907 1699 938 Anno
1712 908 1742 938 in
1756 907 1829 938 festo
1841 909 1988 940 beatorum
2007 908 2083 940 Petri
2101 911 2135 942 &
2148 909 2228 941 Pauli
2241 911 2268 942 A
2288 911 2398 943 ostoIo-

1333 955 1415 983 rum,
1433 946 1478 976 vel
1492 946 1563 977 infra
1577 946 1659 984 ipsius
1677 945 1739 976 festi
1752 947 1866 977 odiavas
1880 970 1889 985 ,
1914 949 2088 988 ubicumque
2101 949 2250 980 Romanus
2288 950 2398 982 ontifex

1332 984 1432 1022 fuerit,
1450 993 1481 1015 tu
1494 986 1590 1023 tuique
1605 984 1741 1015 Haeredes
1757 995 1809 1022 pro
1830 986 1966 1023 praedietis
1986 986 2092 1026 Regno
2106 988 2140 1019 ὃ(
2159 997 2230 1019 terra
2241 989 2300 1019 duo
2317 990 2396 1020 milia

1333 1020 1494 1067 Undarum
1508 1024 1578 1054 boni
1593 1024 1626 1054 &
1639 1025 1702 1061 puri
1710 1023 1780 1053 Auri
1792 1023 1828 1053 de
1834 1025 2007 1062 Tareriis,ad
2020 1026 2130 1065 pondus
2138 1026 2317 1067 Romanum,
2327 1038 2398 1059 cen-

1331 1071 1376 1091 sus
1389 1064 1524 1100 nomine,
1543 1062 1686 1092 Romanae
1702 1061 1837 1092 Ecclesiae
1850 1062 2015 1103 persolvetis.

1371 1100 1624 1139 Qiandocumque
1635 1109 1730 1131 autem
1744 1099 1894 1132 Romanus
1900 1099 2053 1141 Pontifex,
2087 1103 2117 1132 ui
2126 1112 2180 1141 pro
2193 1111 2322 1143 tempore
2333 1104 2396 1135 fiie-

1331 1139 1383 1177 rit,
1400 1139 1538 1170 asseruerit
1553 1139 1707 1170 Ecclesiam
1723 1139 1861 1179 indigere,
1880 1148 1911 1170 tu
1928 1139 2048 1170 &Haer
2085 1150 2113 1171 es
2129 1142 2188 1180 tui,
2207 1151 2260 1179 pro
2274 1143 2396 1181 praesatis

1332 1176 1438 1217 Regno
1451 1179 1484 1209 &
1498 1187 1568 1209 terra
1577 1201 1587 1217 ,
1601 1178 1721 1217 requisiti
1741 1178 1776 1208 ab
1793 1188 1829 1208 eo
1842 1201 1852 1218 ,
1877 1178 1911 1209 ad
1928 1178 2043 1209 Urbem
2058 1179 2089 1209 in
2103 1178 2308 1210 Patrimonium
2322 1181 2398 1212 beati

1331 1215 1408 1246 Petri
1422 1217 1456 1247 &
1468 1216 1619 1255 Ecclesiae,
1638 1218 1668 1247 in
1683 1216 1984 1257 DucatumSpoletan.
1997 1218 2027 1247 in
2044 1217 2206 1250 Marchi'am
2221 1218 2397 1250 Anconitan-

1330 1254 1363 1285 &
1377 1256 1404 1285 iri
1419 1265 1518 1286 omnes
1530 1256 1593 1287 alias
1607 1264 1688 1286 terras
1702 1254 1837 1287 Ecclesiae
1857 1266 1905 1294 per
1917 1255 2037 1286 Ytaliam
2047 1278 2056 1295 ,
2073 1264 2214 1288 trecentos
2230 1257 2349 1296 milites,
2365 1267 2398 1288 e-

1329 1294 1391 1332 quis
1405 1294 1438 1324 &
1452 1295 1534 1324 armis
1548 1295 1622 1324 bene
1635 1295 1668 1325 &
1687 1293 1819 1325 decenter
1835 1302 1940 1334 paratos
1955 1295 1988 1325 &
2011 1296 2134 1325 munitos
2146 1318 2156 1333 ,
2180 1296 2210 1325 in
2229 1295 2397 1335 obsequium

1330 1334 1364 1363 &
1377 1332 1526 1363 subsidium
1541 1333 1622 1374 ipsius
1642 1332 1775 1364 Ecclesiae
1795 1333 1981 1364 transmittetis
1995 1342 2043 1373 per
2057 1342 2110 1364 tres
2126 1333 2239 1364 Menses
2255 1335 2397 1374 integros,

1330 1370 1359 1400 in
1374 1370 1470 1402 vestris
1484 1371 1636 1411 sumptibus
1649 1372 1682 1402 &
1698 1371 1856 1412 stipendiis,
1873 1372 1959 1403 semel
1975 1381 2069 1402 tamen
2089 1374 2119 1402 in
2133 1372 2222 1403 Anno
2239 1373 2269 1405 in
2281 1373 2396 1405 servitio

1329 1410 1449 1446 ejusdem
1464 1409 1599 1442 Ecclesiae
1613 1418 1783 1448 moraturos,
1800 1410 1946 1441 Mensibus
1966 1411 2029 1451 ipsis
2042 1422 2058 1441 a
2073 1410 2136 1449 die,
2176 1421 2214 1442 uo
2228 1409 2315 1442 iidem
2332 1411 2398 1442 Mi-

1327 1447 1388 1478 lites
1402 1448 1513 1518 dieturgi
1527 1449 1662 1488 Regnum
1677 1448 1774 1488 egressi
1794 1449 1918 1488 fuerint,
1941 1459 1990 1488 per
2011 1449 2135 1489 vulgares
2176 1451 2238 1481 ’etas
2257 1451 2290 1482 &
2305 1450 2397 1482 solitas

1331 1496 1399 1517 com
1420 1495 1485 1518 utari
1508 1498 1536 1518 is.

1369 1497 1480 1557 osisines
1492 1536 1606 1567 quoque
1619 1525 1753 1557 Ecclesiae
1766 1525 1801 1557 de
1815 1525 1920 1565 Regno
1934 1526 1968 1557 δε
1979 1526 2072 1557 Terra
2084 1527 2242 1568 praediffis,
2261 1536 2320 1559 tam
2335 1527 2396 1560 Ca-

1331 1564 1481 1604 thedrales,
1495 1575 1581 1605 quam
1595 1565 1671 1603 aliae,
1690 1564 1825 1604 regulares
1838 1567 1871 1598 &
1887 1565 2035 1604 seculares,
2054 1575 2109 1596 nec
2121 1576 2180 1596 non
2195 1567 2328 1597 universae
2336 1566 2397 1598 Ec-

1331 1603 1489 1636 clesiasticae
1503 1603 1628 1643 personae
1642 1605 1693 1634 illis
1711 1605 1883 1635 libertatibus
1901 1605 1935 1635 ὅ(
1949 1605 2172 1636 immunitatibus
2189 1606 2311 1636 omnino
2328 1614 2397 1644 gau-

1330 1642 1455 1681 debunt,
1473 1653 1536 1683 quae
1548 1644 1556 1672 i
1579 1643 1610 1673 sis
1621 1651 1788 1680 competunt
1802 1643 1957 1673 secundum
1970 1641 2133 1674 Canonicas
2147 1642 2333 1682 Sanffiones,
2357 1646 2395 1676 ita

1332 1681 1408 1719 quod
1423 1683 1498 1713 circa
1510 1682 1555 1713 eas
1571 1691 1618 1712 em
1630 1681 1767 1712 Ecclefias
1781 1682 1815 1713 &
1830 1681 1972 1719 personas,
1990 1682 2048 1712 tam
2061 1682 2092 1712 in
2111 1681 2243 1713 faciendis
2258 1683 2396 1720 provisio-

1330 1720 1411 1750 nibus
1423 1721 1456 1751 &
1472 1720 1658 1751 electionibus
1671 1720 1888 1758 confirmandis,
1926 1721 1991 1750 uam
2004 1720 2139 1751 omnibus
2150 1720 2225 1759 aliis,
2244 1721 2399 1752 Romanus

1330 1757 1463 1790 Pontifex
1475 1760 1510 1791 &
1524 1760 1658 1790 Romana
1671 1758 1795 1790 Ecclesia
1803 1758 1896 1797 jurisdi
1931 1759 2027 1789 'onem
2040 1759 2074 1789 &
2092 1759 2286 1790 auetoritatem
2299 1762 2398 1790 omni-

1331 1798 1447 1828 modam
1462 1798 1549 1828 libere
1558 1798 1745 1835 exercebunt3
1761 1797 1836 1829 salvo
1847 1798 1899 1828 tibi
1912 1797 2018 1837 tuisque
2036 1796 2207 1828 Haeredibus
2225 1798 2282 1835 jure
2300 1807 2396 1836 patro-

1330 1835 1426 1875 natus,
1444 1837 1542 1875 siquod
1556 1836 1650 1876 Reges
1662 1836 1764 1867 Siciliae
1778 1859 1788 1874 ,
1812 1836 1856 1867 seu
1875 1835 1995 1874 ejusdem
2015 1835 2113 1874 Regni
2129 1837 2163 1867 &
2184 1845 2264 1867 terrae
2281 1836 2397 1868 domini

1329 1875 1464 1906 hactenus
1475 1877 1505 1906 in
1519 1876 1609 1915 aliqua
1626 1875 1672 1905 vel
1691 1875 1828 1913 aliquibus
1843 1874 2032 1905 Ecclesiamm
2051 1874 2169 1914 ipsarum
2189 1874 2400 1907 consueverunt

1328 1913 1448 1951 habere,·
1468 1915 1618 1946 intantum
1634 1915 1773 1944 tamenin
1811 1922 1930 1944 uantum
1946 1912 2134 1944 Ecclesiamm
2155 1912 2282 1944 Patronis
2296 1914 2327 1944 in
2339 1913 2395 1946 hac

1329 1961 1406 1990 parte
1419 1955 1557 1984 canonica
1569 1952 1692 1983 instituta
1706 1962 1799 1983 conce
1819 1961 1878 1983 unt.
1988 1981 2000 1984 ,,
2335 1953 2337 1956 ’

1367 1990 1519 2023 Universae
1532 1992 1640 2029 insuper
1652 1991 1785 2022 Ecclesiae
1800 1991 1836 2022 de
1855 1989 1974 2030 praefatis
1992 1989 2099 2030 Regno
2119 1991 2154 2023 &
2171 1998 2258 2030 terra,
2276 1992 2335 2022 tam
2350 2002 2396 2024 re-

1327 2030 1450 2069 gulares,
1469 2031 1556 2069 quam
1570 2030 1717 2068 seculares,
1735 2030 1772 2061 de
1785 2030 1869 2068 plano
1882 2029 1915 2061 ad
1926 2031 2025 2060 omnia
2044 2031 2120 2060 bona
2136 2030 2314 2069 immobilia,
2331 2031 2397 2068 ipsis

1327 2069 1415 2099 ablata
1427 2070 1472 2100 seu
1487 2077 1626 2108 occupata
1639 2070 1675 2099 ab
1688 2070 1760 2107 aliis,
1776 2070 1806 2099 in
1820 2078 1944 2107 quorum
1963 2067 2133 2107 posseffione
2146 2068 2213 2108 ipsas
2230 2068 2312 2100 fuiffe
2322 2079 2395 2100 con-

1328 2106 1426 2145 stabit,
1446 2108 1622 2139 restituentur
1634 2108 1669 2138 ad
1683 2108 1814 2145 plenum:
1832 2107 1910 2145 super
1923 2107 1980 2137 aliis
1993 2108 2064 2137 vero
2078 2129 2088 2145 ,
2107 2106 2142 2136 de
2177 2117 2278 2137 uorum
2291 2107 2396 2148 posses-

1328 2146 1405 2176 sione
1419 2157 1479 2177 non
1493 2147 1585 2177 statim
1599 2145 1729 2176 constare
1742 2146 1861 2184 poterit,
1879 2145 1929 2176 fiet
1940 2146 1996 2184 eis,
2011 2144 2114 2184 absque
2125 2144 2152 2176 d'
2188 2145 2289 2176 cultate
2301 2156 2335 2177 ac
2349 2146 2394 2177 di-

1327 2184 1448 2223 latione,
1460 2185 1574 2223 justitiae
1591 2185 1845 2224 complementum.

1364 2222 1456 2254 Porro
1470 2232 1499 2254 tu
1515 2225 1548 2255 δε
1568 2223 1666 2263 singuli
1685 2223 1823 2254 Haeredes
1842 2223 1882 2253 tui
1896 2222 1979 2253 nobis
1998 2222 2032 2254 &
2054 2221 2164 2262 singulis
2184 2222 2396 2255 Successoribus

1329 2261 1429 2293 nostris
1441 2263 1474 2293 &
1489 2261 1622 2293 Ecclesiae
1634 2261 1796 2300 Romanae,
1814 2261 1929 2301 quando
1943 2261 2132 2296 iuramentum
2146 2261 2310 2299 praestabitis
2323 2261 2396 2293 fide-

1329 2301 1421 2339 litatis,
1440 2302 1566 2339 jurabitis
1580 2311 1632 2332 vos
1643 2301 1677 2331 ad
1691 2301 1754 2332 haec
1767 2300 1916 2340 specialiter
1926 2299 2083 2339 obligatos,
2099 2299 2176 2340 quod
2188 2310 2332 2340 nunquam
2345 2310 2395 2340 per

1330 2349 1382 2369 vos
1419 2340 1462 2370 vel
1474 2350 1523 2380 per
1537 2340 1620 2379 alios,
1637 2338 1684 2369 seu
1698 2349 1879 2378 quocumque
1891 2338 1982 2369 modo
1995 2340 2179 2375 procurabitis
2191 2347 2221 2370 ut
2235 2340 2265 2369 in
2278 2338 2309 2369 R
2345 2349 2393 2370 em

1329 2378 1374 2408 vel
1389 2362 1592 2419 imperatorem
1606 2378 1747 2417 eligamini
1762 2377 1978 2408 Romanorum:
2000 2376 2056 2416 Et,
2073 2377 2093 2407 fi
2107 2377 2278 2421 electionem
2291 2378 2326 2408 ad
2349 2388 2394 2408 rn-

1329 2418 1440 2455 perium
1455 2417 1490 2448 de
1505 2418 1587 2448 vobis
1607 2417 1741 2448 celebrari
1760 2416 1909 2455 contigerit
1923 2438 1934 2454 ,
1958 2415 2069 2445 nullum
2086 2414 2244 2453 hujusmodi
2261 2416 2394 2447 eleetioni

1329 2455 1466 2486 assensum
1482 2455 1661 2494 praestabitis,
1679 2465 1734 2486 nec
1748 2455 1937 2485 intromittetis
1949 2463 2001 2484 vos
2014 2453 2051 2484 de
2064 2454 2201 2492 regimine
2211 2453 2325 2494 Imperii
2337 2455 2397 2486 ullo

1329 2494 1440 2525 modo:
1467 2495 1578 2534 Qiod,
1595 2495 1615 2525 si
1633 2503 1683 2533 tu,
1702 2492 1747 2525 vel
1766 2493 1864 2532 aliquis
1876 2492 2036 2523 Haeredum
2051 2492 2174 2530 ipsorum
2188 2515 2198 2531 ,
2223 2492 2397 2525 studentibus

1330 2533 1375 2563 vel
1392 2534 1606 2572 procurantibus
1620 2534 1719 2571 vobis,
1738 2531 1772 2562 ad
1787 2531 1941 2573 Imperium
1955 2531 2038 2562 eleffl
2056 2531 2180 2570 fueritis,
2197 2531 2231 2562 &
2243 2532 2398 2570 praebueri-

1330 2572 1364 2602 tis
1378 2574 1393 2589 *
1410 2571 1548 2603 assensum
1560 2572 1693 2603 electioni
1708 2572 1795 2601 taliter
1809 2570 1909 2608 faetae,
1925 2570 1963 2601 de
1975 2570 2056 2602 vobis
2069 2570 2089 2601 si
2101 2570 2159 2601 hoc
2176 2579 2275 2601 verum
2289 2571 2323 2602 &
2337 2581 2398 2602 ma-

1329 2609 1463 2641 nifestum
1476 2610 1576 2650 fuerin,
1595 2611 1658 2649 vel,
1675 2611 1695 2641 si
1708 2609 1772 2649 post
1785 2610 1870 2640 talem
1883 2609 2054 2640 eleetionem
2068 2608 2102 2640 &
2114 2607 2279 2640 consensum
2292 2609 2327 2640 de
2335 2609 2397 2641 Irn-

1329 2650 1399 2687 perii
1411 2651 1547 2687 regimine
1559 2660 1610 2680 vos
1623 2648 1768 2680 manifeste
1783 2648 1999 2686 intromiseritis,
2017 2657 2054 2677 eo
2069 2647 2128 2685 ipso
2141 2658 2157 2678 a
2173 2648 2231 2685 jure
2245 2648 2399 2686 praedicto-

1329 2696 1394 2716 rum
1408 2687 1502 2726 Regni
1516 2688 1549 2718 ὅ(
1563 2697 1643 2719 terrae
1656 2688 1757 2719 cadatis
1768 2695 1801 2717 ex
1815 2695 1894 2723 tot0,
1912 2686 2023 2724 ipsaque
2038 2687 2148 2723 penitus
2161 2687 2329 2717 ammittatis.
2367 2687 2400 2718 Si

1330 2733 1425 2755 autem
1438 2726 1570 2756 electioni
1583 2726 1683 2763 factae,
1700 2735 1759 2756 non
1773 2725 2003 2762 procurantibus,
2019 2732 2067 2754 aut
2084 2724 2168 2754 etiam
2181 2725 2396 2761 procurantibus

1331 2764 1430 2802 vobis,
1445 2764 1652 2801 consenseritis,
1667 2765 1701 2794 &
1716 2786 1726 2801 ,
1749 2771 1779 2792 ut
1791 2763 1858 2792 huic
1872 2761 2004 2791 eledlioni
2017 2761 2064 2791 vel
2081 2761 2137 2798 juri
2150 2763 2311 2793 renuntietis
2328 2773 2396 2794 orn-

1330 2803 1416 2840 nino,
1434 2803 1468 2833 &
1479 2802 1555 2842 quod
1570 2803 1606 2833 de
1619 2801 1743 2839 Imperio
1755 2810 1806 2830 vos
1820 2809 1995 2840 nequaquam
2015 2799 2222 2838 intromittatis,
2237 2801 2393 2841 admoniti,

1328 2841 1399 2872 infra
1411 2850 1530 2880 quatuor
1543 2840 1690 2871 Mensium
1709 2839 1827 2880 spatium
1845 2837 1910 2876 post
1930 2837 2121 2882 monitionem
2139 2837 2299 2882 hujusmodi
2312 2862 2322 2878 ,
2348 2841 2393 2870 tali

1328 2881 1380 2918 juri
1392 2889 1450 2910 non
1465 2879 1684 2910 renuntiaveritis
1695 2901 1705 2916 ,
1722 2877 1767 2909 vel
1778 2877 1814 2907 de
1826 2876 1885 2916 ipso
1897 2876 2023 2917 Imperio
2041 2886 2093 2907 vos
2105 2877 2308 2908 intromiseritis
2319 2888 2393 2916 quo-

1327 2929 1386 2958 quo
1397 2918 1488 2949 modo
1501 2941 1512 2957 ,
1538 2926 1571 2947 ex
1588 2918 1646 2948 hoc
1664 2916 1724 2955 ipso
1745 2916 1798 2947 sitis
1811 2914 1957 2953 praeiniffis
1974 2915 2080 2954 Regno
2097 2915 2130 2945 ὅτ,
2151 2914 2222 2946 terra
2238 2917 2271 2948 ὃ(
2289 2926 2390 2947 eorum

1327 2956 1514 2995 prorsusJure
1525 2957 1640 2995 privati:
1657 2956 1686 2987 Si
1700 2956 1770 2985 vero
1783 2977 1793 2992 ,
1814 2954 1848 2984 ad
1862 2963 1890 2984 te
1904 2954 1950 2984 vel
1971 2954 2043 2993 ipsos
2060 2952 2198 2984 Haeredes
2213 2964 2273 2984 non
2287 2957 2390 2993 poterit

1328 2996 1484 3028 commode
1497 2996 1556 3026 talis
1570 2995 1694 3025 monitio
1708 2993 1867 3032 pervenire,
1885 2991 1964 3032 super
1977 3002 2034 3031 quo
2054 2993 2149 3031 utique
2166 2992 2390 3033 impediment0‚

1326 3034 1471 3072 videlicet,
1490 3033 1568 3072 quod
1581 3035 1692 3064 moneri
1706 3031 1861 3062 commode
1874 3041 1934 3061 non
1947 3030 2068 3074 possitis,
2084 3030 2211 3062 credetur
2224 3033 2257 3063 &
2273 3031 2390 3063 stabitur

1326 3073 1467 3105 assertioni
1483 3072 1612 3103 Romani
1625 3070 1768 3102 Pontificis
1783 3069 1838 3100 five
1853 3069 1949 3107 dieto,
1967 3068 2085 3100 sufficiet
2099 3079 2152 3107 pro
2171 3079 2202 3100 ea
2220 3070 2333 3108 publica
2345 3071 2392 3102 su-

1327 3122 1376 3151 per
1391 3111 1449 3142 hoc
1464 3111 1546 3148 ipsius
1560 3110 1688 3142 Romani
1702 3108 1848 3139 Pontificis
1863 3109 1985 3138 monitio
2003 3109 2037 3139 ὃς
2058 3107 2238 3147 sollempnis,
2262 3110 2298 3140 ita
2310 3110 2389 3149 quod

1326 3152 1347 3182 si
1361 3149 1431 3181 infra
1445 3150 1489 3180 sex
1504 3149 1617 3180 Menses
1627 3148 1693 3194 post
1708 3147 1782 3177 illam
1804 3157 1864 3177 non
1883 3147 2103 3177 renuntiaveritis
2114 3169 2126 3185 ,
2148 3146 2194 3178 vel
2211 3147 2247 3179 de
2266 3147 2391 3185 Imperio

1325 3199 1380 3220 vos
1394 3187 1612 3228 quomodolibet
1625 3185 1838 3225 intromiseritis,
1855 3195 1889 3216 ex
1899 3186 1957 3216 hoc
1969 3186 2006 3218 ab
2018 3186 2100 3215 omni
2109 3186 2171 3223 jure
2183 3186 2387 3224 praedi&mum

1327 3227 1424 3268 Regni
1448 3227 1482 3258 &
1503 3235 1583 3257 terrae
1603 3226 1711 3256 cadatis.
1752 3223 1898 3255 Caeterum
1912 3248 1922 3264 ,
1948 3224 1968 3256 fi
1989 3225 2136 3264 contigerit
2155 3224 2279 3263 aliquem
2291 3225 2327 3255 de
2338 3226 2391 3255 tuis

1327 3265 1514 3303 Haeredibus,
1532 3266 1579 3304 qui
1592 3264 1705 3294 deberet
1719 3263 1747 3293 in
1764 3262 1869 3303 Regno
1881 3264 1915 3296 &
1929 3271 1999 3294 terra
2011 3263 2150 3302 praedietis
2168 3262 2204 3294 de
2214 3264 2278 3302 jure
2293 3263 2392 3294 succe-

1327 3305 1393 3335 dere
1406 3327 1415 3341 ,
1441 3305 1470 3334 in
1490 3303 1693 3334 Romanorum
1715 3301 1918 3339 Imperatorem
1941 3302 2004 3341 eligi
2025 3301 2070 3332 vel
2088 3301 2189 3332 affumi
2201 3325 2212 3341 ‚
2237 3301 2393 3332 nullatenus

1328 3342 1528 3384 possessionem
1547 3341 1701 3372 eorundem
1727 3340 1823 3380 Regni
1845 3342 1878 3372 &
1900 3340 2001 3372 Terrae
2018 3339 2191 3372 nanciscatur
2212 3341 2257 3372 vel
2277 3339 2392 3378 habeat,

1329 3392 1384 3413 nec
1398 3382 1422 3411 se
1436 3381 1471 3411 de
1484 3381 1595 3410 illorum
1610 3380 1691 3418 cura,
1708 3378 1838 3410 dominio
1854 3403 1864 3418 ,
1886 3379 1930 3410 vel
1947 3380 2084 3418 regimine
2098 3388 2146 3418 per
2163 3379 2190 3409 se
2202 3379 2248 3410 vel
2300 3389 2311 3408 r
2324 3379 2392 3408 alios

1329 3421 1499 3459 aliquatenus
1514 3419 1679 3449 intromittat
1691 3442 1701 3457 ,
1720 3419 1768 3448 nisi
1780 3419 1854 3457 prius
1866 3417 1990 3460 Imperio
2005 3440 2015 3456 ,
2039 3418 2072 3448 &
2084 3419 2165 3461 omni
2180 3418 2232 3461 juri
2247 3388 2298 3447 [ἐξ
2310 3425 2393 3448 corn-

1330 3460 1435 3498 petenti
1448 3459 1477 3487 in
1490 3457 1556 3495 illo,
1573 3457 1679 3496 prorsus
1702 3458 1840 3487 renuntiet
1854 3480 1864 3495 ,
1888 3458 1921 3488 ὃς
1940 3458 2020 3494 ipsius
2041 3456 2154 3496 Imperii
2173 3465 2317 3495 regimen,
2334 3463 2389 3484 nec

1329 3498 1366 3529 de
1377 3499 1439 3536 jure
1451 3495 1519 3527 illud
1538 3505 1592 3525 nec
1612 3495 1649 3526 de
1668 3495 1746 3525 facto
1766 3505 1861 3535 gerens
1882 3495 1928 3525 vel
1946 3496 2067 3525 retinens
2080 3517 2090 3532 ‚
2115 3495 2237 3524 omnino
2256 3493 2391 3537 dimittat,

1328 3537 1408 3567 nullo
1422 3543 1548 3573 unquam
1562 3534 1650 3571 ipsum
1664 3542 1793 3572 tempore
1811 3534 2015 3571 resumpturus,
2030 3533 2153 3570 alioquin
2167 3532 2246 3564 cadat
2262 3531 2297 3561 ab
2309 3539 2390 3561 omni

1328 3574 1499 3607 successione
1512 3582 1544 3602 ac
1557 3572 1617 3609 jure
1632 3582 1695 3610 quae
1711 3574 1740 3602 in
1754 3573 1856 3604 eisdem
1873 3572 1980 3612 Regno
1998 3572 2032 3601 &
2052 3579 2122 3601 terra
2143 3571 2194 3601 sibi
2216 3576 2390 3606 competeret

1327 3615 1338 3644 i
1359 3614 1388 3643 so
1403 3612 1496 3650 facto,
1514 3611 1550 3640 ita
1563 3611 1640 3650 quod
1661 3611 1798 3650 Regnum
1821 3613 1854 3642 ὃ(
1876 3619 1946 3641 terra
1965 3609 2079 3649 praeFata
2100 3608 2135 3639 ad
2153 3608 2317 3639 Romanam
2331 3605 2389 3637 Ec-

1328 3662 1346 3682 c
1357 3652 1440 3682 esiam
1452 3650 1562 3688 ejusque
1575 3649 1781 3689 dispositionem
1795 3649 1878 3689 plene
1892 3649 1926 3680 &
1938 3649 2026 3679 libere
2039 3648 2232 3678 devolvantur.
2332 3683 2337 3689 ·
2355 3684 2359 3689 ι

1365 3689 1396 3719 Si
1409 3697 1503 3718 autem
1519 3697 1549 3717 tu
1559 3710 1568 3725 ,
1587 3697 1633 3718 aut
1648 3689 1742 3727 aliquis
1756 3697 1872 3718 tuorum
1884 3687 2045 3718 Haeredum
2058 3694 2159 3717 contra
2168 3685 2230 3715 haec
2243 3691 2388 3728 veneritis,

1328 3728 1440 3757 sitis'eo
1459 3725 1517 3763 ipso
1536 3728 1840 3757 excommunicationis
1858 3726 1991 3757 sententia
2004 3748 2014 3764 ,
2036 3734 2121 3764 quam
2140 3730 2250 3754 exnunc
2272 3722 2390 3767 profert-

1328 3775 1408 3803 mus,
1426 3764 1552 3794 innodati
1568 3789 1577 3802 ‚
1600 3766 1633 3796 &
1648 3766 1757 3806 insuper
1780 3765 1888 3805 respersi
1910 3766 1943 3796 &
1964 3764 2052 3794 notati
2064 3763 2126 3793 labe
2144 3767 2264 3802 aereatu
2278 3770 2388 3798 perjurii

1328 3803 1476 3840 maneatis3
1494 3813 1562 3833 cum
1580 3803 1673 3833 nostra
1689 3811 1820 3843 perpetua
1841 3804 1874 3835 &
1895 3803 1976 3834 firma
1997 3801 2123 3832 voluntas
2144 3797 2239 3842 exlstat
2256 3806 2286 3841 ut
2304 3808 2388 3842 rium-

1328 3851 1415 3879 quam
1434 3840 1569 3880 Regnum
1593 3842 1694 3872 Siciliae
1722 3843 1830 3872 uniatur
1851 3842 1896 3872 vel
1921 3843 2044 3880 'ungatur
2065 3837 2213 3880 Imperio,
2242 3836 2389 3882 videlicet,

1329 3879 1406 3948 ῗὶυοά
1420 3889 1490 3911 unus
1503 3880 1536 3911 &
1552 3879 1626 3911 idem
1639 3882 1672 3912 ὃς
1689 3881 1887 3912 Rornanorum
1924 3885 2062 3920 inperator
2080 3875 2114 3906 ὅσ
2129 3873 2232 3906 Siciliae
2252 3873 2319 3906 Rex
2331 3885 2390 3907 exi-

1356 3926 1390 3948 at.

1365 3954 1520 3988 Civitatem
1538 3967 1653 3995 quoque
1670 3957 1858 3988 Beneventan.
1880 3963 1948 3987 cum
1966 3951 2100 3996 omnibus
2118 3950 2286 3995 libertatibus
2300 3975 2311 3990 ,
2334 3952 2391 3996 iin-

1328 3995 1509 4025 munitatibus
1520 4017 1529 4032 ,
1548 3997 1709 4036 privilegiis,
1725 3995 1902 4036 tenimentis,
1918 3990 2110 4035 distrlffibusp
2133 3991 2235 4034 juribus
2257 3990 2391 4033 &Pem-

1327 4034 1428 4063 nentiis
1447 4032 1495 4063 suis
1512 4033 1644 4064 Romana
1659 4034 1772 4069 -semper
1791 4032 1904 4062 habebit
1919 4029 2029 4066 ,sibique
2049 4029 2176 4061 retinebit
2198 4027 2336 4066 Ecclesia3
2354 4027 2388 4058 δε

1327 4080 1358 4104 tu
1373 4073 1470 4111 tuique
1485 4071 1621 4105 Haeredes
1636 4071 1670 4104 ad
1683 4071 1764 4110 ipsius
1785 4068 2032 4101 reaedificationem
2052 4067 2086 4100 δε
2101 4068 2301 4107 reparationem
2296 4065 2395 4135 habt:

2431 622 2513 652 1255.

2412 2587 2427 2605 ⁸
2439 2589 2462 2617 1.
2476 2587 2544 2625 8953
