2570 4261
0 265 58 296 mn.
74 261 115 294 D.

1 301 84 332 1260.

0 345 42 370 (en.
60 350 90 378 3»

0 1600 44 1633 ll,
58 1610 123 1637 707.

21 3788 36 3802 '⁸
48 3789 71 3815 1.
85 3784 148 3822 708.

709 168 821 216 'ET
904 175 1166 218 ACTA

137 258 252 306 Roberto
266 260 298 291 de
310 259 408 291 Santra
418 259 572 329 'Johanne'J
680 260 827 299 Humjrido
848 261 879 290 do
899 263 975 290 Boun
990 264 1086 292 Comiti
1097 264 1182 292 Here-

136 299 282 336 Regmaldo
298 301 330 329 de
342 302 459 339 Paney‚
709 298 792 337 ford,

137 338 254 367 Ricardo
266 339 298 367 de
312 337 489 377 Munffichet‚
682 337 792 367 Wdom'
801 337 832 366 de
843 339 948 377 Bryny,

137 375 245 406 Thomae
258 375 349 415 Grefle
357 399 367 413 ‚

136 417 274 443 Mauricio
288 415 319 443 de
332 411 461 450 Berkek,

133 451 332 492 Johannifilio
347 450 507 488 Johanni5‚

136 491 253 520 Ricardo
265 487 357 527 Basset
372 489 402 517 de
418 487 547 527 VVeldon,

134 528 276 558 Edmundo
291 525 386 565 Baffit
400 526 432 555 de
445 528 591 565 Drayton,

131 568 242 603 Hugoni
253 565 285 594 de
298 563 400 604 Creſjjt,

131 602 256 634 Waltero
273 602 305 631 de
323 600 438 631 Wahull
445 625 454 639 ,

133 639 277 671 Wllielmo
290 640 322 670 de
334 638 488 680 odingfill‚

132 677 257 712 Waltero
270 679 301 708 de
316 677 442 716 Clffird,

131 718 241 753 Hugoni
255 715 381 746 Peverell
392 717 423 745 de
437 714 590 754 saunford,

134 754 279 785 Willielmo
293 756 324 785 a'e
338 753 449 785 Walton
458 777 467 791 ‚

133 794 256 824 Hamoni
269 794 301 823 de
314 795 467 832 Crevequer
475 815 484 830 ,

134 830 275 870 Radulpho
286 832 318 860 de
332 833 474 870 Kammeys
482 853 492 868 ‚

135 870 259 899 Andreae
275 867 417 907 Peverell,

134 906 269 938 Nicholao
283 908 315 938 de
330 905 467 944 Bolevill,

135 945 252 975 Roberto
266 945 297 976 de
309 944 453 986 Aguylon‚

133 983 281 1014 Willielmo
296 985 327 1014 de
342 987 497 1021 Harecmt,

137 1024 256 1052 Henrico
266 1022 298 1052 de
313 1024 364 1052 Ver
377 1025 473 1051 Comiti
486 1024 576 1051 Oxou.

135 1059 283 1091 Wllielmo
296 1059 321 1090 le
335 1062 450 1100 Moyne,

135 1097 256 1137 Philippo
270 1101 415 1139 Marmyny
423 1121 433 1136 ,

136 1136 253 1166 Roberto
265 1139 368 1174 Tregoz
376 1162 386 1175 ,

136 1174 253 1205 Roberto
267 1176 298 1205 de
314 1179 443 1215 Gurnay,

137 1213 252 1252 Griffi'no
259 1213 321 1256 filio
337 1217 520 1252 bVennuwen,

141 1254 258 1282 Henrico
272 1253 303 1282 de
319 1256 421 1292 Tracy,

140 1290 272 1329 Johanm'
285 1291 399 1329 Giffiird
407 1314 416 1329 ,

139 1330 255 1358 Henrico
269 1329 300 1358 de
318 1329 432 1369 Erleye,

140 1367 256 1397 Roberto
270 1367 302 1396 de
317 1367 393 1397 Bello
407 1370 519 1403 campo,

141 1408 257 1435 Henrico
272 1406 305 1435 de
319 1406 347 1436 la
363 1408 507 1444 Pomeray,

140 1446 260 1474 Henrico
274 1444 306 1473 de
318 1443 452 1484 Hasting,

143 1482 250 1512 Fulconi
255 1480 318 1523 filio
334 1484 455 1518 Warini,

142 1520 289 1551 Willielmo
299 1520 331 1549 de
344 1523 440 1550 Monte
456 1515 573 1557 Camfio,

142 1557 275 1589 Nicholao
290 1561 399 1599 Poynz,

681 374 811 413 Johanni
826 375 858 404 de
871 379 1017 415 Curtenay,

682 416 782 450 Rogero
797 413 829 442 de
844 416 953 442 Mortuo
968 417 1064 453 Mari,

682 450 796 480 Roberto
804 449 867 492 filio
880 454 1000 490 Pagani,

682 491 782 525 Rogero
795 490 827 518 de
839 491 936 518 Sana-‘to
948 490 1094 528 Johanne,

680 526 808 565 Johanni
820 527 851 556 de
865 530 993 564 lVauton,

682 564 825 594 Alveredo
838 566 870 594 de
882 566 1012 604 Lincoln,

684 605 710 632 E
709 604 780 639 gidio
789 604 821 633 de
835 602 966 643 clyfford,

684 642 759 671 Adae
773 642 804 671 de
818 644 933 681 Peryton
942 666 951 681 ,

682 679 813 717 Johanni
823 679 882 720 filio
897 680 1034 718 Mathai,

684 717 828 753 Wllielmo
842 719 873 747 de
884 718 1024 759 Ebroycis,

683 755 809 795 Gaffrido
822 757 854 785 de
868 755 1053 787 Mauna'evill.

683 797 811 832 Ingramo
824 795 856 824 de
869 798 949 824 Renes
957 818 966 831 ,

683 835 791 869 Hugoni
804 833 836 862 de
850 832 981 872 Neyvill,

684 870 806 901 Waltero
819 872 851 901 de
864 869 1060 911 Dunstanvill,

683 910 802 938 Henrico
816 911 847 939 de
862 912 944 939 Novo
958 913 1065 946 Burgo,

685 947 828 1025 llsji'clliedlmo
842 948 874 978 de
886 947 961 977 Bello
974 952 1073 985 Campo
1080 941 1190 975 dened-

734 997 762 1016 0r
786 1010 796 1024 ,

685 1024 812 1063 Johanni
823 1025 855 1054 de
871 1026 1025 1063 Wrenna,

685 1062 829 1093 Almarico
848 1062 879 1092 de
893 1064 991 1092 sancio
1007 1061 1154 1098 Amando,

685 1101 801 1131 Roberto
814 1102 846 1131 de
861 1099 998 1140 Staffizrd,

686 1139 807 1169 Gilberto
822 1139 923 1176 Peche,

686 1176 832 1216 Humfrido
847 1178 878 1206 de
894 1179 971 1206 Boun
979 1178 1097 1215 juniori,

685 1215 824 1254 Radulpho
838 1219 1017 1253 Saunzaner,

686 1254 814 1293 Johanni
829 1255 861 1282 de
875 1252 1011 1291 Vallihus,

687 1290 833 1329 Reginaldo
839 1290 901 1332 filio
915 1293 1008 1328 Petri,

688 1330 794 1360 Thomae
811 1328 923 1366 corbet,

688 1368 816 1407 Johanni
850 1365 884 1396 lio
899 1365 999 1396 Alani.

688 1407 764 1436 Adae
778 1404 803 1434 le
846 1402 973 1444 espenser‚

688 1444 817 1484 Johanni
830 1444 861 1473 de
874 1445 1026 1481 Mucegros,

689 1481 780 1521 Philip
798 1493 810 1511 o
823 1482 854 1511 de
868 1484 961 1522 Arcy,

691 1522 770 1551 Radu
777 1521 831 1559 pho
845 1518 978 1558 blafard,

693 1560 808 1589 Ricardo
821 1562 917 1588 Comiti
932 1554 1111 1597 lilarescallo‚

143 1599 163 1618 ’κ
179 1596 310 1637 Johanni
320 1598 352 1627 de
366 1594 517 1634 Baalumy‚
692 1602 796 1628 Franco
809 1598 841 1627 de
854 1599 949 1635 Boun,

144 1637 260 1666 Roberto
276 1636 308 1665 de
325 1633 461 1671 Cannuil,
691 1635 785 1666 Radul
799 1635 831 1665 ho
845 1635 877 1665 de
891 1637 1005 1673 Gorgos,

145 1673 291 1705 I-Villielmv
307 1674 339 1703 de
354 1678 457 1710 Breus,
692 1644 832 1713 RaduAEho
846 1676 976 1713 Gurnizy,

146 1712 275 1743 Mathaeo
288 1714 419 1752 Loveyn,
685 1712 839 1743 'Willielmo
853 1713 884 1742 de
899 1715 959 1752 Say.

146 1751 309 1782 Baldewino
324 1751 355 1780 de
370 1746 480 1788 Infida2

146 1838 182 1865 In
189 1832 286 1874 fhrma
293 1832 427 1871 praedicfia
440 1829 601 1860 mandatum
614 1829 651 1869 est
666 1828 806 1860 Militibus
812 1827 967 1869 ficbfiriptis
975 1849 984 1866 ,
992 1825 1065 1868 quod
1071 1824 1124 1866 fint
1133 1822 1208 1862 apud

463 1867 594 1907 Cestriam
605 1870 645 1900 ad
654 1869 763 1900 eundem
777 1869 854 1899 diem.

147 1948 277 1988 Johanni
291 1949 323 1979 de
335 1946 452 1988 Pleffitis
460 1944 556 1978 Comiti
565 1947 666 1978 W'arr.'
695 1946 812 1983 Roberto
826 1941 858 1977 de
876 1941 1014 1983 Tatilhal,

148 1987 262 2017 Roberto
271 1986 332 2028 filio
347 1986 491 2025 Nicholai,
696 1985 818 2015 Gilberto
834 1986 865 2015 de
878 1988 991 2020 Gaunt,

149 2025 274 2055 Ernaldo
288 2027 319 2055 de
334 2025 431 2064 Basca,
697 2027 740 2054 W
739 2023 844 2054 illielmo
859 2024 890 2053 de
904 2026 956 2053 Ros
965 2044 975 2060 ‚

148 2064 242 2095 Radul
256 2064 289 2094 ho
303 2067 348 2093 Ba
371 2066 398 2093 et
411 2065 442 2094 de
454 2067 580 2103 Sapetot,
696 2065 813 2092 Henrico
823 2063 855 2092 de
869 2061 965 2099 Percy,

149 2103 225 2142 Jaco
244 2114 258 2132 o
273 2103 304 2133 de
317 2107 351 2132 A
364 2101 480 2141 dithele,
695 2104 794 2138 Rogero
807 2102 839 2131 de
852 2100 1010 2166 Munbraly,

982 2159 992 2174 5

150 2144 196 2172 W
195 2140 302 2170 illielmo
316 2140 450 2179 Bardoif,
699 2140 813 2170 Roberto
831 2139 863 2169 de
877 2136 967 2168 Nevil

151 2180 227 2210 Adae
243 2180 274 2209 de
284 2181 368 2209 Novo
384 2183 529 2218 Mercato,
698 2181 796 2216 Rogero
809 2181 938 2207 Bertram
952 2176 984 2205 de
997 2171 1119 2209 Bothal,

150 2217 280 2256 Johanni
284 2215 347 2259 filio
361 2216 494 2257 Philippi,
699 2219 798 2254 Rogero
808 2218 942 2249 >Bertram
958 2214 989 2243 de
1004 2210 1161 2250 Mideford,

150 2259 250 2286 Simoni
264 2258 360 2286 Comiti
376 2255 543 2296 Leicqllriae,

153 2295 270 2325 Ricardo
286 2294 318 2324 de
331 2296 419 2334 Grey,

150 2333 266 2363 Roberto
280 2334 311 2363 de
326 2335 378 2362 Ros
392 2333 423 2362 de
436 2331 564 2370 Belvero‚

150 2370 293 2410 Radulpho
309 2370 442 2409 Botiller,

150 2409 267 2440 Roberto
282 2410 314 2439 de
329 2412 417 2438 Veteri
432 2412 536 2448 Ponte,

151 2451 270 2477 Henrico
287 2450 436 2486 Engayne,

155 2485 286 2524 Johanni
299 2488 325 2515 E
329 2492 459 2522 xtraneo,

701 2257 744 2285 W
744 2253 851 2285 illielmo
864 2250 1075 2288 Huntercombe,

701 2296 785 2324 Petro
801 2294 833 2322 de
846 2291 925 2322 Malo
941 2290 1001 2320 lacu
1007 2314 1018 2329 ,

701 2334 809 2369 Hugoni
825 2330 849 2361 le
861 2331 963 2367 Bigod,

701 2369 835 2400 Nicholao
850 2370 881 2399 de
894 2366 1021 2408 Bolteby,

702 2411 784 2438 Petro
801 2409 832 2437 de
845 2411 917 2437 Brus
925 2431 935 2445 ,

702 2449 810 2483 Hugoni
825 2446 857 2475 de
871 2443 987 2474 Bolebek
996 2466 1006 2482 ,

702 2487 737 2514 R.
755 2485 786 2513 de
799 2483 910 2523 Qency
923 2484 1019 2512 Comiti
1033 2478 1077 2511 W
1076 2483 1162 2510 intorti

704 2522 832 2561 Johanm·
846 2522 877 2552 de
893 2519 1008 2561 Bayllol.

157 2603 193 2630 In
207 2599 303 2640 fhrma
317 2601 451 2638 praedidia
465 2600 625 2630 mandatum
637 2596 672 2638 est
687 2597 817 2638 Episcopis
823 2596 994 2637 sitbfiriptis,
1011 2595 1083 2636 quod
1093 2592 1213 2640 habeant

169 2637 405 2679 ftrvitiuinficum
419 2639 491 2678 quod
501 2641 567 2676 Regi
580 2636 694 2676 debent,
718 2638 792 2676 apud
801 2636 887 2675 Salop.
904 2637 943 2666 ad
952 2636 1019 2665 diem
1026 2633 1194 2673 praedictumr

709 2715 753 2744 W.
774 2711 946 2752 Wgornienfi
962 2709 1101 2751 Epifiopo,

708 2756 743 2783 R.
762 2756 913 2782 conventr.
931 2748 969 2785 ὠ·
983 2749 1064 2780 Lich.
1082 2746 1215 2787 Epifiopo,

710 2792 754 2820 W.
781 2789 956 2830 Bathonienst
973 2786 1011 2824 &
1032 2785 1111 2818 W'ell.
1140 2788 1217 2824 Epis-

160 2717 197 2745 Β.
216 2714 404 2755 Cantuarienfi
419 2713 633 2755 Archieptfiopo,

160 2757 202 2783 H.
222 2754 344 2784 London.
365 2753 509 2792 Epifiopo‚

159 2795 200 2822 H.
220 2790 323 2832 Elienfi
335 2790 476 2831 Episcopo,

157 2832 208 2865 JV.
227 2829 375 2897 Exoniebifi
387 2828 527 2868 Epiſsopo‚
746 2837 827 2867 copo,
1181 2861 1184 2866 Ι

157 2870 192 2898 Ρ.
212 2866 331 2907 Herefor
349 2867 402 2909 enfi
418 2869 540 2908 Episcopo
551 2891 561 2906 ,
709 2868 746 2897 L.
762 2865 876 2907 Roffinfi
906 2863 1029 2905 Epy'copo
1041 2889 1052 2903 ,
1084 2861 1134 2893 vel
1160 2871 1215 2900 eJus

159 2909 199 2936 E.
219 2906 369 2947 Cicestrenfi
388 2906 526 2945 Episcopo,
746 2903 899 2944 Senescallo.

160 2948 189 2975 S.
206 2944 375 2986 Norwicenfi
388 2943 526 2984 Episcopo,
710 2945 747 2974 E.
770 2948 867 2974 Sarum
878 2941 1011 2982 Episcopo.

199 3023 272 3049 Item
292 3020 453 3050 mandatum
473 3017 508 3061 est
530 3023 564 3050 G.
578 3021 699 3051 Eborum
711 3019 842 3059 Archiepi
856 3031 881 3050 co
898 3030 929 3058 o,
944 3021 978 3048 R.
997 3018 1120 3049 Lincoln.
1140 3020 1219 3056 Epis—

161 3066 237 3096 copo,
255 3056 290 3088 Β.
310 3056 467 3088 Karleolen.
487 3057 625 3097 Epifiopo,
640 3058 689 3088 vel
698 3060 752 3099 ejus
765 3059 874 3098 seneffia
885 3057 927 3095 lo,
939 3058 1011 3098 quod
1021 3057 1142 3089 habeant
1155 3056 1217 3093 &c-

164 3096 240 3135 apud
251 3095 381 3136 Cqslriam
396 3097 437 3126 ad
446 3097 514 3126 diem
523 3097 691 3135 praedietum.

163 3170 199 3202 In
212 3170 308 3211 fhrma
325 3173 460 3210 praedidla
472 3173 632 3203 mandatum
697 3170 857 3204 Abbatibus
872 3168 909 3208 ὠ
924 3171 1216 3213 Abbatffsfhbsn1p⁴

197 3212 250 3249 tis,
271 3211 343 3250 quod
356 3210 477 3241 habeant
489 3210 636 3250 servitium
646 3172 746 3252 essum,
762 3214 834 3254 quod
849 3215 914 3250 Regi
933 3210 1042 3250 debent,
1061 3212 1136 3249 apud
1166 3214 1217 3241 Sa-

197 3247 249 3287 lop.
268 3249 311 3278 ad
319 3249 387 3278 diem
394 3250 562 3288 praedib't'um.

161 3323 278 3355 'Abbati
290 3325 323 3355 de
339 3320 480 3366 Ramesj'e,

167 3363 278 3393 Abbati
292 3366 324 3395 de
341 3367 432 3401 Burgo
446 3365 540 3394 Sancti
553 3366 649 3403 Petri,

166 3401 279 3431 Abbati
291 3404 322 3434 de
333 3402 473 3442 Thorneya
481 3424 492 3441 ,

167 3440 284 3470 Abbati·
309 3442 403 3472 Sam‘ti
429 3438 575 3480 Augustini
600 3443 673 3470 Can-

204 3487 279 3508 tudr-

169 3517 280 3547 Abbati
293 3518 386 3549 Sancti
399 3515 526 3555 Albani,

169 3555 280 3585 Abbati
294 3557 388 3587 Sanai
402 3555 575 3594 Eadmundi,

168 3593 282 3662 Abbati
296 3592 461 3636 Wstm.vel
471 3593 527 3632 ejus
540 3589 672 3632 Seneftal-

217 3644 240 3663 o.

167 3670 280 3701 Abbati
293 3672 324 3702 de
338 3669 486 3711 Certefeye,

168 3709 281 3740 Abbati
295 3711 327 3741 de
339 3710 432 3748 Hida,

170 3747 283 3779 Abbati
295 3750 327 3779 de
340 3746 525 3788 Abbotesbyry
533 3772 542 3786 ‚

171 3788 188 3804 ³*
208 3786 322 3817 Abbati
334 3788 366 3817 de
380 3788 421 3816 W
430 3785 601 3824 nchecumbe,

170 3823 281 3854 Abbati
297 3827 329 3856 de
344 3797 471 3864 Persoyre,

172 3861 284 3893 Abbati
298 3865 330 3894 de
345 3861 500 3903 Evefham,

711 3325 822 3358 Abbati
834 3323 927 3358 Saneii
941 3325 1083 3357 Benediett·
1099 3326 1131 3355 de
1143 3324 1217 3355 Hul-

746 3375 795 3395 mo.

710 3403 823 3433 Abbati
837 3405 929 3434 Sandli
942 3406 1019 3433 Petri
1034 3402 1214 3442 Glouceflriae,

710 3440 822 3471 Abbati
836 3442 866 3471 de
881 3442 1076 3482 Malmisbyry,

710 3478 822 3510 Abbati
835 3481 866 3510 de
879 3480 1068 3519 schireburne,

710 3517 824 3548 Abbati
841 3519 873 3548 de
888 3518 1055 3559 Michilney,

711 3555 823 3586 Abbati
835 3557 866 3586 de
882 3555 1018 3587 Abendon
1026 3581 1036 3595 ‚

711 3593 822 3626 Abbati
832 3595 865 3625 de
877 3598 977 3634 Cerne,

714 3633 805 3661 Priori
818 3636 968 3663 Conventr.

712 3668 867 3709 Abbattffae
883 3671 914 3701 de
928 3672 970 3701 W
969 3670 1044 3701 ilton.

714 3707 869 3747 Abbatiffae
887 3710 994 3739 Sanltae
1013 3712 1117 3739 Mariae
1136 3708 1219 3749 an

755 3752 810 3775 ton.

712 3782 871 3822 'Abbatiffae
884 3785 916 3814 de
930 3784 1082 3826 ShaftebyrA

714 3820 870 3861 Abbatiffae
881 3822 914 3852 de
925 3823 1051 3862 Berking.

170 3937 331 3969 Abbatibus
350 3941 382 3970 de
403 3938 531 3981 Wyteby‚
547 3935 695 3979 croyland,
707 3932 751 3983 gb»
767 3935 857 4007 Sele‘ly'
871 3937 1030 3970 mandatum
1043 3937 1079 3979 est
1089 3939 1163 3980 quod
1171 3938 1223 3969 ῥα.

208 3976 308 4015 beant,
325 3975 388 4012 ὠς.
405 3979 479 4017 apud
490 3977 619 4019 Castriam
633 3977 674 4008 ad
684 3976 752 4007 diem
761 3983 820 4014 prae
841 3975 929 4007 illum,

211 4093 282 4123 Thm-
301 4093 326 4121 1.
343 4093 375 4122 P.
394 4094 438 4122 ΙΙ.

1225 428 1301 490 M

1227 543 1357 574 ballivam
1370 546 1445 575 suam
1452 568 1461 584 ‚
1480 547 1556 585 quod
1568 557 1666 578 omnes
1679 550 1687 578 i

1246 177 1719 225 PUBLICA.
2222 201 2272 241 57

1299 348 1347 379 De
1366 344 1601 382 proclamatione
1617 353 1860 389 Summonitionis
1872 357 2032 389 Exercitus
2042 356 2197 402 facienda.

1473 623 1515 661 egi
1537 624 1658 662 debent,
1675 625 1744 656 ficut
1761 635 1842 657 terras
1862 629 1895 658 δε
1916 637 2071 661 tenementa
2083 632 2142 670 sua,
2158 642 2222 672 quae
2235 632 2270 663 de

1232 773 1306 802 suam
1334 784 1431 806 contra
1460 776 1625 813 praedictum
1646 777 1822 809 Lewelinum
1839 782 1872 812 ὃς
1892 779 2055 820 Complices
2071 783 2131 814 suos
2148 784 2277 815 Rebelles

1231 811 1316 849 Regis
1324 822 1333 848 3

1268 849 1389 894 Litteras,
1398 859 1490 894 autem
1505 851 1608 891 Regis,
1623 854 1706 897 certis
1716 854 1835 891 personis
1848 855 1883 885 de
1897 855 1996 886 balliva
2008 858 2052 888 sua
2064 858 2177 892 dimetas
2187 885 2197 900 ,
2211 872 2277 900 quas

1233 884 1297 930 Rei<
1310 896 1336 930 ei
1351 897 1454 926 mittit,
1472 890 1531 929 ipsis
1545 900 1613 921 cum
1627 899 1708 921 omni
1721 892 1894 923 festinatione
1908 894 2050 926 transmitti
2064 898 2151 928 faciat.

1268 923 1306 954 Et
1322 934 1359 955 ita
1372 926 1398 956 se
1410 926 1506 957 habeat
1519 928 1547 958 in
1560 928 1610 958 hiis
1625 930 1758 960 mandatis
1772 931 1856 970 Regis
1869 933 2031 971 exequendis
2042 957 2052 973 ,
2067 936 2142 974 quod
2154 937 2277 967 summo-

1233 962 1304 992 nitio
1317 963 1383 993 dieti
1399 966 1551 995 excercitus
1566 976 1625 996 non
1639 968 1786 998 retardetur
1799 979 1851 1005 pro
1865 969 1977 999 deflectu
1992 971 2029 1001 sui
2044 995 2053 1010 ‚
2078 984 2129 1010 pro
2142 985 2199 1014 quo
2213 976 2278 1005 Rex

1234 1000 1381 1068 {iacemus
1394 1002 1489 1040 suum,
1504 1003 1538 1034 ὃς
1549 1013 1646 1035 omnes
1661 1013 1758 1043 terraS,
1774 1007 1807 1038 &
1821 1007 1914 1037 catalla
1927 1008 1970 1037 sua
1984 1011 2100 1048 graviter
2118 1022 2216 1050 capere
2230 1012 2278 1043 dea

1270 1075 1366 1107 Teste.

1272 1153 1373 1182 Eodem
1393 1154 1465 1183 modo
1486 1155 1644 1185 mandatum
1665 1155 1700 1195 est
1722 1157 1915 1187 Vicecomitibus
1931 1158 2114 1191 cumberland.
2137 1166 2280 1205 Lancastr.

1236 1191 1428 1221 Northumber.
1456 1194 1504 1221 We
1528 1193 1602 1223 merl.
1629 1194 1751 1225 Lincoln.
1777 1196 1953 1234 Notingham.
1979 1198 2064 1227 Der-b.
2086 1202 2282 1240 Norhamptom

1236 1230 1316 1259 War.
1334 1229 1462 1269 Leycestr.
1536 1232 1677 1263 Roteland.

1272 1307 1308 1334 In
1319 1305 1415 1345 forma
1430 1309 1563 1346 praedidi‘a
1585 1310 1744 1352 mandatura
1759 1309 1795 1349 est
1816 1311 2011 1341 Vicecomitibus
2022 1310 2107 1352 ficfiri
2122 1317 2158 1343 tis
2171 1317 2242 1354 quod
2247 1316 2286 1355 fi-

1236 1343 1337 1373 militer
1349 1344 1463 1384 faciant
1485 1351 1514 1376 in
1534 1346 1707 1378 comitatibus
1717 1347 1787 1387 suis,
1807 1347 1867 1384 &c.
1905 1350 1958 1378 uod
1969 1361 2054 1380 omnes
2067 1350 2092 1382 il
2099 1356 2109 1381 i
2122 1353 2153 1381 de
2167 1353 2284 1384 Balliva

1229 1381 1301 1421 fita,
1320 1382 1379 1429 &a
1392 1384 1453 1425 fint
1473 1387 1547 1424 apud
1563 1385 1648 1424 Salop.
1672 1387 1711 1415 ad
1729 1387 1796 1416 diem
1811 1395 1869 1426 prae
1889 1389 1985 1426 ictum,
2002 1387 2061 1423 &a
2078 1389 2199 1430 utficpra
2211 1415 2221 1430 ,
2247 1391 2286 1427 &-

1236 1422 1309 1460 quod
1317 1420 1427 1452 litteras
1441 1427 1524 1454 etiam
1533 1448 1542 1463 ‚
1557 1423 1617 1460 &c.
1637 1431 1667 1454 ut
1673 1425 1765 1464 fiipra.

1280 1497 1503 1530 Vicecomitibus
1529 1498 1658 1532 Cornub.
1683 1498 1799 1533 Devon.
1825 1501 2022 1542 Suthampton.
2041 1504 2147 1536 Wiltes
2166 1506 2290 1539 Somers.

1240 1535 1351 1579 Dorset.
1384 1537 1535 1570 Hereford.
1569 1539 1731 1570 Gloucestr.
1761 1539 1892 1572 Stafford.
1917 1541 2008 1581 Salop.
2034 1543 2085 1573 Wi
2105 1554 2165 1574 orn.
2189 1545 2287 1576 Oxou.

1241 1573 1330 1606 Berkl.
1355 1575 1501 1607 Bedeford.
1527 1577 1614 1608 Bukin
1635 1578 1709 1608 ham.
1732 1578 1866 1609 Cantebr.
1890 1579 2056 1611 Huntedon.
2103 1581 2174 1613 ifex.
2199 1583 2288 1616 Hert*

1241 1613 1312 1643 ford.
1333 1612 1433 1644 Norff.
1453 1614 1525 1646 Suff.
1546 1616 1610 1647 Mid
1632 1640 1639 1646 .
1658 1616 1732 1647 Surr.
1749 1617 1853 1648 Sussex.
1872 1619 1905 1649 ὃς
1920 1617 2010 1650 Kane.

1245 1758 1293 1791 De
1319 1757 1467 1799 Lewelino
1494 1767 1556 1793 una
1588 1769 1657 1791 cum
1685 1762 1789 1791 caeteris
1808 1758 1915 1794 Williae
1933 1757 2098 1795 Rebellibus
2115 1774 2287 1797 excommn-

1704 1818 1821 1842 means.

2289 305 2365 336 Ann.
2382 304 2424 337 D.

2310 345 2395 374 1260«

2290 386 2354 410 Hen.
2376 392 2400 419 3.

1304 428 1446 474 Antiatum
1466 430 1507 461 est
1528 431 1696 479 Vicecomiti
1718 436 1847 468 Eborum
1868 441 1944 481 quod
1963 440 2053 472 statim
2068 464 2078 480 ‚
2100 441 2161 473 vifis
2177 441 2270 472 litteris
2290 445 2367 477 Ann.
2382 445 2422 476 D,

1296 507 1300 511 Ι
1320 467 1393 506 istis,
1408 477 1476 512 ctum
1489 479 1568 501 omni
1579 473 1721 517 celeritate·
1730 475 1841 506 clamari
1849 477 1936 520 ‚faciat
1949 478 1978 509 in
1993 479 2137 510 Comitatu
2150 479 2269 521 praedic-
2313 487 2397 514 1260.

1226 512 1275 542 to,
1294 516 1321 535 in
1336 506 1442 546 finguhs
1455 508 1618 548 hundredis,
1643 510 1803 579 Buffiisffe&
1819 514 1897 545 V1llis
1911 515 2101 556 Mercatoriis‚
2117 528 2165 558 per
2178 525 2267 549 totam
2291 527 2340 551 Aa.
2358 531 2406 558 μ.

1229 581 1234 586 ·
1344 585 1348 589 Ι
1747 589 1751 592 ¹
1778 551 1877 595 Balliva
1887 553 1951 591 sua,
1973 557 2021 592 qui
2032 563 2127 586 tenent
2139 556 2175 587 de
2187 557 2269 595 Rege
2290 566 2324 589 H.
2345 571 2368 592 κ.

1226 591 1262 649 lg<
1278 581 1496 652 {aeffuznuspx‘ue
1515 584 1548 614 ad
1570 586 1685 616 feodum
1706 598 1784 617 unius
1806 588 1905 620 Militis
1922 592 2059 631 integrum
2079 596 2123 624 vel
2137 596 2269 634 amplius3
2289 594 2392 628 Ibidem»

1229 657 1311 701 Rege
1322 668 1417 703 tenent
1427 661 1456 704 in
1471 663 1575 700 capite,
1593 662 1726 701 diligunt,
1752 665 1804 694 sint
1816 665 1889 704 apud
1902 665 2057 706 Cestriam,
2082 671 2110 699 in
2125 671 2198 701 festo
2208 670 2273 701 Na-

1229 704 1340 741 nvitans
1355 707 1489 743 proximo
1499 701 1611 744 futuro,
1629 711 1695 731 cum
1712 703 1786 745 equis
1800 703 1833 734 &
1847 706 1944 743 armis,
1962 706 1995 736 &
2009 706 2116 737 servitio
2127 709 2194 747 suo,
2214 709 2274 739 Re-

1229 743 1257 773 gi
1278 734 1390 773 debito,
1408 746 1491 776 parati
1511 738 1611 769 exinde
1634 739 1788 779 proficisCi,
1813 750 1878 772 cum
1903 743 2000 782 Rege,
2018 745 2048 773 in
2069 747 2275 785 expeditionem

1336 1893 1518 1924 Permiffione
1532 1893 1641 1932 divina,
1657 1892 1856 1925 Cantuarienfis
1868 1894 2114 1942 Archiepiscopus‚
2131 1899 2215 1933 totius
2228 1898 2289 1928 An-
2312 1904 2385 1935 Ann.
2402 1901 2441 1933 D.

1245 1893 1312 1963 B.
1334 1933 1397 1972 gliae
1417 1933 1535 1970 Primas,
1555 1932 1713 1963 Venerabili
1726 1934 1754 1963 in
1767 1932 1883 1963 Christo
1899 1934 1985 1966 Fratn

2115 1935 2172 1966 Dei
2187 1938 2271 1975 gratia
2278 1960 2288 1975 ‚
2331 1942 2413 1972 1260.

1245 1970 1417 2002 Landavenfi
1440 1970 1582 2011 Episcopo
1603 1971 1731 2009 salutem,
1747 1972 1781 2003 &
1802 1972 1913 2002 sincerae
1930 1975 2099 2006 fraternitatis
2117 1976 2147 2004 in
2159 1974 2289 2005 Domino
2307 1985 2349 2009 An
2364 1990 2412 2016 44.

1240 2009 1346 2048 semper
1359 2011 1547 2047 augmentum.

2305 2024 2340 2047 H.
2356 2029 2379 2056 3⁴

1281 2047 1472 2092 Ad‘nostram
1493 2047 1625 2092 noveritis
1646 2047 1812 2092 audientiam
1833 2049 1983 2088 pervenisse
2007 2050 2101 2090 quod,
2126 2060 2193 2081 cum
2217 2051 2288 2082 inter
2311 2061 2428 2092 Par-44·

1246 2086 1454 2118 Sereniffimum
1477 2086 1639 2117 Dominum
1664 2086 1844 2126 Henricum,
1874 2089 1931 2119 Dei
1952 2089 2037 2129 gratia
2053 2113 2062 2128 ,
2097 2089 2207 2129 Regem
2231 2090 2292 2121 An·-
2315 2100 2347 2124 H.
2366 2106 2390 2127 ³-

1246 2125 1310 2164 gliae
1323 2124 1473 2165 illustrem,
1489 2126 1522 2156 &
1537 2125 1598 2156 suos
1611 2134 1645 2154 ex
1659 2125 1713 2155 una
1727 2134 1819 2164 parte,
1837 2127 1871 2158 &
1886 2127 2061 2159 Lewelinum
2075 2127 2164 2158 filium
2177 2127 2295 2158 Griffini
2318 2144 2353 2162 m,
2363 2128 2387 2160 ὁ,
2397 2132 2422 2162 d.

1246 2164 1280 2195 &
1300 2163 1453 2201 complices
1474 2164 1536 2195 suos
1556 2173 1590 2194 ex
1609 2164 1709 2202 altera,
1727 2163 1811 2203 usque
1834 2166 1868 2196 ad
1882 2173 1990 2196 certum
2005 2174 2115 2203 tempus
2129 2175 2234 2205 treugae
2246 2169 2299 2197 ini-

1247 2210 1301 2240 tae,
1317 2203 1352 2233 δε
1365 2203 1521 2240 juramento
1535 2203 1570 2233 ab
1583 2210 1695 2240 utraque
1710 2210 1785 2243 parte
1799 2204 1961 2242 interposito
1973 2204 2090 2234 firmatae
2103 2205 2233 2244 fuifl'ent,
2246 2216 2300 2236 nu-

1249 2250 1299 2281 per
1318 2241 1432 2282 quidam
1452 2240 1615 2280 Complices
1635 2242 1668 2272 &
1680 2240 1798 2272 fautores
1815 2242 1952 2274 Lewelini
1967 2241 2110 2287 praedicti,
2127 2243 2255 2273 nondum
2267 2243 2301 2273 fi-

1252 2280 1315 2310 nitis
1328 2281 1428 2318 treugis
1442 2281 1617 2318 memoratis,
1643 2280 1769 2319 maligno
1782 2279 1874 2320 spiritu
1889 2282 2022 2312 concitati
2063 2288 2162 2311 terram
2176 2281 2303 2320 praediCti

1252 2318 1282 2349 R
1319 2319 1340 2349 is
1361 2319 1471 2358 Angliae
1491 2320 1525 2350 &
1544 2318 1657 2349 suorum
1678 2317 1813 2349 hostiliter
1833 2319 2009 2357 invadentes,
2054 2320 2160 2350 CClefiaS
2176 2321 2210 2351 ὃς
2230 2319 2303 2350 Mo-

1252 2367 1288 2387 na
1314 2358 1368 2388 etia
1383 2357 1489 2388 crudeli
1501 2357 1634 2388 incendio
1652 2355 1862 2396 destruxerunt,
1880 2358 1914 2389 δε
1926 2357 2082 2388 homicidiis
2094 2367 2175 2397 atque
2187 2359 2302 2398 rapinis,

1252 2397 1317 2426 ausu
1337 2395 1476 2435 Sacrilego
1491 2418 1501 2434 ,
1527 2397 1556 2426 in
1579 2396 1617 2425 eis
1635 2395 1737 2427 violata
1756 2396 1933 2426 immunitate
1951 2394 2132 2426 ecclesiastica
2144 2419 2153 2434 ,
2177 2397 2303 2436 nequiter

1253 2435 1430 2475 perpetratis,
1448 2443 1547 2472 pacem
1569 2433 1662 2473 Regni
1682 2433 1811 2473 Angliae,
1828 2435 1861 2465 ὅτι
1873 2434 2069 2473 praedictarum
2082 2435 2303 2465 conventionem

1254 2472 1430 2512 Treugarum
1449 2473 1606 2510 perturbare
1619 2473 1651 2503 δε
1665 2471 1789 2511 frangere
1804 2473 2047 2513 praesumpserunt,
2071 2480 2169 2503 contra
2182 2483 2214 2504 ea
2226 2477 2303 2514 quae,

1254 2521 1307 2548 pro
1326 2511 1518 2541 observatione
1539 2512 1614 2550 pacis
1636 2510 1730 2555 Regni
1743 2510 1870 2550 Angh'ae,
1888 2512 1917 2541 in
1933 2511 2077 2542 Oxonenfi
2090 2509 2225 2542 Concilio
2236 2521 2303 2550 pro-
2330 2542 2333 2548 ,

1253 2549 1319 2580 vide
1333 2549 1393 2580 sunt
1406 2548 1501 2579 statuta
1508 2572 1518 2588 ‚
1536 2557 1641 2579 temere
1653 2549 1803 2579 veniendo.

1294 2587 1370 2623 Quia
1390 2597 1460 2617 vero
1483 2595 1624 2618 tantorum
1641 2586 1797 2617 facinorum
1820 2594 2033 2627 perpetratores,
2058 2597 2091 2618 ac
2112 2588 2170 2626 illi,
2202 2597 2305 2618 uorum

1256 2626 1403 2663 mandato,
1421 2635 1493 2664 ope,
1508 2625 1553 2655 vel
1572 2624 1687 2655 consilio
1707 2625 1838 2665 praedidta
1857 2625 1990 2656 maleficia
2002 2627 2063 2657 sunt
2077 2627 2185 2657 commi
2211 2637 2244 2665 a,
2262 2627 2306 2665 ip-

1258 2664 1288 2694 so
1301 2665 1378 2695 saeco
1392 2664 1453 2694 sunt
1466 2664 1765 2694 excommunicationis
1777 2663 1893 2694 vinculo
1905 2664 2046 2704 innodati,
2069 2664 2229 2696 fraternitati
2244 2675 2306 2696 ves—

1256 2711 1324 2742 trae‚
1342 2704 1371 2733 in
1392 2703 1492 2733 virtute
1513 2702 1682 2732 obedientiae
1694 2701 1807 2732 firmiter
1819 2702 2026 2742 praecipiendo,
2045 2703 2208 2734 mandamus
2218 2703 2308 2748 quati·-

1258 2751 1310 2771 nus
1329 2743 1360 2771 in
1383 2740 1505 2772 Civitate
1527 2739 1617 2771 vestra
1629 2741 1649 2760 *
1671 2740 1704 2771 &
1719 2739 1844 2771 Diocaefi
1858 2741 2006 2779 praedidms
2018 2741 2171 2781 sacrilegos
2184 2743 2218 2773 &
2233 2741 2309 2781 illos,

1260 2781 1306 2818 qui
1328 2781 1381 2818 eis,
1399 2781 1429 2809 in
1448 2777 1587 2817 praediffls
1606 2778 1751 2809 sceleribus
1772 2788 1806 2819 pe
1868 2779 1973 2817 randis,
1988 2789 2075 2818 opem
2102 2780 2147 2810 vel
2162 2781 2309 2811 confilium

1259 2819 1455 2856 impenderunt
1470 2818 1582 2859 puplice
1596 2817 1642 2848 vel
1656 2817 1769 2847 occulte
1782 2840 1792 2855 ‚
1827 2817 1925 2856 mgulis
1937 2817 2034 2848 diebus
2047 2817 2195 2849 dominicis
2209 2820 2244 2850 &
2256 2819 2310 2849 fes-

1259 2858 1336 2895 tivis,
1363 2856 1467 2895 pulsatis
1480 2857 1636 2895 campanis,
1656 2855 1775 2886 accensis
1788 2856 1927 2894 candelis,
1944 2864 2001 2886 tam
2014 2856 2062 2886 diu
2077 2858 2308 2888 excommunica-

1261 2903 1304 2925 tos
1316 2896 1452 2926 nuncietis
1465 2917 1475 2933 ‚
1495 2896 1528 2925 ὃς
1545 2895 1670 2925 nunciati
1681 2894 1858 2931 solempniter
1871 2894 1975 2925 faciatis
1983 2917 1992 2933 ,
2012 2895 2105 2925 donec
2116 2895 2151 2926 de
2164 2896 2309 2935 praemissis

1258 2934 1469 2965 satisfactionem
1481 2931 1681 2970 impenderint,
1700 2933 1733 2963 δε
1747 2932 1946 2962 absolutionem
1959 2934 2110 2963 meruerint
2122 2933 2258 2965 obtinere.

1297 2972 1343 3003 Ad
1358 2973 1438 3011 haec,
1456 2981 1522 3002 cum
1537 2971 1663 3008 praefatus
1676 2970 1847 3009 Lewelinus,
1861 2972 1894 3001 ὅ(
1905 2970 1984 3000 Com
2005 2971 2070 3002 lices
2084 2971 2123 3001 sui
2136 2980 2235 3011 terraS,
2257 2973 2310 3004 vil-

1258 3011 1298 3041 las
1304 3034 1314 3049 ,
1331 3012 1365 3043 &
1378 3011 1439 3042 loca
1451 3009 1551 3041 nobilis
1562 3008 1677 3039 Ricardi
1692 3008 1727 3039 de
1742 3008 1970 3048 Clare‚Comit1's
2017 3009 2224 3048 loucestriae‚in
2232 3011 2309 3042 Dio·

1260 3050 1324 3080 caesl
1336 3049 1442 3087 vestra,
1460 3048 1617 3078 durantibus
1631 3048 1730 3086 treugis
1744 3048 1919 3085 memoraris,
1938 3048 2095 3085 juramento
2109 3048 2240 3088 firmatis,
2257 3057 2310 3081 oc-

1260 3089 1422 3125 cupaverint
1434 3087 1584 3125 violenter,
1601 3086 1635 3117 &
1645 3083 1735 3116 adhuc
1747 3086 1886 3116 detineant
1899 3094 2051 3125 occupata,
2065 3087 2099 3117 δε
2112 3086 2313 3126 postmodum,

1729 3122 1786 3153 Dei
1804 3123 1892 3193 gatii
1907 3146 1916 3162 ‚
1941 3123 2119 3164 Bangorenfis
2139 3124 2294 3164 Episcopus

1261 3174 1314 3205 pro
1334 3174 1402 3205 pace
1415 3165 1485 3194 inter
1501 3162 1662 3194 Dominum
1677 3161 1790 3200 Regem
1851 3161 1961 3192 dic'tum
1978 3163 2157 3194 Lewelinum
2169 3165 2310 3195 tractanda

1261 3202 1334 3242 apud
1356 3202 1481 3233 London
1501 3200 1615 3232 venisset
1636 3200 1825 3239 personaliter,
1849 3200 1963 3239 quidam
1981 3200 2125 3232 Walenses
2138 3225 2148 3240 ,
2170 3211 2229 3232 non
2255 3203 2311 3232 sine

1260 3242 1442 3272 conniventia
1462 3240 1529 3270 dieti
1547 3239 1707 3276 Lewelini,
1730 3238 1774 3269 vel
1792 3239 1923 3269 mandato
1937 3262 1947 3278 ,
1972 3247 2003 3270 ut
2024 3240 2158 3276 creditur,
2176 3239 2310 3270 Castrum

1261 3280 1330 3310 dicti
1350 3279 1471 3309 Domini
1493 3278 1579 3317 Regis
1598 3277 1633 3307 de
1647 3276 1725 3306 Buelt
1737 3286 1870 3314 ceperunt
1886 3278 2116 3317 proditionaliter,
2134 3280 2168 3310 &
2182 3278 2311 3308 homines

1261 3317 1383 3357 ejusdem
1409 3316 1520 3354 Castri,
1537 3314 1612 3355 quod
1633 3315 1724 3346 adhuc
1747 3316 1784 3346 fic
1800 3315 1925 3346 detinent
1938 3325 2129 3354 occupatum,
2146 3317 2240 3346 furore
2253 3316 2312 3346 dia-

1261 3357 1359 3387 bolico
1368 3379 1377 3395 ,
1394 3365 1490 3386 contra
1505 3354 1708 3384 continentiam
1721 3353 1886 3385 occiderunt
1898 3363 2062 3394 treugarum.

1299 3395 1376 3433 Qia
1383 3395 1464 3433 igitur
1471 3392 1614 3423 verisimile
1621 3391 1763 3422 manifeste
1770 3392 1876 3423 videtur
1889 3393 2106 3432 occupationem
2119 3392 2188 3422 dieti
2202 3391 2292 3422 Castri
2300 3415 2310 3431 ‚

1262 3435 1296 3465 δε
1317 3434 1430 3463 aliarum
1455 3440 1602 3467 terrarum,
1617 3439 1650 3461 ac
1671 3430 1870 3471 praedictorum
1891 3432 2120 3471 perpetrationem
2134 3430 2310 3470 facinorum,

1262 3473 1299 3503 de
1320 3471 1450 3501 mandato
1470 3470 1515 3500 vel
1534 3469 1676 3499 voluntate
1695 3468 1814 3507 eiusdem
1838 3469 1973 3499 Lewelini
1994 3467 2168 3507 processisse,
2184 3468 2227 3498 vel
2242 3479 2308 3500 eum

1260 3520 1316 3542 rata
1330 3509 1452 3540 habuisse
1485 3507 1600 3538 raemiffit
1610 3530 1620 3544 ,
1634 3508 1733 3546 quibus
1748 3514 1806 3537 non
1817 3506 1942 3538 obviavit
1955 3517 2022 3538 cum
2037 3506 2140 3546 posset,
2158 3506 2310 3538 fraternita—

1262 3551 1283 3580 ti
1304 3548 1402 3579 vestrae
1417 3546 1451 3576 de
1467 3574 1469 3576 .
1490 3554 1591 3578 ratrum
1605 3546 1638 3576 &
1653 3545 1883 3585 coepiscoporum
1897 3545 2054 3576 vestrorum
2069 3544 2183 3574 consilio
2195 3546 2310 3576 manda-

1264 3596 1342 3625 mus,
1359 3588 1388 3616 in
1410 3586 1510 3615 virtute
1530 3584 1697 3614 obedientiae
1715 3584 1830 3613 firmiter
1852 3585 2023 3624 injungentes
2045 3590 2177 3620 quatenus
2189 3582 2223 3613 ad
2237 3593 2310 3624 prae-

1262 3626 1371 3656 dictum
1401 3624 1576 3655 Lewelinum
1595 3621 1768 3660 personaliter
1786 3622 1947 3652 accedentes
1963 3644 1973 3659 ,
1997 3620 2085 3658 ipsum
2105 3622 2238 3652 moneatis
2258 3624 2309 3654 sub

1263 3663 1425 3695 testimonio
1445 3662 1632 3701 competenti,
1649 3661 1683 3691 &
1702 3659 1851 3690 efficaciter
1870 3660 2001 3690 inducere
2019 3657 2146 3689 studeatis
2161 3667 2192 3690 ut
2205 3683 2215 3698 ,
2239 3661 2309 3692 infra

1264 3703 1376 3733 octabas
1394 3699 1516 3730 instantis
1535 3698 1725 3738 assumptionis
1742 3699 1829 3728 beatae
1846 3696 1959 3741 Mariae,
1968 3696 2032 3735 post
2045 3698 2234 3728 monitionem
2248 3707 2309 3730 ves-⁴

1266 3750 1336 3772 tram
1348 3742 1444 3777 (quam
1454 3761 1463 3776 ,
1478 3738 1497 3767 si
1509 3737 1547 3766 sui
1561 3738 1672 3776 copiam
1684 3736 1858 3775 denegaverit
1867 3759 1875 3773 ,
1890 3737 1919 3765 in
1934 3734 2056 3766 Ecclesia
2070 3735 2241 3767 Landavensi
2255 3748 2307 3776 pu·-

1264 3780 1337 3820 plice
1357 3776 1524 3819 proponatis)
1542 3774 1676 3804 Domino
1698 3773 1772 3813 Regi
1792 3774 1826 3804 &
1846 3774 1898 3803 suis
1918 3773 2028 3804 didrum
2042 3772 2192 3813 Castrum,
2209 3784 2307 3814 term,

1264 3818 1339 3849 villas
1348 3839 1357 3853 ,
1373 3817 1407 3846 ὃς
1425 3816 1502 3851 loca,
1521 3821 1618 3843 contra
1636 3812 1762 3852 Treugas
1773 3822 1821 3852 per
1835 3812 1922 3852 ipsum
1934 3812 1968 3849 &
1981 3812 2043 3842 suos
2055 3812 2141 3843 taliter
2151 3823 2306 3854 occupata,

1264 3857 1322 3888 sine
1333 3853 1495 3885 difficultate
1508 3850 1689 3890 restituat‚&1
1697 3850 1799 3880 restitui
1811 3851 1908 3889 faciat,
1926 3849 1959 3881 ὃ(
1972 3849 2007 3881 de
2020 3849 2146 3889 dampnis
2160 3853 2193 3883 δε
2207 3853 2308 3890 injuriis

1265 3895 1343 3925 illatis
1354 3894 1390 3923 eis
1403 3892 1540 3922 satisfaciat
1553 3897 1752 3929 competenter.
2175 3923 2177 3926 Α

1304 3929 1412 3971 Qod,
1428 3930 1447 3960 si
1467 3929 1578 3960 monitis
1595 3927 1691 3959 vestris
1710 3937 1803 3967 parere
1816 3926 2027 3967 contempserit,
2044 3934 2111 3959 cum
2125 3929 2246 3964 malurn,
2261 3928 2307 3957 cui

1267 3981 1328 4002 non
1349 3968 1490 4006 resistitur,
1511 3966 1693 4011 approbetur3
1711 3975 1764 3997 nec
1780 3973 1868 3996 careat
1888 3965 2016 4006 scrupulo
2037 3967 2169 3998 societatis
2187 3965 2308 3996 occultae

1270 4011 1317 4054 qui
1335 4006 1482 4038 manifesto
1498 4004 1614 4036 facinori
1634 4004 1730 4035 definit
1747 4004 1876 4042 obviare,
1891 4013 1941 4036 vos
1962 4013 2080 4044 extunc,
2096 4007 2125 4035 in
2138 4013 2253 4042 poenam
2266 4005 2310 4040 ip-

1271 4051 1338 4085 hus,
1355 4047 1402 4087 qui
1423 4043 1506 4083 culpfi
1524 4045 1551 4075 se
1570 4042 1725 4075 ostenderet
1744 4050 1803 4073 non
1796 4052 1922 4110 I-farere,
1936 4051 2140 4082 ornsnesterras²
2157 4042 2231 4074 villas
2244 4064 2254 4081 ‚
2269 4043 2314 4108 ἐξ

1261 3136 1328 3156 cum
1351 3125 1511 3157 venerabilis
1533 3125 1626 3155 Frater

2330 2730 2345 2748 ⁸*
2360 2727 2456 2765 [709.
