2570 4261
780 206 893 251 ET
975 211 1243 253 ACTA
1325 204 1810 255 PUBLICA.
2265 225 2323 263 77

0 298 79 329 Ann.
101 296 142 329 D¹
196 309 241 330 11.
268 299 303 331 In
321 299 374 330 hac
389 305 483 330 autem
502 296 576 328 Villa
590 319 600 335 ,
617 295 721 340 scilieet
735 318 746 334 ,
764 294 917 334 Marcelli,
939 296 1000 327 vult
1018 298 1051 328 &
1071 295 1210 328 conceffit
1257 295 1402 338 Tamynes
1415 306 1466 336 pro
1481 305 1571 336 parte,
1589 307 1673 336 quarn
1685 299 1767 329 habet
1786 299 1814 328 in
1829 297 1970 336 Gordon,
1989 306 2058 328 curn
2071 297 2255 335 pertinentiis,
2270 307 2311 329 ra·
2329 299 2404 330 Ann.
2422 300 2467 332 D,

30 335 114 376 1263.
155 337 246 369 dietus
266 339 440 369 Vicecomes
460 346 513 374 pro
527 337 554 366 se
565 359 575 373 ,
588 335 763 372 haeredibus,
779 334 824 364 seu
838 334 1036 366 successoribus
1052 335 1116 375 suis,
1135 334 1213 373 quod
1248 341 1328 363 tione
1338 334 1411 364 dotis
1424 337 1517 365 uxoris
1532 335 1586 365 suae
1599 347 1609 373 3
1622 337 1660 366 ita
1674 336 1749 374 quod
1763 336 1852 367 di&us
1866 336 1984 366 Pontius
1998 337 2092 373 nobis,
2111 336 2146 366 de
2166 335 2307 373 praedietis
2349 339 2421 376 1263
2434 360 2440 366 .

0 379 66 409 Heri.
83 384 109 413 3-
156 387 226 416 nos,
242 379 276 409 &
296 376 418 407 haeredes
437 374 542 412 nostri,
559 376 593 405 &
611 373 755 403 Senescalli
776 371 882 410 nostri,
902 373 935 404 &
947 373 1091 404 haeredum
1101 374 1213 405 nostro·
1251 372 1400 410 omnibus,
1418 372 1500 403 faciat
1514 382 1545 403 ea
1556 375 1668 411 omnia,
1687 384 1750 411 quae
1764 376 1891 411 praefatus
1911 374 2054 404 Gilbertus
2069 374 2114 404 vel
2129 373 2314 405 antecessores
2334 382 2396 405 Heu.
2418 386 2445 413 3.

156 425 238 454 rum,
256 416 341 446 affiffis
356 413 520 444 mandemus
533 414 566 443 &
584 420 743 449 teneamus,
761 411 796 442 &
812 420 855 440 eas
868 411 990 441 mandari
1013 414 1160 451 faciamus,
1178 412 1212 443 ὃς
1678 412 1682 416 ’

150 455 256 492 teneri,
273 454 331 485 fine
343 451 507 492 praejudicio
521 460 623 480 eorum
634 460 698 490 quae
710 449 828 489 superius
841 450 901 479 sunt
913 451 1051 481 concessa.

195 503 240 523 12.
256 491 330 522 Item
348 500 414 528 1105,
431 491 464 520 &
482 488 625 518 Senescalli
645 487 749 526 nostri,
768 488 802 518 &
815 487 962 518 haeredum
973 490 1151 526 nostrorum,
1169 490 1216 527 ju-

153 532 281 563 vabimus
300 530 334 560 &
354 528 600 558 manutenebimus
618 526 728 556 dictum
752 525 960 557 Vicecomitem
973 551 982 565 ,
1001 529 1035 559 &
1049 527 1216 558 successores

152 571 215 601 suos
253 575 352 598 contra
373 576 474 597 omnes
494 566 624 596 homines
643 565 784 602 viventes,
806 565 928 601 recipere
949 566 1080 604 justitiam
1102 565 1136 596 de
1155 565 1216 596 dic-

156 617 189 639 to
232 606 385 637 icecomite
395 628 405 644 ,
421 614 518 635 coram
533 604 630 640 nobis,
648 603 692 633 vel
708 603 840 632 mandato
855 602 961 633 nostro.

196 653 242 684 13.
262 643 402 675 Volumus
413 652 522 680 autem,
538 643 571 673 ὃς
586 641 759 672 Vicecomiti
772 641 954 672 concedimus
967 652 1125 674 memorato
1138 641 1217 681 quod

153 693 224 722 nOS,
241 683 287 714 vel
301 682 424 713 haeredes
442 680 545 718 nostri,
563 680 669 720 ipsum,
686 679 732 710 vel
754 679 917 709 successores
931 681 1010 720 suos,
1027 690 1128 712 terram
1142 682 1217 711 suam

154 732 170 752 a
183 731 272 752 manu
283 721 393 756 nostra,
407 720 452 751 vel
471 720 623 749 liberorum
639 717 827 749 masculorum
842 718 994 750 nullatenus
1007 721 1200 750 transferemus
1209 742 1219 757 ,

157 760 213 791 sine
228 760 310 800 ipfius
323 758 507 790 Vicecomitis
520 757 671 788 voluntate,

197 807 243 838 14.
263 798 456 828 Concedimus
477 797 561 826 etiam
583 796 677 826 eidem
698 795 774 833 quod
793 805 860 833 nOS,
878 795 911 826 &
925 794 1092 826 Senescallus
1108 795 1219 832 noster,

158 837 193 868 &
206 836 350 867 haeredum
364 835 543 873 nostrorum,
562 834 638 864 bona
652 834 706 864 fide
717 835 871 872 juvabimus
880 856 889 872 ,
906 834 963 863 sine
974 834 1137 872 praeiudicio
1152 834 1220 871 juris

157 876 257 913 alicui,
274 874 351 912 quod
364 874 408 904 stia
421 883 551 910 moneta,
569 872 701 903 hasten&
714 873 824 910 usualis,
839 871 997 902 admittatur
1006 881 1055 911 per
1067 872 1219 901 Lemovic.

156 913 326 953 Petragoric.
345 913 379 943 δε
401 912 516 942 Caturc.
541 911 699 949 Diocaeses,
714 913 744 942 in
764 910 842 941 Villis
860 911 894 940 ὃς
915 910 1002 948 locis,
1020 911 1049 940 in
1062 910 1161 948 quibus
1173 909 1221 939 ha-

158 952 276 983 bitantes
287 951 394 982 ibidem
405 951 487 981 aliam
499 958 643 981 monetam
657 950 780 987 recipere
793 959 853 979 non
867 956 1005 979 tenentur.

201 999 246 1029 15.
267 989 407 1020 Volumus
419 989 528 1027 insuper
541 989 618 1029 quod
634 988 803 1019 Senescallus
822 987 933 1026 noster,
951 988 985 1018 &
999 985 1143 1016 haeredum
1157 995 1221 1015 nos-

161 1036 289 1066 trorum,
307 1028 436 1068 praestet,
451 1029 481 1058 in
503 1027 557 1058 suae
572 1028 716 1058 creationis
735 1028 833 1063 initio,
851 1027 1038 1063 juramentum
1053 1023 1130 1062 quod
1144 1032 1222 1053 tene-

161 1067 205 1097 bit
224 1069 428 1098 conventiones
448 1067 482 1097 &
502 1067 660 1106 privilegia,
680 1076 743 1104 quae
761 1066 810 1104 ipsi
822 1064 998 1095 Vicecomiti
1019 1062 1222 1100 concessimus,

160 1104 296 1145 quamdiu
310 1105 440 1137 officium
455 1105 534 1135 suum
547 1105 701 1142 duraverit,
718 1114 772 1134 nec
785 1103 986 1134 contraveniet.

198 1144 245 1174 16.
262 1144 311 1174 Ut
331 1153 424 1176 autem
446 1144 508 1174 haec
527 1145 643 1182 omnia,
657 1144 717 1173 tam
758 1153 790 1172 ro
810 1150 886 1181 parte
900 1139 1009 1178 nostra,
1025 1140 1059 1170 δε
1076 1139 1223 1169 haeredum

159 1181 322 1212 nostrorum
336 1207 346 1222 ,
369 1184 455 1223 quhm
476 1192 528 1220 pro
549 1190 624 1220 parte
642 1181 710 1211 dic'ti
729 1153 915 1212 <Isicecomitis
926 1201 936 1217 ,
954 1179 988 1209 &
1000 1178 1160 1221 haeredum,
1178 1178 1224 1207 seu

158 1220 348 1252 successorum
361 1223 455 1262 ipsius,
475 1221 580 1261 plenius
601 1220 802 1256 observentur,
821 1218 869 1248 has
891 1217 989 1247 litteras
1004 1216 1109 1246 nostras
1130 1217 1222 1247 eidem

158 1258 333 1291 Vicecomiti
347 1284 357 1300 ,
383 1271 415 1291 ac
434 1261 488 1300 ipse
509 1260 591 1290 nobis
610 1259 666 1289 suas
687 1258 767 1296 super
787 1258 839 1286 hiis
859 1255 1014 1286 alternatim
1033 1254 1092 1285 fieri
1105 1254 1224 1285 fecimus

162 1306 296 1336 patentes.

1252 411 1344 440 uxoris
1357 411 1413 440 e'us
1429 410 1491 440 inde
1505 411 1594 441 facere
1610 411 1684 451 Regi
1700 412 1722 441 F
1724 414 1825 442 ranciae
1839 412 2051 443 consueverunt.

1294 457 1339 486 14.
1389 448 1556 479 oncedimus
1577 450 1661 479 etiam
1682 448 1787 480 Pontio
1807 459 1966 480 memorato
1988 449 2063 488 quod
2078 460 2146 489 nos,
2165 450 2211 480 vel
2225 451 2314 481 haere—

1254 486 1302 516 des
1316 486 1420 525 nostri,
1439 489 1447 517 i
1468 487 1544 525 sum,
1565 487 1611 517 vel
1632 487 1799 518 successores
1815 488 1892 526 suos,
1909 489 1954 518 vel
1969 497 2068 518 terram
2089 489 2182 526 suam,
2201 500 2216 519 a
2230 498 2315 519 manu

1255 524 1365 564 nostra,
1385 525 1431 556 vel
1461 526 1603 555 iberorum
1621 524 1784 556 nostrorum
1806 525 1992 556 masculorum
2007 527 2160 557 nullatenus
2173 528 2320 558 transfere-

1256 572 1334 601 mus,
1351 564 1406 594 line
1418 564 1498 603 ipsius
1513 563 1606 594 Pontii
1622 564 1773 595 voluntate.

1297 611 1340 640 15.
1360 601 1500 632 Volumus
1514 602 1622 639 insuper
1643 602 1720 640 quod
1743 601 1908 632 Senescallus
1921 601 2031 640 noster,
2047 604 2080 633 &
2095 603 2239 634 haeredum
2254 614 2321 635 nos-

1255 647 1381 678 trorum,
1421 640 1512 671 raestet
1533 642 1561 670 in
1584 640 1637 670 [ατε
1660 641 1805 671 creationis
1828 641 1907 670 initio
1922 641 2110 678 juramentum
2130 643 2223 680 quod,
2249 643 2320 673 dum

1256 679 1338 715 ipsius
1359 689 1378 709 0
1413 680 1490 709 cium
1512 678 1649 709 duraverit
1664 701 1674 717 ,
1700 679 1806 708 tenebit
1818 679 2021 708 conventiones
2035 680 2066 709 δε
2082 680 2240 720 privilegia,
2257 686 2320 719 quae‘

1256 717 1305 756 ipsi
1321 716 1428 747 Pontio
1442 717 1628 747 concessimus
1637 739 1646 754 ,
1663 726 1716 747 nec
1728 717 1932 747 contraveniet.

1296 756 1339 784 16.
1361 755 1408 785 Ut
1428 764 1521 785 autem
1542 756 1605 785 haec
1624 757 1720 785 omnia
1735 779 1744 792 ,
1766 757 1822 784 tarn
1843 765 1896 792 pro
1916 762 1991 792 parte
2006 754 2116 792 nostra,
2134 756 2166 786 ὃς
2178 756 2322 787 haeredum

1257 792 1434 831 nostrorum,
1454 794 1539 832 quam
1553 802 1604 832 pro
1640 802 1695 822 arte
1709 793 1776 823 diesi
1792 793 1905 831 Pontii,
1923 794 1956 823 ὃς
1970 793 2113 823 haeredum
2129 816 2138 830 ,
2156 794 2200 824 seu
2216 796 2323 825 succes*

1257 831 1351 860 sorum
1366 831 1464 870 ipsius,
1480 832 1584 870 plenius
1598 842 1617 861 o
1640 831 1793 869 serventur,
1810 832 1857 862 has
1873 833 1972 862 litteras
1985 831 2091 861 nostras
2106 831 2196 862 eidem
2206 833 2325 872 Pontio,

1258 879 1290 898 ac
1306 869 1360 906 ipse
1374 870 1455 899 nobis
1466 870 1522 901 suas
1535 870 1613 909 super
1627 870 1679 899 hiis
1694 869 1847 901 alternatim
1863 870 1922 900 fieri
1937 870 2053 900 fecimus
2065 878 2199 908 patentes.

1295 944 1370 974 Dat-a
1387 952 1417 974 ut
1431 944 1516 983 supra.

1298 1023 1351 1050 Per
1364 1024 1459 1058 Regem
1474 1020 1511 1055 ὠ*
1525 1027 1612 1049 totum
1627 1020 1787 1057 Concilium,
1803 1020 1948 1058 videlicet,
1971 1021 2123 1059 Philippum
2140 1021 2251 1061 Baffit,
2267 1025 2327 1051 Hu-

1257 1069 1351 1131 ‘giem
1371 1058 1395 1088 le
1417 1060 1522 1126 Eligod,
1538 1059 1697 1097 Johannem
1720 1060 1751 1088 de
1774 1062 1935 1098 warenna,
1952 1059 1989 1094 <ly
2006 1059 2164 1098 Johannem
2189 1060 2327 1100 Mansell,

1314 1107 1403 1126 omnes
1416 1109 1435 1127 a
1447 1108 1492 1127 105.

1264 1218 1291 1245 ²³ss
1306 1222 1416 1252 Citatio
1436 1219 1564 1253 Ricardi
1575 1224 1777 1254 Romanorum
1793 1222 1879 1266 Regis
1891 1231 1993 1252 coram
2009 1222 2092 1265 Papa
2105 1219 2227 1253 Urbano
2242 1249 2251 1264 ‚
2269 1222 2326 1267 fl‘·

1299 1279 1356 1314 per
1382 1270 1587 1311 Controverficz
1610 1269 1768 1314 Elesbionis
1792 1271 1869 1300 inter
1895 1268 1990 1314 ipfhm
2009 1271 2046 1306 cj-
2068 1268 2230 1312 Alfimst‘m
2253 1272 2326 1302 Cas-

2351 1230 2479 1265 *1.762.

1311 1317 1383 1349 tellae
1398 1320 1517 1364 Regem.

197 1373 272 1406 Data
286 1375 420 1406 London.
438 1384 485 1405 22.
504 1373 550 1404 die
566 1372 686 1411 Aprilis,
705 1381 780 1403 anno
796 1370 908 1410 Regni,
924 1372 985 1403 &c.

1342 1401 1476 1441 Rbanus,
1491 1403 1551 1434 &c.
1572 1403 1698 1434 Ricardo
1714 1403 1743 1433 in
1758 1402 1959 1433 Romanorum
1974 1401 2088 1441 Regem
2101 1401 2201 1432 elesto.
2350 1405 2426 1436 Αῃῃ,
2442 1404 2481 1434 Ι),

1390 1442 1453 1480 Qi
1473 1442 1576 1472 caeltim
1597 1450 1752 1480 terramque
1773 1442 1842 1480 regit
1856 1465 1866 1478 ,
1890 1442 1912 1470 is
1927 1442 2061 1471 nimirum
2080 1441 2142 1470 caeli
2157 1440 2237 1471 novit
2254 1440 2327 1471 ordi·
2370 1445 2454 1482 1263.

1264 1490 1349 1517 nem,
1365 1481 1398 1511 &
1414 1482 1444 1510 in
1458 1489 1528 1511 terra
1543 1480 1634 1520 potest
1649 1480 1764 1511 caelestis
1778 1489 1882 1519 ponere
1895 1480 2009 1518 originis
2021 1481 2164 1509 rationem.
2272 1482 2276 1485 '
2350 1487 2402 1510 An.
2422 1492 2467 1517 47.

1301 1519 1344 1556 Is,
1363 1519 1489 1557 exempla
1501 1519 1537 1549 de
1550 1519 1734 1564 superioribus
1746 1517 1779 1548 ad
1794 1517 1922 1548 inferiora
1944 1518 2087 1556 derivans,
2106 1518 2173 1547 sicut
2189 1518 2218 1548 in
2235 1517 2328 1549 firma-
2350 1527 2384 1550 Η.
2406 1531 2431 1558 3.

215 1515 266 1546 De
284 1509 530 1545 Conventionibus
547 1515 626 1545 inter
639 1514 748 1559 Regem
766 1514 802 1550 ὠ·
820 1514 961 1545 Pontium
980 1509 1016 1544 dc
1033 1510 1162 1545 Gordon.

166 1713 251 1751 dieti,
269 1722 323 1753 pro
337 1714 434 1750 nobis,
452 1713 485 1743 δε
505 1712 604 1742 nostris
623 1712 778 1742 haeredibus
792 1736 802 1750 ,
817 1722 931 1743 necnon
946 1722 998 1751 pro
1011 1713 1090 1743 dieto
1106 1712 1230 1752 Pontio,

2 1744 154 1779 ilbid.n.44-
168 1752 202 1783 &
216 1750 389 1789 haeredibus,
403 1761 436 1781 ac
450 1750 650 1781 successoribus
662 1750 730 1789 suis,
750 1752 886 1781 convenit
900 1752 934 1782 <Sc
946 1751 1042 1782 austum
1050 1751 1091 1781 est
1107 1753 1137 1782 in
1153 1752 1230 1782 hunc

167 1789 288 1820 modum
297 1811 308 1828 ,
325 1789 449 1825 scilicet,

199 1827 291 1866 Qiod
303 1827 452 1866 praediRus
464 1826 581 1859 Pontius
593 1828 782 1865 renunciavit,
799 1828 832 1858 &
849 1829 992 1858 renunciat
1005 1838 1057 1866 pro
1076 1828 1121 1866 se,
1140 1828 1230 1858 haere-

1 1865 68 1896 ¹⁸1.
84 1867 119 1903 76
125 1875 133 1893 ι
146 1865 259 1904 -dibus,
272 1866 318 1896 seu
336 1865 534 1897 successoribus
550 1867 569 1887 ²¹¹²
589 1867 656 1905 suis,
675 1866 708 1897 ad
729 1876 825 1906 preces
845 1866 970 1897 Domini
986 1866 1128 1898 Ludovici
1145 1867 1232 1907 Regis

158 1905 286 1936 Franciae
299 1904 422 1946 illustris,
438 1905 535 1942 literis,
552 1905 715 1949 privilegiis,
735 1906 768 1936 &
790 1906 975 1936 munimentis
988 1929 997 1944 ,
1017 1915 1079 1943 quae
1100 1906 1198 1936 habuit
1214 1917 1230 1936 a

157 1943 296 1983 praedisto
313 1943 394 1983 Rege
409 1943 554 1980 Franci-ae,
572 1944 605 1974 &
621 1943 672 1973 suis
684 1943 948 1984 praedecessoribus,
965 1946 1138 1975 continentia
1154 1945 1231 1984 quod

160 1982 237 2013 idem
254 1982 318 2012 Rex
332 1992 393 2012 non
407 1981 490 2020 possit
506 1983 597 2022 ipsum
611 1992 718 2022 ponere
732 1990 806 2013 extra
821 1992 937 2013 manum
951 1982 1035 2012 suam,

196 2030 222 2050 2.
243 2020 282 2051 Et
296 2019 371 2050 idern
388 2020 506 2051 Pontius
521 2019 681 2051 fidelitatem
694 2021 728 2051 &
743 2021 907 2061 homagium
921 2021 1002 2051 nobis
1023 2021 1110 2059 fecit,
1124 2022 1158 2052 &
1172 2021 1232 2052 hae-

158 2059 270 2090 redibus
290 2059 390 2089 nostris
409 2059 490 2090 faciet
505 2082 515 2097 ,
533 2060 568 2090 &
588 2060 710 2090 similiter
731 2059 833 2089 facient
849 2060 987 2098 haeredes,
1004 2058 1049 2090 seu
1061 2059 1231 2090 successores

158 2098 215 2135 sui,
235 2098 334 2135 nobis,
352 2098 385 2128 &
398 2098 555 2129 haeredibus
569 2098 688 2136 nostris,
706 2108 759 2136 pro
775 2097 878 2128 Castro
894 2098 928 2129 &
949 2098 1061 2128 honore
1076 2099 1109 2129 &
1124 2098 1233 2129 Castel-

160 2137 231 2167 lania
246 2137 281 2167 de
295 2136 422 2167 Gordon
431 2160 441 2174 ,
456 2138 489 2168 ὃς
505 2146 558 2176 pro
573 2137 708 2167 omnibus
721 2137 778 2166 aliis
793 2135 896 2167 Castris
907 2137 974 2176 suis,
993 2137 1026 2168 &
1039 2146 1091 2177 pro
1105 2137 1166 2168 tota
1180 2137 1231 2168 alizi

161 2174 247 2213 terra,
269 2184 355 2213 quam
369 2175 454 2206 habet
469 2177 503 2206 &
517 2177 606 2205 tenuit
618 2175 654 2206 de
668 2174 750 2214 Rege
766 2174 903 2205 Franciae.

203 2222 229 2252 3.
248 2212 286 2244 Et
300 2224 332 2244 ea
349 2215 448 2244 omnia
466 2214 543 2244 idem
566 2213 702 2252 Pontius,
720 2214 753 2244 ὃς
775 2213 916 2252 haeredes,
934 2214 978 2244 seu
1000 2213 1166 2244 successores
1179 2214 1236 2252 sui,

164 2253 300 2282 tenebunt
313 2252 349 2282 de
365 2253 461 2291 nobis,
479 2253 513 2283 &
529 2252 685 2283 haeredibm
697 2251 797 2283 nostris
812 2261 848 2282 eo
867 2252 974 2291 modo,
994 2263 1053 2293 quo
1066 2252 1142 2283 idern
1156 2253 1236 2284 Pon-

165 2292 219 2321 tius
233 2291 267 2321 δε
282 2291 470 2322 antecessores
484 2292 565 2330 ipsius
580 2301 612 2322 ea
626 2290 661 2321 de
675 2290 757 2331 Rege
774 2291 915 2330 Franciae,
934 2291 966 2322 &
987 2291 1039 2322 suis
1057 2291 1237 2323 antecessori-

166 2329 217 2360 bus
231 2337 387 2360 tenuerunt.

202 2377 231 2406 4.
249 2367 286 2398 Et
307 2368 410 2399 facient
434 2369 516 2398 nobis
538 2369 572 2399 ὃς
593 2366 749 2398 haeredibus
769 2367 871 2398 nostris
892 2367 1079 2405 imposterum
1099 2379 1130 2400 ea
1145 2392 1155 2408 ,
1174 2379 1238 2408 qua:

164 2406 300 2475 pomino
319 2405 395 2445 Regi
417 2407 441 2437 F
443 2408 545 2437 ranciae
562 2430 572 2445 ,
589 2407 623 2438 &
642 2406 694 2437 suis
711 2405 958 2445 praedecessoribus
973 2407 1039 2437 inde
1057 2408 1148 2438 facere
1167 2418 1240 2439 con-

179 2453 328 2475 ueverunt.

206 2491 233 2521 5.
254 2483 323 2513 Nos
336 2491 432 2513 autern
448 2481 632 2514 concedimus
646 2481 725 2512 dieto
741 2481 866 2520 Pontio,
885 2482 919 2512 ὃς
935 2482 1091 2514 haeredibus
1107 2484 1172 2522 suis,
1188 2494 1241 2524 pro

170 2522 269 2559 nobis,
289 2522 322 2551 δε
341 2521 497 2551 haeredibus
513 2521 628 2558 nostris,
647 2521 724 2559 quod
740 2521 802 2559 jura
816 2530 850 2550 ac
872 2520 1024 2560 libertates,
1043 2532 1106 2560 quae
1127 2523 1161 2553 ὃς
1177 2533 1242 2560 quas

170 2557 255 2590 habet
266 2559 341 2589 idem
357 2559 475 2590 Pontius
487 2561 517 2589 in
534 2567 604 2589 terra
615 2559 677 2597 sua,
697 2559 789 2596 quoad
807 2559 920 2597 forum,
939 2559 1057 2590 Curiam
1071 2562 1104 2591 δε
1115 2561 1242 2599 jurisdic-

172 2598 282 2628 tionem
297 2597 418 2635 ejusdem
432 2598 544 2636 Pontii,
562 2598 595 2628 &
612 2597 757 2627 haeredum
770 2596 902 2635 suorum,
919 2598 954 2628 &
975 2598 1066 2636 quoad
1082 2601 1180 2630 omnia
1192 2601 1242 2629 alia

172 2635 314 2705 aiiiipedidta
334 2636 411 2666 idem
433 2635 552 2666 Pontius
564 2659 575 2674 ,
598 2637 631 2667 ὃς
654 2635 778 2666 haeredes
797 2635 838 2666 sui
853 2638 1013 2668 teneant&
1033 2636 1193 2668 custodiant
1211 2638 1244 2668 il-

185 2685 209 2705 ae
221 2686 244 2705 a.

206 2713 232 2742 6.
255 2712 293 2744 Et
307 2712 440 2744 volumus
456 2712 533 2751 quod
549 2712 717 2744 Senescallus
730 2712 842 2751 noster,
862 2713 1049 2744 &haeredum
1064 2713 1243 2754 nostrorum,

169 2752 203 2783 ad
219 2752 360 2792 praemissa
374 2751 561 2782 conservanda
576 2751 725 2781 consilium
738 2753 772 2782 &
786 2751 919 2782 auxilium
933 2752 1085 2793 impendat.

209 2799 236 2828 7.
252 2789 326 2821 Item
336 2812 346 2828 ,
362 2790 547 2820 concedimus
560 2789 654 2820 eidem
670 2789 777 2820 Pontio
792 2790 869 2829 quod
883 2800 952 2828 nOS,
963 2791 1008 2822 vel
1021 2791 1143 2822 haeredes
1156 2792 1246 2822 nostri

169 2838 230 2859 non
244 2829 402 2858 tenebimus
416 2851 426 2867 ,
450 2839 505 2859 nec
527 2829 614 2859 teneri
632 2828 765 2859 faciemus
787 2827 872 2859 affisaS
891 2829 964 2867 apud
979 2829 1104 2861 Gordon
1118 2853 1127 2869 ,
1143 2831 1193 2861 nisi
1211 2831 1246 2862 de

170 2866 300 2909 praedifti
312 2866 425 2905 Pontii,
445 2867 490 2898 vel
507 2866 651 2897 haeredum
663 2866 778 2898 suorum
791 2867 944 2898 voluntate.

216 2906 241 2936 8.
263 2905 355 2942 Item,
376 2904 472 2945 quod,
491 2906 511 2936 fi
523 2906 619 2944 aliquis
658 2905 705 2936 vel
726 2906 810 2944 aliqui
830 2906 933 2936 faciant
948 2906 1104 2938 molestiam
1118 2916 1165 2938 aut
1184 2909 1250 2939 vio-

175 2945 291 2975 lentiam
311 2944 433 2981 aliquam
452 2944 592 2983 praediisto
638 2945 738 2984 ontio,
756 2944 802 2975 vel
830 2944 986 2975 haeredibus
997 2945 1065 2984 suis,
1084 2947 1113 2976 in
1128 2946 1249 2986 Castris,

176 2983 223 3012 vel
239 2991 309 3012 terra
321 2983 419 3020 ipsius,
438 2992 503 3020 quae
519 2983 609 3013 modo
629 2983 728 3021 habet,
748 2993 816 3022 nos,
835 2984 868 3014 &
889 2983 1012 3014 haeredes
1025 2984 1113 3014 nostri
1127 2985 1249 3016 eundem

178 3020 334 3059 Pontium,
350 3021 386 3052 ὃς
405 3019 528 3050 haeredes
542 3020 603 3051 suos
618 3021 815 3060 defendemus,
830 3022 988 3060 juvabimus
1002 3023 1036 3053 &
1056 3021 1249 3054 manutenebi-

177 3068 240 3088 mus
254 3081 264 3097 ,
292 3066 425 3102 quatenus
445 3057 527 3088 decet
548 3057 714 3089 Dominum
735 3061 804 3090 tueri
825 3061 974 3090 hominem
993 3061 1073 3091 suum
1087 3084 1096 3099 ,
1115 3062 1248 3100 quamdiu

178 3096 255 3126 idem
272 3096 409 3135 Pontius,
427 3096 461 3127 ὃς
483 3096 605 3127 haeredes
620 3098 677 3136 ejus
696 3099 835 3129 voluerint
872 3100 1013 3138 paratique
1037 3100 1140 3130 fuerint
1153 3111 1250 3131 coram

179 3136 281 3179 nobis,
296 3134 343 3166 vel
357 3134 514 3165 haeredibus
526 3134 627 3166 nostris
636 3159 646 3173 ,
663 3137 709 3167 vel
723 3122 882 3168 Senescallo
889 3161 900 3176 ,
917 3146 963 3168 aut
984 3138 1120 3170 mandato
1135 3139 1250 3178 nostrO,

181 3173 293 3211 iustitiae
307 3173 399 3204 facere
414 3183 484 3204 com
504 3173 670 3204 lementum.

219 3220 245 3250 9.
265 3210 321 3250 Et,
339 3211 361 3241 fi
376 3222 428 3249 pro
441 3212 477 3242 de
490 3212 603 3242 ensione
618 3212 792 3257 huiusmodi,
806 3225 873 3259 nos,
890 3214 935 3245 vel
950 3215 1073 3246 haeredes
1086 3215 1190 3253 nostri,
1205 3215 1250 3246 vel

183 3248 353 3281 Senescallus
367 3250 479 3288 noster,
496 3250 625 3287 expensas
636 3250 800 3290 fecerimus,
818 3254 906 3284 nichil
919 3264 966 3291 per
980 3264 1050 3293 nos,
1068 3255 1114 3285 vel
1129 3254 1252 3284 haeredes

184 3287 315 3332 nostros,
333 3298 385 3326 pro
399 3288 557 3326 hujusmodi
579 3289 717 3328 expensis,
732 3300 748 3320 a
769 3292 908 3328 praedfflo
930 3292 1054 3332 Pontio,
1070 3293 1116 3324 vel
1128 3294 1183 3332 ejus
1195 3292 1253 3323 hae·

183 3327 294 3357 redibus
310 3335 455 3364 repetetur.

226 3374 270 3394 10.
291 3364 382 3402 Item,
402 3364 497 3403 quod,
514 3365 533 3395 fi
550 3365 616 3395 Rex
630 3365 772 3405 Francioe,
788 3367 834 3397 vel
848 3367 930 3398 Gens
948 3368 1008 3407 sua,
1029 3378 1143 3410 propter
1165 3369 1253 3400 delic-

186 3411 267 3442 tum,
284 3412 331 3434 aut
345 3412 457 3441 propter
480 3403 655 3434 forisfactum
678 3404 808 3442 aliquod,
828 3415 875 3435 aut
888 3408 972 3437 etiam
987 3409 1043 3438 sine
1057 3409 1162 3439 delicto
1177 3416 1251 3438 tenet

183 3443 272 3480 aliqua
286 3443 315 3472 in
333 3441 443 3480 scisma,
462 3440 498 3471 de
512 3442 593 3471 rebus
607 3443 640 3472 &
654 3442 742 3472 feodis
756 3442 853 3474 Pontii
868 3444 896 3474 su
918 3445 1031 3485 radiCti,
1045 3458 1097 3477 nos
1111 3447 1233 3477 seisinani
1242 3471 1250 3484 ,

182 3489 243 3519 res,
259 3480 292 3512 ὃ(
306 3480 388 3511 feoda
408 3480 582 3518 hujusmodi,
601 3489 669 3509 cum
690 3481 724 3511 ad
738 3490 836 3511 manus
849 3486 899 3513 nos
915 3494 954 3514 ras
964 3509 974 3522 ,
991 3486 1098 3516 tatione
1113 3486 1187 3526 pacis
1202 3486 1254 3514 ini-

183 3527 221 3549 tae
240 3520 309 3549 inter
333 3518 498 3549 Dominum
521 3517 635 3558 Regem
650 3517 792 3558 Franciae,
810 3521 843 3551 &
858 3530 925 3560 nos,
945 3525 1121 3561 pervenerint
1135 3547 1144 3562 ,
1160 3523 1252 3553 eidem

182 3556 292 3589 Pontio
312 3557 495 3587 restituemus.

184 3621 188 3625 ,
224 3606 270 3627 11.
289 3595 377 3635 Item,
396 3596 416 3625 fi
430 3595 580 3635 praedictus
593 3594 728 3634 Pontius,
746 3596 792 3626 vel
808 3597 1024 3635 praedecessores
1039 3600 1096 3643 sui,
1113 3608 1253 3638 tempore,

181 3645 245 3673 quo
266 3643 365 3665 terram
385 3634 462 3665 suam
477 3635 513 3665 de
536 3634 614 3664 dic'to
635 3633 718 3673 Rege
741 3634 867 3666 Franciae
887 3646 1053 3677 tenuerunt,
1072 3638 1255 3668 sorisfecerint

184 3674 232 3704 vel
246 3673 426 3712 deliquerint,
441 3672 526 3711 usque
543 3672 577 3703 ad
603 3673 676 3702 hanc
691 3672 767 3702 diem
780 3674 944 3710 praesentem
953 3700 963 3714 ,
977 3686 1090 3717 propter
1104 3676 1180 3716 quod
1195 3675 1256 3705 Re-

183 3713 212 3750 gi
235 3711 361 3742 Franciae
382 3711 416 3741 ad
438 3711 588 3742 emendam
610 3710 731 3748 aliquam
752 3719 896 3742 teneantur
924 3715 969 3745 vel
995 3717 1159 3746 tenebantur
1174 3739 1184 3753 ,
1210 3722 1256 3744 aut

186 3758 302 3818 propter
316 3750 392 3789 quod
405 3751 482 3780 bona
495 3750 539 3779 sua
554 3749 598 3780 vel
617 3759 675 3788 pars
692 3749 837 3779 bonorum
857 3750 948 3789 aliqua
962 3750 1050 3785 essent
1063 3753 1186 3791 incursa,
1206 3763 1258 3783 nos

209 3798 247 3818 oc
268 3796 364 3820 totum
383 3789 473 3819 eidem
500 3787 625 3826 Pontio,
643 3795 778 3825 quantum
793 3787 827 3818 ad
846 3798 898 3819 nos
918 3792 1055 3831 pertinet,
1074 3793 1259 3829 remittimus,

184 3826 223 3856 &
243 3827 329 3858 nichil
342 3836 456 3868 propter
471 3827 529 3857 hoc
542 3836 609 3865 nos,
626 3826 670 3856 vel
684 3825 807 3856 haeredes
821 3826 910 3857 nostri
923 3828 958 3858 ab
982 3829 1060 3870 ipso,
1078 3831 1124 3862 vel
1142 3830 1260 3861 haeredi-

187 3863 240 3894 bus
256 3864 309 3895 suis
324 3875 460 3905 petemus.

231 3911 276 3932 12.
294 3903 482 3935 Remittimus
494 3904 577 3934 etiam
591 3902 684 3933 eidem
705 3902 812 3934 Pontio
825 3903 923 3934 omnia
943 3904 1022 3944 odia,
1040 3906 1074 3937 ὃς
1087 3917 1187 3937 omnes
1200 3917 1262 3937 ran-

185 3949 283 3984 cores,
304 3942 325 3972 si
339 3954 393 3981 qua
406 3943 471 3974 odia
486 3967 495 3981 ,
515 3942 560 3973 vel
580 3951 708 3972 rancores
723 3952 791 3980 nos,
810 3942 856 3972 vel
871 3943 1053 3975 antecessores
1067 3945 1173 3984 nostri,
1191 3947 1262 3975 olim

186 3978 336 4046 habuimus
357 3990 403 4012 aut
425 3982 610 4019 concepimus
623 3989 722 4011 contra
735 3979 857 4011 eundem
874 3979 1026 4021 Pontium,
1044 3992 1092 4014 aut
1106 3983 1262 4015 antecesso-

182 4027 231 4047 .res
247 4026 339 4056 ipius.

232 4064 278 4099 ¹3:
291 4055 428 4088 Praeterea
444 4059 628 4090 concedimus
644 4056 752 4088 Pontio
766 4056 901 4101 praefato,
921 4058 1047 4096 quatinus
1068 4057 1214 4097 possumus
1230 4061 1264 4091 &

189 4102 361 4134 poterimus,
378 4096 545 4137 homagium
562 4097 595 4131 &
612 4096 770 4135 servitium,
788 4106 819 4127 in
833 4096 934 4136 quibus
949 4104 1058 4130 tenetur
1072 4097 1216 4132 Gilbertus
1229 4098 1265 4130 de

1270 1565 1369 1588 mento
1387 1558 1449 1587 caeli
1469 1557 1527 1587 duo
1546 1558 1689 1588 luminaria
1708 1566 1808 1597 magna
1826 1555 1990 1595 constituit,
2010 1565 2042 1586 ut
2065 1556 2203 1586 mundum
2219 1558 2331 1588 vicibus

0 1589 90 1620 ‘Alm-
107 1589 150 1620 D·
166 1607 191 1628 1.
207 1596 334 1653 REX
353 1597 502 1636 omnibus,
521 1598 582 1628 ἃς.
1266 1597 1318 1626 suis
1338 1596 1496 1634 illustrent,
1522 1596 1560 1627 sic
1575 1597 1608 1627 ὃ(
1629 1598 1657 1626 in
1671 1597 1747 1626 terris
1761 1596 1881 1625 maxima
1894 1594 1968 1624 dona
1989 1595 2048 1633 sua,
2066 1594 2269 1633 sacerdotium,
2287 1597 2332 1627 vi-

33 1628 119 1667 1263·
319 1635 415 1666 Sciatis
437 1636 515 1674 quod
537 1637 610 1666 inter
627 1645 678 1666 nos
697 1644 732 1665 ex
750 1645 805 1665 una
824 1642 900 1673 parte
915 1659 924 1673 ,
943 1636 977 1666 &
995 1636 1122 1667 nobilem
1135 1637 1229 1666 virum
1266 1633 1385 1672 delicet,
1404 1635 1437 1665 &
1452 1634 1625 1674 Imperium,
1643 1634 1677 1665 ad
1691 1635 1807 1675 plenum
1820 1633 1998 1674 spiritualium
2014 1633 2276 1673 mundanorumque
2292 1643 2335 1663 re-

0 1672 68 1734 {zm
82 1677 128 1703 47·
164 1674 304 1705 Pontium
317 1674 354 1705 de
366 1673 492 1705 Gordon
506 1684 538 1705 ex
551 1674 648 1712 altera,
665 1673 701 1704 de
718 1673 853 1704 consensu
868 1675 982 1712 nostrO,
1002 1675 1035 1705 &
1049 1674 1145 1705 Pontii
1159 1684 1232 1714 prae-
1269 1674 1384 1712 gimen,
1411 1673 1444 1704 ad
1471 1673 1680 1703 firmamentum
1703 1672 1835 1704 Ecclesiae
1854 1672 1996 1702 militantis
2016 1671 2176 1710 instituens,
2195 1673 2335 1711 utriusque

44 1727 49 1732 .
67 1726 92 1742 ,.

1268 1710 1409 1753 potestatis
1423 1713 1461 1742 ita
1475 1711 1604 1743 discrevit
1617 1711 1727 1750 officia,
1744 1719 1776 1742 ut
1790 1720 1888 1742 eorum
1903 1709 2029 1740 officiosa
2040 1710 2176 1741 diversitas
2189 1710 2263 1741 nulla
2281 1712 2332 1741 sibi

1273 1750 1433 1789 adversitate
1448 1750 1603 1789 dissentiat,

1307 1788 1363 1819 Sed
1377 1790 1406 1819 in
1422 1789 1564 1819 commiffi
1585 1789 1750 1819 executione
1766 1788 1924 1828 regiminis,
1943 1796 1975 1817 ex
1991 1786 2081 1817 officii
2100 1787 2215 1825 debito,
2233 1788 2263 1817 in
2276 1789 2339 1818 voti

1272 1828 1376 1858 unitate
1395 1828 1574 1864 concordet,
1598 1828 1631 1858 &
1653 1827 1773 1868 ipsorum
1796 1827 1895 1866 procul
1917 1827 2005 1857 dubio
2047 1826 2168 1856 rofutura
2183 1826 2338 1857 concordia

1269 1866 1421 1896 alterutrius
1440 1867 1507 1897 fulta
1529 1866 1658 1906 praesidiis
1671 1889 1681 1904 ,
1697 1876 1731 1896 ac
1746 1865 1883 1904 utriusque
1897 1866 1998 1894 mutuis
2019 1836 2077 1894 ism
2091 1864 2249 1902 favoribus,
2264 1875 2336 1902 opus

1266 1904 1382 1943 justitiae
1393 1905 1504 1935 liberius
1516 1913 1663 1943 operetur,
1682 1914 1780 1942 pacem
1804 1904 1913 1934 mundo
1926 1904 2047 1943 pariens,
2067 1903 2282 1940 tranquilitatem
2298 1904 2340 1933 in-

1271 1943 1395 1980 ducens,
1414 1944 1447 1974 &
1463 1945 1587 1974 nutriens
1598 1945 1742 1974 unitatem.

1309 1981 1464 2022 Imperium
1486 1981 1619 2022 siquidem
1642 1982 1677 2012 ad
1696 1981 1810 2012 salutem
1832 1979 1990 2011 fiicerdotaii
2010 1979 2172 2010 auetoritate
2186 1979 2311 2020 dirigitur
2327 1992 2337 2018 3

1272 2020 1323 2058 δε,
1343 2020 1424 2058 ipsius
1438 2020 1563 2057 adjutum
1577 2020 1726 2059 suffragiis,
1744 2019 1837 2050 sedatis
1852 2019 2010 2056 procellosis
2026 2018 2167 2048 interdum
2182 2019 2334 2050 imminen-

1272 2059 1345 2089 tium
1358 2057 1557 2099 tempestatum
1571 2059 1740 2095 turbinibus,
1759 2058 1935 2097 tranquillum
1949 2057 2071 2087 redditur
2087 2057 2120 2087 &
2135 2058 2269 2096 quietum.

1315 2096 1510 2128 Sacerdotium
1532 2099 1604 2128 vero
1624 2098 1703 2135 pium
1725 2099 1758 2128 &
1779 2105 1870 2127 tutum
1884 2096 1968 2126 debet
1981 2095 2081 2125 habere
2098 2095 2237 2135 refugium
2251 2097 2342 2133 impe-

1273 2135 1368 2166 rialem
1391 2136 1629 2166 mansuetudinem
1644 2159 1653 2174 ,
1679 2146 1746 2166 cum
1769 2135 1812 2166 sua
1826 2135 2003 2165 veneratione
2017 2134 2217 2172 conjunctam,
2238 2143 2269 2165 ut
2282 2135 2341 2164 Im-

1274 2175 1342 2215 perii
1362 2173 1489 2205 Romani
1507 2174 1665 2214 fastigium,
1682 2176 1715 2206 ὃς
1730 2175 1785 2212 ejus
1806 2174 1922 2204 culmini
1937 2173 2098 2210 praesidens,
2117 2173 2133 2202 s
2149 2173 2236 2202 ecialis
2251 2173 2341 2203 advo-

1275 2214 1346 2251 cati,
1365 2214 1398 2244 &
1414 2212 1562 2244 defensoris
1580 2214 1716 2253 praecipui
1731 2214 1805 2243 circa
1824 2212 1977 2243 Ecclesiam
1998 2220 2073 2251 gerat
2091 2221 2111 2240 o
2145 2211 2239 2248 cium,
2259 2212 2291 2241 ὃς
2311 2213 2340 2241 in

1275 2252 1356 2293 ipsius
1377 2251 1539 2283 fortitudine
1561 2252 1669 2282 brachii
1689 2251 1864 2282 defensentur
1886 2250 2020 2280 Ecclesiae
2041 2249 2177 2279 libertates
2190 2272 2199 2286 ,
2227 2251 2260 2280 ὃς
2283 2251 2341 2286 jura

1277 2298 1525 2329 manuteneantur,
1542 2291 1662 2329 ipsarum
1676 2291 1845 2330 extirpentur
1857 2289 1987 2327 haereses,
2006 2288 2095 2319 cultus
2111 2287 2267 2318 christianae
2276 2288 2339 2318 fidei

1276 2329 1438 2368 amplietur,
1456 2331 1489 2360 ὃς
1508 2330 1629 2360 inimicis
1650 2329 1834 2360 consternatis
1849 2328 1985 2365 ejusdem,
2004 2328 2033 2356 in
2047 2328 2120 2365 pacis
2135 2326 2338 2364 pulchritudine

1276 2367 1366 2399 sedeat
1379 2368 1496 2408 populus
1510 2368 1691 2406 christianuS,
1707 2368 1740 2398 &
1753 2368 1782 2397 in
1797 2367 1887 2406 requie
1902 2366 2033 2404 opulenta
2047 2365 2174 2406 quiescat.

1315 2406 1424 2437 Verum
1436 2406 1551 2437 humani
1564 2408 1671 2446 generis
1687 2407 1833 2443 inimicus,
1850 2406 1924 2442 pacis
1937 2405 2098 2442 impatiens,
2116 2411 2223 2434 amator
2237 2403 2345 2441 litium,

1276 2444 1423 2475 discordiae
1443 2445 1607 2484 seminator,
1625 2445 1764 2484 utriusque
1797 2443 1950 2474 rofeistibus
1973 2442 2118 2480 invidens,
2135 2442 2217 2472 clarae
2232 2451 2343 2472 memo-

1279 2485 1328 2513 riae
1350 2483 1526 2521 willielmo,
1543 2484 1744 2514 Romanorum
1797 2492 1863 2520 ecre,
1889 2482 1969 2512 rebus
1991 2480 2117 2511 humanis
2133 2488 2265 2519 exempto
2301 2482 2345 2510 in-

1279 2530 1320 2553 ter
1336 2529 1380 2560 te,
1396 2524 1429 2553 ὃς
1444 2522 1615 2553 carissimum
1630 2523 1659 2552 in
1674 2521 1792 2552 Christo
1811 2507 1899 2550 silium
1914 2519 2042 2550 nostrum
2061 2542 2070 2556 ,
2088 2519 2200 2558 Regem
2214 2503 2345 2549 Caiieuae

1279 2570 1312 2590 ac
1327 2559 1459 2598 Legionis
1475 2561 1625 2598 illustrem,
1644 2562 1675 2590 in
1695 2560 1897 2590 Romanorum
1921 2558 2034 2597 Regem
2048 2557 2187 2595 electum,
2206 2557 2280 2587 circa
2290 2557 2344 2587 ob-

1279 2599 1424 2628 tinendam
1444 2598 1564 2638 ejusdem
1586 2598 1700 2636 Imperii
1724 2598 1916 2637 Dignitatem,
1934 2596 2122 2627 contentionis
2136 2596 2278 2625 materiam
2292 2595 2345 2626 sus-

1281 2637 1393 2674 citavit,
1412 2644 1458 2675 ut,
1478 2638 1560 2668 vobis
1576 2637 1728 2668 circa'hoc
1744 2635 1996 2673 contendentibus,
2016 2642 2119 2665 careret
2136 2633 2286 2675 Imperialis
2301 2644 2346 2664 re-

1281 2676 1394 2714 giminis
1415 2675 1576 2706 commodis
1595 2676 1670 2705 orbis
1689 2684 1793 2713 terrae,
1816 2675 1849 2705 &
1875 2675 1943 2704 tanti
1964 2673 2090 2711 brachii,
2109 2680 2168 2702 tam
2183 2672 2271 2711 utilis,
2289 2680 2348 2703 tam

1284 2714 1442 2752 necessarii,
1459 2722 1518 2745 tam
1533 2714 1625 2752 chari,
1644 2714 1811 2750 carentiam,
1828 2721 1862 2742 ex
1877 2713 1957 2750 ipsius
1975 2711 2086 2750 imperii
2102 2711 2250 2741 vacatione
2265 2710 2350 2740 diuti-

1282 2763 1334 2790 na,
1352 2752 1501 2783 molestam
1515 2752 1670 2783 admodum
1685 2753 1718 2784 ὃς
1732 2753 1882 2790 nocivam,
1899 2750 2032 2782 damnosa
2045 2749 2228 2790 experientia,
2247 2748 2350 2780 Eccle—

1283 2791 1318 2821 sia
1352 2791 1468 2822 raedieta
1484 2791 1604 2822 sentiret.

1323 2800 1414 2860 gemit
1434 2831 1529 2870 utique
1542 2853 1552 2869 ,
1570 2830 1650 2861 sentit
1671 2837 1758 2859 mater
1781 2828 1922 2866 Ecclesia,
1941 2829 1998 2859 tim
2013 2827 2110 2868 populi
2123 2826 2174 2857 sibi
2187 2825 2349 2864 commissi,

1285 2869 1372 2907 quam
1384 2869 1459 2899 suam
1474 2878 1589 2908 gravem
1604 2869 1640 2899 de
1654 2869 1731 2906 hujus
1745 2868 1929 2898 contentione
1948 2867 2097 2905 jaeturam:
2119 2866 2208 2895 crevit
2223 2873 2348 2903 namque

1285 2907 1478 2945 perversorum
1494 2907 1606 2937 audacia
1619 2930 1628 2944 ,
1655 2908 1688 2937 ὃς
1703 2931 1713 2944 ,
1738 2905 1860 2944 ipsorum
1883 2905 2040 2935 abundante
2061 2903 2181 2941 malitis,
2196 2903 2266 2934 dum
2300 2913 2351 2933 eo-

1285 2947 1353 2976 dem
1377 2954 1493 2976 vacante
1514 2945 1638 2983 Imperio
1651 2969 1662 2984 ,
1689 2944 1738 2982 ipsi
1757 2943 1891 2974 Ecclesiae
1918 2943 2084 2974 defensionis
2111 2941 2202 2972 debita
2224 2926 2352 2981 sufsragia

1285 2984 1476 3016 subtrahantur
1490 3006 1499 3021 ‚
1525 2984 1635 3014 liberius
1654 2984 1775 3023 peccatis
1796 2981 1927 3013 insistitur
1941 3005 1950 3019 ,
1969 2981 2082 3011 haereses
2102 2980 2252 3018 pullulant,
2270 2980 2349 3010 scan-

1287 3023 1349 3053 dala
1372 3023 1530 3053 suscitantur
1545 3045 1554 3061 ,
1574 3021 1791 3061 multiplicantur
1812 3020 1903 3050 caedes
1921 3023 1955 3051 &
1975 3020 2074 3088 strages
2086 3041 2096 3056 ,
2114 3019 2222 3057 injuriae
2237 3018 2352 3048 invales-

1287 3069 1374 3100 cunt,
1392 3063 1422 3092 in
1433 3059 1657 3101 persecutionum
1673 3060 1829 3090 turbinibus
1843 3058 1918 3089 Petri
1932 3060 2034 3089 navicu
2044 3069 2059 3088 a
2071 3057 2205 3095 fiu&uat;
2220 3057 2254 3088 ὅ(
2266 3058 2352 3087 inter-

1286 3100 1376 3137 durn,
1397 3102 1443 3138 qui
1463 3099 1586 3129 fidelium
1604 3099 1684 3137 ipsius
1702 3098 1806 3128 censeri
1825 3098 1942 3127 nomine
1957 3097 2126 3136 gloriantur,
2141 3097 2170 3126 in
2181 3105 2278 3126 arcum
2292 3105 2354 3134 pera

1286 3138 1414 3175 versum,
1432 3138 1506 3168 fideli
1521 3137 1645 3168 debiturn
1663 3147 1722 3166 non
1737 3135 1887 3174 versando,
1905 3135 2031 3165 conversi
2053 3144 2115 3165 earn
2134 3135 2163 3164 in
2188 3134 2238 3164 suis
2251 3134 2356 3172 juribus

1287 3175 1416 3214 injuriose
1437 3178 1574 3215 impetunt
1599 3176 1632 3206 ὅ(
1653 3174 1802 3205 molestant
1816 3196 1826 3212 ,
1844 3174 1887 3204 illa
1910 3184 1987 3205 nunc
2006 3173 2171 3213 denegando
2185 3182 2238 3213 pro
2253 3173 2352 3210 libito,

1287 3225 1364 3245 nunc
1380 3214 1474 3246 illicite
1489 3213 1664 3253 occupando.
2315 3248 2320 3252 ·

1323 3253 1382 3283 Pro
1402 3262 1443 3283 ter
1462 3253 1538 3293 quod
1559 3252 1656 3282 eadem
1677 3250 1802 3282 Ecclesia
1816 3260 1875 3281 non
1894 3251 2037 3281 immerito
2057 3248 2213 3288 hujusmodi
2233 3255 2355 3291 vacatiof

1287 3302 1357 3323 nem
1376 3263 1500 3331 deplorat
1522 3291 1638 3328 Imperii
1653 3313 1663 3328 ,
1687 3290 1720 3320 &
1741 3289 1776 3320 de
1793 3290 1950 3320 animarum
1972 3288 2102 3329 periculis
2114 3310 2123 3325 ,
2141 3296 2204 3330 quae
2217 3285 2355 3325 peccandi

1288 3332 1395 3362 libertas
1409 3331 1523 3370 ingerit,
1539 3339 1572 3359 ex
1586 3328 1689 3358 intimis
1702 3329 1785 3367 longa
1803 3328 1912 3358 trahens
1924 3327 2046 3367 suspiria,
2063 3325 2225 3365 ingemiscit.
2276 3363 2281 3367 η

1328 3369 1371 3399 Ex
1385 3379 1421 3399 eo
1440 3368 1565 3407 insuper,
1585 3377 1669 3405 quam
1690 3366 1771 3397 dure!
1790 3376 1874 3404 quam
1897 3366 2030 3403 graviter!
2043 3374 2172 3403 ‘materna
2187 3364 2242 3405 ejus
2255 3362 2356 3405 viscera

1289 3409 1450 3445 quatiuntur
1463 3430 1472 3445 ,
1491 3406 1568 3444 quod
1589 3406 1661 3445 ipsa,
1681 3413 1738 3435 tam
1761 3405 1858 3435 charos
1880 3404 1965 3442 filios,
1988 3413 2045 3434 tam
2065 3403 2184 3441 inclytoz
2197 3400 2358 3439 PrinCipes,

1289 3448 1318 3476 in
1335 3446 1384 3476 suo
1400 3445 1517 3475 sentiens
1538 3452 1617 3474 utero
1640 3443 1802 3474 collidentes
1818 3467 1828 3482 ,
1843 3443 1993 3482 prudenter
2009 3441 2123 3472 advertit
2139 3447 2215 3482 tuam
2235 3439 2268 3468 &
2285 3447 2357 3482 prae-

1290 3485 1359 3515 dicsti
1376 3484 1462 3523 Regis
1473 3484 1642 3523 potentiam,
1662 3483 1692 3512 in
1705 3480 1820 3512 Christo
1833 3481 2024 3520 blasphemos,
2043 3481 2076 3510 &
2089 3479 2219 3508 inimicos
2232 3486 2356 3520 nominis

1290 3522 1431 3554 christiani
1454 3529 1581 3563 potenter
1602 3522 1635 3550 &
1656 3520 1804 3559 magnifice
1828 3530 1908 3550 more
1928 3520 2008 3549 solito
2029 3515 2228 3559 exercendam,
2247 3525 2275 3544 in
2290 3524 2356 3552 pro-

1290 3563 1384 3602 prium
1392 3560 1432 3592 ’ἃ
1452 3559 1556 3599 grande
1570 3558 1791 3589 domesticorum
1812 3558 1875 3588 fidei
1890 3557 2105 3593 detrimentum,
2125 3553 2223 3585 talibus
2237 3561 2356 3584 conten*

1291 3601 1414 3630 tionibus
1430 3598 1573 3639 implicari.
2031 3633 2037 3638 ι
2118 3632 2123 3637 .
2227 3631 2232 3636 ι

1327 3638 1404 3668 Haec
1429 3647 1496 3676 ergo
1516 3638 1548 3666 &
1580 3635 1630 3666 alia
1650 3633 1833 3665 incommoda
1847 3657 1857 3672 ,
1880 3634 2051 3664 dissensionis
2075 3630 2234 3669 hujusmodi
2256 3629 2354 3662 eadem

1293 3676 1416 3707 Ecclesia
1432 3700 1441 3714 ,
1461 3683 1588 3705 materno
1606 3674 1721 3711 pensans
1741 3673 1843 3704 affetfm
1858 3695 1867 3710 ,
1885 3674 1914 3702 in
1930 3673 1961 3701 iis
1979 3671 2072 3700 auxilii
2085 3669 2124 3700 sui
2136 3669 2279 3700 dexteram
2297 3679 2357 3699 non

1293 3715 1451 3752 substraxit,
1475 3713 1519 3743 sed
1542 3712 1663 3752 vigilavit
1679 3713 1806 3741 attentius
1821 3734 1830 3749 ,
1856 3711 2007 3740 attentione
2025 3709 2130 3739 solicita
2150 3708 2293 3746 vigilanter
2314 3709 2356 3737 in-

1294 3753 1407 3791 tendit,
1432 3753 1571 3790 multaque
1593 3750 1766 3780 solicitudine
1790 3748 1904 3787 pervigil
1924 3748 2058 3778 laboravit
2073 3770 2082 3784 ,
2104 3756 2134 3777 ut
2155 3745 2358 3788 discriminibus

1295 3793 1376 3822 tantis
1395 3798 1571 3827 occurreret,
1588 3797 1671 3828 teque
1691 3798 1724 3818 ac
1746 3788 1836 3825 ipsum
1849 3787 1963 3826 Regem
1977 3796 1993 3816 a
2005 3784 2202 3817 discordiarum
2214 3783 2360 3825 dispendiis

1320 3830 1481 3860 raeservaret.

1297 3841 1317 3869 P
1335 3868 1390 3906 Et,
1406 3868 1471 3898 licet
1492 3867 1563 3896 inter
1578 3874 1629 3895 vos
1650 3864 1748 3902 judicis
1763 3869 1851 3903 partes
1865 3863 2001 3893 assumere
2013 3872 2073 3893 non
2087 3862 2144 3892 fine
2159 3860 2237 3893 caufii
2249 3858 2361 3890 distule-

1299 3909 1351 3945 rit,
1367 3906 1517 3946 praesertim
1532 3913 1600 3934 cum
1615 3904 1672 3933 tarn
1691 3904 1746 3939 tui,
1766 3903 1854 3940 quam
1867 3902 1948 3939 ipsius
1970 3901 2056 3970 Rieigis
2071 3901 2204 3939 Nuncii,
2221 3900 2250 3928 in
2269 3907 2363 3926 recor*

1300 3946 1418 3977 dationis
1438 3943 1549 3980 fielicis,
1569 3940 1718 3972 Alexandri
1739 3940 1822 3980 Papae
1837 3963 1846 3978 ,
1866 3940 1993 3979 praedece
2018 3941 2073 3970 oris
2093 3938 2198 3976 nostri,
2216 3935 2310 3980 npstrq
2329 3936 2363 3966 δί

1299 3985 1414 4015 fratrum
1434 3982 1594 4012 nostrorum
1615 3979 1758 4019 praesentia
1780 3978 1943 4017 constituti,
1957 3977 2037 4016 super
2047 3977 2176 4017 praedffits
2189 3974 2364 4016 judiciarium

1301 4022 1474 4064 Apostolicae
1496 4020 1563 4050 sedis
1583 4027 1700 4048 examen
1719 4017 1841 4057 expresse
1858 4041 1868 4057 ,
1883 4017 1967 4057 usque
1984 4017 2019 4048 ad
2038 4016 2101 4047 haec
2117 4022 2260 4053 tempora,
2277 4011 2364 4042 decli⁴

1301 4069 1410 4097 narmr,

1338 4102 1354 4121 θ’
1373 4098 1552 4131 Dilationem
1564 4104 1658 4130 tamen
1669 4093 1827 4135 hujusmodi
1841 4095 1885 4124 illa
1897 4096 1982 4126 etiam
1996 4093 2115 4126 utilitatis
2134 4089 2272 4129 utriusque
2283 4084 2366 4125 partis
2381 4087 2394 4103 ⁴*
2409 4084 2431 4113 1·
2450 4082 2511 4120 753—

2296 4133 2368 4155 COR*

1836 4132 1903 4173 K3
