2570 4261
1244 111 1264 152 1

930 117 974 157 O
1082 116 1132 156 M

228 124 306 164 128

73 205 152 237 Ann.
167 206 208 237 D.
225 208 381 248 putandum
402 216 416 237 a
435 205 507 237 festo
526 205 601 235 beati
616 202 763 233 Michaelis
778 201 910 241 proximo
930 200 1042 239 futuro,
1059 201 1198 240 persolvet
1210 200 1283 229 inte-

96 254 179 283 1255.

224 255 290 289 gre,
309 248 353 277 vel
373 245 511 275 concedet
522 244 566 273 seu
579 242 722 279 deputabit
737 239 910 270 Mercatores
923 239 1090 270 sufficientes
1100 241 1133 271 ὅ(
1148 239 1284 275 idoneos,

224 286 328 314 scilicet
356 284 456 313 Senen.
481 281 526 312 vel
548 280 701 310 Florentin.
723 278 768 309 seu
791 277 949 308 Bononien.
975 278 1019 308 vel
1041 278 1107 308 alios
1127 278 1162 308 de
1184 277 1285 308 Ytaliae

223 323 362 360 panibus,
381 319 510 351 Ecclesiae
526 318 670 349 Romana:
682 317 801 347 devotos
810 339 820 354 ,
834 318 870 347 ita
884 315 962 354 quod
975 316 1036 356 ipsis
1050 317 1178 346 contenti
1193 317 1286 353 simuS,

224 362 273 398 qui
286 361 312 390 se
325 358 491 389 sufficienter
505 358 538 387 ὃ(
550 356 699 397 specialiter
713 355 879 394 obligabunt
894 355 928 385 ad
942 355 1107 385 solvendum
1127 354 1286 392 hujusmodi

224 398 361 428 summam
375 420 384 435 ,
410 397 480 426 infra
500 396 652 426 terminum
673 393 762 432 ipsum
777 416 787 431 ,
814 394 896 424 nobis
916 394 950 424 &
971 393 1106 424 Ecclesiae
1128 392 1287 430 Romanae,

224 437 269 466 vel
281 436 331 473 illis
346 435 446 478 quibus
461 434 683 464 mandaverimus
696 442 758 463 eam
772 431 856 470 solvi,
873 432 907 462 &
920 432 946 461 se
961 432 989 462 in
1001 431 1099 462 eadem
1110 431 1219 461 summa
1233 440 1286 461 no-

224 475 264 504 bis
278 475 310 504 &
324 475 373 513 ipsi
388 473 521 503 Ecclesiae
534 472 674 502 debitores
686 469 859 501 constituent
874 469 1051 507 Principales.

261 511 446 541 Reservamus
467 519 561 541 autem
582 510 684 549 nobis,
710 510 744 540 &
765 510 794 538 in
814 507 909 538 nostra
933 509 1076 539 voluntate
1097 517 1130 537 ac
1150 506 1287 548 potestate

221 558 346 580 remanet
364 547 475 588 dicere,
493 549 671 588 pronuntiare
693 548 737 577 vei
758 546 882 591 proferre
896 547 925 575 in
936 546 987 576 scri
1009 547 1059 584 tis,
1076 546 1123 576 vel
1135 547 1191 577 sine
1204 546 1289 582 scrip-

223 588 256 617 tis
270 610 280 625 ,
303 588 338 618 de
361 587 496 627 consilio,
519 587 566 618 vel
586 588 644 618 sine
665 585 785 616 consilio
803 585 920 615 fratrum
939 588 993 627 ‘noi
1009 593 1123 627 rorum,
1148 584 1288 624 praedifim

220 624 303 664 Rege
326 627 359 657 &
384 636 428 665 te,
450 636 484 656 ac
504 627 559 656 alio
579 627 663 656 etiam
681 633 880 662 quocumque,
899 632 976 660 culus
996 623 1109 653 forsitan
1131 622 1286 660 interesset,

220 673 396 704 nequaquam
413 665 538 704 vocatis,
555 665 588 695 ὃς
605 663 707 702 absque
725 662 805 692 omni
822 661 890 699 juris
908 661 1101 698 solempnitate
1122 661 1288 698 supradietas

219 704 470 742 approbationem,
486 703 720 737 innovationem,
739 700 953 730 concessionem
975 699 1007 729 ὃ(
1022 699 1287 738 confirmationem,

220 750 286 780 quas
305 742 357 772 tibi
372 742 405 772 &
418 739 588 772 Haeredibus
602 740 656 771 tuis
671 738 721 768 sub
736 737 947 769 conditionibus
961 738 1080 768 facimus
1093 737 1287 779 suprascriptis,

221 789 321 810 vacuas
341 781 462 811 omnino
479 779 548 818 esse,
565 778 732 817 nullumque
751 777 838 807 robur
853 776 898 807 vel
913 775 1039 807 valorem
1050 776 1170 815 babere,
1184 785 1231 807 aut
1244 787 1288 807 re-

221 827 339 856 vocare,
366 818 467 849 cassare
489 819 522 849 δι’.
545 817 649 847 irritare
668 816 675 844 i
697 814 751 852 sas,
778 815 811 846 &
831 814 915 845 cassas
937 815 970 845 &
994 815 1079 845 irritas
1097 817 1242 853 nuntiare,
1267 816 1287 846 si

218 856 346 893 praefatus
366 855 431 887 Rex
450 857 527 888 dieta
545 856 642 887 ultima
683 863 766 885 ecem
788 853 864 884 milia
876 852 1042 884 Marcamm
1055 854 1088 885 &
1102 862 1193 885 totam
1203 854 1286 885 aliam

219 894 359 926 summam
372 895 552 933 expensarum
566 894 703 924 faeiarum
716 901 777 936 non
792 892 921 930 solverit,
940 892 985 922 vel
998 892 1035 923 de
1050 892 1112 933 ipsis
1146 893 1208 923 lene
1223 903 1284 923 non

219 933 377 964 satisfecerit
397 934 469 964 infra
490 932 647 974 praemissos
665 940 821 969 tei-minos,
846 939 877 961 ut
901 929 942 960 est
962 929 1093 970 dietum,
1165 933 1250 962 etiam
1266 931 1286 962 si

218 972 332 1010 praefata
353 973 443 1012 prima
464 972 564 1003 decem
586 971 663 1002 milia
679 968 846 1000 Marcarum
858 968 955 1000 saltem
968 969 998 999 'in
1010 970 1061 999 hiis
1074 969 1177 1000 ultimis
1190 971 1286 1001 termi-

219 1012 279 1049 nis,
299 1021 357 1042 non
379 1011 530 1050 persolvet,
548 1010 568 1041 si
580 1011 651 1040 forte
665 1008 721 1046 ipsa
734 1008 857 1039 omiserit
872 1007 978 1039 solvere
995 1009 1026 1038 in
1039 1009 1133 1046 primo
1146 1010 1286 1048 termino,

217 1059 318 1080 eorum
339 1050 472 1080 solutioni
493 1048 628 1088 praefixo3
654 1048 689 1077 ita
708 1046 786 1087 quod
809 1045 875 1086 post
900 1046 1059 1085 hujusmodi
1079 1049 1286 1087 pronuntiatio-

217 1088 368 1127 nem,1seu
392 1090 575 1119 irritationem
596 1085 738 1124 nostram,
755 1083 801 1115 vel
821 1085 950 1122 dietum,
969 1085 1092 1123 praefatae
1105 1087 1285 1126 approbatio,

218 1127 383 1166 innovatio,
401 1127 547 1158 concessio
562 1127 595 1157 &
608 1124 802 1161 confirmatio,
821 1123 923 1154 nullius
934 1124 986 1154 sint
998 1124 1043 1154 vel
1056 1123 1207 1156 habeantur
1220 1123 1285 1155 effi-

218 1167 306 1196 caciae
327 1166 371 1196 vel
393 1166 548 1204 momenti,
567 1164 641 1195 salvo
656 1163 707 1194 tibi
720 1163 753 1193 &
767 1163 819 1193 tuis
834 1161 1004 1192 Haeredibus
1013 1163 1091 1202 jure,
1111 1163 1220 1203 siquod
1233 1173 1286 1194 vo-

219 1204 279 1243 bis,
297 1206 434 1245 competit
448 1205 555 1235 ratione
569 1201 757 1234 concessionis
772 1211 788 1230 a
803 1200 961 1238 supradidto
975 1200 1118 1240 Notario,
1133 1202 1167 1232 ὃς
1178 1203 1283 1233 obten-

218 1250 251 1272 tu
274 1242 494 1273 confirmationis
519 1243 552 1273 δε
575 1240 763 1272 concessionis
773 1249 789 1269 a
803 1239 921 1277 praefato
935 1239 1135 1277 praedecessore
1146 1240 1283 1271 fadkarum

220 1281 273 1311 tibi
295 1281 328 1312 &
344 1282 404 1319 ipsis
420 1281 607 1319 Haeredibus,
626 1280 695 1310 ficut
706 1278 792 1316 dicis,
809 1279 891 1308 omni
905 1279 963 1316 jure
977 1288 1010 1308 ac
1023 1278 1200 1317 defensione,
1218 1289 1283 1320 quae

220 1320 303 1350 nobis
331 1320 364 1350 &
385 1319 519 1350 Ecclesiae
547 1328 646 1350 contra
675 1317 740 1348 tales
769 1315 963 1347 conceffiones
981 1317 1015 1348 &
1035 1316 1283 1349 confirmationem

217 1366 402 1396 competunt,
419 1359 494 1389 salvis
505 1358 612 1398 semper
629 1355 805 1388 manentibus
819 1355 959 1386 &illaesis

254 1396 335 1427 Idem
353 1406 445 1427 autem
460 1396 524 1426 Rex
538 1397 647 1434 veniet,
663 1394 708 1425 vel
721 1393 884 1437 transmittet
895 1393 1081 1434 Capitaneum
1096 1404 1163 1425 cum
1178 1394 1283 1427 Militia

216 1436 411 1474 competenti,
429 1435 582 1466 secundum
605 1434 711 1472 negotii
731 1432 915 1472 qualitatem,
939 1433 1017 1470 quod
1038 1433 1057 1464 fi
1078 1443 1138 1464 non
1157 1435 1281 1474 venerit,

216 1482 270 1503 nec
291 1473 377 1504 taliter
398 1473 501 1504 miserit
520 1474 549 1503 in
569 1472 708 1513 praedieto
730 1471 869 1509 termino,
884 1470 1015 1502 videlicet
1030 1472 1116 1510 usque
1125 1471 1160 1504 ad
1173 1483 1280 1504 annum

216 1512 442 1549 computandum
463 1523 478 1542 a
498 1511 572 1542 festo
595 1513 667 1542 beati
689 1509 839 1539 Michaelis
861 1510 993 1547 proximo
1011 1510 1122 1550 futuro,
1140 1511 1280 1542 innostro

213 1549 380 1581 reservamus
400 1551 577 1589 beneplacito
594 1550 651 1580 sine
669 1549 887 1589 approbatione,
903 1549 1104 1587 innovatione,
1121 1550 1279 1581 concessio-

215 1599 253 1619 ne
266 1589 298 1619 δι
315 1589 532 1620 confirmatione
550 1588 707 1627 praedietis,
725 1586 806 1617 simili
821 1587 912 1617 modo
923 1588 1076 1626 procedere
1090 1589 1123 1619 &
1138 1589 1279 1628 proferre,

214 1637 387 1668 nequaquam
402 1637 496 1659 tamen
510 1628 618 1665 veniat,
636 1626 682 1658 vel
696 1626 805 1664 mittat,
824 1635 878 1655 nec
893 1625 1065 1663 praedictum
1081 1624 1219 1666 Regnum
1234 1627 1280 1658 Si-

214 1666 287 1696 ciliae
310 1677 363 1697 nec
385 1666 583 1706 poffeffionem
604 1666 684 1706 ipsius
704 1664 903 1707 recipiannifi
923 1664 998 1704 priris
1017 1665 1053 1696 de
1074 1666 1195 1706 praefiitis
1220 1674 1278 1697 tota

212 1704 319 1735 summa
341 1706 374 1736 &
395 1706 422 1737 v'
445 1707 495 1737 'nti
516 1704 628 1735 milibus
646 1703 827 1740 Marcarum,
838 1710 916 1740 Juxta
931 1702 1041 1740 praescri
1062 1712 1123 1734 tum
1139 1705 1279 1744 modum,

213 1743 371 1775 satisfecerit
391 1745 420 1775 in
481 1745 633 1782 terminos,
650 1742 797 1779 videlicet,
816 1740 992 1784 supradicfios.
1031 1743 1044 1771 (
1066 1742 1120 1772 uod
1136 1743 1155 1773 si
1171 1745 1279 1775 venerit

214 1783 259 1812 vel
273 1782 391 1821 miserit,
406 1782 589 1814 satisfacftione
602 1782 729 1822 primitus
741 1779 777 1810 de
792 1780 844 1810 hiis
857 1781 991 1810 omnibus
1005 1781 1087 1820 plene
1102 1781 1188 1820 faeta,
1208 1792 1281 1820 prae-

213 1820 298 1851 dieiae
316 1822 499 1861 approbatio,
517 1822 680 1860 innovatio,
699 1817 846 1850 conceffio
861 1819 894 1850 &
910 1818 1088 1850 confirmatio
1101 1820 1219 1851 habeant
1234 1820 1282 1851 fir-

212 1860 358 1898 mitatem,
375 1860 538 1900 dirstumque
551 1868 601 1890 tuo
617 1860 736 1889 nomine
752 1858 866 1897 recipiat
881 1856 1017 1896 Regnum
1032 1858 1066 1889 &
1081 1858 1279 1897 possessionem

213 1898 356 1937 ejusdem,
375 1899 537 1929 dummodo
557 1899 591 1929 &
614 1898 665 1928 alia
686 1898 783 1928 omnia
797 1897 830 1926 &
846 1896 954 1940 singul-a·
964 1896 1141 1941 suprascripta
1177 1908 1279 1939 appro-

211 1938 292 1976 bata,
307 1937 439 1968 concessa
453 1938 487 1969 &
501 1944 660 1975 acceptata,
678 1935 804 1967 ordinata
819 1934 852 1964 &
867 1933 982 1978 stabilita
998 1935 1067 1966 infra
1100 1946 1137 1966 rae
1166 1946 1227 1967 tum
1242 1937 1277 1967 ad

211 1975 269 2007 hoc
284 1977 437 2007 terminum
455 1978 528 2015 prius
542 1977 698 2013 extiterint,
718 1974 787 2005 sicut
801 1972 1044 2015 superius-plenius
1056 1983 1072 2004 e
1110 1975 1278 2014 expressum,

209 2015 244 2045 &
270 2024 440 2046 memoratus
461 2013 641 2045 Odowardus
660 2013 756 2044 Frater
775 2020 838 2043 tuus
852 2034 862 2050 ,
886 2012 967 2055 ipsius
989 2011 1077 2052 Regis
1098 2012 1276 2054 Primogeni-

210 2061 269 2091 ωε,
283 2054 374 2093 primo
394 2054 491 2085 fecerit
511 2052 588 2092 quod
604 2052 640 2084 ab
659 2061 695 2083 eo
710 2049 874 2083 faciendum
887 2058 956 2090 erit,
971 2059 1003 2082 ut
1018 2051 1131 2083 inferius
1144 2054 1275 2084 contine-

211 2100 263 2124 tur.

242 2129 274 2160 Si
290 2140 360 2161 vero
372 2131 438 2162 Rex
452 2130 508 2171 ipse
520 2138 584 2162 ante
597 2129 843 2172 confirmationem
859 2127 980 2167 ejusdem
993 2129 1117 2168 negotii,
1129 2129 1276 2169 debitum,

205 2168 284 2206 quod
304 2170 390 2209 absit,
405 2171 495 2201 carnis
515 2169 693 2209 persolverit,
709 2167 858 2206 praedictus
870 2165 1049 2198 Odowardus
1062 2166 1173 2198 dierum
1188 2178 1277 2208 nego-

206 2208 280 2238 tium
309 2207 460 2239 efficaciter
506 2207 664 2248 rosequetur
679 2230 688 2247 ,
713 2208 746 2237 Sc
766 2205 843 2236 idem
866 2204 931 2236 Rex
953 2207 1115 2245 procurabit
1135 2207 1168 2238 &
1191 2207 1275 2238 faciet

206 2245 285 2285 quod
306 2246 432 2286 praefatus
453 2246 483 2276 O
504 2247 632 2278 owardus
654 2247 681 2276 se
702 2245 736 2276 ad
758 2243 785 2274 id
800 2244 951 2284 specialiter
965 2244 1109 2284 obligabit.
1146 2246 1237 2285 Qiod
1253 2245 1273 2276 fi

204 2284 241 2316 ad
263 2284 321 2315 hoc
341 2285 367 2315 se
387 2296 445 2316 non
465 2285 647 2324 obligaverit,
664 2284 699 2315 &
718 2293 778 2313 non
792 2282 890 2314 fecerit
901 2283 931 2313 in
945 2282 998 2314 hac
1014 2292 1089 2323 parte
1101 2293 1133 2313 ea
1153 2294 1217 2323 quae
1230 2284 1274 2315 su-

205 2333 255 2361 per
267 2323 319 2353 hiis
331 2324 423 2355 facere
436 2323 502 2354 Rex
517 2323 572 2363 ipsc
586 2323 715 2360 deberet,
733 2330 764 2352 ut
776 2321 854 2359 supra
867 2330 1006 2359 narratur,
1026 2323 1055 2352 in
1069 2321 1165 2353 nostra
1181 2333 1270 2354 rema-

202 2370 252 2393 net
264 2362 399 2406 potestate
411 2363 592 2403 pronuntiare
607 2362 688 2405 super
700 2372 716 2391 a
736 2361 901 2404 probatione
914 2360 947 2391 &
961 2359 1015 2390 aliis
1028 2359 1184 2400 praediffls,
1200 2362 1270 2392 sicut

180 2406 186 2410 '
203 2400 324 2445 superius
336 2401 376 2431 est
389 2400 571 2441 praemiffum.
609 2401 647 2431 Et
661 2409 708 2430 nic
733 2401 861 2429 'lominus
875 2398 896 2429 fi
910 2398 1037 2443 praefatus
1051 2398 1115 2429 Rex
1127 2399 1269 2440 praemiffa

46 2883 63 2902 ⁸
76 2883 99 2912 1.
115 2882 179 2920 899.

201 2448 298 2470 omnia
317 2450 377 2470 non
395 2439 522 2479 solverit,
542 2439 588 2471 vel
609 2439 645 2470 de
665 2438 720 2469 illis
737 2448 796 2469 non
810 2437 984 2476 satisfecerit,
1003 2446 1033 2468 ut
1048 2436 1158 2468 dietum
1172 2438 1214 2468 est
1225 2437 1268 2469 su-

200 2488 265 2547 git&
284 2479 329 2509 vel
350 2478 456 2547 sifnon·
471 2476 898 2547 venesritknecsrniseritssiautttgi
911 2475 986 2544 ici-em
1005 2475 1183 2521 Odowardus
1196 2487 1268 2515 prae-

199 2527 366 2600 supriidigds
380 2525 535 2600 Episgb'piig
546 2524 920 2599 {iergsj‘brdei‘iiuls'roffurratgsr
933 2524 1266 2600 gepglggsitdxslsdusqtdiitil

199 2602 250 2625 tuo
270 2605 326 2634 ejus
346 2603 451 2635 recepit
473 2595 590 2625 nomine
610 2595 643 2626 ὅ(
665 2603 717 2634 pro
739 2602 844 2633 negotii
857 2592 1053 2633 prosecutione
1066 2593 1213 2630 persolvit:
1230 2593 1265 2624 δε

200 2633 280 2673 super
300 2635 418 2671 pecunia
430 2635 514 2665 etiarn
523 2657 532 2672 ,
550 2642 635 2672 quam
647 2632 780 2670 deinceps
794 2631 871 2662 idem
885 2630 950 2662 Rex
964 2641 1018 2672 pro
1030 2630 1133 2661 eodem
1148 2631 1266 2662 exhibe-

198 2671 241 2702 bit
260 2672 376 2711 negotio
387 2695 397 2711 ,
413 2672 522 2703 nullum
541 2680 640 2702 contra
660 2681 726 2707 nOS,
741 2669 951 2713 &Ecclesiam
972 2669 1018 2699 seu
1038 2679 1211 2709 quemquam
1232 2680 1263 2700 a·

196 2710 268 2741 lium
287 2711 481 2748 repetitionem
503 2710 666 2749 habebunt,
684 2718 738 2739 nec
758 2709 877 2748 aliquam
895 2707 1058 2746 achonem,
1076 2707 1121 2738 sed
1141 2718 1177 2738 ex
1198 2716 1262 2739 toto

196 2749 254 2780 illas
273 2751 419 2788 amittent,
436 2750 542 2787 eritque
562 2748 653 2779 dietus
674 2747 738 2778 Rex
760 2757 796 2778 eo
812 2746 871 2785 ipso
881 2747 1183 2776 excommunicationis
1198 2748 1262 2777 vin-

196 2788 262 2819 culo
277 2788 446 2832 innodatus,
469 2788 502 2821 &
519 2795 614 2818 totum
634 2785 746 2825 Angliae
765 2784 901 2825 Regnum
921 2783 1119 2816 Ecclesiastico
1138 2784 1260 2826 supposi-

198 2834 260 2884 tum
271 2826 446 2897 lestiiirisltredgit
461 2875 574 2905 quoque
589 2864 682 2908 distus
693 2863 759 2895 Rex
770 2872 823 2904 pro
837 2863 916 2902 posse
931 2862 980 2906 suo
994 2872 1105 2893 exnunc
1121 2861 1257 2894 Ecclesiae

196 2902 230 2934 ad
250 2904 318 2942 pros
348 2903 472 2935 nendum
491 2904 568 2935 idem
589 2911 735 2942 negotium
757 2901 885 2942 expensas
904 2901 1041 2932 faciendas
1061 2900 1147 2940 usque
1159 2901 1193 2932 ad
1210 2912 1260 2932 an-

194 2952 301 3012 8ἓὲᾈὲ
316 2942 530 3011 assiriis.
540 2941 1037 3018 ssssrgszss‘sssssuffiflfflrff
1049 2939 1084 3010 ἓξ
1096 2939 1258 3010 {siseoffinfiig

193 3019 270 3049 bona
290 3018 335 3049 sua
347 3019 362 3049 s
377 3020 493 3050 ecialiter
506 3005 657 3059 obligabit,
675 3020 708 3050 &
722 3019 743 3049 si
756 3018 826 3049 ultra
840 3018 886 3057 id,
905 3003 981 3061 qugd
995 3001 1044 3056 ip’si
1056 3017 1255 3049 ministraverit

192 3057 334 3096 Ecclesia,
351 3029 474 3101 siimptus
492 3058 595 3099 aliquos
614 3058 659 3088 vel
673 3056 800 3098 expensas
813 3057 843 3086 in
855 3058 1034 3101 acquisitione
1049 3056 1093 3087 vel
1108 3055 1256 3101 conserva7

193 3098 272 3127 tione
300 3095 396 3136 Regni
423 3096 527 3127 Siciliae
553 3096 599 3126 vel
620 3104 752 3127 terrarum
773 3097 781 3126 i
803 3095 851 3126 sius
872 3095 969 3126 fecerit
985 3118 995 3134 ,
1022 3104 1075 3134 pro
1098 3094 1254 3132 huiusmodi

194 3135 347 3172 sumptibus
370 3135 403 3165 &
423 3134 545 3174 expensis
564 3143 666 3165 terram
680 3134 774 3165 Mona
800 3134 848 3164 erii
861 3133 992 3165 Casinen.
1007 3142 1108 3164 terram
1123 3133 1254 3172 Laboris,

194 3182 295 3204 terram
316 3174 481 3212 principatus
502 3172 681 3203 Basilicatam.
698 3174 731 3203 δε
745 3182 845 3204 terram
858 3172 1046 3203 Beneventan.
1058 3172 1144 3202 libere
1159 3183 1192 3203 ac
1208 3182 1257 3212 pa-

194 3211 277 3242 cifice
295 3212 351 3249 ipsa
371 3212 476 3242 tenebit
489 3211 613 3242 Ecclesia
628 3212 740 3251 pignori
753 3213 903 3250 obligatas,
922 3221 975 3242 nec
992 3210 1068 3242 idern
1083 3210 1148 3242 Rex
1163 3221 1254 3251 neque

196 3260 226 3280 tu
248 3249 403 3281 Ecclesiam
415 3250 501 3288 ipsam
515 3249 593 3287 super
606 3250 656 3280 hiis
670 3251 747 3280 terris
759 3249 938 3281 molestabitis
951 3250 1122 3288 aliquatenus
1136 3250 1181 3281 vel
1197 3258 1255 3280 tur-

194 3289 308 3326 babitis,
326 3288 419 3319 donec
440 3289 476 3319 de
498 3288 656 3326 hujusmodi
674 3288 827 3328 sumptibus
849 3290 882 3320 ὃς
905 3288 1038 3327 Expensis
1058 3288 1142 3319 fuerit
1162 3288 1255 3319 eidem

195 3325 328 3357 Ecclesiae
351 3328 387 3357 ab
404 3327 464 3365 ipso
478 3326 559 3367 Rege
572 3326 618 3358 vel
632 3337 648 3357 a
660 3333 688 3357 te
702 3327 823 3364 plenarie
833 3327 1007 3358 satisfactum.
1047 3327 1086 3359 Et
1098 3327 1117 3357 fi
1131 3327 1255 3358 Ecclesia

196 3365 252 3402 ipsa
272 3366 341 3396 ultra
359 3365 465 3396 frudtus
486 3366 519 3397 &
540 3373 709 3404 proventus,
726 3375 796 3404 quos
810 3365 844 3395 de
858 3366 997 3403 praedictis
1010 3367 1086 3397 terris
1099 3367 1252 3405 percipiet,

198 3404 302 3442 aliquos
321 3404 444 3445 sumptus
464 3404 561 3435 fecerit
575 3405 605 3434 in
617 3404 761 3443 tenendis,
779 3405 812 3435 &
824 3404 1019 3443 defendendis,
1035 3405 1069 3436 &
1089 3405 1256 3435 conservan-

197 3441 243 3484 dis¹
257 3442 354 3472 eisdem
369 3466 379 3481 ,
403 3444 469 3482 ipsas
483 3450 596 3482 propter
617 3443 674 3474 hoc
692 3444 775 3473 etiam
793 3444 900 3474 tenebit
910 3444 1004 3483 quous
1017 3453 1052 3474 ue
1062 3443 1144 3481 plene
1158 3444 1208 3474 sibi
1222 3443 1258 3474 de

200 3478 296 3509 talibus
313 3481 465 3518 sumptibus
484 3480 605 3519 satisfiet;
622 3481 655 3511 &
674 3482 872 3512 nichilominus
894 3482 970 3512 idem
1021 3491 1055 3513 ex
1077 3481 1103 3511 se
1126 3481 1159 3512 ad
1178 3481 1256 3512 resti-

200 3517 334 3549 tuendum
348 3519 480 3551 Ecclesiae
492 3520 557 3551 istos
571 3519 713 3560 sumptus,
729 3530 800 3561 quos
811 3521 867 3559 ip&
883 3530 935 3559 pro
948 3521 1129 3562 acquisitione
1143 3521 1177 3552 &
1187 3530 1258 3551 con-

1378 110 1404 151 S
1518 115 1544 156 S
1653 120 1703 162 A.

1326 195 1480 243 servatione
1498 199 1611 245 Regni,
1629 205 1664 235 &
1685 214 1738 244 pro
1759 204 1882 236 tenendis
1901 203 1935 235 &
1953 204 2135 236 defendendis
2154 206 2295 246 praedicitis
2313 210 2483 241 terris‘Ann.
2500 208 2542 242 Di

1326 237 1424 281 faciet,
1443 238 1612 272 sufficienter
1632 243 1665 273 ὃς
1680 245 1696 274 Γ
1710 244 1831 274 ecialiter
1843 243 1996 282 obligabit,
2013 243 2040 273 se
2056 244 2191 284 suumque
2207 245 2344 286 Regnum
2356 249 2392 280 &
2425 257 2522 287 1255..

1326 285 1383 313 eius
1398 285 1487 320 'terras
1506 278 1612 310 nostrae
1629 291 1662 311 ac
1684 254 1763 313 Sedis
1780 281 1956 322 Apostolicae
1975 281 2176 322 jurisdidtioni‚
2201 285 2294 324 quoad
2314 285 2394 325 haec,

1326 314 1446 345 totaliter
1459 315 1650 355 supponendo.

1366 352 1524 396 Proventus
1543 366 1612 387 vero
1630 368 1663 388 ac
1676 359 1864 388 obventiones
1882 381 1892 397 ,
1911 359 1960 397 qui
1971 357 2007 389 de
2022 359 2141 398 praefato
2156 359 2263 400 Regno
2277 360 2399 401 Siciliae,

1327 391 1423 435 medio
1438 401 1583 437 tempore,
1599 396 1634 426 ad
1647 406 1743 427 manus
1756 396 1889 427 Ecclesiae
1911 401 2093 437 pervenient,
2113 399 2164 428 tibi
2178 399 2224 429 vel
2238 400 2285 430 cui
2298 400 2400 430 volue-

1327 440 1376 467 ris,
1394 430 1522 475 deduciis
1540 434 1640 476 exinde
1654 435 1809 465 necessariis
1823 436 1948 473 expensis
1961 458 1971 474 2
1989 437 2096 475 integre
2108 437 2304 477 persolventur.
2341 438 2400 469 Sed

1327 468 1417 512 super·
1427 478 1577 507 quantitate
1596 474 1652 502 sive
1665 473 1757 503 valore
1771 473 1875 504 horum
1890 483 2080 512 proventuum
2092 498 2102 513 ,
2123 475 2157 505 &
2171 477 2379 507 obventionum
2388 499 2398 514 ,

1326 516 1360 536 ac
1381 515 1465 537 etiam
1486 508 1630 552 frustuum
1651 513 1684 541 &
1707 521 1896 549 proventuum
1916 512 2055 543 diciarum
2074 522 2232 553 terrarum,
2246 515 2297 546 soli
2316 515 2398 546 dieto

1327 544 1427 574 nostro
1439 544 1554 577 stabitur
1568 549 1602 579 ὃς
1614 549 1790 581 adhibebitur
1803 550 1883 581 firma
1897 550 1983 589 fides,
2001 561 2055 582 nec
2071 552 2196 591 exigetur
2211 553 2257 584 vel
2271 554 2396 592 require-

1328 590 1372 613 tur
1385 583 1463 621 super
1476 584 1533 615 hoc
1546 585 1596 616 alia
1609 588 1755 619 certitudo.

1369 620 1697 668 Caererumreservamus
1708 627 1791 657 nobis
1804 627 1899 666 quod,
1912 635 1995 668 prout
2009 628 2107 658 utilitas
2122 629 2156 660 &
2171 628 2315 660 neceffitas
2328 640 2394 661 exea

1328 668 1414 704 gerit,
1432 661 1597 693 donationes
1615 664 1648 694 &
1668 666 1861 696 concelliones
1883 667 1914 697 in
1934 666 2041 705 Regno
2058 667 2194 707 aliquibus
2214 668 2250 699 de
2268 668 2343 708 ipso,
2355 668 2393 700 de

1328 699 1430 738 quibus
1445 701 1574 738 expedire
1587 702 1752 742 viderimus,
1774 704 1890 735 conscio
1902 715 1955 743 eo,
1995 706 2022 735 ui
2033 715 2085 743 pro
2098 706 2236 746 praedic'to
2250 706 2332 746 Rege
2346 707 2392 738 vel

1327 746 1381 776 pro
1394 746 1421 782 te
1432 739 1505 783 apud
1518 739 1622 771 Sedem
1638 741 1850 782 Apostolicam,
1867 743 1914 774 vel
1926 745 1956 773 in
2001 752 2075 783 egno
2089 744 2148 783 ipso
2161 745 2335 784 remanserit,
2353 744 2395 777 fa-

1327 784 1392 806 cere
1405 785 1518 808 interim
1531 778 1678 810 valeamus.
2143 802 2153 813 ·

1367 813 1459 860 Porro
1478 816 1497 846 si
1520 827 1587 847 cum
1603 817 1757 848 Manfredo
1769 818 1914 858 quondam
1931 819 2065 859 Principe
2078 821 2224 853 Tarentin.
2239 821 2272 852 &
2286 822 2342 852 aliis
2354 831 2394 853 ae-

1328 853 1410 897 mulis
1428 855 1462 885 &
1484 855 1610 887 hostibus
1630 857 1709 896 ipsius
1731 857 1828 897 Regni
1848 858 1967 897 aliquam
1985 860 2242 900 compositionem,
2258 861 2303 891 vel
2319 871 2393 892 con-

1327 892 1469 931 cordiam,
1492 893 1536 924 seu
1558 896 1781 926 conventionem
1802 896 1966 936 fecerimus,
1991 899 2043 928 tibi
2065 898 2266 929 nichilominus
2283 900 2317 930 ὃ(
2339 901 2395 930 tuis

1327 928 1497 962 Haeredibus
1518 933 1559 971 jus
1581 934 1610 963 in
1632 934 1736 964 eodem
1758 933 1864 974 Regno
1879 934 1981 966 Siciliae
1994 946 2135 967 remaneat
2149 937 2255 975 semper
2267 936 2393 976 salvum,

1327 978 1381 1013 nec
1403 979 1453 1009 per
1472 972 1728 1015 compositionem,
1745 972 1930 1003 concordiam
1948 974 1981 1005 &
1996 977 2220 1007 conventionem
2233 975 2393 1015 hujusmodi

1322 1016 1378 1046 Juri
1393 1016 1443 1039 tuo
1455 1009 1626 1050 aliquatenus
1639 1010 1797 1050 derogetur.
2200 1030 2205 1034 .

1362 1045 1438 1077 Haec
1458 1057 1551 1078 autem
1564 1050 1662 1080 omnia
1676 1050 1709 1080 ὃς
1724 1048 1826 1118 sinffila
1840 1049 2002 1087 placuerunt
2015 1050 2131 1088 praefato
2143 1051 2247 1092 Episco
2298 1052 2391 1084 Here-

1325 1084 1435 1116 forden.
1453 1093 1504 1117 tuo
1526 1088 1559 1118 &
1574 1087 1654 1127 ipsius
1666 1087 1754 1128 Regis
1802 1089 1882 1118 untio
1896 1088 1929 1118 δε
1942 1088 2138 1128 Procuratori,
2153 1091 2187 1122 &
2202 1091 2232 1120 in
2267 1092 2297 1122 iis
2310 1092 2392 1129 plena

1325 1124 1360 1155 &
1372 1124 1461 1155 stabili
1475 1126 1619 1156 voluntate
1633 1127 1778 1158 consensit.

1363 1162 1449 1194 Nulli
1459 1173 1528 1209 ergo
1540 1167 1662 1195 omnino
1675 1166 1827 1196 hominum
1841 1164 1922 1197 liceat
1935 1165 2009 1196 hanc
2021 1166 2151 1206 paginam
2164 1165 2269 1197 nostr-:e
2283 1176 2390 1208 appro-

1325 1201 1445 1233 bationis
1457 1227 1468 1242 ,
1490 1205 1696 1242 innovationis,
1720 1202 1909 1235 conceffionis
1929 1205 1964 1235 &
1982 1204 2203 1236 confirmationis
2223 1205 2392 1247 infringere,

1325 1240 1372 1270 vel
1385 1242 1410 1271 ei
1424 1241 1488 1272 ausu
1505 1244 1654 1274 temerario
1664 1244 1820 1281 contraire;

1360 1278 1453 1318 Siquis
1469 1289 1562 1311 autem
1573 1281 1632 1312 hoc
1645 1290 1809 1320 attemptare
1824 1279 1942 1318 praesum
1964 1280 2043 1321 serit,
2062 1280 2118 1311 indi
2139 1282 2283 1312 nationem
2295 1284 2391 1313 omni-

1323 1320 1446 1363 potentis
1467 1317 1543 1357 Dei,
1561 1320 1595 1351 &
1613 1320 1761 1351 beatorum
1783 1319 1859 1350 Petri
1877 1319 1910 1351 ὃς
1951 1320 2021 1359 auli,
2040 1319 2108 1359 Apo
2120 1320 2248 1351 'colorum
2268 1319 2344 1360 ejus,
2361 1322 2389 1353 se

1323 1365 1435 1388 noverit
1449 1358 1633 1389 incursurum.

2040 1437 2128 1465 Locus
2148 1438 2392 1474 stlonogrammatir

1429 1472 1548 1504 Sanetus
1615 1471 1734 1504 sanetus

1437 1510 1535 1542 Petrus
1623 1511 1724 1542 Paulus
1914 1512 1973 1548 Ego
1988 1509 2154 1542 Alexander
2170 1512 2318 1544 catholicae
2332 1516 2388 1545 Ec-

1502 1550 1660 1581 Alexander
1877 1548 1957 1590 clifiae
1970 1549 2118 1588 Episcopus.

1406 1588 1659 1658 Domingsegffm
1672 1636 1754 1658 tuum
1910 1628 1972 1664 Ego
1984 1625 2135 1666 Stephanus
2147 1626 2328 1668 Praenestinus
2341 1631 2387 1659 Ε-

1439 1665 1469 1695 in
1489 1666 1598 1697 bonum
1608 1666 1718 1705 suscipe.
1868 1666 1997 1705 piscopus.

1911 1743 1970 1781 Ego
1986 1745 2087 1773 Frater
2100 1741 2249 1781 Johannes
2339 1746 2387 1774 Ἰῖ-

1874 1779 1927 1810 tuli
1951 1782 2047 1811 SanHi
2060 1783 2223 1811 Lawrentii
2235 1784 2265 1812 in
2278 1783 2388 1813 Lucina

1873 1818 2013 1849 Presbiter
2029 1819 2193 1850 cardinalis.

1915 1899 1975 1934 Ego
1995 1900 2096 1927 Frater
2113 1898 2194 1933 Hugo
2212 1894 2298 1926 'ntuli
2310 1899 2382 1928 San.

1872 1936 1927 1966 ‹31ae
1941 1934 2049 1966 Sabinae
2062 1935 2200 1966 Preshiter
2214 1935 2380 1968 Cardinalis.

1906 2014 1965 2050 Ego
1998 2012 2131 2044 Ricardus
2159 2014 2255 2044 Sanc‘li
2279 2011 2385 2052 Angeia·

1870 2053 1988 2084 Diaron.
2002 2052 2115 2082 Cardin.

1908 2129 1967 2165 Ego
1975 2129 2150 2158 Od't’avianus
2158 2127 2268 2158 Sanctia
2276 2131 2384 2159 Maria

1871 2167 1900 2196 r’n
1913 2170 1966 2197 via
1979 2166 2042 2197 lata
2059 2169 2198 2196 Diaconus
2213 2166 2382 2199 cardinalis.

1903 2245 1963 2281 Ego
1986 2244 2030 2274 W
2028 2242 2153 2273 illielmus
2167 2244 2263 2273 sanni
2277 2242 2381 2285 Eusta-

1864 2280 1918 2311 chii
1936 2284 2075 2312 Diaconus
2088 2281 2254 2312 cardinalis.

1352 2357 1371 2377 ¹*
1387 2357 1456 2389 Dat.
1475 2357 1543 2389 Nea
1583 2358 1602 2388 li
1622 2366 1672 2398 pei·
1693 2366 1812 2400 manum
1826 2356 1985 2389 Guillielmi
2004 2357 2134 2398 Magistri
2145 2358 2293 2390 Scolarum
2308 2358 2377 2391 Par-
2396 2353 2528 2392 ¹⁸1.90‹=.

1313 2405 1392 2427 men.
1408 2397 1520 2428 Samftae
1567 2406 1681 2427 omanae
1703 2395 1836 2426 Eccleiiae
1859 2397 2103 2434 Vicecancellarii,
2125 2398 2227 2435 quinto
2246 2396 2314 2428 Idfis
2335 2398 2378 2430 A-

1312 2435 1402 2473 prilis‚
1421 2435 1580 2467 Indiffione
1600 2435 1709 2466 decima
1729 2435 1827 2473 tertia,
1844 2434 2046 2466 Incarnationis
2061 2434 2200 2466 Dominae
2213 2436 2302 2466 Anno
2315 2437 2379 2467 mil-

1312 2474 1408 2505 lesimo
1429 2475 1623 2506 ducentesimo
1639 2473 1868 2514 quinquagesimo
1886 2475 2003 2514 quinto,
2021 2473 2206 2506 Pontificatfis
2223 2476 2294 2506 vero
2312 2473 2379 2506 Do-

1312 2514 1383 2545 mini
1399 2513 1551 2546 Alexandri
1564 2512 1650 2552 Papae
1663 2513 1754 2553 quarti
1767 2511 1857 2543 Anno
1871 2511 1979 2544 Primo.

1752 2589 1807 2619 Sub
1812 2588 1874 2632 filis
1880 2589 1976 2630 sericis
1982 2589 2063 2630 flavi
2075 2589 2202 2631 rubeique
2215 2588 2317 2623 coloris.

1570 2734 1690 2765 Littera
1708 2733 1838 2764 Henrici
1854 2733 1951 2763 Ducis
1968 2733 2111 2765 Saxoniae.

1308 2821 1380 2882 H
1413 2819 1472 2850 Dei
1488 2818 1588 2858 gratia,
1607 2816 1677 2847 Dux
1689 2814 1818 2846 Saxoniae
1831 2814 1864 2845 &
1879 2813 1988 2844 Comes
2002 2812 2139 2845 Palatinus
2153 2814 2248 2846 Rhen.
2267 2815 2370 2848 Dilec-
2387 2817 2465 2849 Ann.
2481 2820 2523 2855 D,

1385 2869 1393 2877 ·
1411 2866 1443 2888 to
1461 2857 1510 2887 suo
1526 2856 1659 2887 Domino
1679 2853 1718 2883 R.
1735 2852 1771 2883 de
1788 2852 1879 2883 Nova
1897 2852 1988 2890 Villa,
2013 2852 2136 2884 Domini
2150 2853 2237 2894 Regis
2255 2854 2367 2895 Angliae
2407 2867 2491 2887 1221,

1305 2896 1559 2933 Vicecancellario,
1575 2902 1700 2934 paratum
1713 2901 1781 2922 cum
1793 2892 1873 2922 omni
1888 2890 2041 2921 dilectione
2052 2891 2226 2932 obsequium.
2386 2899 2436 2925 An,
2448 2899 2476 2924 6.

1345 2936 1493 2974 Qioniam
1508 2944 1559 2964 vos
1570 2934 1710 2963 honorem
1726 2931 1760 2962 &
1775 2930 1935 2967 profectum
1949 2929 2078 2960 karissimi
2092 2931 2289 2970 consanguinei
2305 2943 2369 2963 nos·
2386 2939 2422 2961 H.
2444 2943 2468 2970 3.

1305 2976 1340 3007 tri
1362 2974 1485 3004 Domini
1498 2972 1538 3003 H.
1554 2972 1641 3011 Regis
1655 2969 1765 3009 Angliae
1782 2978 1815 2998 ex
1830 2968 1949 3000 veridica
1965 2968 2096 2999 relatione
2108 2969 2221 3009 diligere
2234 2971 2266 3001 &
2281 2970 2369 3002 affec-
2386 2976 2427 2999 Ex
2445 2975 2519 3011 Orig‚·

1305 3023 1362 3045 tare
1381 3012 1595 3052 cognoscimus,
1609 3010 1670 3041 sane
1690 3007 1820 3046 quaedam
1841 3007 1923 3037 ardua
1944 3008 1977 3038 ὃς
1991 3007 2110 3046 secreta,
2127 3018 2191 3048 quae
2205 3009 2291 3039 nobis
2303 3010 2368 3041 insi-
2385 3010 2457 3047 infra

1304 3060 1388 3084 nuata
1405 3051 1481 3085 sunt,
1499 3052 1611 3087 negotia
1626 3058 1675 3089 per
1689 3046 1824 3077 dileStum
1839 3045 1966 3076 nostrum
1984 3045 2023 3076 R.
2039 3046 2155 3077 latorem
2171 3047 2367 3087 praesentium,
2387 3051 2490 3077 Turrim

1303 3090 1446 3132 quondam
1467 3082 1591 3120 Domini
1611 3086 1788 3126 Imperatoris
1808 3085 1895 3115 fratris
1913 3084 2002 3115 nostri
2018 3086 2072 3125 piae
2087 3087 2236 3116 memoriae
2252 3086 2367 3118 familia·
2383 3087 2495 3118 London.

1304 3140 1382 3168 rem,
1399 3129 1515 3165 dignm-i
1531 3128 1662 3158 duximus
1675 3123 1855 3162 exponenda,
1871 3133 1934 3164 quae
1950 3122 2082 3162 quidem,
2101 3124 2168 3154 Deo
2183 3123 2283 3164 dante,
2302 3126 2364 3157 tarn

1303 3169 1420 3211 praefato
1427 3160 1520 3197 immi
1532 3177 1573 3195 *no
1591 3164 1689 3195 nostro
1703 3163 1930 3202 consanguineo,
1949 3163 2034 3201 quarn
2047 3162 2078 3193 R
2134 3173 2171 3201 o,
2186 3173 2300 3194 necnon
2312 3165 2366 3196 toti

1303 3208 1400 3239 nostro
1421 3216 1487 3246 goie<
1576 3201 1740 3234 immensam
1754 3209 1885 3239 poterunt
1898 3201 2045 3241 pervenire
2058 3200 2108 3231 sub
2119 3201 2294 3233 imationem.

1338 3247 1427 3286 Super
1447 3245 1495 3274 liii,
1530 3246 1598 3278 ,χὲῑῑῑῑ
1611 3252 1661 3273 vos
1671 3264 1679 3278 ,
1698 3250 1750 3270 una
1765 3250 1833 3270 cum
1849 3240 1906 3270 aliis
1920 3239 1955 3270 de
1969 3239 2088 3271 consilio
2106 3239 2194 3280 Regis
2208 3241 2242 3271 &
2254 3240 2369 3282 Regni,

1322 3285 1420 3316 rovide
1442 3284 1474 3314 ἃ
1498 3277 1603 3312 πὶῖτίῑς
1625 3280 1820 3318 deliberantes,
1838 3288 1887 3317 per
1921 3278 2049 3309 raefatum
2064 3277 2103 3308 R.
2121 3278 2242 3309 similiter
2253 3289 2322 3310 cum
2336 3290 2368 3310 a-

1312 3327 1340 3355 io
1359 3324 1439 3354 bono
1463 3322 1495 3352 δί
1516 3321 1634 3351 disciezo
1657 3318 1690 3347 N
1695 3319 1797 3356 uncio,
1812 3317 1848 3348 de
1868 3327 1908 3348 vo
1919 3325 2014 3348 untate
2036 3316 2128 3347 vestra
2147 3327 2200 3348 nos
2214 3317 2271 3348 fine
2284 3327 2367 3349 mora

1301 3363 1418 3394 reddatis
1437 3361 1585 3395 certiores,
1604 3367 1654 3387 1103
1675 3357 1751 3386 enim
1773 3357 1806 3387 &
1829 3358 1858 3386 in
1877 3357 1944 3394 hiis,
1962 3356 1996 3386 &
2014 3357 2044 3386 in
2063 3355 2196 3386 omnibus
2209 3357 2265 3387 aliis
2299 3366 2365 3397 quae

1302 3401 1434 3433 Domino
1454 3399 1528 3436 Regi
1542 3399 1575 3428 &
1596 3396 1701 3434 Regno
1716 3394 1843 3433 prodesse
1855 3395 2017 3432 videantur,
2035 3393 2159 3432 semper,
2176 3394 2245 3427 sicut
2256 3379 2293 3427 d’e
2305 3398 2364 3435 jure

1302 3448 1447 3475 tenemur,
1465 3435 1582 3468 consilio
1596 3436 1764 3475 reperiemur
1776 3433 1888 3465 studiosi
1900 3433 1934 3465 &
1946 3442 2032 3474 opere
2047 3431 2184 3464 efficaces.

1339 3516 1475 3548 Domino
1490 3513 1531 3544 R.
1545 3512 1581 3544 de
1596 3511 1760 3543 Novavilla.

313 3682 524 3721 FINIS
574 3687 790 3724 TOMI
839 3690 1079 3725 PRIMI
1132 3682 1596 3724 EDITIONIS
1643 3677 2240 3717 LONDINENSIS.

2260 4039 2364 4084 Aac,
