2570 4261
228 163 305 203 118

76 268 153 303 ‘Amr
168 271 212 303 D.

100 318 184 350 1235.

78 355 142 379 Hen.
161 359 187 387 3,
229 333 279 365 De
304 330 496 378 compellendo
521 334 666 365 Comitem
687 331 839 365 Marchiae
861 333 906 366 ad
922 332 1120 380 praestandum
1147 330 1290 377 affinfhm

438 379 533 424 suum
555 383 680 428 Treugis
701 393 769 414 cum
785 384 917 415 Francia
935 381 1080 415 ineundis.

77 460 155 492 Arm.
169 460 212 492 D.
227 460 351 519 REX
371 463 480 494 dilectis
493 465 543 496 sibi
561 467 590 496 in
604 465 722 498 Christo
735 466 948 498 Archidiacono
968 464 1206 509 Cantuariensia&
1221 463 1291 493 Ma:

99 508 181 539 ¹235·
247 538 251 543 ὓ
305 501 394 540 gistris
409 501 442 532 P.
461 502 497 534 de
511 503 693 544 Columpna,
711 507 744 538 ὃ(
758 506 879 546 Hugoni
894 506 974 537 Pisan
987 503 1288 542 Canonicis,mFran-

75 542 129 566 An.
149 549 190 574 ¹9·
225 547 267 567 cia
280 543 541 583 commorantibus,
559 543 682 575 salutem.

74 582 110 604 H.
130 586 154 612 3·
262 578 403 616 Qamvis
423 581 586 612 mandatum
606 581 807 621 Apostolicum
828 584 910 613 vobis
931 582 1073 612 directum
1087 603 1097 619 ‚
1122 579 1180 610 sine
1200 579 1288 610 caufae

72 614 208 649 claus.19.
225 619 404 659 monitione,
418 620 480 657 jure
494 620 602 658 possitis
616 623 731 659 exequi,
745 620 947 659 compellendo
962 631 1011 658 per
1024 620 1168 650 censuram
1183 617 1287 648 Eccle-

73 656 110 679 H-
128 661 153 688 3-
165 659 192 689 p-
224 639 359 687 fiafficam
374 681 384 696 ‚
406 660 566 689 monitione
586 659 727 697 praemiffa
742 683 751 697 ,
777 659 927 690 Comitem
950 659 1091 689 Marchiae
1105 657 1140 688 ad
1153 656 1287 701 praestan-

74 699 100 717 2·
117 700 153 716 ⁷²¹·
169 699 196 726 5·
222 691 292 723 dum
311 695 449 727 affensum
468 697 550 727 suum
567 699 670 737 treugis
686 722 695 736 ,
721 698 849 728 ineundis
870 700 942 728 inter
958 698 1072 737 Regem
1088 696 1230 735 Franciae,
1249 696 1282 727 δ(-

71 728 149 765 dorso.
221 738 290 769 nos,
306 744 360 764 nec
376 735 444 765 esset
460 734 572 765 necesse
586 736 677 766 facere
690 746 743 767 rios
758 746 867 774 partem
879 738 909 766 in
943 736 1041 766 raefato
1055 746 1075 766 n
1111 736 1190 773 otio;

260 767 305 801 Ex
323 773 494 804 habundanti
516 783 611 805 tamen
625 774 743 806 dilectos
757 776 841 805 nobis
855 777 883 804 in
898 774 926 805 C
962 774 1033 812 isto,
1054 774 1101 805 Ab
1123 783 1197 804 atem
1213 773 1284 803 San-

223 808 279 839 &ae
294 809 463 850 Radegund.
479 814 513 844 &
529 812 644 844 fratrem
659 813 823 844 Henricum
837 813 1021 844 Canonicum
1040 813 1121 844 suum
1138 836 1148 852 ,
1173 812 1284 843 Procu—

222 855 324 879 ratores
344 849 458 882 nostros
479 851 676 883 constituimus
689 875 699 890 ‚
723 861 833 892 gramm
849 854 883 884 &
905 862 997 883 ratum
1012 851 1132 882 habituri
1145 851 1281 890 quicquid

223 885 300 917 idem
313 888 409 919 Abbas
422 891 455 921 &
471 889 653 929 canonicus,
671 890 717 921 vel
740 901 841 921 eorum
859 891 927 922 alter
944 891 975 928 (si
987 890 1107 929 reliquus
1123 900 1184 920 non
1198 891 1283 920 inter-

220 924 264 962 sit)
279 927 307 956 in
323 927 441 964 praefato
454 930 570 969 negotio
583 939 760 967 treugarum,
779 938 914 968 quatenus
935 940 987 960 nos
1002 931 1021 949 ²¹⁵
1037 930 1194 969 contingit,
1211 938 1284 972 con-

219 972 261 994 tra
275 964 444 1002 praedictum
459 967 609 998 Comitem
627 966 767 998 Marchiae
777 993 786 1006 ‚
804 968 850 999 vel
865 968 1047 1007 quoscunque
1060 968 1144 1006 alios,
1163 967 1282 1006 praedic-

219 1010 310 1033 tarum
330 1012 490 1044 treugarum
514 1007 696 1046 impeditores
712 1031 723 1046 ,
746 1017 847 1038 coram
867 1008 951 1039 vobis
964 1031 974 1046 ,
999 1006 1139 1038 mediante
1153 1005 1257 1046 justitia
1271 1031 1282 1045 ,

216 1040 326 1072 duxeii't
338 1042 506 1075 faciendum.

251 1117 342 1150 Teste
358 1119 441 1162 Rege
454 1122 528 1161 apud
539 1122 666 1155 Westm.
684 1123 779 1162 primo
791 1123 837 1155 die
853 1122 934 1154 Maii.

71 922 120 949 Ἰ.
138 930 201 959 340.

533 1246 696 1294 Ejusmodi
711 1250 830 1282 Litterae
846 1246 966 1294 eisdem.

63 1326 141 1358 Arm.
154 1326 195 1358 D.
214 1330 269 1385 R
278 1330 303 1362 E
313 1330 345 1362 X
372 1331 474 1364 eisdem
488 1333 612 1365 salutem.

85 1375 156 1405 1235
160 1390 167 1396 ·
249 1405 254 1410 ,
305 1370 385 1401 Cum
401 1381 436 1402 ex
446 1373 654 1413 jurisdietione‚
672 1373 756 1405 vobis
769 1382 784 1403 a
798 1372 932 1404 Domino
943 1372 1018 1411 Papa
1033 1373 1184 1404 commissa
1191 1373 1276 1413 ‚pos-

61 1408 113 1433 An.
138 1415 180 1441 ¹9·
213 1403 285 1448 fitls,
303 1411 463 1441 monitione
476 1412 631 1451 praemiffa,
649 1422 699 1449 per
716 1412 860 1443 censuram
881 1411 1106 1442 Ecclesiasticam
1120 1411 1273 1444 Comitem

61 1448 90 1470 H
92 1464 98 1488 ·.
121 1453 146 1480 3—
214 1441 355 1489 Marchiae
366 1448 398 1479 ad
416 1450 603 1486 praestandum
615 1451 753 1482 assensum
766 1451 846 1481 suum
857 1451 975 1494 treugis,
983 1452 1055 1481 inter
1067 1451 1181 1490 Regem
1188 1451 1276 1482 Fran—

59 1482 163 1511 Jbidem.
211 1493 265 1514 ciae
279 1488 312 1517 &
328 1497 380 1517 nos
394 1488 522 1519 ineundis
535 1491 725 1529 compellere:
746 1489 785 1520 Et
805 1489 901 1520 nostra
917 1489 1022 1520 interfit
1035 1488 1127 1520 eidem
1141 1489 1275 1530 Comiti,

209 1523 257 1553 vel
283 1525 509 1565 quibuscumque
526 1528 583 1558 aliis
596 1552 607 1568 ,
639 1529 801 1561 volentibus
822 1527 970 1567 predictas
989 1537 1098 1568 treugas
1119 1528 1275 1568 impedire,

208 1570 461 1634 noisxlzxiipgfflrnet‘es
477 1603 558 1635 dieto
572 1607 708 1644 negotio,
727 1613 863 1644 quatenus
884 1615 937 1636 nos
949 1606 1106 1646 contingit,
1125 1606 1274 1644 personali-

207 1647 251 1670 ter
263 1641 407 1681 interesse,
425 1652 478 1673 nos
488 1642 607 1674 dilectos
620 1646 702 1677 nobis
717 1644 872 1676 inChristo
889 1645 1051 1683 Abbatem,
1066 1645 1127 1677 διε.
1145 1652 1177 1675 ut
1185 1644 1273 1686 fiapra

210 1681 239 1708 in
248 1684 437 1719 procuratione
446 1683 618 1722 praecedenti.

245 1756 352 1798 Teste,
369 1759 431 1792 &c.

257 1885 316 1916 Pro
335 1884 469 1917 Henrico
494 1886 581 1919 Duce
601 1882 801 1933 Lotliaringiae
812 1914 821 1928 ‚
847 1884 883 1919 de
899 1883 1004 1920 honore
1020 1886 1056 1920 de
1071 1889 1138 1935 Eya
1154 1899 1223 1920 cum

626 1946 823 1982 perllnentlls.

54 1999 132 2030 Arm.
147 1999 188 2031 D.

76 2047 160 2078 1235.

52 2082 107 2105 An.
129 2088 169 2113 19.

208 2019 336 2075 REX
361 2020 496 2051 omnibus
510 2044 521 2059 ‚
544 2019 579 2051 ad
601 2031 673 2061 quos
692 2021 838 2061 praesentes
859 2022 959 2053 litterae
980 2021 1184 2061 pervenerint,
1201 2021 1270 2054 salu-

314 2068 352 2088 m.

227 2133 232 2138 ⁸
245 2067 343 2128 Scffns
356 2097 434 2166 guod
450 2097 640 2130 concessimus
654 2098 760 2130 dilecto
781 2100 864 2130 nobis
878 2098 1010 2131 Henrico
1023 2099 1102 2130 Duci
1119 2099 1271 2131 Lotharin-

205 2140 275 2172 giae,
296 2146 354 2174 quo
395 2136 415 2165 si
438 2138 548 2167 venerit
566 2138 602 2168 ad
623 2148 676 2169 nos
696 2139 725 2168 in
746 2137 897 2178 Angliam,
915 2138 984 2168 infra
998 2148 1089 2169 unum
1110 2138 1239 2169 mensem
1254 2149 1269 2170 a

204 2171 250 2201 die
263 2174 359 2205 Saneti
374 2174 541 2213 Michaelis,
563 2186 638 2208 anno
652 2176 748 2213 Regni
761 2176 849 2207 nostri
863 2177 978 2207 decimo
990 2187 1088 2215 nono,
1105 2186 1158 2207 nos
1171 2177 1271 2208 redde-

204 2219 268 2242 mus
283 2213 376 2243 eidem
390 2213 470 2244 Duci
485 2214 643 2245 Honorem
657 2215 693 2245 de
708 2215 766 2255 Eya
779 2226 847 2246 cum
862 2217 1035 2254 pertinentiis
1048 2216 1100 2246 suis
1117 2239 1128 2253 ,
1145 2216 1179 2247 &
1192 2215 1269 2247 idem

203 2248 274 2280 Dux
291 2260 360 2283 tunc
375 2252 459 2283 faciet
471 2254 555 2283 nobis
567 2253 632 2285 inde
647 2253 676 2284 id
691 2253 770 2292 quod
785 2254 868 2285 nobis
882 2254 975 2285 facere
988 2254 1111 2285 debebit.

217 2328 222 2333 ¹
243 2288 297 2328 Et,
316 2290 336 2321 fi
359 2290 432 2321 forte
454 2293 600 2330 contingat
621 2291 698 2331 quod
722 2292 777 2330 ipse
791 2293 959 2331 praepeditus
970 2293 1067 2331 fuerit,
1087 2302 1121 2323 ex
1137 2294 1215 2324 causa
1228 2304 1270 2326 ra-

202 2329 347 2367 tionabili,
366 2340 425 2368 quo
438 2332 532 2361 minus
547 2331 725 2368 personaliter
740 2355 750 2369 ‚
768 2332 802 2362 ad
815 2331 962 2369 praefatum
977 2333 1150 2370 terminum,
1167 2332 1202 2362 ad
1217 2342 1271 2364 nos

203 2366 234 2396 in
258 2366 391 2408 Angliam
414 2370 512 2399 venire
535 2369 620 2407 possit
634 2393 644 2409 ,
671 2369 860 2400 conceffimus
881 2372 906 2401 ei
929 2370 1008 2409 quod
1021 2371 1158 2401 mittatad
1171 2381 1224 2402 nos
1240 2373 1269 2401 in

201 2404 353 2446 Angliam,
371 2406 533 2438 Henricum
547 2407 636 2439 filium
650 2407 747 2446 suum,
766 2419 835 2439 curn
849 2409 944 2439 litteris
960 2409 1042 2447 ipsius
1059 2409 1151 2440 Ducis
1173 2418 1270 2448 paten-

201 2444 275 2474 tibus
296 2447 330 2477 &
352 2445 585 2485 protestantibus,
604 2446 683 2485 quod
706 2446 876 2484 praedictum
891 2446 1048 2479 Honorem
1062 2449 1087 2478 ei
1102 2447 1270 2487 reddamus;

714 2486 747 2515 lia
761 2485 795 2515 ad
814 2486 963 2524 praefatum
977 2486 1132 2517 terminum
1141 2511 1151 2524 ,
1161 2488 1203 2531 .&
1216 2497 1270 2531 nos

52 2139 113 2182 Pit.
131 2137 185 2191 '¹9-

53 2197 186 2230 H.3.m.9.

202 2483 631 2568 letissleildlofiiliopssiiofitreiifflggsusn
635 2534 691 2562 prae
704 2525 803 2568 ¹ictum
824 2524 1000 2569 Honorem,
1015 2534 1085 2569 cum
1097 2527 1270 2569 pertinentiis

202 2559 324 2629 guxb’b&
346 2561 423 2592 idem
444 2561 514 2593 filius
535 2563 620 2594 saciet
639 2563 723 2593 nobis
744 2573 796 2601 pro
816 2563 844 2594 se
862 2563 891 2594 id
907 2563 987 2602 quod
999 2564 1083 2594 nobis
1098 2563 1163 2595 inde
1178 2564 1270 2596 facere

225 2608 241 2628 e
262 2609 278 2629 e
299 2608 329 2630 it.

236 2636 293 2676 Et,
310 2638 328 2668 si
342 2639 437 2678 aliquo
450 2640 513 2671 casu
525 2641 711 2680 contingente
725 2639 856 2678 praesatus
869 2639 940 2671 Dux
949 2664 958 2679 ‚
975 2641 1020 2672 vel
1035 2640 1186 2679 praedictus
1199 2639 1270 2672 filius

202 2675 280 2714 suuS,
298 2676 332 2707 ad
355 2679 502 2716 praefatum
521 2680 692 2717 terminum,
710 2678 745 2708 ad
762 2689 815 2709 nos
834 2681 864 2709 in
880 2678 983 2716 Anglia
996 2689 1056 2710 nori
1070 2681 1218 2718 venerint,
1236 2689 1271 2710 ex

200 2715 280 2744 causa
296 2717 451 2747 rationabili
466 2717 625 2755 praepediti,
643 2716 834 2748 concessimus
854 2717 946 2748 eidem
967 2717 1048 2748 Duci
1067 2717 1163 2756 quod,
1182 2727 1271 2756 quan-

200 2752 368 2794 documque
390 2756 446 2793 ipse
463 2781 472 2794 ,
496 2757 540 2786 vel
563 2756 712 2794 praeditfftus
732 2756 801 2786 filius
819 2756 881 2786 suus
895 2756 929 2786 ad
945 2766 998 2786 nos
1011 2757 1040 2786 in
1056 2756 1157 2796 Anglia
1190 2756 1269 2787 ostea

200 2793 326 2832 venerit,
344 2795 414 2824 citra
428 2794 549 2833 Pascha,
566 2805 643 2825 anno
657 2794 752 2833 Regni
764 2794 852 2825 nostri
863 2794 1015 2833 vicesimo,
1034 2794 1103 2826 Nos
1119 2794 1167 2825 red
1188 2804 1268 2825 emus

200 2830 242 2865 ei,
263 2831 309 2860 vel
329 2831 387 2862 filio
410 2833 459 2863 suo
481 2833 620 2871 praedieto
637 2856 647 2872 ,
673 2832 692 2863 si
714 2832 791 2863 idem
812 2832 882 2863 Dux
902 2833 936 2863 ad
951 2843 1003 2863 nos
1019 2835 1047 2864 in
1063 2833 1196 2873 Angliam
1209 2843 1271 2864 non

203 2870 312 2899 venerit
324 2894 334 2907 ,
359 2871 529 2908 praedietum
551 2871 708 2903 Honorem
723 2895 733 2911 ,
758 2881 827 2903 cum
841 2873 1011 2910 pertinentiis
1027 2872 1096 2911 suis,
1114 2872 1269 2904 secundum

203 2905 328 2937 formam
343 2909 515 2945 praedietam.

242 2943 276 2973 In
292 2947 389 2985 cujus,
407 2949 466 2979 ἃς.

241 3022 333 3054 Teste
348 3024 432 3064 Rege
445 3025 518 3066 apud
533 3026 733 3066 Sandwicum,
751 3028 870 3066 septimo
884 3027 930 3058 die
946 3026 1029 3058 Maii.

570 3172 628 3202 Pro
647 3172 723 3216 Rege
739 3171 904 3204 Navarra.

51 3249 128 3280 Anii.
141 3249 181 3280 D.
201 3252 342 3313 NOS
368 3254 530 3293 Henricus‚
549 3254 607 3285 Dei
619 3254 726 3297 gratia,
740 3254 806 3285 Rex
823 3254 951 3295 Angliae,
970 3256 1030 3286 &c.

77 3297 159 3327 1235-
315 3293 435 3324 Notum
464 3293 582 3324 facimus
609 3295 741 3324 univerlis
756 3317 765 3331 ,
796 3294 941 3330 praesentes
962 3294 1064 3325 litteras
1083 3294 1130 3324 ins
1131 3293 1266 3332 sentiris,

50 3331 105 3354 An.
128 3338 169 3362 ¹9·
203 3329 280 3367 quod
295 3341 347 3361 nos
362 3332 399 3362 de
415 3332 520 3371 Regno
536 3332 636 3363 nostro
650 3332 782 3368 Angliae,
798 3333 831 3362 &
845 3332 881 3362 de
895 3333 972 3362 terris
987 3332 1089 3363 nostris
1147 3333 1266 3362 asconiae

52 3370 88 3392 H.
111 3375 135 3401 3-
201 3370 235 3399 &
256 3368 414 3408 Pictavi&
441 3373 474 3402 ὃ(
496 3371 532 3401 de
553 3371 718 3401 hominibus
740 3370 863 3407 ejusdem
876 3371 972 3410 Regni
989 3371 1116 3411 Angliae,
1134 3372 1168 3402 ὃς
1182 3379 1267 3400 terra-

47 3403 186 3440 Claus.19.
205 3416 270 3436 rum
290 3408 504 3448 praediCtarum,
523 3409 709 3440 ass‘ecuramus
722 3408 860 3439 dilectum
879 3409 1120 3446 consanguineum
1137 3408 1267 3439 nostrum

48 3445 83 3468 H·
96 3450 120 3476 3-
131 3448 185 3479 P-2-
202 3444 363 3475 Theobald.
383 3447 480 3478 eadem
504 3449 591 3488 gratia
605 3471 615 3485 ,
639 3447 774 3478 illustrem
794 3446 909 3486 Regem
925 3447 1082 3486 Navarrae,
1100 3447 1266 3485 Campaniae

49 3488 86 3507 m·
100 3488 129 3515 4·
202 3483 237 3513 &
258 3481 329 3512 Briae
349 3483 498 3517 Comitem
519 3486 676 3518 Palatinum
691 3510 701 3523 ,
725 3487 759 3517 &
780 3485 909 3515 homines
928 3485 992 3515 suos
1004 3509 1014 3523 ,
1037 3496 1070 3516 ac
1091 3496 1134 3515 res
1148 3496 1266 3524 eorum,

202 3520 291 3588 usqffe
310 3521 343 3564 ad
353 3533 453 3590 (finum
476 3535 583 3556 annum
597 3549 606 3563 ,
633 3524 784 3563 postquam
803 3523 937 3562 praedicta
959 3524 1124 3556 assecuratio
1139 3534 1174 3556 ex
1190 3533 1267 3563 parte

206 3569 247 3589 no
274 3568 302 3588 ra
316 3569 341 3588 ei
382 3570 469 3593 cetur.

241 3596 277 3627 In
292 3598 387 3635 cujus,
405 3601 465 3630 ἃς.

236 3672 328 3704 Teste
344 3673 427 3711 Rege
439 3677 512 3713 apud
529 3676 667 3709 Mereton
677 3702 686 3716 ,
702 3678 827 3709 secundo
842 3678 888 3709 die
897 3678 984 3717 Junii.

683 3761 700 3768 -ο

48 3802 100 3829 ’Ῑ·
119 3810 188 3838 34¹·
204 3804 230 3831 ὃ*
256 3808 377 3838 Littera
404 3807 515 3837 Camiri
539 3806 693 3841 Sabaudiae
717 3808 754 3841 de
779 3813 973 3842 matrimonio
1001 3822 1071 3844 cum
1091 3810 1266 3853 Alianora‚

50 3839 126 3869 Arm*
143 3838 184 3869 D·
236 3853 309 3897 filia
341 3853 512 3902 Raymundi
544 3857 666 3889 Comitis
690 3860 853 3891 Provinciae
870 3884 881 3900 ‚
915 3869 995 3904 nepte
1025 3860 1089 3905 ejus
1106 3886 1117 3902 ,
1148 3868 1269 3892 contra-

73 3885 158 3915 1235.
250 3900 355 3935 hendo.

46 3919 99 3943 An.
121 3926 163 3950 ¹9·

45 3958 183 4028 ἕίαιῗῄιρ,
198 3985 421 4046 HEnrieus,
437 3986 496 4016 Dei
509 3986 613 4025 gratia,
630 3986 697 4032 Rex
714 3989 843 4029 Angliae,
862 3990 922 4034 &e
938 3992 1037 4035 amieo
1058 3992 1109 4023 suo
1123 3992 1266 4024 kariffimo

45 4033 79 4055 H.
91 4036 178 4066 3.p.2,
291 4025 381 4055 nobili
393 4035 475 4063 viro,
494 4025 529 4054 A.
550 4025 711 4063 sabaudiae,
730 4028 763 4057 ὃς
780 4028 945 4058 Marchiom
957 4029 1060 4068 Italiae,
1079 4031 1203 4062 salutem.

45 4076 71 4093 m
104 4076 122 4102 4
238 4063 361 4097 Gratam
374 4064 457 4095 nimis
469 4064 502 4095 ὃς
515 4072 662 4102 acceptam
676 4064 809 4097 habentes
822 4067 1016 4105 voluntatem,
1038 4078 1103 4106 quae
1118 4079 1171 4101 nos
1187 4070 1267 4101 indu-

48 4089 118 4140 dorso
122 4088 133 4134 s

670 157 1471 206 CONVENTIONES,

1540 157 1929 210 LITERAE,

1331 244 1370 274 cit
1381 242 1416 273 ad
1432 242 1526 273 foedus
1540 244 1671 276 amicitiae
1685 246 1756 276 inter
1770 255 1823 275 nos
1840 246 1873 276 ὅτ
1888 254 1941 276 vos
1955 243 2111 276 ineundum
2123 268 2133 283 ,
2151 244 2222 277 sicut
2236 247 2308 278 inter
2318 256 2391 286 prae-
2407 240 2483 275 Ann.
2496 245 2538 277 D.

1331 281 1489 311 decessores
1507 282 1619 313 nostros
1638 284 1672 314 ὅ(
1692 284 1801 315 vestros
1822 292 1935 314 mutuus
1956 282 2065 321 semper
2078 285 2167 315 extitit
2182 284 2339 317 dileffionis
2351 289 2391 320 af-
2428 292 2512 325 1235·

1331 319 1439 358 fectus,
1458 321 1643 351 finceritatern
1664 322 1786 353 vestram
1808 321 1874 351 inde
1893 322 2006 359 copiosa
2027 322 2221 361 prosequimur
2240 327 2391 363 gratiarum
2409 327 2470 352 ΗΜ.
2493 333 2517 361 3-

1331 358 1462 397 aCtione,
1480 360 1638 398 cupientes,
1656 369 1794 398 quantum
1808 361 1837 390 in
1850 361 1932 390 nobis
1947 360 2005 398 est,
2023 361 2103 399 quod
2119 363 2265 394 contracta
2279 363 2389 396 dudum

1328 397 1402 436 inter
1421 399 1614 437 progenitores
1633 399 1744 429 nostros
1759 422 1769 438 ‚
1793 400 1915 429 amicitia
1932 398 2034 429 nostris
2054 409 2115 430 non
2129 399 2240 432 deficiat
2253 405 2390 441 tempori-

1337 438 1400 472 bus,
1418 436 1458 466 set
1471 437 1564 473 potius
1578 435 1701 475 suscipiat
1713 439 1934 468 incrementum,

1367 473 1477 504 Verum
1493 484 1561 504 cum
1583 485 1672 513 nuper
1691 477 1762 506 inter
1785 486 1837 506 nos
1855 477 1890 507 &
1912 486 1965 506 vos
1977 476 2107 507 tractatus
2119 476 2269 510 haberetur
2281 479 2318 511 de
2333 480 2388 513 filia

1329 509 1450 542 Nobilis
1463 513 1516 543 viri
1530 512 1656 544 Comitis
1671 514 1849 553 Provinciae,
1867 523 1951 552 nepte
1966 514 2058 545 vestra
2072 539 2081 552 ,
2106 514 2235 547 ducenda
2262 519 2291 548 in
2313 529 2386 551 mro-

1328 559 1408 588 rem,
1426 550 1462 580 de
1483 553 1668 583 matrimonio
1687 554 1759 583 inter
1774 563 1826 583 nos
1840 553 2034 583 contrahendo
2046 553 2185 585 fueramus
2197 563 2265 586 tunc
2279 567 2386 596 praepe-

1327 587 1393 625 diti,
1412 598 1448 618 eo
1469 589 1546 627 quod
1567 591 1596 620 in
1609 590 1695 621 filiam
1709 591 1851 630 cujusdam
1866 592 1968 621 nobilis
1981 591 2172 623 consensimus
2186 603 2237 631 per
2250 596 2336 626 verba
2351 597 2388 628 de

1327 627 1469 665 praesenti,
1490 629 1524 658 ὃς
1539 629 1594 668 ipsa
1606 638 1738 660 mutuum
1753 631 1782 659 in
1794 640 1847 660 nos
1862 629 2030 660 consensum
2042 630 2169 668 praestitit
2188 641 2238 669 per
2253 642 2388 670 procura-

1326 672 1421 695 torem
1435 665 1515 695 suum
1552 667 1586 696 ad
1600 667 1658 698 hoc
1671 668 1824 706 specialiter
1837 668 2024 700 constitutum
2038 693 2049 707 2
2064 670 2239 701 sacramento
2251 681 2388 710 corpora-

1325 702 1387 734 liter
1399 704 1467 734 hinc
1482 689 1548 735 inde
1560 705 1696 742 praestito.

1363 742 1412 772 Set
1425 742 1581 773 audivimus
1594 744 1690 781 postea
1704 745 1758 775 tale
1770 745 1879 776 subesse
1897 746 2137 785 impedimentum
2151 771 2160 785 ,
2175 746 2242 779 licet
2254 756 2388 788 tempore

1324 782 1487 812 contractus
1502 781 1530 812 id
1544 784 1652 820 penitus
1666 784 1887 823 ignorassemus,
1905 785 1984 823 quod
1997 785 2096 816 incerti
2110 785 2203 816 sumus
2217 795 2314 819 utrum
2321 799 2387 828 pos-

1323 819 1356 850 sit
1371 821 1443 850 inter
1458 830 1510 850 nos
1523 821 1737 852 matrimonium
1749 823 1919 860 praedictum
1932 824 2131 854 consummari.

1361 857 1442 889 Cum
1464 860 1548 896 igitur
1560 883 1569 897 ‚
1597 869 1647 897 pet
1661 862 1834 891 matrimonii
1845 862 1995 893 vii-iculum
2008 864 2115 901 potius,
2136 864 2224 902 quam
2237 875 2286 904 per
2298 865 2384 897 alium

1322 898 1453 928 amicitiae
1474 897 1655 929 contractum
1668 923 1678 937 ‚
1703 899 1871 931 affectemus
1898 900 1981 931 vobis
2002 901 2217 941 confoederari,
2241 905 2384 942 rogandos

1322 946 1375 966 vos
1389 936 1520 967 duximus
1535 938 1664 974 quatinus
1676 937 1712 968 de
1726 937 1860 975 praedieta
1872 947 1956 976 nepte
1969 938 2129 978 vestra,alii
2143 943 2386 975 matrimonialiter

1321 975 1482 1012 copulanda
1497 1000 1506 1014 ‚
1532 975 1618 1014 usque
1637 975 1671 1006 ad
1691 978 1847 1006 terminum
1861 999 1871 1015 ,
1897 987 1984 1015 quern
2005 977 2124 1009 dilectus
2143 980 2226 1010 nobis
2248 983 2326 1019 prior
2345 984 2383 1014 de

1321 1012 1407 1043 Hurl.
1427 1024 1514 1053 quem
1535 1014 1570 1044 ad
1591 1025 1644 1046 vos
1662 1014 1814 1053 specialiter
1833 1014 2002 1047 destinamus
2015 1041 2026 1055 ‚
2051 1026 2085 1048 ex
2099 1026 2175 1057 parte
2189 1019 2284 1051 nostra
2302 1022 2386 1053 vobis

1321 1061 1461 1092 exponet,
1477 1053 1608 1084 sustinere
1621 1054 1721 1086 velitis.

1358 1091 1437 1131 Qia
1449 1116 1459 1132 ‚
1483 1092 1503 1123 si
1519 1102 1580 1122 non
1603 1092 1685 1124 liceat
1704 1092 1739 1124 ad
1761 1092 1888 1131 praediCti
1905 1094 2081 1124 matrimonii
2100 1095 2379 1130 consummationem

1320 1129 1476 1168 procedere
1488 1156 1498 1169 ‚
1523 1131 1653 1163 voluntas
1673 1132 1767 1163 nostra
1786 1131 1828 1162 est
1848 1142 1917 1163 curn
1937 1131 2072 1170 praedieta
2091 1142 2176 1171 nepte
2189 1135 2280 1167 vestra
2291 1137 2382 1168 liben-

1320 1170 1392 1207 tius,
1411 1179 1498 1208 quam
1512 1180 1581 1202 cum
1593 1171 1684 1210 aliqua
1696 1171 1748 1202 alia
1760 1172 1975 1202 matrimonium
1988 1171 2164 1203 contrahere.

1319 1245 1645 1327 Re'ig’xeui't'egljceggapud
1654 1247 1830 1284 Wodestok.
1847 1248 1984 1283 vicesimo
2001 1247 2125 1282 secundo
2137 1249 2184 1282 die
2192 1250 2288 1290 Junii,
2305 1260 2380 1282 anno

1356 1366 1458 1395 Eodem
1472 1366 1547 1396 modo
1553 1365 1686 1405 scribitur
1702 1367 1746 1397 W.
1767 1364 1875 1407 Valenfi
1889 1364 2014 1408 Ecclqfiae
2027 1364 2132 1397 Elec‘lo.

1582 1493 1632 1524 De
1650 1489 1803 1525 Conduffu
1819 1493 1917 1525 Ducis
1936 1494 2120 1539 Norwagiae.

1314 1577 1463 1641 DUX
1488 1577 1659 1617 Norwagiae
1679 1577 1764 1609 habet
1782 1577 1884 1609 litteras
1905 1578 1941 1609 de
1962 1578 2108 1609 conduftu
2129 1577 2166 1609 de
2186 1579 2328 1611 veniendo
2350 1581 2380 1611 in
2397 1559 2473 1591 Am·
2485 1560 2519 1592 D
2520 1585 2528 1591 ·

1401 1617 1533 1657 Angliam
1545 1641 1555 1656 ,
1580 1617 1659 1647 causa
1678 1618 1906 1656 peregrinationis
1926 1617 2019 1648 versus
2038 1617 2160 1647 Terram
2180 1618 2302 1649 sanCtam
2315 1643 2325 1658 ,
2343 1620 2377 1650 δε
2418 1609 2502 1640 ¹²35*

1313 1656 1355 1685 ibi
1374 1655 1516 1687 morando
1531 1679 1541 1694 ‚
1566 1656 1600 1686 &
1620 1655 1686 1686 inde
1705 1654 1872 1687 transeundo
1892 1655 1983 1686 versus
1996 1656 2118 1687 Terram
2130 1656 2272 1696 sanctam,
2289 1659 2323 1690 δε
2336 1657 2374 1689 de
2392 1642 2445 1667 ‘⁴¹²³'
2467 1649 2499 1674 ¹9
2503 1660 2510 1667 “

1312 1694 1404 1725 Terra
1418 1694 1510 1725 saneta
1523 1694 1686 1733 redeund03
1910 1733 1915 1739 ,
1970 1733 1975 1738 ,
2060 1734 2065 1739 ,
2294 1735 2299 1740 .
2391 1682 2508 1750 3319.

1351 1733 1505 1764 Duratums
1523 1733 1610 1772 usque
1629 1733 1665 1765 ad
1685 1732 1801 1765 Festum
1820 1732 1917 1766 saneti
1930 1731 2096 1772 Michaelis,
2114 1743 2190 1765 anno
2205 1734 2302 1775 Regni
2314 1734 2379 1767 Re-
2393 1758 2528 1792 H.3.oe.7-

1312 1774 1356 1812 gis
1369 1772 1513 1805 vicelimo.

1349 1850 1440 1883 Teste
1452 1850 1536 1891 Rege
1546 1851 1619 1889 apud
1631 1849 1830 1889 Wudestoke,
1845 1849 1983 1882 vicesimo
1996 1849 2121 1882 secundo
2133 1849 2180 1882 die
2188 1849 2283 1890 Junii,
2300 1860 2380 1882 anno

1313 1893 1399 1929 Regni
1415 1889 1497 1930 nostri
1515 1890 1632 1921 decimo
1647 1899 1736 1920 nono⁴

1390 2015 1450 2046 Pro
1467 2015 1545 2060 Rege
1562 2015 1701 2047 Manniae
1710 2039 1721 2056 ,
1745 2012 1782 2046 de
1799 2011 1988 2057 custodienda
2003 2011 2120 2057 Costera
2133 2010 2299 2062 Hyberniae.

1382 2097 1447 2129 EX
1471 2098 1578 2130 dileeto
1589 2099 1623 2130 &
1637 2098 1711 2129 fideli
1723 2098 1772 2130 suo
1789 2098 1835 2129 M.
1853 2098 1912 2130 filio
1926 2098 2067 2138 Geroldi,
2080 2097 2242 2136 Justiciario
2255 2097 2305 2129 fiio
2316 2096 2376 2130 Hi-
2390 2087 2467 2120 Am·
2478 2088 2521 2120 D·

1394 2138 1501 2168 berniae
1513 2137 1636 2168 salutem.
2367 2177 2374 2182 ⁴
2410 2136 2499 2168 1235.

1349 2175 1448 2207 Sciatis
1463 2186 1515 2207 nos
1529 2175 1651 2214 dediffe,
1669 2176 1703 2208 δε
1717 2176 1804 2207 Carta
1817 2175 1913 2206 nostra
1932 2174 2115 2207 confirmaffe
2131 2174 2238 2206 dileeto
2251 2176 2285 2208 δε
2298 2174 2375 2207 fideli
2389 2171 2441 2195 An.
2462 2177 2507 2202 Ι9·

1311 2214 1412 2245 nostro
1431 2214 1527 2245 Olavo
1576 2215 1654 2252 Regi
1670 2215 1799 2245 Manniae
1819 2216 1854 2246 &
1866 2213 2037 2252 Insularum,
2076 2224 2110 2244 ro
2125 2214 2259 2254 homagio
2274 2214 2325 2245 suo
2339 2216 2373 2246 δε
2389 2210 2454 2234 Hen.
2475 2215 2501 2241 3·

1312 2254 1424 2285 sevitio
1446 2239 1622 2284 custodiendi
1636 2278 1646 2291 ,
1671 2253 1706 2284 ad
1728 2253 1841 2284 castum
1860 2253 1941 2283 suum
1955 2278 1966 2291 ‚
2067 2262 2144 2283 eram
2158 2252 2288 2296 MaiisA
2329 2253 2374 2284 11ae
2389 2248 2448 2272 Pati
2461 2253 2505 2278 ¹9·

1311 2292 1404 2323 versus
1418 2291 1589 2323 Hiberniam
1598 2315 1608 2331 ,
1623 2292 1657 2323 &
1670 2292 1762 2323 versus
1777 2291 1898 2322 Insulam
1913 2291 1949 2322 de
1964 2290 2102 2329 Mannia,
2120 2292 2154 2322 &
2169 2291 2292 2335 similiter
2362 2310 2377 2316 -
2390 2287 2418 2311 Η
2428 2281 2523 2320 3·⁷⁷¹·⁶·

1311 2340 1400 2362 teram
1422 2330 1512 2361 Maris
1531 2331 1681 2361 Hiberniae
1703 2331 1796 2362 versus
1816 2330 1949 2369 Angliam
1962 2354 1972 2368 ,
1991 2330 2025 2361 &
2038 2330 2132 2361 versus
2147 2329 2312 2368 praedictam
2327 2330 2376 2360 In-

1311 2370 1397 2400 sulam
1412 2368 1448 2399 de
1462 2369 1544 2400 Man.
1561 2380 1599 2400 ne
1612 2369 1769 2408 dampnum
1785 2368 1923 2408 praedictis
1937 2369 2015 2398 terris
2027 2368 2130 2399 nostris
2144 2368 2256 2406 Angliae
2269 2370 2304 2401 &
2317 2368 2376 2399 Hi-

1312 2409 1436 2446 berniae,
1454 2419 1509 2446 pro
1533 2408 1613 2446 poffe
1635 2409 1703 2447 suo,
1721 2418 1771 2445 per
1792 2407 1877 2438 Mare
1891 2408 1922 2436 in
1937 2406 2064 2437 Costeris
2084 2407 2136 2437 illis
2148 2406 2234 2444 poffit
2245 2409 2376 2446 evenire,

1333 2447 1491 2486 uadraginta
1510 2447 1642 2486 Marcas,
1660 2447 1693 2478 &
1715 2455 1832 2477 centum
1845 2445 2015 2476 Cmnnocos
2029 2445 2182 2483 frumenti,
2199 2446 2234 2477 &
2249 2447 2378 2486 quinque

1311 2458 1386 2517 dolia
1398 2487 1458 2517 vini
1472 2511 1483 2526 ,
1507 2485 1618 2523 singulis
1632 2486 1711 2516 annis
1729 2484 1909 2523 percipienda
1920 2484 1950 2514 in
1964 2493 2037 2515 terra
2048 2483 2144 2528 nostra
2156 2483 2323 2529 Hiberniae,
2341 2484 2377 2515 ad

1311 2525 1467 2558 terminum
1490 2524 1606 2555 Paschae
1618 2548 1628 2564 ,
1652 2534 1700 2562 per
1718 2533 1816 2554 manus
1826 2521 1976 2562 justiciarii
1987 2521 2076 2553 nostri
2091 2522 2259 2563 Hiberniae,
2277 2533 2379 2562 quam-

1312 2564 1359 2596 diu
1380 2563 1530 2602 praedictus
1549 2563 1615 2594 Rex
1631 2562 1761 2593 Manniae
1781 2563 1856 2593 bene
1868 2561 1902 2592 &
1916 2560 2035 2593 fideliter
2048 2561 2132 2592 nobis
2146 2561 2288 2601 servierit,
2306 2572 2379 2601 prae-

1312 2603 1398 2635 dietas
1410 2602 1543 2633 Costeras
1562 2600 1760 2633 custodiendo.

1351 2642 1369 2661 ⁴*
1385 2640 1423 2672 Et
1438 2640 1504 2671 ideo
1517 2640 1600 2672 vobis
1612 2639 1778 2670 mandamus
1791 2638 1870 2677 quod
1883 2637 2030 2682 praedictas
2045 2638 2225 2683 quadraginta
2241 2638 2378 2679 Marcas,
2392 2640 2409 2658 ¹*
2418 2640 2443 2669 Ι.
2461 2648 2526 2677 34²-

1311 2682 1345 2713 &
1367 2678 1519 2718 praedietos
1540 2687 1658 2709 centum
1679 2677 1849 2708 Crannocos
1870 2677 2005 2707 frumenti
2018 2700 2029 2715 ,
2051 2677 2086 2707 &
2106 2678 2241 2715 praedicta
2253 2681 2379 2717 quinque

1311 2720 1386 2750 dolia
1408 2718 1486 2756 vini,
1508 2716 1620 2756 singulis
1640 2717 1719 2747 annis
1737 2716 1762 2745 ei
1786 2715 1891 2745 habere
1910 2714 2121 2758 faciatis,·ficut
2135 2715 2304 2753 prae-dietum
2319 2717 2379 2756 est;

1309 2757 1473 2796 incipientes
1465 2757 1609 2824 stprimum
1620 2755 1774 2786 terminum
1788 2753 1823 2783 ad
1837 2752 1942 2785 Pascha
1960 2755 2099 2791 Proximo
2113 2761 2283 2793 venturum,
2299 2765 2378 2786 anno

1401 2805 1409 2825 i
1423 2805 1463 2825 no
1503 2805 1512 2824 1
1528 2803 1576 2823 20.

1312 2797 1477 2873 Rirgincujus
1498 2833 1539 2863 rei
1554 2831 1752 2864 testimonium
1770 2830 1819 2862 has
1833 2830 1933 2862 litteras
1948 2829 2057 2861 nostras
2069 2838 2196 2869 patentes
2208 2831 2294 2863 vobis
2308 2832 2377 2864 mit-

1311 2875 1405 2906 timus.

1347 2950 1439 2983 Teste
1451 2947 1535 2989 Rege
1546 2948 1620 2988 apud
1633 2946 1938 2986 Westmonasterium,
1954 2946 2111 2979 undecimo
2125 2947 2171 2979 die
2178 2947 2255 2986 Julii.

1418 3091 1468 3122 De
1484 3090 1597 3135 negotio
1614 3089 1802 3121 matrimonii
1820 3085 1967 3131 cumfilia
1984 3087 2108 3120 Comitis
2126 3087 2260 3120 pontivi.

1308 3173 1432 3238 REX
1464 3173 1607 3212 Magistro
1628 3172 1669 3203 R.
1692 3172 1728 3203 de
1752 3171 1918 3211 Langedon.
1941 3170 2156 3203 Archidiacono
2175 3169 2312 3203 Soefford.
2337 3170 2373 3204 &
2390 3174 2470 3207 Ann.
2479 3174 2522 3206 D.

1390 3212 1552 3243 Willielmo
1567 3212 1603 3242 de
1616 3210 1781 3242 Gloucestr.
1801 3211 1923 3241 salutem.
2307 3248 2314 3254 ι
2349 3248 2355 3254 .
2421 3222 2506 3253 1235-

1347 3252 1425 3290 Qia
1445 3251 1564 3282 consilio
1582 3249 1699 3288 nostro,
1718 3251 1764 3280 cui
1784 3248 1871 3280 fidem
1890 3249 2024 3280 adhibere
2042 3256 2189 3287 tenemur,
2207 3248 2274 3279 utile
2285 3257 2370 3292 nimis
2386 3257 2440 3281 An.
2456 3263 2502 3289 ¹9·

1307 3290 1419 3323 videtur
1432 3290 1466 3322 δί
1485 3290 1651 3327 expediens,
1662 3288 1748 3332 'quod'
1768 3290 1916 3328 negotium
1936 3287 2021 3332 fflssdffl
2039 3287 2075 3318 de
2097 3286 2294 3332 dispensatione
2312 3296 2368 3316 im-
2385 3296 2420 3320 H.
2442 3300 2468 3328 3.

1307 3327 1439 3368 petranda
1453 3352 1463 3367 ,
1489 3326 1568 3365 quod
1587 3335 1802 3357 matrimomum
1822 3327 2011 3358 consummari
2033 3325 2118 3364 possit
2137 3334 2210 3356 inter
2230 3334 2284 3355 nos
2296 3348 2307 3364 ,
2331 3326 2366 3358 &
2384 3330 2520 3367 Claus.19.

1307 3368 1524 3411 primogenitam
1538 3365 1623 3396 filiam
1635 3364 1760 3434 ῼοῐὲἐῑίε
1773 3365 1906 3403 Pontivi,
1923 3365 2100 3410 suspendatur
2114 3363 2149 3394 ad
2161 3362 2279 3432 affigens
2286 3374 2347 3433 {mn
2387 3373 2421 3396 Η.
2440 3377 2466 3404 3.
2481 3374 2507 3404 p.

1309 3404 2320 3487 mgldgbigegrrgaxnuczla’niiffldnbon}goqisszprgipisseffflaleianuessssnafiusvd
2332 3412 2371 3485 'g-
2386 3415 2520 3482 24214.

1308 3486 1376 3515 tiam
1394 3482 1477 3512 alicui
1496 3482 1605 3512 viventi
1625 3481 1771 3520 reveletis,
1786 3481 1832 3511 vel
1846 3489 2025 3512 mentionem
2036 3481 2157 3517 aliquam
2169 3477 2236 3523 inde
2247 3478 2373 3523 faciatis3

1307 3522 1402 3553 donec
1422 3520 1570 3558 specialem
1588 3518 1744 3550 Nuncium
1764 3519 1911 3559 nostrum,
1928 3527 2045 3559 propter
2067 3517 2130 3548 haec
2144 3516 2179 3547 &
2192 3516 2243 3549 alia
2255 3525 2373 3556 negotia

1308 3560 1420 3598 nostra,
1437 3559 1472 3589 ad
1485 3569 1538 3589 vos
1558 3557 1721 3589 miserimus.
2091 3592 2098 3599 .
2214 3594 2220 3600 ⁸
2235 3594 2242 3601 ·

1346 3599 1377 3629 Si
1395 3608 1467 3629 vero
1488 3596 1662 3635 perpendere
1680 3597 1804 3636 poffitis,
1822 3596 2009 3640 quamdiujn
2028 3592 2114 3637 Curia
2128 3591 2272 3638 steteritis,
2289 3592 2371 3637 quod

1309 3636 1413 3675 aliquid
1426 3636 1527 3666 debeat
1539 3643 1640 3666 contra
1653 3636 1802 3666 consilium
1815 3636 1946 3666 nostrum
1964 3639 2123 3675 impetratu
2141 3632 2372 3670 impetrantibus,

1310 3686 1364 3714 pro
1377 3674 1458 3712 posse
1471 3673 1568 3704 vestro
1576 3698 1586 3711 ,
1603 3684 1656 3704 vos
1670 3675 1838 3714 opponatis,
1852 3675 1887 3706 &
1900 3672 2095 3709 indempnitati
2107 3670 2373 3709 nostrae,quantum

1309 3716 1340 3744 in
1355 3714 1438 3744 vobis
1452 3712 1511 3751 est,
1529 3712 1705 3750 prospiciatis.

1310 3828 1339 3860 Ui
1352 3788 1444 3821 Teste
1464 3788 1573 3827 meipso
1588 3788 1663 3827 apud
1687 3787 1997 3828 Westmonasterium,
2021 3786 2137 3819 decimo
2156 3783 2233 3817 sexto
2252 3782 2298 3815 die
2318 3783 2372 3823 Ju-

2336 4102 2381 4128 De
