2570 4261
38 330 116 363 Ann.
131 326 170 362 D.

61 371 145 410 1263.

37 413 105 438 Hen.
127 418 152 446 3.

36 558 55 594 ξ
71 558 169 596 1·755·

39 1524 116 1555 Ann.
131 1521 172 1552 D.

58 1560 142 1600 1263.

38 1605 90 1629 An.
102 1609 147 1635 47.

39 1648 128 1713 Ciatffs.

40 1720 129 1750 47.H.
148 1720 172 1747 3·

39 1762 77 1781 m.
89 1762 133 1789 ¹5·
146 1750 173 1777 d.

761 232 873 275 ET
957 234 1221 276 ACTA

183 330 243 355 tota
265 322 393 355 Marchia
408 324 549 361 perterrita
568 320 646 360 quod
665 318 822 361 omnes-de
845 318 934 348 Dioc.
958 319 1052 350 nostra
1072 329 1139 350 curn
1159 319 1242 349 bonis

185 362 281 408 suis-ad
295 363 451 394 Ecclesiam
466 361 654 399 confugerunt
669 381 679 396 ,
704 367 758 388 nec
772 355 879 387 ibidem
896 358 980 387 etiam
999 357 1116 388 credunt
1130 358 1185 388 effe
1200 356 1240 387 so-

184 411 372 470 cuVVailenses
389 448 458 469 vero
478 445 560 466 terras
579 437 608 465 in
628 433 756 465 Marchia
776 431 860 471 usque
878 441 966 476 prope
989 433 1114 473 Webyl,
1133 432 1237 463 Erdess.

183 478 216 509 δε
229 477 324 508 Walle
335 476 371 507 de
385 477 542 517 Wygcmer
557 472 769 505 combusserunt
785 480 836 508 pro
850 479 954 509 majore
974 481 1066 510 parte,
1083 473 1116 503 «Sc
1130 472 1239 509 deprae‘-

183 517 241 548 dati
253 516 324 546 sunt.
1075 549 1079 554 ,
1104 549 1109 554 ,

221 556 237 571 *
253 554 304 584 Ob
318 551 451 592 praedit‘sta
463 559 556 582 autem
569 548 701 580 Castrum
714 544 841 578 nostrum
849 545 988 578 Hereford
1002 557 1174 578 munrvrmus
1187 547 1241 578 ho-

183 592 306 623 minibus
319 592 353 621 δε
368 590 542 621 victualibus
556 612 565 627 ‚
588 597 671 627 prout
685 587 781 616 melius
802 586 960 624 potuimus,
980 587 1013 616 &
1026 586 1112 616 Cives
1132 586 1239 617 vestros

182 629 263 668 quod
276 629 391 660 fideliter
405 628 432 659 se
447 628 579 658 haberent
592 625 768 656 sollicitamus
783 645 793 661 ,
817 623 850 652 &
866 633 928 662 erga
942 633 993 654 vos
1011 625 1083 664 apud
1099 624 1240 655 Glouces’-

182 669 266 698 triam
278 669 422 705 venimus,
439 675 492 696 nec
510 665 575 695 inde
592 674 644 702 pro
662 662 781 706 quadam
800 669 876 700 gutta
894 670 978 701 quam
1143 673 1240 702 grava-

185 716 249 737 mur
263 716 314 736 nos
328 705 439 735 ulterius
450 703 593 735 transferre
608 711 791 741 nequwrmus.
854 738 858 744 .
875 738 880 743 .

221 744 312 775 Unde
325 743 524 774 Excellentiam
537 740 656 771 vestram
676 741 772 770 votive
784 747 944 776 requinmus
957 739 989 768 δε
1006 748 1133 778 rogamus
1146 746 1240 778 quate-

184 793 237 813 nus
255 806 265 822 ,
290 792 356 813 cum
370 782 451 812 omni
471 779 646 810 festinatione
660 801 670 816 ‚
693 777 725 807 ad
741 775 874 808 Castrum
895 776 1045 820 Hereford.
1065 777 1241 821 quadraginta

185 821 314 851 homines
327 821 431 857 equites
442 827 575 855 armatos,
591 817 696 857 probos
707 816 740 846 &
754 815 892 852 strenuos,
904 814 944 858 ‘ad
956 825 1048 845 minus
1061 817 1189 854 mittatis,
1207 819 1241 844 h-

184 867 235 890 cut
250 858 410 889 Marchiam
425 857 550 896 diligitis,
568 857 601 887 &
614 865 677 886 eam
691 854 790 884 salvare
804 853 953 882 volueritis.

221 897 334 927 Omnes
347 906 393 926 eos
406 896 477 937 apud
492 894 652 925 Gloucestt.
667 892 890 930 expectabimus,
905 891 938 921 &
954 901 1021 921 curn
1035 890 1135 921 eisdem
1145 890 1241 934 'Here-

183 934 257 965 ford.
273 935 426 973 adibimus,
445 934 488 966 vel
505 933 538 963 ad
560 943 611 963 vos
631 931 776 962 veniemus
790 954 800 969 ,
823 930 855 960 &
872 929 1018 961 consilium
1038 930 1070 960 &
1090 929 1241 967 auxihum,

205 972 263 1003 uod
276 974 428 1014 poterimus
475 972 575 1003 eisdem
590 970 801 1011 impendemus:
828 967 995 998 Mandantes
1016 969 1100 998 etiam
1118 966 1239 997 Civibus

184 982 326 1042 ffiereford
341 1011 417 1050 quod
432 996 663 1047 Constabularim
678 1018 762 1047 quern
778 1007 859 1037 dietis
876 1007 984 1037 armatis
997 1006 1167 1044 praeficietis,
1185 1006 1241 1037 cla-

184 1060 233 1082 ves
246 1049 374 1080 Civitatis
387 1049 507 1087 tradant,
526 1050 559 1080 &
575 1048 666 1079 eidem
680 1044 829 1076 intendant.
846 1083 851 1089 ,

223 1087 271 1118 Ad
285 1088 342 1118 hoc
355 1088 442 1118 sciatis
456 1087 547 1128 quod,
566 1084 632 1116 licet
645 1086 761 1116 essemus
780 1094 830 1114 nos
843 1083 1015 1120 incolumes,
1033 1082 1068 1112 ad
1083 1090 1239 1126 vos'tamen

183 1126 278 1156 secure
290 1126 385 1157 venire
399 1137 457 1156 non
471 1126 611 1164 possemus
624 1124 657 1154 ad
671 1123 802 1164 praesens⁷
820 1122 883 1165 quia
895 1121 1010 1161 quidam
1025 1121 1147 1151 malivoli
1159 1121 1241 1152 vestri

183 1165 344 1203 sanguinem
360 1165 486 1195 nostrum
503 1165 594 1195 sitiunt
610 1186 620 1201 ,
645 1164 693 1200 qui
714 1172 765 1191 nos
778 1162 976 1199 explegitorern
990 1168 1129 1196 reputant,
1145 1160 1243 1190 dicen-

183 1204 314 1271 teanuod
327 1204 414 1234 nichil
430 1205 458 1234 in
476 1203 602 1234 Marchia
617 1201 694 1242 quod
711 1200 791 1232 vobis
805 1209 865 1229 non
877 1198 1036 1229 revelamus.
1074 1197 1173 1228 Valeat
1184 1197 1242 1228 Ex-

183 1251 218 1272 ce
238 1250 311 1272 entia

185 1376 306 1408 Littera
323 1373 480 1408 Edwardo
493 1375 688 1419 primogenito
699 1397 709 1412 ‚
741 1369 776 1403 de
791 1369 948 1404 Marchiis
964 1371 1071 1402 ls'alliae
1091 1371 1221 1405 turbatis
1232 1399 1242 1415 ,

336 1433 455 1469 propter
472 1420 552 1468 quod
571 1424 602 1453 in
621 1419 769 1465 Angliam
776 1419 841 1462 fine
857 1431 942 1452 mora
964 1423 1087 1452 veniret.

187 1507 313 1562 REX
332 1504 476 1537 Edwardo
487 1528 497 1543 ‚
523 1504 720 1544 Primogenito
732 1504 781 1535 suo
793 1527 803 1543 ,
828 1504 941 1535 salutem
953 1505 987 1536 &
1004 1512 1145 1544 paternam
1159 1506 1245 1536 bene-

250 1546 414 1576 difflonem.

228 1584 325 1622 Cum,
343 1585 371 1614 in
386 1583 487 1622 vigilia
499 1583 571 1613 beati
584 1581 711 1612 Thomae
724 1581 749 1611 A
771 1581 871 1619 ostoli,
887 1591 938 1611 nos
959 1581 992 1611 &
1011 1581 1120 1620 Regina
1134 1581 1245 1621 nostra,

190 1632 258 1652 cum
272 1623 407 1653 comitiva
421 1621 532 1659 nostra,
547 1620 676 1660 prospere
697 1629 750 1659 app
762 1619 920 1650 icuissemus
933 1619 1005 1657 apud
1026 1619 1135 1654 Dover.
1154 1622 1183 1650 in
1198 1621 1247 1651 ad-

191 1669 278 1691 ventu
290 1660 388 1691 nostro
401 1660 474 1698 apud
489 1659 623 1689 Cantuar.
636 1660 693 1689 tam
709 1667 757 1698 per
765 1658 912 1696 Nuncios,
930 1659 1014 1697 quam
1030 1668 1079 1696 per
1091 1659 1191 1689 litteras
1204 1660 1247 1689 di,

189 1700 333 1730 versorum
348 1698 472 1728 fidelium
487 1697 648 1727 nostrorum
657 1722 666 1735 ‚
685 1707 750 1735 quas
767 1697 848 1726 vobis
860 1697 996 1726 mittimus
1011 1697 1189 1736 praesentibus
1202 1699 1247 1727 in-

188 1737 315 1768 terclusas
327 1760 337 1775 ‚
364 1737 525 1774 accepimus
541 1735 617 1773 quod
637 1743 696 1765 tota
715 1735 845 1765 Marchia
867 1734 981 1765 Walliae
1000 1734 1121 1774 undique
1139 1737 1246 1767 turbata

186 1776 314 1816 periculis
325 1784 344 1798 ⁰
358 1774 503 1812 aviffimis‚
521 1774 555 1804 ὃς
567 1773 716 1810 perditioni
729 1773 848 1810 subiacet
861 1773 912 1803 hiis
929 1773 1040 1812 diebus,
1058 1774 1109 1805 nisi
1125 1775 1243 1805 consilio

186 1813 309 1854 provido
366 1812 484 1843 subsidio
497 1812 626 1842 festinato
635 1812 809 1843 succurratur
824 1812 925 1842 eidem.

226 1851 265 1882 Et
276 1875 286 1890 ,
308 1852 371 1890 quia
393 1850 552 1882 Lewelinus
566 1850 635 1880 filius
654 1849 773 1880 Griffini
795 1850 828 1880 &
845 1849 1010 1888 Complices
1026 1850 1065 1881 sui
1083 1851 1202 1882 afferunt
1219 1852 1245 1883 se

188 1890 260 1921 velle
274 1889 418 1921 observare
428 1898 548 1928 treugas,
563 1889 632 1919 inter
644 1899 696 1919 nos
705 1913 714 1926 ‚
732 1890 765 1919 &
779 1888 868 1927 ipsum
882 1890 976 1927 initas,
994 1889 1060 1920 licet
1073 1892 1244 1921 contrarium

187 1929 242 1959 suae
255 1929 356 1959 faciant
369 1928 528 1965 assertioni,
545 1937 577 1958 ac
590 1927 638 1966 ipsi
653 1928 734 1957 vobis
747 1928 781 1958 &
801 1927 964 1957 hominibus
984 1927 1098 1967 vestris,
1117 1930 1146 1959 in
1161 1930 1245 1968 parti-

189 1968 239 1998 bus
252 1966 369 1997 Cestriae
387 1975 491 2006 treugas
510 1966 567 1996 illas
587 1967 694 2003 penitus
714 1967 922 2005 resignaverint,
938 1967 966 1996 in
987 1966 1111 1997 vestrum
1125 1966 1245 1998 dedecus

188 2007 223 2037 &
237 2005 414 2036 manifestum
429 2012 644 2042 contemptum,
660 2014 728 2035 cum
748 2012 849 2034 terram
868 2004 988 2035 vestram
1007 2004 1112 2035 ibidem
1131 2007 1246 2036 viriliter

189 2045 224 2075 &
237 2052 364 2081 potenter
379 2044 429 2073 hiis
443 2043 540 2074 diebus
552 2042 700 2073 defendere
713 2043 865 2079 deberetis,
882 2043 916 2073 &
936 2053 1024 2080 nuper
1044 2045 1125 2074 vobis
1138 2046 1245 2083 promi-

187 2083 272 2113 seritis
284 2082 361 2123 quod
376 2082 446 2112 infra
464 2082 627 2112 vicesimum
647 2081 723 2111 diem
744 2081 854 2112 Natalis
871 2081 995 2111 Domini
1013 2081 1046 2112 ad
1070 2092 1122 2113 nos
1142 2084 1170 2113 in
1184 2083 1245 2113 An-

186 2121 272 2160 gliam
294 2121 435 2159 veniretis,
454 2131 486 2151 ac
504 2121 611 2158 insuper
633 2127 707 2150 tanta
725 2121 849 2157 corporis
870 2120 957 2150 nostri
979 2120 1119 2151 debilitate
1138 2121 1247 2152 detine-

187 2169 266 2197 mur,
285 2159 360 2197 quod
374 2159 407 2189 ad
421 2167 507 2199 partes
523 2159 579 2189 illas
597 2158 771 2198 personaliter
789 2158 921 2188 accedere
940 2168 999 2188 non
1022 2159 1165 2197 possumus
1179 2183 1189 2198 ‚
1212 2161 1246 2191 &

187 2207 291 2237 paucos
302 2198 488 2228 inveniremus
500 2198 562 2236 qui,
579 2197 634 2227 sine
648 2197 741 2227 nostra
752 2196 797 2226 vel
811 2196 903 2227 vestra
922 2197 1080 2236 praesentia,
1098 2198 1131 2229 ad
1148 2198 1246 2229 defen-

185 2237 294 2267 fionern
305 2237 424 2273 partium
438 2235 546 2268 illarum
559 2237 587 2265 in
602 2234 808 2273 expeditionem
823 2236 1001 2266 accederent:

223 2274 313 2305 Vobis
327 2274 489 2305 mandamus
502 2273 579 2314 quod
595 2297 605 2312 ,
627 2274 696 2304 ficut
716 2273 854 2304 honorem
869 2273 999 2304 nostrum
1014 2276 1113 2315 pariter
1126 2276 1160 2306 &
1181 2286 1244 2307 ves-

186 2321 262 2344 trum
275 2313 402 2352 diligitis,
417 2314 449 2343 &
461 2313 529 2343 sicut
548 2312 645 2342 Castra
657 2311 761 2350 vestra,
779 2312 880 2343 Terras
895 2311 995 2343 vestras
1008 2336 1018 2351 ‚
1042 2315 1075 2344 &
1092 2313 1242 2345 hominum

186 2351 344 2382 vestrorum
352 2352 484 2390 ‚fiilvare,
499 2352 531 2381 &
546 2350 777 2388 indempnitatem
790 2351 822 2382 &
836 2361 934 2388 pacem
948 2353 1037 2390 gentis
1049 2353 1165 2391 vestrae,
1180 2364 1244 2391 quae

186 2400 239 2431 pro
252 2390 365 2421 defecitu
379 2390 546 2420 defensionis
562 2389 698 2429 praedidlo
714 2389 859 2420 Lewelino
872 2389 905 2419 ad
922 2389 1171 2422 exhaeredationem
1185 2402 1245 2422 ves-

185 2437 259 2459 tram
273 2437 324 2466 pro
336 2436 412 2466 parte
430 2429 485 2465 iarn
500 2427 620 2458 adhaeret
636 2450 646 2466 ,
668 2428 744 2467 quod
765 2427 875 2457 ulterius
893 2427 1024 2458 sustinere
1042 2439 1101 2459 non
1123 2429 1245 2469 debetis,

186 2467 220 2498 ad
235 2477 286 2497 nos
304 2467 332 2497 in
349 2466 478 2505 Angliam
493 2466 549 2496 fine
570 2475 660 2495 morae
679 2465 824 2502 dispendio
842 2467 956 2496 veniatis
971 2489 980 2504 ,
1003 2467 1080 2507 super
1099 2468 1245 2507 praemiffis

186 2505 318 2535 festinum
334 2505 367 2535 &
383 2504 481 2535 efficax
495 2503 643 2534 consilium
657 2503 816 2541 impensuri:
838 2503 992 2534 Praesertim
1005 2515 1073 2535 cum
1088 2506 1243 2544 praemissa,

185 2553 251 2581 quae
266 2543 347 2573 vobis
361 2544 441 2572 anxie
461 2551 576 2572 movere
593 2542 716 2579 debent,
735 2550 869 2579 praetextu
890 2543 1003 2581 alicujus
1021 2544 1182 2582 otiositatis,
1200 2545 1246 2575 vel

185 2581 306 2612 lasciviae
318 2581 426 2618 puerilis
441 2580 593 2610 nullatenus
607 2581 736 2610 omittere
752 2580 880 2610 debeatis.

223 2620 322 2656 Turpe
333 2620 407 2649 enim
422 2618 461 2647 est
473 2619 506 2649 &
520 2618 709 2649 verecundum
724 2619 805 2648 vobis
818 2618 895 2656 quod
909 2618 998 2650 diastus
1019 2619 1178 2652 Lewelinus
1189 2631 1244 2652 no-

187 2658 231 2688 bis
245 2659 274 2688 in
289 2657 439 2692 Senedtute
458 2657 615 2695 urgentibus
629 2657 661 2687 &
677 2655 766 2687 vestra
787 2657 899 2694 iuvenili
919 2666 999 2688 aetate
1017 2657 1153 2698 florente,
1171 2668 1245 2690 treu-

187 2705 234 2735 gas
247 2697 319 2735 illas,
339 2705 405 2734 quas
419 2695 597 2725 verbotenus
612 2703 705 2725 tenere
720 2696 875 2734 promittit,
892 2695 1037 2726 observare
1050 2700 1246 2737 contempnit3

189 2736 227 2766 iet
242 2735 304 2765 haec
319 2734 355 2764 de
374 2733 491 2764 consilio
510 2734 543 2765 &
564 2733 698 2766 instinctu
718 2733 907 2775 quorumdam
921 2734 956 2766 de
978 2734 1083 2776 Regno
1095 2736 1193 2768 nostro
1206 2745 1247 2769 at-

187 2781 323 2812 temptare
334 2772 489 2814 praefirmat.

223 2849 321 2882 Teste.

191 2982 280 3015 Bulla
309 2979 344 3013 de
362 2983 491 3014 statutis
507 2992 561 3027 per
585 2981 846 3030 Archiepifiopum
874 2985 1115 3031 Cantnariensbm
1141 2984 1247 3028 editis,

425 3032 507 3062 incon
522 3030 582 3063 ulto
600 3035 693 3078 Rege,
719 3045 774 3064 non
794 3031 1014 3076 confirmandis.

167 3140 172 3145 .
194 3114 390 3183 Ugbanus
403 3113 556 3159 Episcopus
554 3137 577 3183 ἀ
592 3115 842 3161 servus-servorum
862 3117 920 3147 Dei
934 3141 943 3156 ,
968 3118 1110 3149 carissimo
1123 3119 1152 3148 in
1167 3118 1252 3163 Chri-

144 3215 150 3221 .
194 3153 430 3222 benedigkglflxlgn,
504 3153 551 3183 lun
579 3164 601 3183 n
615 3153 692 3193 Reg¹
711 3154 824 3195 Anghoe
844 3156 956 3186 salutem
970 3179 980 3196 2
1005 3158 1038 3188 &
1054 3157 1251 3197 Apostohcam

231 3228 310 3260 Cum
323 3230 358 3260 ad
377 3240 408 3260 ea
454 3239 518 3273 quae
538 3229 666 3268 justitiam
686 3230 815 3275 sapiunt,
840 3233 873 3264 &
894 3234 1041 3264 continent
1059 3232 1254 3271 honestatem,

140 3287 151 3291 -
196 3266 398 3299 Celsitudinem
418 3253 539 3307 Regiam
559 3269 686 3312 precibus
707 3271 875 3313 invitamus,
901 3279 1065 3312 promptum
1084 3274 1114 3302 in
1129 3272 1180 3302 hiis
1196 3280 1252 3302 tuae

198 3306 353 3337 Serenitatis
365 3306 500 3336 assensum
511 3307 648 3337 credimus
662 3317 803 3346 invenire,

233 3345 251 3364 ²*
272 3345 384 3375 Scimus
404 3345 481 3374 enim
496 3367 505 3382 ‚
527 3346 560 3376 δε
581 3345 714 3375 haetenus
732 3355 783 3376 nos
797 3347 962 3387 experientia
980 3348 1077 3379 docuit
1090 3347 1166 3388 quod
1183 3370 1192 3386 ‚
1217 3347 1251 3378 ad

193 3383 310 3421 Deum,
325 3384 358 3414 &
374 3381 510 3412 Ecclesias
524 3405 534 3420 ‚
555 3392 710 3423 eorumque
724 3383 891 3423 Ministros,
916 3396 950 3416 ex
969 3388 1007 3417 tui
1024 3387 1116 3417 cordis
1135 3395 1252 3426 promp-

192 3423 299 3460 tuario,
317 3421 435 3465 dirigens
448 3421 564 3450 caritatis
576 3420 713 3451 affe&um
726 3444 736 3459 ‚
760 3423 798 3452 eis
814 3445 825 3461 ‚
847 3424 875 3453 in
890 3424 940 3454 suis
960 3426 1171 3456 manutenendis
1185 3425 1252 3463 juri-

193 3462 260 3498 bus,
278 3461 426 3499 propitius,
443 3458 616 3498 favorabilis,
634 3459 668 3489 &
681 3460 816 3499 benignus
827 3461 933 3500 existis,
952 3471 1085 3503 tanquam
1097 3464 1184 3495 divini
1198 3463 1251 3493 ho-

192 3500 268 3530 noris
283 3499 402 3536 zelator,
417 3498 451 3529 &
466 3497 623 3535 praecipuus
637 3497 814 3537 prosecut0r3

228 3537 272 3568 Ex
286 3545 361 3575 parte
373 3534 507 3574 siquidem
520 3535 721 3566 venerabilium
736 3536 852 3567 fratrum
864 3536 1026 3570 nostrorum
1133 3538 1251 3569 Archie-

193 3576 299 3616 piscopi
313 3574 514 3605 Cantuaricnsis
528 3597 537 3612 ‚
559 3574 593 3605 ὃ(
613 3572 860 3613 Suffraganeorum
879 3575 991 3608 suorum
1010 3578 1063 3609 fuit
1079 3579 1250 3618 propositum

193 3624 294 3646 coram
311 3614 392 3644 nobis
409 3612 487 3652 quod
499 3634 510 3650 .,
535 3622 603 3642 cum
623 3610 778 3651 Anglicana
803 3613 926 3645 Ecclesia
945 3614 976 3646 in
999 3617 1092 3647 multis
1112 3616 1250 3655 articulis,

193 3662 294 3684 contra
308 3652 405 3682 Deum
421 3652 455 3682 &
471 3650 619 3688 ustitiam,
637 3660 686 3688 per
707 3650 832 3681 Abusum
846 3652 962 3684 Laicalis
1002 3654 1123 3686 otestatis
1138 3664 1251 3694 oppres-

189 3692 235 3730 sa,
253 3691 400 3729 subjaceret
415 3691 454 3719 mi
466 3690 600 3719 erabiliter
614 3688 753 3732 servituti,
769 3689 833 3732 ipsi,
847 3690 882 3720 ad
896 3691 905 3719 i
926 3664 1117 3724 siusEchlesiae
1132 3692 1250 3731 statum,

193 3738 279 3768 prout
301 3739 399 3760 eorum
419 3726 744 3771 incumbebatlofficm,
768 3736 848 3767 pium
866 3738 879 3757 r
925 3731 1020 3760 ectum
1038 3732 1170 3762 habentes
1184 3754 1194 3770 ‚
1215 3731 1251 3761 de

193 3767 327 3798 consensu
342 3766 468 3798 Concilii
484 3765 680 3803 Provincialis,
697 3765 731 3795 ad
742 3765 800 3809 hoc
813 3765 858 3803 spe
879 3767 883 3772 '
913 3767 962 3798 'ter
977 3772 1154 3810 congregati,
1173 3779 1251 3809 quae-

194 3805 262 3835 dam
277 3805 376 3836 statuta
390 3805 502 3836 salubria
515 3805 548 3835 Sc
566 3803 682 3834 honesta
697 3827 707 3842 ,
731 3803 927 3834 deliberatione
940 3808 1055 3843 provida
1068 3831 1078 3846 ‚
1104 3808 1251 3839 ediderunt

194 3853 249 3880 pro
263 3845 471 3875 conservatione
487 3842 643 3880 hujusmodi
661 3843 803 3873 libertatis:

232 3880 328 3924 Quare
340 3883 391 3913 fuit
407 3905 417 3921 ,
440 3892 474 3912 ex
486 3889 561 3921 parte
581 3880 703 3918 ipsorum
717 3903 727 3918 ,
749 3880 831 3923 nobis
844 3879 984 3912 humiliter
1001 3882 1049 3921 sup
1069 3884 1202 3923 licatum,
1219 3892 1251 3915 ut

195 3918 362 3951 benivolum
375 3920 477 3951 eisdem
490 3943 500 3958 ,
526 3920 603 3959 super
623 3918 679 3949 hoc
692 3942 702 3957 ‚
725 3918 855 3948 adhibere
869 3918 996 3950 favorem
1008 3943 1019 3960 ,
1039 3894 1074 3953 ἃ
1086 3922 1142 3961 ipsa
1154 3923 1252 3954 statuta

196 3957 224 3988 di
245 3967 374 3989 naremur
387 3959 548 3989 auetoritate
562 3957 725 3996 Apostolica
738 3956 914 3987 confirmare.

256 4005 323 4025 otro
332 3996 436 4027 dilecto
448 3997 506 4027 filio
523 3996 660 4036 Magistro
676 3995 807 4033 Johanne
819 3994 855 4025 de
868 3995 1107 4037 Hemniquiford,
1125 3998 1255 4036 Capella-

198 4043 239 4064 no
249 4033 363 4072 nostro,
380 4034 565 4065 Procuratore
579 4045 630 4065 tuo
642 4034 714 4074 apud
728 4033 820 4063 sedem
834 4033 1026 4072 Apostolioem
1039 4058 1050 4074 ,
1073 4035 1100 4067 se
1113 4036 1192 4074 super
1203 4037 1256 4068 hiis

197 4081 250 4102 tuo
263 4072 381 4102 nomine
400 4082 580 4112 opponente,
597 4081 630 4103 ac
644 4073 774 4102 asserente
789 4072 867 4110 quod
879 4071 975 4102 eadem
989 4071 1086 4104 statuta
1101 4075 1152 4104 tibi
1166 4075 1200 4106 δε
1210 4077 1256 4114 J'u-

198 4111 222 4140 ri
234 4118 287 4179 tzuo
300 4110 492 4180 prpejudjcilalzia
506 4111 672 4144 videbantur
686 4134 696 4150 ,
721 4121 772 4142 nos
786 4111 843 4150 ipsa
855 4120 954 4144 coram
972 4111 1056 4143 nobis
1075 4112 1194 4145 fecimus
1208 4122 1256 4145 ex-

1300 235 1333 276 P
1374 236 1418 278 u
1455 240 1488 280 B
1527 239 1561 281 L
1598 241 1617 281 1
1654 242 1692 284 c
1732 241 1779 283 A.
2279 254 2334 296 75

2344 309 2478 347 Ann.D4

1279 319 1385 365 hiberi3
1405 332 1485 362 quae,
1503 324 1569 355 licet
1582 335 1616 355 ex
1630 326 1668 356 sui
1680 326 1769 356 forma
1787 327 1945 358 viderentur
1959 325 2135 358 honestatem
2153 326 2187 358 &
2199 325 2329 364 iustitiam
2399 349 2416 377 6

1279 368 1441 399 continere,
1458 369 1570 400 tamen,
1589 363 1752 394 Celsitudini
1764 372 1820 394 tuae
1832 365 1936 396 deferre
1950 366 2074 396 volentes
2087 389 2097 404 ,
2119 365 2163 395 illa
2176 364 2331 395 distulimus
2363 359 2397 379 Ῑ·”
2421 358 2447 387 3·

1280 397 1461 443 confirmare:
1482 400 1570 443 Super
1582 401 1639 431 hoc
1653 401 1816 433 Celsitudini
1830 403 1930 442 Regiae
1947 404 2046 445 scripta
2059 403 2152 434 nostra
2165 404 2333 444 praemittere
2345 393 2408 416 ΗΜ·
2430 398 2454 426 3*

1279 435 1421 467 decentius
1433 446 1603 469 exnmantec.

1297 513 1301 518 Ι
1323 474 1467 513 roirca
1480 476 1661 510 Serenitatem
1675 477 1719 507 Re
1741 479 1794 509 'arn
1805 488 1934 518 rogamus
1948 480 1982 511 &
1993 480 2139 511 hortamur
2150 488 2254 511 attente
2267 490 2336 519 qua-

1283 520 1372 556 tinus,
1390 513 1526 544 Ecclesias
1546 515 1580 545 &
1597 514 1720 546 Ecclesia
1745 517 1800 547 icas
1820 517 1945 554 personas
1962 518 2054 557 Regni
2068 520 2109 549 tui
2124 520 2152 548 in
2167 518 2218 549 suis
2232 519 2335 556 juribus

1282 560 1316 580 ac
1329 551 1685 592 libertatibuseonfovens,
1703 555 1743 583 ob
1758 556 1940 585 reverentiam
1955 554 2128 592 Apostolicae
2138 556 2206 587 sedis
2220 558 2252 588 δε
2266 567 2332 588 nos·-

1283 597 1352 619 tram
1364 591 1425 627 ipfis
1438 590 1527 620 adesse
1539 589 1644 620 studeas
1656 591 1854 630 favorabiliter,
1872 594 1904 623 ὅ(
1921 594 2045 632 prodesse
2061 607 2066 612 ·
2092 595 2125 624 &
2136 595 2170 624 ab
2183 596 2250 633 hiis,
2268 605 2332 633 quae

1281 627 1315 671 ad
1330 627 1422 658 forum
1436 628 1662 659 Ecclefiasticum
1677 631 1815 669 pertinent
1829 654 1838 668 ,
1861 632 1895 662 &
1915 631 2040 668 personas
2058 618 2241 664 Ecclesim‘um
2261 643 2334 664 con-

1281 672 1386 733 Sngerc
1398 667 1594 706 dinoscuntur,
1612 668 1730 699 devotus
1743 669 1894 707 abstineas,
1912 671 1944 700 ὃς
1959 679 1990 700 ea
2009 671 2061 701 tuis
2074 670 2238 702 officialibus
2248 671 2333 703 inter-

1302 714 1371 733 icas:

1282 781 1287 785 Ι
1319 741 1485 773 Permittens
1499 743 1575 783 quod
1594 744 1702 774 eaedem
1720 745 1845 785 personae
1862 745 1949 776 libere
1969 746 2019 776 suis
2037 748 2140 784 juribus
2160 750 2199 779 uti
2212 748 2334 787 possint,

1280 784 1316 809 ita
1331 781 1408 818 quod
1423 791 1482 825 non
1500 790 1627 822 oporteat
1646 784 1743 814 iterato
1762 784 1838 822 super
1858 784 2002 821 praemiffis
2015 785 2048 815 ad
2064 795 2114 815 nos
2129 786 2223 817 haberi
2241 796 2333 817 recur-

1280 818 1357 862 sum,
1375 828 1428 848 nec
1441 819 1513 862 aliud
1529 830 1578 857 per
1590 821 1657 851 sedis
1671 821 1843 859 Apostolicae
1862 823 2067 860 providentiam
2086 825 2242 855 remedium
2254 825 2333 855 adhi-

1281 857 1355 899 beri,
1373 866 1408 900 ac
1422 857 1536 900 exinde,
1555 866 1653 897 praeter
1666 859 1749 890 laudis
1767 861 1898 891 humanae
1916 863 2090 900 praeconium
2103 884 2113 900 ‚
2137 863 2240 894 divinae
2254 864 2334 895 retri-

1280 894 1402 924 butioms
1418 895 1469 925 tibi
1481 898 1624 934 proveniat
1635 899 1848 929 incrementum.

1316 969 1383 1014 Dat.
1401 971 1473 1011 apud
1487 970 1603 1002 Urbem
1616 973 1764 1013 Veterem,
1780 977 1863 1006 tertio
1884 975 1948 1005 Kal.
1963 975 2103 1007 Februarii
2116 1000 2125 1014 ‚
2151 976 2335 1008 pontificatus

1280 1007 1369 1038 nostri
1384 1019 1460 1039 anno
1474 1008 1604 1040 secundo.

1782 1089 1837 1118 Sub
1846 1087 1967 1127 plumbeo
1979 1089 2068 1127 Sigillo
2076 1091 2207 1128 pendente
2220 1102 2237 1119 a
2244 1089 2298 1132 filo

1855 1126 1977 1156 canabeo.

1340 1244 1462 1283 Littera
1481 1251 1608 1282 Domini
1621 1249 1657 1283 de
1676 1250 1813 1283 Bordelia
1823 1251 1912 1297 fhper
1925 1249 2066 1298 strperbia
2091 1254 2127 1286 V
2125 1254 2279 1284 icecomitis

1703 1300 1924 1343 Lemovicensts.

1351 1381 1579 1427 Xcellentiffimo
1592 1385 1743 1423 Domino,
1761 1384 1894 1415 Domino
1906 1384 2053 1424 Hemico,
2072 1385 2130 1416 Dei
2142 1383 2225 1425 grati&
2259 1384 2335 1424 Regi
2353 1372 2427 1403 Ann-
2443 1373 2485 1405 D·

1320 1459 1324 1463 Ι
1350 1421 1460 1459 illustri,
1479 1421 1613 1453 Domino
1626 1424 1772 1454 Hibemiae
1787 1447 1796 1462 ‚
1819 1425 1851 1455 &
1867 1424 2045 1462 Aquitanniae
2059 1423 2139 1454 Duci
2151 1447 2159 1462 ,
2182 1406 2251 1454 Bari>
2269 1422 2335 1454 Do·-
2371 1412 2455 1451 ¹²63·

1286 1467 1378 1501 minus
1393 1460 1429 1505 de
1442 1460 1567 1491 Bordelia
1579 1461 1679 1499 fidelis,
1698 1462 1811 1493 salutern
1824 1486 1833 1500 ,
1857 1463 1890 1493 ὃς
1908 1463 1997 1502 ipsum
2010 1462 2336 1506 *ad-vestrumtbenepla-
2352 1454 2403 1515 *ξ’
2416 1461 2464 1486 47·

1286 1505 1448 1567 ffiflisseessi‘}
1459 1500 2338 1578 5215?i'r‘ssffss‘s‘iaffeffiZQEegssSEi’sfissielissiiicffieii‘ssff‘ssssmssfflte
2356 1510 2395 1553 ΕΞ
2407 1498 2487 1571 ³5⁹³-

1287 1573 1381 1605 nostra
1393 1598 1402 1613 ‚
1429 1577 1567 1614 requisivit
1581 1578 1615 1608 ὃ(
1629 1578 1741 1608 monuit
1756 1578 1901 1616 diligenter
1922 1577 2130 1608 Vicecornitem
2150 1577 2339 1608 Lemovicen-
2356 1565 2466 1592 destu-

1286 1611 1358 1656 sem,
1377 1623 1407 1644 ut
1418 1614 1453 1644 de
1467 1615 1517 1645 illis
1527 1615 1670 1654 dampnis,
1688 1626 1751 1656 quae
1765 1617 1834 1646 mihi
1851 1616 1959 1654 intulit,
1974 1616 2043 1646 dum
2063 1625 2117 1655 ego
2130 1617 2159 1646 in
2173 1616 2293 1655 partibus
2307 1616 2339 1646 il-
2356 1610 2472 1630 ‘mnu'

1287 1650 1433 1695 hspffem,
1449 1653 1482 1684 &
1497 1653 1567 1683 infra
1581 1662 1638 1684 tem
1660 1665 1690 1684 us
1701 1663 1742 1685 tre
1761 1664 1820 1693 σεε,
1838 1653 2003 1685 destruendo
2015 1654 2047 1685 &
2066 1653 2220 1698 dimpando
2232 1655 2341 1698 penitus
2350 1642 2440 1679 supra.

1288 1689 1390 1720 Villam
1404 1701 1498 1721 meam
1514 1692 1549 1722 de
1564 1691 1621 1723 Pau
1646 1703 1697 1731 ac,
1712 1693 1745 1724 &
1757 1703 1771 1722 a
1783 1694 1806 1723 ia
1824 1693 1892 1723 mihi
1911 1693 1983 1722 mala
2000 1693 2117 1730 plurima
2131 1693 2164 1723 ὃς
2179 1702 2288 1729 iniurias
2299 1694 2340 1722 fa-

1286 1728 1390 1771 ciendo
1404 1731 1433 1759 in
1447 1730 1514 1768 hiis,
1531 1740 1595 1769 quae
1606 1732 1736 1762 tenebam
1750 1732 1782 1763 &
1797 1740 1881 1762 teneo
1893 1730 1928 1762 de
1942 1731 2027 1761 feodo
2042 1733 2075 1763 &
2095 1730 2253 1769 Dominio,
2271 1731 2342 1762 mihi

1288 1766 1499 1798 satisfaetionem
1511 1768 1635 1800 debitam
1650 1770 1751 1800 faceret
1766 1771 1799 1800 &
1813 1769 1975 1800 emendam:

1323 1804 1384 1845 Ipse
1396 1817 1464 1837 vero
1477 1807 1592 1847 superbe
1606 1809 1640 1839 &
1653 1810 1779 1845 perverse
1791 1808 1945 1849 respondit,
1963 1808 2041 1846 quod
2052 1818 2112 1839 non
2123 1807 2164 1839 est
2177 1807 2269 1838 homo
2282 1817 2344 1839 ves-

1287 1851 1346 1881 ter,
1365 1854 1418 1875 nec
1432 1854 1550 1882 terram,
1568 1856 1622 1877 nec
1636 1847 1739 1886 aliquid
1754 1855 1830 1877 tenet
1843 1857 1858 1877 a
1872 1848 1970 1884 vobis,

1325 1881 1415 1914 Unde
1433 1883 1556 1924 supplico
1577 1884 1676 1915 vestrte
1697 1884 1845 1925 Magestati
1865 1884 1963 1924 Regtae
1981 1884 2121 1916 humiliter
2135 1908 2144 1923 ‚
2169 1885 2202 1915 ὃς
2224 1882 2344 1923 devote,

1288 1922 1414 1960 quatinus
1428 1923 1456 1952 in
1470 1923 1545 1952 saffiro
1556 1932 1622 1953 meo
1634 1924 1686 1954 tale
1706 1924 1851 1954 consilium
1872 1933 2010 1962 apponere
2029 1920 2200 1961 dionemini‚
2216 1931 2247 1953 ut
2259 1923 2344 1953 dede-

1289 1968 1340 2003 cus
1350 1960 1509 2003 &liujuria,
1528 1961 1708 1992 Excellentiae
1721 1962 1821 1992 vestrae
1833 1963 1861 1991 in
1875 1963 1927 1993 hac
1949 1971 2024 2001 parte
2042 1948 2113 1992 iffata
2126 1985 2136 2000 ,
2159 1962 2188 1991 in
2202 1962 2341 1991 honorem

1289 1997 1323 2027 &
1333 1997 1464 2043 justitiam
1478 2008 1675 2031 convertantur
1687 2023 1697 2038 ‚
1721 2001 1755 2032 &
1773 2010 1827 2041 ego
1841 2023 1851 2040 ,
1873 2001 1923 2039 qui
1936 1999 2025 2032 vester
2039 2010 2141 2041 pauper
2155 2000 2246 2030 homo
2263 2000 2322 2030 sum
2333 2023 2345 2038 ,

1288 2036 1436 2068 conservet
1452 2037 1608 2079 indempnis
1619 2039 1726 2070 exinde.

1429 2171 1457 2199 ’X‘
1473 2174 1593 2206 Littera
1610 2171 1754 2206 Guidonis
1773 2171 1809 2205 de
1823 2175 1909 2206 Ratis
1920 2172 2011 2220 fitper
2019 2171 2111 2217 feudo
2125 2171 2192 2217 sito.

2362 2242 2437 2273 Ann.
2455 2243 2495 2275 D.

2382 2283 2465 2321 1263.

2361 2324 2413 2348 An.
2427 2331 2474 2356 47.

2363 2364 2396 2386 H.
2419 2368 2444 2395 3.

2364 2401 2478 2424 ExBun-

2365 2437 2497 2464 del.Litte-

2361 2484 2412 2502 rar.
2431 2481 2463 2500 ut

1348 2255 1497 2288 Everendo
1511 2257 1642 2289 Domino
1655 2258 1705 2288 suo
1719 2257 1866 2296 Henrico‚
1884 2257 1942 2288 Dei
1958 2257 2058 2298 gratia,
2077 2256 2172 2288 illustri
2188 2256 2216 2286 R
2254 2258 2262 2287 i
2283 2256 2343 2288 An-

1377 2295 1421 2325 liae
1437 2319 1446 2335 ‚
1472 2296 1605 2328 Domino
1620 2296 1784 2335 Hibemiae,
1802 2297 1879 2327 Duci
1892 2296 2103 2335 Aequitanniae,
2119 2295 2220 2325 Guido
2252 2306 2268 2326 e
2283 2295 2342 2327 Ra-

1284 2334 1318 2364 tis
1326 2333 1349 2363 ’fi
1369 2334 1415 2364 elis
1429 2335 1490 2365 suus
1502 2334 1616 2367 salutem
1625 2360 1634 2373 ‚
1652 2336 1685 2366 &
1698 2337 1880 2366 reverentiam
1892 2344 1960 2365 cum
1973 2335 2091 2365 honore.

1323 2372 1411 2413 Super
1431 2374 1513 2404 bonis
1531 2374 1674 2404 beneficiis
1693 2375 1726 2404 ὃς
1745 2374 1898 2404 honoribus
1913 2396 1922 2412 ,
1941 2383 2012 2412 quos
2027 2371 2171 2403 Nobilitas
2184 2370 2273 2402 vestra
2287 2373 2343 2402 mi-

1285 2411 1333 2441 chi
1351 2411 1479 2442 conferre
1493 2413 1590 2450 pluries
1607 2412 1718 2452 dignata
1737 2411 1779 2442 est
1793 2435 1802 2450 ‚
1821 2412 1901 2442 vobis
1915 2411 2045 2450 regratior
2058 2411 2165 2440 devotis
2179 2408 2341 2440 affeetibus:

1287 2449 1457 2480 Sublimitati
1469 2450 1568 2481 vestrae
1581 2461 1628 2481 me
1643 2451 1775 2481 exhibens
1790 2449 1882 2481 modis
1893 2450 2024 2480 omnibus
2032 2472 2042 2488 ,
2058 2448 2093 2479 ad
2107 2447 2190 2479 vestri
2212 2448 2340 2487 benepla-

1286 2489 1357 2524 cita,
1375 2488 1499 2519 famulari
1511 2497 1711 2528 praeparatum3

1323 2525 1488 2565 Supplicans
1502 2527 1656 2557 Nobilitati
1669 2526 1783 2564 vestrae,
1800 2527 1907 2565 quantis
1922 2525 2032 2564 poffum
2051 2525 2200 2568 precibus,
2210 2534 2344 2563 quatenus
2354 2514 2446 2551 supra.

1287 2563 1402 2594 feudum
1424 2575 1521 2596 meum
1543 2566 1576 2596 ὃ(
1597 2566 1727 2604 arreragia
1739 2589 1749 2603 ,
1771 2565 1850 2603 super
1871 2566 1971 2604 quibus
1991 2564 2078 2594 michi
2098 2565 2248 2602 tenemini,
2263 2572 2347 2602 prout

1287 2602 1388 2634 vestrae
1404 2604 1537 2641 placuerit
1550 2604 1700 2640 voluntati,
1718 2603 1805 2633 michi
1820 2603 1854 2634 ad
1867 2603 1983 2643 praesens
1995 2602 2065 2632 solvi
2079 2602 2190 2632 faciatis.

1326 2640 1508 2673 Voluntatem
1522 2641 1644 2672 vestram
1657 2641 1757 2679 michi,
1768 2641 1787 2672 fi
1801 2643 1882 2672 vobis
1895 2641 2026 2681 placuerit
2035 2663 2044 2678 ,
2059 2639 2248 2678 demandetis,
2261 2649 2347 2678 quam

1289 2679 1380 2710 modis
1402 2682 1534 2711 omnibus
1550 2690 1602 2719 pro
1618 2681 1726 2710 virium·
1741 2689 1867 2710 meatum
1888 2681 2038 2720 quantitate
2052 2679 2148 2708 libenti
2162 2679 2259 2722 animo
2272 2687 2349 2715 para-

1290 2727 1332 2749 tus
1349 2719 1409 2749 sum
1420 2719 1581 2757 adimplere.
1608 2718 1683 2749 Bene
1696 2717 1784 2749 valete
1796 2719 1826 2748 in
1840 2719 1971 2750 Domino
1986 2718 2018 2749 &
2031 2717 2078 2749 diu
2086 2739 2096 2755 ‚
2113 2717 2235 2747 bonitate
2248 2717 2282 2748 &
2295 2717 2348 2747 hoe

1291 2768 1362 2788 nore
1375 2757 1481 2799 semper
1492 2758 1608 2789 feliciter
1622 2757 1837 2798 augmentando.

1325 2899 1445 2930 Littera
1466 2908 1486 2929 a
1504 2893 1652 2943 Johanna
1671 2898 1785 2943 Regina
1804 2893 1927 2939 Castellae
1942 2905 1996 2941 pro
2015 2893 2151 2940 Epiftopo
2167 2892 2314 2938 Elfinensi.

1291 2979 1507 3044 ILlustrissimo
1520 2980 1652 3012 Domino
1666 2980 1707 3011 H.
1726 2980 1783 3011 Dei
1804 2980 1902 3021 gratia,
1921 2978 1997 3019 Regi
2011 2977 2185 3022 Anglorum,
2199 2977 2348 3017 Johanna,
2369 2972 2444 3004 Ann-
2460 2972 2502 3003 D·

1340 3020 1437 3051 eadem
1451 3019 1535 3059 gratia
1571 3019 1698 3050 Castellae
1711 3020 1743 3051 &
1762 3019 1893 3059 Legionis
1909 3018 2035 3057 Regina,
2053 3010 2170 3048 PontiV1
2182 3018 2216 3049 δε
2235 3016 2348 3047 Moste-
2387 3014 2469 3050 1263·

1290 3058 1343 3089 roli
1357 3058 1503 3089 Comitisssi
1512 3081 1521 3096 ,
1535 3044 1646 3088 salutem
1660 3058 1693 3089 δε
1707 3059 1820 3088 lincerae
1833 3057 1988 3088 dilec‘tionis
2000 3055 2145 3087 affeetum.
2367 3054 2418 3077 Aa.
2436 3060 2484 3086 47·

1329 3097 1386 3127 Pro
1399 3097 1548 3129 venerabili
1561 3105 1637 3136 patre
1723 3095 1864 3135 Episcopo
1879 3094 2030 3134 Elfinenfi,
2050 3094 2140 3124 latore
2154 3094 2346 3134 praesentium,
2368 3093 2403 3116 Η·
2423 3098 2447 3125 3·

1292 3135 1413 3174 Regiam
1428 3134 1607 3175 Majestatem
1623 3133 1743 3164 vestram
1763 3143 1893 3173 rogamus
1908 3135 1990 3164 omni
2009 3132 2129 3171 affeetu,
2149 3142 2208 3171 quo
2221 3133 2347 3163 valemus
2366 3131 2405 3153 Ex
2414 3131 2483 3170 Βῖξΰ·
2501 3167 2503 3171 Α

1292 3175 1438 3211 ampliori,
1459 3182 1590 3211 quatenus
1607 3172 1700 3203 eidem
1713 3195 1723 3210 ,
1740 3173 1847 3211 pietatis
1868 3173 1969 3202 intuitu
1984 3196 1994 3210 ‚
2011 3173 2045 3203 ὃς
2059 3180 2175 3209 precum
2189 3171 2346 3201 nostrarum
2364 3165 2410 3192 (Η-
2420 3169 2501 3192 Idm*

1291 3222 1428 3253 optentu,
1445 3223 1487 3242 res
1502 3212 1574 3248 suaS,
1591 3220 1655 3250 quae
1675 3211 1705 3240 in
1721 3210 1768 3240 Re
1789 3220 1826 3241 no
1842 3210 1936 3241 vestro
1951 3221 1966 3240 a
1985 3209 2149 3250 quibusdam
2162 3208 2346 3240 malesadmri-
2366 3212 2419 3230 mr·
2434 3210 2465 3230 1⁴⁶

1292 3252 1343 3281 bus
1357 3261 1433 3281 occu
1453 3260 1506 3281 atae
1519 3250 1676 3280 detinentur
1687 3271 1697 3286 ,
1713 3248 1761 3279 red
1781 3251 1790 3279 i
1809 3258 1842 3278 ac
1856 3249 2000 3279 deliberari
2014 3248 2133 3285 faciatis,
2148 3248 2181 3278 &
2199 3247 2235 3291 de
2246 3247 2348 3290 eisdem
2362 3241 2452 3278 fi‘pm·

1292 3290 1374 3319 rebus
1395 3290 1423 3328 ip
1437 3300 1485 3320 um
1504 3287 1620 3328 pacifice
1640 3286 1758 3326 gaudere
1776 3287 1879 3318 faciatis
1893 3311 1903 3325 ‚
1918 3289 1947 3317 in
1968 3288 2101 3317 omnibus
2114 3287 2230 3324 negotiis
2243 3286 2293 3315 suis
2308 3295 2351 3322 ip-

1293 3328 1352 3358 sum
1372 3327 1498 3366 adjuvare
1516 3326 1604 3356 velitis
1619 3337 1630 3363 3
1647 3332 1756 3355 tantum
1775 3326 1841 3356 inde
1862 3326 1991 3356 facientes
2006 3348 2015 3363 ‚
2033 3324 2110 3365 quod
2132 3333 2226 3362 preces
2244 3323 2350 3354 nostras

1293 3375 1359 3435 erg&
1372 3376 1423 3395 vos
1439 3367 1514 3396 idem
1529 3363 1683 3403 Episcopus
1697 3364 1792 3396 sentiat
1808 3364 1858 3394 sibi
1871 3363 2002 3405 profuisse
2014 3373 2046 3394 ac
2059 3361 2181 3394 valuisse.

1359 3405 1437 3435 alere.

1358 3532 1478 3565 Littera
1498 3527 1647 3563 Ludovicz·
1668 3532 1756 3575 Regis
1770 3530 1900 3562 Francia
1912 3555 1921 3571 ,
1942 3539 1997 3575 pro
2014 3526 2112 3560 eodem
2131 3526 2279 3572 Epistopo·

1292 3615 1522 3679 LUdovicu3‚
1541 3613 1599 3644 Dei
1617 3613 1717 3659 gratia,
1735 3614 1759 3644 F
1761 3615 1863 3645 tanciae
1885 3612 1967 3650 Rex,
1985 3611 2125 3642 kariffimo
2145 3611 2247 3642 consan
2268 3613 2352 3644 uineo
2371 3612 2445 3645 Ann.
2462 3613 2504 3645 D:

1366 3654 1414 3685 suo
1437 3653 1566 3683 Henrico
1580 3675 1589 3689 ,
1607 3651 1705 3682 eadem
1726 3653 1811 3691 gratia
1825 3675 1835 3691 ,
1854 3652 1928 3690 Regi
1949 3650 2077 3689 Angliae,
2093 3649 2224 3681 Domino
2277 3652 2350 3682 iber-
2390 3653 2474 3693 1263.

1292 3694 1347 3722 niae
1364 3716 1373 3731 ,
1393 3694 1426 3724 &
1449 3691 1528 3721 Duci
1548 3691 1745 3727 Aequitanniae
1759 3714 1769 3729 ,
1786 3690 1860 3721 fideli
1881 3689 1942 3727 suo,
1963 3689 2077 3719 salutem
2091 3711 2102 3727 ,
2119 3689 2153 3719 ὃς
2173 3688 2286 3720 sincerae
2307 3691 2350 3721 di-
2370 3695 2484 3728 An.47.

1292 3732 1419 3761 lectionis
1432 3728 1576 3760 arrestum.
1967 3767 1972 3771 .
2049 3766 2055 3771 .
2370 3733 2404 3759 Η,
2428 3741 2454 3767 3.

1331 3768 1377 3800 Ad
1391 3778 1484 3806 preces
1499 3766 1592 3796 dilecti
1604 3765 1692 3796 nostri
1797 3765 1914 3795 Abbatis
1936 3765 2143 3804 Cistercrensis,
2159 3776 2212 3810 pro
2226 3767 2349 3806 quodam
2369 3771 2408 3796 Ex
2416 3771 2489 3796 Bmſs

1296 3807 1439 3848 Episcopo
1459 3805 1594 3835 Yberniae
1610 3827 1620 3842 ,
1636 3804 1692 3834 viz.
1712 3802 1843 3833 Elfinenli
1879 3804 1984 3834 ordinis
1997 3803 2203 3843 Cistercieniis,
2220 3805 2349 3836 dileetio-
2367 3806 2507 3840 desum-J

1293 3856 1360 3877 nem
1375 3844 1495 3875 vestram
1507 3851 1650 3882 rogamuS‚
1667 3849 1799 3881 quatenus
1814 3826 2089 3886 ipsumEpiscopum
2100 3843 2136 3883 ‚in
2148 3842 2199 3876 suis
2211 3842 2286 3882 iustis
2300 3852 2350 3880 pe-
2369 3852 2422 3872 rar.
2438 3851 2469 3871 ut

1295 3884 1438 3916 titionibus
1451 3881 1716 3912 recommendatum
1728 3879 1829 3911 habere
1841 3881 1937 3913 velitis.
2363 3881 2451 3920 supra.

1335 3961 1404 3993 Dat.
1417 3957 1499 3991 Paris.
1512 3957 1558 3990 die
1572 3958 1708 3990 cinerum.

2254 4147 2367 4175 Littera
