2570 4261
673 148 780 191 ET
865 147 1131 190 ACTA

0 249 42 270 tin.
56 234 98 268 D.
115 245 146 268 ut
161 236 308 267 tramitum
322 235 401 266 illum
416 234 451 266 ad
465 233 601 266 effeetum
618 235 732 272 perduci
754 233 904 265 efficaciter
926 243 1100 271 curaremus,
1116 233 1169 276 βε,

0 277 74 308 2288.
117 276 211 314 quod,
230 284 343 313 propter
358 274 442 305 ardua
464 275 588 313 negotia,
607 283 671 311 quae
693 273 832 302 habebatis
854 273 1009 303 neceffario
1024 271 1170 309 expedire,

0 318 36 344 iv.
59 325 81 342 ι.
118 316 137 333 *
159 324 218 344 non
241 314 368 351 poteratis
388 313 529 342 attendere
550 322 582 342 ac
598 311 744 348 complere
757 321 803 348 ea,
824 321 886 349 quae
901 315 986 349 utque
1000 311 1033 340 ad
1049 307 1169 340 Kalend-

0 354 101 390 lI.369.
119 352 286 383 Novembr.
302 351 449 388 complere
461 352 495 382 &
510 350 651 381 attendere
665 348 843 388 promiiistis,
862 349 1014 389 Rogiibatis
1029 346 1172 386 quodvel-

120 391 211 422 lemus
224 390 306 421 vobis
319 389 465 426 praefatum
479 389 634 418 terminum
649 396 808 425 prorogare.

155 429 224 459 Nos
245 437 359 465 autern,
377 426 412 455 de
432 426 563 456 fidelitate
581 435 614 455 ac
635 425 787 456 dileetioiie
806 425 896 456 vestra
915 425 1049 462 sperantes
1065 448 1074 461 ,
1092 422 1172 466 super

120 476 260 505 utroque,
277 466 351 500 iuxra
370 474 470 494 votum
490 463 633 500 vestium,
651 472 681 492 ut
703 463 860 501 credimus,
881 472 1015 501 quantum
1031 470 1174 500 potuimus

122 507 196 537 &in
212 504 294 534 nobis
306 502 376 540 fuit,
394 512 442 542 per
455 502 554 531 litteras
567 501 672 531 nostras
685 510 808 539 patentes
828 502 1016 539 impendimus
1038 510 1086 538 per
1106 508 1175 536 prte-

120 544 211 574 fatum
227 541 388 578 Abbatem,
410 540 533 570 vestrum
548 539 700 569 Nunciuni
717 540 881 577 specialem,
900 540 984 577 usque
999 538 1033 568 ad
1053 536 1174 568 Kalend.

122 580 216 611 Madii
230 590 282 610 vos
295 578 477 619 prorogando
493 579 527 608 ab
540 578 589 607 hiis
604 588 667 615 quae
681 578 827 615 complere
845 578 985 608 debebatis
1009 579 1037 606 in
1057 575 1174 619 Cale-nd.

120 617 275 649 Novemb.
297 618 373 655 juxta
394 618 558 657 petitionem
582 616 784 653 praediflorum
806 616 993 647 Nunciorum
1009 639 1018 653 ,
1045 623 1129 652 prout
1148 623 1176 642 in

119 656 262 695 praedietis
280 655 398 693 litteris,
412 665 460 693 per
480 654 648 693 praedietum
665 654 823 693 Abbatem,
844 665 892 693 per
913 666 964 686 vos
979 654 1060 684 nobis
1075 651 1179 688 missis,

121 695 230 733 plenius
244 695 412 725 continetur.

161 733 254 764 Nunc
277 743 364 770 vero,
381 730 552 770 congregata
573 741 621 768 per
641 741 710 769 nos,
728 730 800 768 apud
822 731 960 761 Montem
974 731 1038 761 Sen.
1055 728 1177 769 Aragon.

125 772 159 803 &
174 770 298 801 Catalan.
315 770 402 800 Curia
415 769 550 809 generali,
569 770 603 800 ὅ(
618 779 665 807 ea,
684 770 755 799 inter
769 778 885 807 caetera,
905 779 968 807 quae
981 769 1059 805 super
1079 770 1179 796 tracta—

125 818 156 840 tu
170 810 243 847 pacis
256 807 477 846 rescripseramus
490 807 588 845 vobis,
606 807 837 837 demandareinus
857 808 988 845 effeclui,
1005 804 1121 848 Sacri—sta
1139 804 1180 834 Α-

149 858 212 878 uen.
226 857 259 877 ac
274 847 312 877 R.
324 846 360 876 de
375 846 472 876 Borbo
484 845 569 876 Miles
584 846 666 875 nobis
682 845 784 876 vestras
798 846 896 876 litteras
911 846 946 875 de
961 845 1101 876 credentia
1109 852 1180 880 prae-

138 886 268 916 entarunt
277 908 287 924 ,
307 885 387 914 nobis
401 894 434 914 ex
449 892 526 924 parte
540 883 630 914 vestra
644 884 767 914 dicentes
783 885 860 922 quod
876 895 943 922 vos,
961 884 995 915 ad
1008 882 1180 919 Captionem

126 923 254 955 nostram
268 922 357 953 redire
371 923 533 960 volentem,
552 932 603 952 nos
617 923 740 960 recipere
756 933 921 960 pararemus.

166 962 216 992 De
231 962 331 1000 quibus
347 972 413 999 nos,
432 961 671 998 quamplurimum
690 962 859 1000 adjurantes,
878 959 1072 999 requisivimus
1090 957 1181 1001 supra-

129 1000 219 1031 dieios
234 999 380 1030 Sacristam
394 1001 427 1031 &
443 999 584 1037 Militem,
604 999 622 1028 ii
644 999 724 1037 super
745 1010 774 1030 re
797 1001 923 1030 uisitione
944 996 1181 1039 praeditstalnobis

127 1038 256 1069 facienda
276 1047 470 1078 procuratores
489 1038 504 1067 a
526 1038 608 1068 vobis
625 1037 732 1068 fuerant
752 1039 779 1068 in
807 1039 889 1077 ituri,
908 1038 952 1068 vel
973 1036 993 1066 fi
1010 1036 1182 1078 legationem

127 1077 205 1108 illam
226 1076 365 1107 habebant
384 1077 413 1106 in
434 1076 553 1114 scriptis,
571 1076 687 1114 puplicis
701 1076 747 1108 vel
758 1078 888 1115 privatis,
905 1075 1000 1108 vestro
1014 1074 1058 1105 vel
1072 1073 1126 1103 alio
1141 1072 1184 1102 Si-

129 1116 197 1156 gillo
211 1116 352 1146 autentico
367 1115 499 1154 sigillatis,

171 1154 234 1193 Qii
254 1152 454 1191 responderunt
475 1154 569 1191 aperte
582 1152 660 1190 quod
675 1163 728 1183 nec
742 1153 775 1183 ad
791 1153 848 1183 hoc
862 1153 1061 1183 Procuratores
1076 1150 1184 1192 fuerant

132 1193 264 1260 insl’tituti,
281 1202 334 1237 nec
347 1192 448 1231 legatio
462 1192 574 1229 praefata
585 1191 688 1222 eisdem
701 1191 762 1222 data
777 1191 864 1222 fuerat
878 1193 907 1221 in
922 1191 1027 1229 scriptis
1049 1187 1185 1226 pupplicis

131 1241 169 1263 ve
214 1239 312 1262 rivatis.

169 1242 261 1300 Upnde
279 1279 346 1307 nos,
365 1267 400 1299 de
418 1267 558 1306 praedietis
579 1266 658 1305 quod
676 1266 712 1297 de
735 1267 825 1298 vestra
843 1267 988 1297 voluntate
1000 1263 1186 1303 procederent

132 1309 236 1339 merito
255 1307 410 1338 dubitantes
424 1331 433 1343 ,
451 1305 664 1336 deliberavimus
685 1315 734 1342 per
751 1305 861 1335 nostros
882 1306 1017 1335 Nuncios
1032 1328 1041 1340 ,
1060 1312 1130 1341 quos
1146 1301 1186 1345 ⁴ad

133 1357 186 1377 vos
199 1346 332 1378 volumus
345 1346 472 1382 mittere,
490 1344 526 1374 de
541 1343 685 1375 voluntate
698 1343 790 1374 vestra
804 1343 840 1373 de
860 1343 1001 1381 praedietis
1013 1341 1072 1372 fieri
1085 1349 1187 1371 certio-

135 1395 178 1415 YCS
194 1397 199 1402 “
701 1396 713 1409 ο

172 1410 221 1454 S'et
237 1424 299 1462 quia
313 1421 448 1452 Nuncios
462 1420 497 1450 ad
510 1431 562 1451 vos
576 1421 687 1451 mittere
700 1427 760 1450 tute
773 1420 967 1458 nequivimus,
986 1429 1035 1457 per
1050 1417 1190 1460 quendam

135 1461 299 1492 scutiferum
312 1460 448 1490 Filiorum
463 1458 623 1491 vestrorum
638 1458 853 1488 deliberavimus
867 1459 947 1489 vobis
960 1458 1079 1487 scribere
1099 1460 1191 1492 lupra-

137 1500 236 1537 dicsta3
255 1499 409 1529 dubitantes
432 1498 510 1535 quod
530 1497 564 1528 ad
581 1496 704 1529 vestram
724 1497 854 1529 notitiam
875 1497 1016 1535 perveniat
1038 1494 1192 1532 supradicta

136 1538 300 1577 prorogatio
311 1547 361 1575 per
373 1546 424 1566 nos
436 1537 516 1567 faeta.
1173 1570 1179 1575 .

175 1576 302 1614 Ideoque
320 1575 473 1605 amicitiam
494 1574 615 1606 vestram
638 1583 769 1611 rogamus
792 1581 929 1611 quantum
941 1573 1029 1603 velitis
1044 1581 1096 1601 nos
1111 1577 1195 1599 certi-

137 1613 223 1645 ficare
237 1624 285 1652 per
302 1613 403 1644 vestras
417 1613 535 1651 litteras,
555 1613 587 1644 &
601 1622 650 1650 pei·
664 1612 864 1642 Procuratores
886 1611 1010 1648 vestrOS,
1029 1611 1085 1640 sive
1107 1609 1198 1638 Nuri-

139 1654 200 1684 cios
213 1652 357 1691 speciales,
376 1651 410 1682 de
424 1652 556 1681 omnibus
571 1650 746 1690 supradietis,
764 1649 798 1679 ad
814 1650 871 1681 hoc
885 1659 916 1681 ut
932 1649 1065 1689 possimus
1080 1658 1132 1678 nos
1150 1656 1198 1684 pa-

137 1702 198 1723 rare
221 1702 273 1722 vos
294 1692 441 1728 recipere,
467 1691 499 1720 ὃς
521 1689 602 1719 vobis
628 1689 775 1726 complere
796 1698 827 1718 ea
842 1712 852 1726 ,
885 1699 948 1726 quae
968 1698 1017 1728 per
1039 1697 1092 1717 nos
1114 1695 1198 1728 coin-

140 1729 240 1768 plenda
263 1729 382 1767 fuerint,
395 1729 475 1767 juxta
495 1727 712 1759 Conventiones
731 1728 802 1757 inter
825 1737 876 1757 nos
897 1729 930 1758 ὅς
951 1737 1003 1758 vos
1021 1727 1100 1756 initas
1116 1748 1126 1762 ,
1144 1726 1200 1755 live

140 1769 230 1806 paCta.

178 1842 239 1874 Dat
253 1844 282 1873 in
301 1843 408 1875 Monte
422 1843 499 1875 Seno
516 1853 561 1874 12.
576 1842 697 1873 Kalend.
712 1842 880 1874 Novembr.
897 1853 972 1873 anno
988 1841 1081 1872 Dom.
1100 1839 1185 1870 1288.

154 1973 435 2020 Affecuramentum
450 1984 504 2019 pro
526 1976 600 2018 Rege
619 1972 732 2018 Angliae
747 1982 801 2017 per
825 1972 986 2017 Alfonsicm
1006 1975 1113 2019 Regem
1138 1974 1207 2004 Ar-

267 2026 408 2069 ragwiae,
433 2020 514 2068 qnod
531 2021 574 2054 ad
589 2024 625 2054 V
623 2018 709 2063 istam
721 2021 811 2065 stzlve
825 2024 861 2059 eff
872 2021 977 2066 secure
994 2026 1108 2054 veniat.

0 2115 76 2148 Anu,
92 2114 123 2146 D
233 2107 356 2137 Overint
370 2106 524 2144 Universi,
543 2105 708 2144 praesentem
721 2106 849 2144 paginam
863 2106 1027 2147 inspeeruri,
1045 2106 1122 2145 quod
1138 2115 1207 2143 nos,

23 2154 110 2185 1288,
250 2146 397 2184 Alfonsus,
418 2146 474 2175 Dei
489 2145 590 2184 gratia,
609 2145 674 2174 Rex
691 2144 815 2181 Aragon.
832 2144 964 2183 Majoric.
988 2146 1021 2176 &
1043 2145 1154 2176 Valent.
1175 2154 1207 2175 ac

0 2198 51 2223 An.
70 2195 114 2220 16,
155 2185 265 2216 Comes
281 2184 378 2215 Barch.
393 2183 491 2214 damus
505 2185 538 2214 ὃς
551 2182 735 2213 concedimus
749 2183 831 2213 vobis
844 2182 997 2220 magnifico
1018 2194 1050 2214 ac
1071 2184 1209 2214 excellen-

0 2237 31 2261 Ε,
50 2241 73 2261 ι,
153 2224 260 2254 tiffimo
274 2223 417 2261 Principi,
434 2222 569 2252 Domino
583 2221 744 2259 Edwardo,
764 2220 822 2251 Dei
836 2221 938 2260 gratia,
956 2221 1031 2261 Regi
1046 2223 1209 2263 Anglorum

0 2275 32 2300 L,
47 2268 111 2306 Rs,
152 2261 269 2301 illustri,
287 2261 422 2292 Domino
442 2260 578 2290 Yberniae
599 2270 631 2290 ac
654 2259 732 2290 Duci
754 2259 851 2297 Aquit.
867 2261 1042 2299 guidaticutn
1055 2262 1088 2292 δε
1102 2261 1210 2292 assecu-

5 2309 100 2344 134,b,
152 2310 312 2332 ramentum
333 2310 386 2338 pro
406 2300 506 2337 vobis,
524 2299 557 2330 δε
579 2299 711 2328 omnibus
731 2297 882 2328 Baronibus
896 2323 905 2337 ,
925 2299 1080 2338 Militibus,
1099 2302 1132 2332 ὃ(
1153 2301 1211 2331 aliis

1 2350 73 2375 Penes
83 2351 135 2374 Ca·
152 2339 330 2370 Hominibus
344 2347 425 2368 terrae
440 2337 557 2375 vestrae,

2 2394 96 2413 meras,
189 2379 231 2409 Ita
244 2376 321 2417 quod
331 2387 388 2414 ,vos
398 2399 407 2415 ,
424 2386 493 2406 curn
507 2375 645 2412 Praelatis,
661 2374 814 2405 Batonibus
822 2397 832 2412 ,
850 2374 1007 2414 Militibus,
1025 2377 1059 2407 δε
1073 2376 1129 2407 aliis
1140 2376 1208 2408 Ho-

153 2418 294 2454 minibus,
312 2416 345 2446 &
356 2415 490 2445 omnibus
500 2415 582 2443 rebus
597 2412 711 2450 vestris,
730 2413 763 2443 &
784 2413 917 2443 omnibus
942 2414 1016 2451 aliis,
1035 2425 1100 2452 quae
1120 2414 1208 2446 duce-

152 2456 187 2486 tis
201 2455 369 2491 vobiscum,
388 2452 492 2490 possitis
506 2451 655 2481 nobiscum
668 2451 769 2480 vistam
784 2450 886 2480 habere
899 2451 971 2481 salve
992 2453 1025 2482 δε
1047 2453 1160 2491 secure,
1179 2455 1209 2483 in

154 2493 298 2524 veniendo
311 2492 344 2522 ad
360 2491 460 2521 vistam
476 2489 657 2528 praedietam‚
677 2489 774 2519 stando
790 2498 821 2519 ac
837 2489 980 2519 redeundo
995 2490 1031 2520 de
1045 2492 1052 2520 i
1075 2492 1116 2529 sa,

191 2532 393 2562 Promittentes
407 2529 608 2559 nichilominus
622 2527 723 2558 vestrae
743 2526 909 2557 Celsitudini
930 2528 1005 2558 bona
1023 2528 1041 2558 fi
1062 2540 1093 2568 e,
1112 2530 1209 2568 quod,

155 2569 177 2600 si
195 2570 292 2608 aliquis
311 2568 356 2599 vel
378 2567 461 2605 aliqui
480 2566 584 2597 vellent
605 2576 675 2604 VOS,
693 2565 739 2596 seu
762 2565 886 2603 vestros,
905 2566 950 2597 vel
971 2577 1013 2597 res
1028 2568 1146 2605 vestras,
1165 2569 1210 2599 seu

155 2618 188 2638 ea
212 2618 274 2646 quae
294 2606 442 2637 vobiscum
463 2604 620 2642 adducetis,
639 2605 668 2634 in
689 2602 831 2635 veniendo
852 2605 885 2634 ad
909 2604 1008 2635 vistam
1030 2605 1210 2645 praedifflm,

158 2646 257 2677 stando
272 2656 304 2676 ac
319 2643 481 2681 redeundo,
499 2642 661 2680 offendere,
679 2642 725 2672 vel
737 2651 867 2681 gravare,
885 2653 955 2681 nos,
974 2654 1042 2674 cum
1062 2653 1126 2675 toto
1147 2655 1213 2683 pos-

157 2685 186 2714 se
197 2684 314 2722 nostro,
332 2683 414 2713 vobis
435 2681 501 2712 inde
520 2682 622 2712 erimus
642 2680 816 2719 defensores,
834 2691 866 2712 ac
886 2680 978 2712 fideles
998 2683 1151 2714 &solliciti
1164 2684 1212 2714 ad-

153 2723 272 2762 jutores.

193 2798 261 2867 ]ξὲῑ.
282 2799 312 2828 in
333 2797 449 2836 Campo
474 2796 611 2827 Francho.
636 2805 672 2826 12
687 2795 808 2833 Kalend.
825 2795 991 2828 Novembr.
1004 2808 1080 2830 anno
1092 2798 1216 2831 Domini

160 2846 201 2867 12
245 2860 250 2866 .

192 2875 226 2905 In
247 2875 324 2911 cujus
343 2875 382 2904 rei
403 2873 600 2904 testimonium
620 2872 784 2911 praesentem
803 2882 909 2905 cartam
926 2873 1026 2913 Sigillo
1042 2875 1142 2907 nostro
1157 2886 1217 2907 ma-

152 2914 218 2953 jore
227 2913 356 2951 jussimus
372 2913 509 2943 roborari.
1061 2931 1063 2933 .

11 3061 148 3098 *11‚370,
162 3045 190 3073 ἒ*
218 3046 416 3080 Guidaticum
450 3049 488 3084 &¹
514 3046 793 3092 Affi’curamentum
823 3060 878 3095 pro
903 3051 978 3095 Rege
1004 3049 1118 3095 Angliae
1151 3061 1219 3082 cum

206 3092 352 3140 obfidibus
377 3105 447 3140 quos
475 3096 549 3142 Regi
567 3100 721 3146 Arragan.
747 3096 873 3132 intendit
889 3095 1016 3130 liberare
1034 3097 1117 3144 apud
1129 3101 1220 3131 Cam-

202 3154 278 3190 pum
294 3145 458 3176 Francum.

10 3231 93 3273 JAnn.
106 3229 147 3259 D.
165 3226 366 3288 NOverint
379 3226 516 3272 Univerfi
530 3228 607 3266 quod
622 3239 694 3268 nos,
712 3230 859 3270 Alfonsus,
878 3230 937 3261 Dei
950 3232 1050 3269 gratia,
1069 3230 1134 3263 Rex
1150 3231 1220 3262 Ara-

41 3269 125 3300 1288.
259 3274 326 3306 gon.
351 3265 485 3305 Majoric.
506 3266 539 3296 &
561 3266 672 3298 Valent.
688 3278 721 3299 ac
734 3269 843 3301 Comes
856 3270 955 3300 Barch.
974 3280 1042 3300 cum
1056 3270 1219 3300 testimonio

13 3312 70 3338 An.
93 3308 134 3335 16.
167 3304 305 3342 praesentis
321 3305 446 3349 paginae,
464 3304 562 3348 Sigillo
580 3305 679 3349 nostro
703 3308 802 3338 ma'ori
819 3309 952 3346 pendenti
972 3310 1089 3339 munirae
1124 3309 1221 3339 damus

15 3351 45 3375 ΣΕ,
70 3357 93 3373 ι.
167 3344 201 3374 &
224 3342 409 3373 concedimus
428 3343 513 3386 yobis
535 3342 717 3375 illustriffimo
761 3348 861 3385 rincipi
876 3371 885 3385 ,
905 3345 1041 3377 Domino
1062 3333 1220 3384 Edwardo,

15 3389 49 3414 L.
65 3389 95 3412 Β.
104 3382 130 3421 f.
168 3382 227 3425 ἃς.
249 3380 327 3418 Regi
346 3381 476 3418 Angliae,
495 3380 618 3412 Domini
640 3381 787 3414 Hiberniae
807 3395 840 3415 ac
854 3384 932 3416 Duci
946 3386 1141 3424 Aquitanniae,
1160 3387 1222 3422 gui-

26 3432 89 3459 134.
110 3422 135 3448 b.
168 3419 291 3450 daticum
306 3429 339 3449 ac
353 3419 483 3449 securum
493 3419 688 3458 conduiium,

16 3463 151 3488 Penesca-
204 3457 245 3489 Ita
265 3457 343 3496 quod
361 3467 413 3489 vos
434 3467 503 3487 cum
519 3457 592 3488 Filiis
607 3458 726 3489 Nobilis
740 3457 801 3489 Viri
836 3460 958 3491 Domini
978 3462 1079 3493 Karoli
1114 3462 1222 3492 Princi-

19 3507 112 3527 merar.
167 3497 208 3535 pis
223 3496 403 3535 Salernstani,
419 3505 452 3525 ac
465 3495 536 3533 alib,
555 3506 642 3534 quos,
660 3507 712 3538 pro
733 3483 893 3538 obfid’ibus,
910 3500 992 3531 nobis
1009 3487 1148 3531 intenditis
1168 3511 1221 3538 pro

167 3535 308 3573 praedi<5to
323 3534 455 3572 Principe
470 3533 601 3564 liberare:

207 3573 246 3604 Et
260 3573 368 3611 insuper
391 3571 634 3612 Archiepiscopis,
651 3571 811 3613 Episcopis‚
829 3575 862 3606 ὅτ.
883 3574 1004 3606 Praelatis
1025 3576 1099 3616 aliis,
1118 3576 1222 3607 Comi—

169 3612 262 3650 tibus,
279 3611 450 3649 Baronibus,
469 3610 626 3650 Militibus,
646 3610 784 3651 Clericis,
799 3614 834 3644 &
851 3615 993 3651 praecipue
1014 3615 1168 3646 Lodovico
1187 3617 1221 3647 &

170 3649 307 3681 Roberto
326 3650 400 3680 Filiis
424 3648 551 3687 praediffi
574 3649 711 3688 Principis
727 3650 903 3690 Salernitani,
921 3653 955 3683 &
968 3653 1024 3683 aliis
1040 3655 1222 3692 quibuscum-

170 3698 243 3727 que,
261 3688 463 3727 cujuscumque
483 3686 670 3726 conditionis,
688 3688 734 3718 seu
754 3688 888 3720 Nationis
906 3690 1041 3730 existant,
1056 3694 1104 3730 qui
1127 3693 1222 3723 vobis-

171 3736 238 3757 cum
260 3728 387 3757 venerint
393 3750 404 3766 ,
421 3735 490 3756 cum
504 3726 638 3757 omnibus
659 3727 741 3756 rebus
760 3725 873 3765 vestris,
889 3731 1022 3768 pecunia,
1040 3731 1073 3762 ὃς
1087 3731 1223 3769 palefridis

170 3765 396 3803 quibuscumque
409 3764 521 3802 vestris,
539 3765 573 3795 &
587 3764 653 3802 suis,
671 3763 777 3805 possitis
789 3764 861 3796 salve
873 3766 907 3797 &
918 3766 1013 3797 secure
1026 3769 1127 3800 intrare
1142 3769 1224 3807 Reg-

169 3811 242 3832 num
256 3803 386 3834 nostrum
400 3803 527 3840 Aragon.
540 3812 590 3840 per
601 3810 692 3833 totam
705 3811 807 3833 terram
820 3802 961 3843 nostram,
980 3806 1013 3836 &
1026 3808 1066 3837 ibi
1085 3808 1172 3847 stare,
1189 3810 1224 3840 &

169 3840 246 3878 effe,
263 3842 297 3872 ὅτ.
309 3842 374 3872 inde
386 3841 533 3879 recedere,
552 3842 586 3872 δί
600 3839 634 3870 ad
649 3849 737 3879 partes
750 3840 852 3871 vestras
870 3841 976 3880 redire,
994 3846 1224 3885 quandocunque

171 3877 255 3945 vobsis
276 3879 432 3919 placuerit,
450 3880 508 3911 fine
528 3878 736 3917 impedimento
754 3878 852 3910 nostro
866 3902 877 3917 ‚
893 3880 927 3911 &
948 3883 1095 3921 cujussibet
1114 3885 1224 3916 alterius

172 3925 224 3954 per
235 3926 313 3946 onae:

199 3952 412 3996 ‘Promittentes
432 3957 514 3988 vobis
533 3956 609 3986 bona
629 3955 684 3986 fide
697 3955 776 3994 quod
789 3965 842 3988 vos
855 3956 888 3987 δε
903 3965 952 3987 eos
966 3967 1084 3998 ornnes,
1101 3962 1152 3998 qui
1170 3971 1226 3993 vo-

175 3990 286 4021 biscum
298 3995 443 4034 venerint,
460 4004 492 4026 ut
505 3994 680 4033 praedicitur,
697 4003 766 4024 cum
780 3994 914 4025 omnibus
926 3996 1025 4036 rebus,
1042 4000 1178 4037 pecunia,
1191 4001 1225 4031 ὃς

171 4028 273 4098 salgi}1
275 4031 494 4102 *qiiliblqsalnlifiue
514 4033 627 4072 vestris,
644 4034 677 4065 &
698 4033 767 4074 suis,
782 4032 948 4066 salvabimus
962 4033 996 4065 ὃς
1016 4035 1226 4076 custodjffinus²

1214 142 1689 189 PUBLICA.
2208 160 2261 201 27

1208 231 1236 259 in
1255 230 1396 275 veniendo
1409 256 1418 270 ,
1443 232 1542 263 stando
1564 244 1596 265 ac
1617 236 1700 266 etiam
1721 230 1887 274 redeundo,
1920 229 2082 266 mandantes
2103 231 2153 266 sub
2173 242 2258 273 ‘poena
2278 227 2352 260 sffln-
2365 225 2408 260 ⁷9·-

1209 267 1313 298 nostrae
1328 279 1438 314 gratiae,
1455 272 1589 302 omnibus
1603 273 1768 303 officialibus
1782 274 1816 304 ὃς
1830 273 1941 304 subditis
1965 274 2080 311 nostris,
2099 275 2259 311 cujuscum-
2301 269 2382 299 1233·-

1211 316 1267 350 que
1279 308 1448 351 conditionis
1463 309 1595 348 existant,
1614 320 1749 348 quantum
1764 322 1815 341 vos
1831 313 1864 342 &
1877 312 2002 349 vestros,
2020 313 2052 343 &
2073 321 2121 341 eos
2144 323 2261 351 omnes,

1211 354 1260 386 qui
1283 346 1431 388 vobiscum
1453 349 1596 385 venerint,
1615 359 1681 379 curn
1706 350 1787 379 rebus
1811 350 1925 388 vestris,
1946 351 1977 380 &c
1994 350 2061 388 suis,
2080 352 2212 381 omnibus
2227 353 2260 382 &

1211 383 1338 421 lingulis,
1359 393 1389 414 ut
1403 385 1523 421 superius
1538 385 1578 415 est
1594 388 1768 425 expressum,
1785 388 1904 418 t=ra6ient
1927 389 1959 419 ὃς
1980 390 2113 425 recipiant
2133 400 2264 419 reveren-

1211 429 1271 464 ter,
1288 422 1322 452 Sc
1338 432 1389 451 vos
1401 422 1535 453 associent
1551 424 1568 453 si
1583 424 1639 454 hoc
1654 427 1690 454 eis
1704 425 1834 455 duveritis
1856 426 2075 465 injungendum,
2095 427 2263 465 predii-:tum

1213 458 1384 498 guidaticum
1399 461 1432 490 ὃς
1446 461 1573 491 securum
1587 463 1762 493 conductum
1777 464 1971 494 inir³olabiliter
1987 465 2170 495 observantes.

1245 496 1445 540 ¹Pri—amittimus
1461 500 1659 531 nichilominus
1674 501 1773 531 vestrae
1788 501 1952 532 Cellitudini
1966 502 2041 533 bona
2058 503 2112 533 fide
2128 503 2204 541 quod
2214 527 2223 542 ,
2245 504 2265 534 fi

1215 535 1331 574 aliquis,
1349 537 1394 566 vel
1416 537 1499 574 aliqui
1519 538 1621 568 vellent
1645 550 1712 576 vos,
1731 539 1775 569 seu
1798 539 1903 569 vestros
1915 562 1924 578 ,
1943 541 1987 570 vel
2001 541 2140 580 aliquem,
2159 542 2202 572 scu
2217 542 2266 572 ali·-

1216 583 1289 610 quos
1313 583 1347 604 ex
1370 577 1596 614 praenominatis,
1615 587 1686 614 quos
1705 578 1854 607 vobiscum
1875 578 2000 617 ducetis,
2020 589 2072 616 pro
2086 580 2206 619 personis
2220 588 2267 611 aut

1217 612 1314 655 rebus,
1331 613 1471 643 veniendo
1484 616 1512 643 in
1527 615 1662 657 Regnum
1677 615 1806 645 nostrum
1821 615 2004 655 praedictum,
2023 616 2120 647 stando
2143 618 2266 656 ibidem,

1216 659 1263 680 aut
1277 650 1341 680 inde
1355 652 1515 689 redeundo,
1532 652 1698 691 ostendere,
1716 653 1760 683 vel
1780 663 1910 691 gravare,
1928 664 1995 692 nos,
2013 665 2079 685 cum
2102 665 2164 685 toto
2187 656 2267 694 poffe

1216 687 1331 726 nostro,
1350 690 1433 720 vobis
1453 690 1518 720 inde
1538 692 1641 721 erimus
1661 691 1836 730 defensores,
1854 702 1885 722 ac
1905 691 1998 722 fideles
2015 695 2048 727 &
2070 694 2177 724 solliciti
2191 694 2269 733 adju⁴

1215 735 1298 756 tores.

2282 312 2347 336 Edax»
2367 316 2391 334 i-.

1255 801 1323 832 Dat.
1337 803 1408 846 apud
1422 802 1568 842 Campum
1583 805 1742 836 Franclium
1761 807 1880 844 septimo
1894 806 2003 838 Calend
2023 807 2189 840 Novembr.
2209 807 2270 838 An—

1219 850 1258 870 no
1274 840 1397 871 Domini
1415 843 1499 873 1288.

1220 965 1268 996 De
1279 961 1413 1008 prediflo
1428 962 1667 1009 Affi’cnramento
1679 976 1732 1012 per
1754 968 1898 999 Civitates
1915 966 2120 1015 Cesaraugust.
2141 973 2176 1008 ὠ·
2190 968 2275 1015 Jac-

1543 1025 1577 1046 cae
1599 1014 1721 1047 laudato
1739 1017 1775 1052 (ῤ’
1792 1014 1958 1060 approbato.

1299 1095 1423 1127 Overint
1443 1096 1578 1127 Univerfi
1599 1098 1676 1136 quod
1698 1108 1750 1128 nos
1762 1122 1772 1136 ,
1806 1098 1983 1135 Berengarius
2003 1099 2039 1130 de
2058 1100 2151 1131 Podio
2171 1097 2251 1133 viridi
2268 1124 2278 1140 ,
2298 1103 2426 1138 Ann,D„

1315 1134 1460 1172 Philippus
1481 1135 1517 1165 de
1537 1135 1656 1175 Castro,
1674 1136 1772 1167 Petrus
1792 1136 1907 1166 Martini
1931 1138 1966 1167 de
1986 1138 2056 1167 Lina
2069 1161 2078 1176 ,
2097 1138 2278 1170 Guilabeitus
2319 1147 2405 1176 1288„

1224 1173 1260 1203 de
1277 1172 1425 1211 Crudiliis,
1444 1173 1595 1204 Bernardus
1616 1174 1651 1204 de
1672 1174 1835 1214 Angularia,
1857 1174 1901 1204 Lu
1924 1185 1954 1205 us
1976 1175 2011 1205 dc
2032 1176 2161 1213 Gor-rei,
2181 1178 2277 1208 Petrus
2296 1189 2347 1212 As„
2373 1187 2416 1213 16,

1225 1210 1344 1241 Gartesii
1357 1210 1392 1240 de
1407 1221 1480 1241 nuce
1515 1211 1612 1243 Petrus
1628 1212 1719 1243 Massa
1738 1213 1775 1243 de
1790 1212 1885 1251 Ciliis,
1937 1213 2064 1244 odericus
2087 1214 2121 1244 de
2144 1216 2279 1251 Fignero-
2299 1228 2327 1250 E.
2350 1232 2374 1249 1,

1224 1250 1272 1287 lis,
1286 1248 1460 1293 'Ramundus
1475 1236 1511 1279 de
1525 1249 1640 1289 Urgio,
1654 1251 1797 1293 Johannes
1813 1251 1950 1289 Carpata,
1969 1254 2002 1283 ὃς
2019 1252 2178 1282 Gulielmus
2202 1253 2280 1283 Dur—
2305 1265 2335 1288 L,
2350 1258 2416 1299 Rs,

1225 1288 1304 1318 fortis
1318 1311 1327 1325 ,
1345 1287 1513 1317 illustrissimi
1536 1288 1658 1319 Domini
1678 1290 1787 1320 Alfonii
1803 1313 1811 1327 ‚
1832 1289 1890 1319 Dei
1910 1291 1994 1328 gratia
2009 1313 2018 1328 ,
2045 1290 2131 1330 Regis
2154 1292 2279 1327 Aragon.
2301 1310 2346 1333 92-

1227 1326 1384 1356 Consiliarii
1397 1349 1407 1364 ,
1433 1325 1570 1357 Arnaldus
1593 1327 1737 1367 Aymerici
1756 1328 1789 1359 &
1827 1328 1951 1358 ohannes
1973 1329 2010 1358 de
2029 1329 2143 1366 Figeriis
2165 1329 2280 1359 Civitat.
2299 1342 2367 1365 Penes
2381 1339 2435 1363 <222

1227 1363 1454 1399 Caesar-August.
1477 1365 1648 1395 VVillielmus
1670 1365 1774 1404 Dessa,
1813 1367 1954 1396 ‘ulielmus
1974 1367 2181 1405 Aldegnerii&
2202 1367 2281 1406 Ray·
2305 1383 2400 1404 miffar.

1230 1402 1351 1472 &gidus
1373 1401 1503 1433 Diu-andi
1518 1426 1527 1442 ,
1543 1405 1625 1442 jurati
1643 1404 1738 1442 Jaccae
1754 1428 1764 1443 ,
1782 1414 1834 1442 pro
1856 1404 1915 1435 tota
1938 1406 2113 1436 univeriitate
2134 1406 2191 1437 loci
2215 1416 2285 1444 prze—

1251 1453 1257 1471 i
1291 1452 1314 1480 ¹3

1269 1478 1453 1510 Attendentes
1477 1478 1553 1517 quod
1574 1479 1826 1511 Excellentiffimus
1850 1480 1995 1512 Dominus
2011 1480 2123 1521 noster,
2142 1481 2291 1514 Dominus

1233 1518 1380 1555 Alfonsus,
1399 1517 1456 1547 Dei
1476 1519 1578 1556 gratia,
1597 1518 1662 1549 Rex
1688 1520 1838 1557 Aragoniie
1855 1544 1864 1558 ,
1884 1519 2089 1558 Majoricarum
2106 1545 2115 1559 ,
2132 1523 2166 1553 δε
2188 1522 2293 1552 Valen—

1235 1558 1298 1595 tiae,
1315 1567 1347 1586 ac
1364 1555 1472 1586 Comes
1495 1556 1631 1596 Barchin,
1650 1557 1786 1588 ducatum
1807 1559 1840 1588 &
1861 1558 2112 1589 aisecuramentum
2134 1559 2294 1597 praestiterit

1236 1596 1338 1632 vobis,
1355 1593 1537 1624 illustrissimo
1551 1594 1684 1626 Domino
1699 1596 1858 1634 Edwardo,
1877 1596 1934 1627 Dei
1945 1599 2048 1637 gratia,
2067 1597 2142 1637 Regi
2165 1598 2293 1636 Antinoe,

1237 1634 1270 1664 ὅ(
1293 1633 1353 1663 filiis
1375 1632 1484 1662 illustris
1506 1632 1625 1673 Karoli,
1640 1634 1775 1672 Principis
1797 1635 1956 1665 Salernitan.
1979 1637 2012 1667 &
2034 1637 2090 1666 aliis
2107 1637 2294 1674 quibussibet,

1239 1682 1291 1709 pro
1312 1670 1455 1701 obsidibus
1478 1670 1612 1702 Domino
1634 1672 1709 1712 Regi
1728 1674 1827 1704 nostro
1848 1674 1986 1710 praedidto
2003 1685 2055 1713 pro
2069 1674 2149 1705 dicito
2164 1675 2295 1713 Principe

1240 1709 1403 1747 liberandis,
1421 1711 1454 1740 ὃ(
1470 1711 1682 1748 quibuscunque
1696 1711 1938 1750 Archiepiscopis,
1956 1712 2100 1750 Episcopis
2115 1723 2148 1743 ac
2172 1712 2297 1743 Praeiaiis

1240 1749 1314 1787 aliis,
1333 1747 1497 1778 Comitibus
1513 1771 1522 1786 ,
1542 1748 1695 1779 Baronibus
1710 1773 1719 1788 ,
1739 1749 1879 1781 Militibus
1894 1774 1903 1789 ,
1922 1752 1955 1782 ὃς
1976 1752 2032 1781 aliis
2055 1751 2298 1789 quibuscumque,

1241 1787 1391 1818 vobiscum
1413 1796 1489 1816 nunc
1509 1788 1684 1818 venientibus
1705 1788 1777 1826 apud
1797 1787 1944 1826 Campum
1958 1789 2120 1820 Franchum
2134 1789 2213 1827 super
2228 1790 2298 1819 deli-

1242 1826 1388 1856 beratione
1403 1824 1539 1862 Principis
1553 1825 1707 1861 supi-adieri.
2254 1854 2257 1857 t

1282 1863 1411 1901 Idcirco,
1431 1863 1554 1906 eii-dieti
1577 1863 1699 1895 Domini
1718 1864 1804 1903 Regis
1828 1864 1950 1905 Aragon.
1974 1865 2085 1896 licentia
2100 1865 2133 1897 &
2149 1862 2299 1904 mandato,

1245 1902 1412 1941 praedieium
1430 1902 1684 1933 assecuramentum
1707 1903 1848 1934 laudamus
1866 1914 1898 1934 ac
1922 1905 2005 1934 etiam
2027 1905 2214 1942 approbamus
2230 1926 2240 1942 ,
2265 1906 2299 1935 ὅ(

1246 1940 1430 1984 unusquisque
1443 1938 1575 1970 nostrum
1591 1941 1608 1960 '¹‘
1629 1942 1746 1978 propriis
1759 1943 1922 1980 juramentis
1935 1944 2130 1980 promittimus
2144 1943 2302 1980 observare,
2320 1943 2335 1959 ³*
2348 1940 2451 1978 11:5³„

1246 1980 1279 2012 ὃς
1293 1989 1346 2018 pro
1358 1978 1461 2010 vinbus
1473 1978 1564 2009 facere
1577 1979 1724 2010 observari.

1285 2056 1318 2087 In
1333 2056 1411 2094 cnjus
1422 2054 1671 2124 reidtestimonium
1687 2056 1770 2095 sigilla
1782 2056 1877 2088 nostra
1890 2057 2017 2096 praesenti
2025 2057 2216 2088 Instrumento
2223 2054 2304 2088 duxi-

1248 2105 1310 2126 mUS
1328 2105 1458 2139 apporlen
1478 2104 1502 2124 a.

1282 2133 1441 2202 Daturgigin
1463 2132 1579 2171 Campo
1601 2132 1729 2164 Francho
1751 2134 1779 2163 6.
1796 2133 1916 2165 Kalend.
1930 2133 2131 2172 Novembris,
2146 2143 2223 2164 anno
2238 2132 2306 2164 Do-

1248 2181 1317 2202 mini
1331 2181 1368 2201 12
1411 2195 1417 2202 .

1249 2316 1458 2348 Conventiones
1486 2318 1522 2353 (ῤ’
1552 2315 1645 2348 Passa
1670 2313 1773 2347 habite
1798 2313 1881 2361 apud
1899 2317 2046 2361 Campum
2064 2315 2215 2347 francum
2235 2317 2312 2346 inter

1293 2366 1385 2410 Reges
1402 2364 1516 2410 Angliae
1537 2366 1573 2401 ἔγ
1594 2366 1752 2409 Aragoniae
1772 2366 1808 2400 (ᾤ’
1829 2366 1995 2408 Principem
2013 2362 2238 2395 Salernitanum
2250 2361 2309 2407 fit-

1290 2422 1345 2457 per
1362 2409 1535 2445 liberatione
1547 2410 1679 2457 prendisti
1700 2414 1856 2456 Principis.

1282 2503 1316 2534 N
1332 2503 1467 2534 Nomine
1481 2504 1601 2535 Domini
1618 2504 1723 2535 Amen.

1299 2542 1332 2572 ln
1349 2543 1488 2579 praesentia
1505 2545 1577 2581 mei,
1595 2543 1713 2574 Notarii
1728 2543 1761 2574 &
1783 2539 1916 2572 Testium
1938 2539 2176 2579 subscriptorum,
2194 2540 2308 2579 magni·
2328 2535 2404 2569 Ann.
2418 2535 2461 2569 D,

1250 2580 1320 2610 ficus
1340 2580 1474 2618 Princeps
1497 2580 1642 2611 Dominus
1666 2581 1814 2619 Alsonsus,
1833 2581 1892 2611 Dei
1917 2581 2018 2618 gratia,
2034 2579 2143 2610 illustris
2158 2580 2224 2610 Rex
2239 2581 2312 2611 Ara-
2351 2578 2435 2608 128&

1252 2620 1361 2657 goniae,
1382 2619 1584 2657 Majoricarum
1602 2644 1611 2657 ,
1629 2622 1662 2650 &
1686 2620 1711 2650 V
1715 2620 1823 2649 alentiae
1838 2641 1847 2657 ,
1867 2629 1899 2648 ac
1922 2618 2033 2648 Comes
2054 2618 2223 2649 Barchinon.
2245 2619 2313 2649 fecit
2329 2621 2382 2644 Aa.
2402 2618 2444 2645 16⁶

1253 2658 1305 2696 legi
1325 2658 1361 2688 &
1382 2658 1490 2688 recitari
1509 2657 1591 2695 plene
1614 2669 1647 2688 ac
1669 2657 1818 2694 distin&e,
1835 2657 1872 2687 de
1894 2657 1983 2688 verbo
2005 2656 2039 2687 ad
2054 2657 2193 2696 verbum,
2211 2665 2311 2688 coram
2330 2660 2359 2682 E·
2378 2664 2399 2682 ¹-

1253 2694 1350 2726 illustri
1372 2696 1405 2726 &
1427 2698 1542 2735 egregio
1563 2697 1626 2726 viro
1647 2695 1781 2726 Domino
1803 2695 1913 2725 Karolo
1932 2718 1941 2734 ,
1967 2694 2099 2733 Principe
2121 2695 2314 2734 Salernitano,
2331 2698 2361 2721 L.
2376 2691 2447 2731 Af„

1253 2735 1419 2772 traciarum,
1436 2734 1545 2764 dudum
1568 2735 1695 2764 habitum
1715 2733 1789 2772 apud
1810 2734 1969 2764 Oleronem
1984 2756 1993 2771 ,
2011 2735 2082 2764 inter
2101 2732 2313 2764 Sereniffimum
2332 2741 2377 2764 92-

1255 2772 1418 2809 Principem
1437 2772 1603 2803 Dominum
1622 2772 1795 2804 Edwardum
1811 2795 1820 2811 ,
1849 2772 1907 2802 Dei
1928 2773 2012 2811 gratia
2024 2795 2034 2810 ,
2067 2771 2180 2810 Regem
2203 2773 2314 2812 Angliae
2331 2772 2463 2797 PenesCae

1256 2810 1392 2842 illustrem
1414 2833 1425 2849 ‚
1457 2813 1491 2842 δε
1511 2811 1622 2841 dictum
1643 2810 1759 2848 Regem
1785 2811 1908 2850 Aragon.
1939 2810 2020 2848 super
2042 2810 2205 2841 liberatione
2233 2811 2314 2848 ipsius
2331 2817 2425 2836 memr„

1255 2849 1392 2887 Principis
1415 2849 1577 2880 Salernitani
1593 2873 1603 2889 ,
1619 2851 1654 2881 δε
1673 2851 1771 2880 omnia
1792 2850 1826 2881 δε
1848 2849 1949 2889 lingula
1969 2851 1998 2878 in
2018 2848 2155 2879 Tractatu
2175 2849 2315 2887 praedfflo

1254 2896 1402 2919 contenta:

1294 2926 1358 2994 Ἥί
1373 2926 1487 2963 quidem
1501 2924 1653 2964 Princeps,
1671 2925 1766 2956 audito
1780 2926 1813 2956 ὃς
1828 2925 1910 2963 plene
1926 2924 2071 2956 intelledffi
2084 2925 2188 2956 eodem
2195 2923 2317 2956 ”Praeta-

1258 2973 1289 2996 tu
1298 2989 1307 3003 ,
1345 2975 1361 2994 e
1376 2964 1434 3002 ipso
1447 2974 1480 2993 ac
1493 2964 1530 2994 de
1543 2964 1654 3003 singulis
1668 2965 1808 2995 contentis
1825 2965 1852 2993 in
1865 2974 1901 2994 eo
1916 2965 2079 2994 certioratus
2092 2965 2126 2995 &
2141 2964 2319 3003 informatus,

1259 3002 1412 3040 concessit,
1430 3001 1568 3040 laudavit,
1583 3004 1748 3040 approbavit
1769 3003 1802 3033 &
1823 3000 1968 3033 ratificavit
1987 3001 2112 3039 expreffe
2126 3011 2227 3033 omnes
2241 3003 2319 3033 Arti·

1259 3042 1339 3072 culos
1347 3065 1356 3080 ,
1364 3040 1597 3078 Conventiones,
1605 3041 1686 3078 pacta
1697 3042 1730 3073 &
1745 3040 1875 3078 Capitula
1890 3041 1987 3071 omnia
1998 3042 2031 3071 &
2043 3040 2166 3079 singula,
2183 3041 2212 3070 in
2224 3039 2319 3071 Trac-

1259 3088 1318 3110 tatu
1339 3079 1412 3117 apud
1431 3078 1591 3109 Oleronem
1615 3079 1713 3109 habito
1733 3087 1866 3109 contenta
1886 3080 1920 3110 &
1941 3087 2099 3117 conventa,
2116 3087 2202 3117 prout
2218 3080 2247 3108 in
2259 3079 2318 3117 ipso

1257 3118 1396 3148 Trac‘tatu
1412 3117 1516 3155 plenius
1529 3117 1708 3155 continetur,
1724 3119 1757 3148 &
1772 3118 1815 3147 illa
1825 3118 1944 3155 juravit,
1962 3117 1996 3147 ad
2015 3117 2116 3147 Sancite
2140 3116 2197 3147 Dei
2220 3116 2316 3148 Evan-

1257 3156 1329 3195 gelia
1338 3179 1347 3194 ,
1364 3155 1508 3186 attendere
1523 3156 1555 3185 &
1570 3155 1732 3194 complere,
1750 3155 1877 3186 den-aeto
1891 3164 1987 3186 tamen
2001 3156 2119 3186 articulo
2132 3156 2257 3192 'ri-eugae
2269 3164 2319 3186 an-

1257 3194 1345 3224 nualis
1367 3195 1415 3233 qui
1435 3195 1596 3224 continetur
1616 3194 1645 3222 in
1668 3193 1716 3224 illo
1736 3194 1888 3224 Tractatu:
1908 3195 1941 3225 ὃ(
1963 3195 2102 3232 exceptis,
2121 3194 2249 3231 mutatis,
2265 3194 2316 3224 de-

1260 3232 1369 3270 tracus,
1386 3232 1500 3270 additis,
1518 3232 1551 3262 ὅ(
1562 3231 1705 3262 declaratis
1719 3232 1885 3271 quibusdam
1906 3233 2031 3271 capitulis
2053 3233 2086 3263 ὃς
2105 3232 2317 3262 conditionibus

1259 3271 1373 3301 inferitis
1387 3272 1531 3301 annotatis.

1297 3309 1369 3340 Sane
1384 3310 1446 3346 quia
1461 3319 1509 3347 ea,
1529 3318 1592 3345 quae
1607 3309 1636 3337 in
1652 3307 1788 3339 Tractatu
1803 3309 1940 3346 praedit‘to
1955 3310 2151 3346 continentur,
2170 3316 2233 3346 quae
2253 3315 2318 3338 ante

1260 3347 1456 3378 liberationem
1471 3348 1550 3385 iplius
1566 3346 1718 3385 Principis,
1736 3349 1770 3378 &
1785 3348 1814 3377 in
1829 3348 1883 3385 ipsa
1897 3348 2060 3377 liberatione
2080 3346 2220 3376 debebant
2239 3345 2318 3385 fieri,

1260 3386 1475 3416 occurrentibus
1490 3384 1652 3423 quibusdam
1667 3386 1872 3422 impedimentis
1881 3409 1891 3423 ,
1905 3395 2082 3423 nequaquam
2095 3383 2154 3414 fieri
2168 3392 2319 3423 poterunt,

1261 3424 1377 3461 excepta
1398 3424 1546 3454 traditione
1567 3423 1690 3453 duorum
1712 3423 1837 3454 filiorum
1855 3424 1924 3454 dieti
1946 3423 2068 3453 Domini
2097 3422 2234 3458 Principis
2248 3444 2258 3460 ‚
2282 3431 2316 3453 ac

1261 3462 1411 3493 traditione
1425 3463 1521 3501 viginti
1536 3462 1620 3491 trium
1635 3462 1746 3492 milium
1763 3462 1928 3492 Marcarum
1944 3462 2078 3499 Argenti,
2096 3461 2123 3490 in
2147 3460 2227 3498 poffe
2246 3460 2317 3491 dieti

1261 3501 1349 3540 Regis
1365 3500 1489 3540 Aragon.
1504 3498 1646 3537 facienda,
1664 3499 1782 3531 demum
1797 3502 1868 3531 inter
1885 3500 1980 3539 Reges
1994 3498 2143 3537 pi-oedi'etos
2156 3497 2318 3530 ordinatum

1260 3540 1350 3570 extitit
1363 3540 1396 3570 ὃς
1411 3547 1588 3569 conventum
1604 3538 1696 3576 quod,

1299 3578 1358 3608 Pro
1370 3577 1518 3607 traditione
1531 3575 1695 3614 Raymundi
1711 3575 1865 3616 Berengarii
1881 3575 1927 3605 filii
1939 3575 2008 3606 dieti
2025 3574 2177 3613 Principis,
2194 3574 2243 3613 qui
2259 3583 2317 3607 erat

1262 3618 1290 3646 in
1306 3615 1475 3653 Provincia,
1494 3615 1538 3645 Ac
1554 3624 1606 3651 pro
1618 3614 1811 3652 Syndicatibus
1820 3637 1830 3652 ‚
1845 3614 1982 3652 homagiis
1995 3621 2027 3643 ac
2041 3614 2242 3652 Sat-ramentis,
2255 3614 2317 3644 dic-

1261 3665 1293 3685 to
1309 3654 1385 3690 Regi
1399 3654 1519 3692 Aragon.
1535 3652 1579 3682 seu
1594 3653 1652 3690 ejus
1664 3654 1839 3690 procuratori
1852 3651 2026 3689 praestandis:
2064 3650 2102 3681 Et
2114 3661 2168 3691 pro
2181 3652 2317 3692 sexaginta

1262 3686 1414 3722 Obsidibus
1435 3692 1470 3721 de
1494 3691 1661 3728 Provincia,
1679 3692 1708 3720 in
1729 3690 1809 3728 poffe
1828 3689 1965 3720 tradendis
1985 3689 2072 3729 Regis
2087 3689 2207 3730 Aragon.
2223 3691 2315 3730 supra-

1262 3731 1346 3769 dieti,
1365 3738 1448 3768 prout
1469 3731 1496 3758 in
1519 3728 1654 3765 praedicio
1675 3728 1812 3758 Traetaiu
1833 3728 1940 3765 plenius
1953 3729 2132 3767 continetur,
2151 3737 2264 3759 necnon
2281 3728 2316 3759 δε

1263 3780 1316 3807 pro
1330 3768 1440 3798 residuis
1455 3768 1559 3804 septem
1576 3767 1696 3797 millibus
1712 3766 1877 3796 Mai-carum
1891 3766 2027 3804 Argenti,
2046 3766 2116 3796 infra
2128 3775 2182 3797 tres
2192 3766 2318 3805 Menses,

1262 3809 1278 3838 ὲ
1292 3807 1337 3837 die
1349 3807 1517 3837 liberationis
1533 3804 1602 3835 dieti
1618 3804 1772 3844 Principis,
1790 3806 1820 3834 in
1833 3803 1913 3842 posse
1927 3803 2062 3835 tradendis
2082 3803 2171 3844 Regis
2192 3805 2315 3844 Aragon.

1263 3854 1412 3876 memorati

1300 3868 1454 3914 Praedict’us
1471 3881 1536 3911 Rex
1558 3880 1685 3920 Angliae,
1702 3891 1756 3919 pro
1777 3880 1920 3911 securitate
1939 3880 2072 3911 omnium
2091 3882 2292 3919 praedictorum
2306 3901 2318 3919 ,

1264 3922 1382 3954 traderet
1394 3922 1503 3960 triginta
1516 3920 1549 3950 δε
1564 3920 1609 3949 sex
1621 3919 1743 3949 Nobiles
1755 3920 1788 3950 &
1804 3918 1942 3957 Barones,
1958 3929 2082 3957 quorum
2093 3922 2209 3951 nomina
2223 3920 2252 3948 in
2259 3919 2316 3949 alio

1264 3962 1366 4001 scripto
1386 3959 1435 3989 sub
1456 3958 1553 3997 Sigillo
1576 3958 1644 3988 dieti
1665 3958 1753 4000 Regis
1777 3958 1885 3997 Angliae
1897 3959 2082 3988 continentur
2094 3959 2128 3990 &
2143 3957 2321 3995 quadraginta

1264 3998 1414 4038 Burgenses
1426 3998 1518 4027 bonos
1532 3996 1566 4026 δε
1580 3997 1652 4026 bene
1666 3996 1840 4034 sufficentes,
1849 3995 1894 4025 seu
1909 3995 1970 4026 alias
1983 3996 2112 4034 personas
2125 3995 2321 4034 aequivalentes

1266 4038 1316 4069 illis
1329 4036 1435 4077 'viginti
1454 4034 1490 4065 de
1510 4035 1692 4073 quadraginta
1699 4047 1709 4072 3
1709 4035 1831 4103 unibus
1850 4033 1944 4072 positis
1965 4034 2013 4066 seu
2026 4034 2129 4067 tradiris
2142 4032 2320 4102 reffituarffitg

1759 4081 1779 4102 2
