2570 4261
106 201 189 234 Ann.
205 203 246 234 D.
260 207 404 248 praesentes
416 205 560 243 affuerint,
577 204 611 236 ad
624 203 798 234 “adtandum
810 202 846 232 de
859 201 1056 238 matrimonio,
1075 198 1310 237 interJoharinern

133 251 215 280 1259-
262 247 479 286 primogenitum
495 244 583 273 filium
597 243 697 272 nobilis
710 243 764 272 viri
777 242 805 280 J.
820 241 916 285 ‘Ducis
931 240 1096 276 Britanniae,
1113 236 1312 281 &UBeatricem

110 283 177 310 Hw—
199 291 224 318 3-
260 284 344 314 filiam
358 283 481 314 nostram
494 280 703 319 coiitrahend0‚
721 281 754 311 δε
768 280 804 311 ad
818 279 886 310 illud
900 277 1067 309 firmandum
1081 285 1200 307 nomine
1213 274 1311 305 nostro

258 330 341 360 prout
353 321 470 351 viderint
483 318 625 356 expedire,
826 356 831 361 ι
870 356 876 361 .
1148 353 1152 358 .
1197 352 1202 357 .

292 360 398 390 Ratum
410 358 528 387 habituri
541 358 574 387 &
590 364 699 396 gratum
716 355 851 394 quicquid
868 356 934 394 ipsi,
950 355 996 385 vel
1007 363 1107 384 eorum
1121 352 1204 396 aliqui
1240 360 1311 393 quos

255 397 395 436 praesentes
408 395 497 425 adeffe
509 395 674 437 contigerit,
691 394 769 434 super
783 394 943 434 praemissis,
960 394 1014 424 unii
1027 402 1095 424 cum
1115 391 1189 422 dieta
1235 398 1309 419 oml-

254 435 289 465 nzi
305 433 430 472 Regini,
445 433 572 463 duxerint
584 433 753 464 iaciendum.

290 472 322 503 ln
336 473 411 509 cujus
425 472 484 502 &c.

284 546 373 578 Teste
387 547 469 587 Rege
480 548 554 586 apud
568 549 612 579 W
614 549 730 580 indesor.
744 558 783 587 24
798 548 844 578 die
860 547 940 579 Maii.
1111 585 1116 589 ,

285 585 447 626 Confimilem
462 585 585 616 litteram
598 587 702 617 habent
718 590 910 625 praenvminati
929 588 1030 622 Regina
1045 605 1060 625 ³.
1081 580 1210 611 Ricardus
1225 602 1234 616 ,
1253 579 1303 607 Pe-

248 630 322 661 trur,
338 623 376 658 ὠ
390 624 544 663 ῗοΙοακηες,
554 624 612 666 fine
625 625 822 667 ratificatione‚
843 636 900 654 cum
912 624 962 653 hac
979 619 1106 665 clausula?-
1126 659 1131 663 .

283 662 320 691 Er
335 673 402 693 cum
417 662 451 693 ad
466 673 552 701 partes
569 664 692 693 Franci-<e
706 664 863 693 venerimus
875 686 885 701 ,
907 672 958 692 nos
977 658 1112 702 quicquic}
1124 656 1172 698 lpfi
1186 664 1302 691 omsstsss

246 701 291 730 vel
305 701 388 742 aliqui
403 711 518 740 eorum,
536 704 585 740 qui
599 701 741 740 prcesentes
753 702 870 737 fuerint,
888 701 965 741 super
983 698 1144 738 praemislis,
1160 705 1214 725 unzi
1233 703 1301 724 cum

244 739 376 776 przedista
390 739 500 778 Regina
513 741 639 771 duxerint
650 739 828 777 faciendum,
847 740 907 770 &c-

283 777 317 807 In
334 779 427 816 cujus,
445 779 505 809 &e

281 853 370 885 Teste
383 863 413 885 ut
425 854 510 895 supra.

265 982 392 1013 'Littera
407 979 629 1028 Archiepiscopo
646 980 850 1061 Ebreduzensi
863 979 898 1013 de
917 979 1073 1013 Credentia
1089 978 1124 1012 de
1141 980 1268 1026 Negatio

714 1033 777 1064 Sici
790 1033 829 1062 iae.
1020 1051 1022 1053 >

92 1110 167 1141 Arm·
185 1110 225 1141 D·
244 1112 367 1169 REX
383 1114 528 1160 Ebredun3
544 1115 764 1161 Archiepiscopo
776 1115 899 1160 salutern.
992 1154 997 1160 ⁸
1109 1154 1114 1159 ι

341 1154 429 1193 Super
444 1154 581 1184 laboribus
593 1155 626 1185 &
647 1165 725 1184 variis
739 1156 936 1192 anxietatibus,
951 1154 1051 1193 qulbus
1065 1152 1128 1184 estis
1143 1162 1194 1191 pro
1209 1162 1296 1194 nego—

110 1158 192 1187 1259.

91 1192 143 1216 An.
155 1198 202 1225 43·
242 1191 286 1221 tiis
302 1192 400 1222 nostris
413 1193 440 1222 in
455 1192 541 1223 Curia
563 1192 698 1223 Romana
718 1193 897 1230 procurandis
917 1192 1105 1231 multipliciter
1117 1191 1247 1231 lacelliti,
1263 1193 1296 1222 si-

91 1230 126 1252 H.
144 1236 170 1262 3-
244 1238 292 1260 cut
307 1239 354 1268 per
365 1233 455 1271 operis
467 1231 623 1262 efficaciam
643 1231 788 1262 manifeste
802 1230 1016 1271 perpendimus,
1030 1239 1117 1270 grates
1131 1231 1212 1264 vobis
1226 1230 1297 1261 refe-

86 1268 145 1291 Par.
154 1274 200 1299 43-
242 1268 328 1298 rimus
341 1279 407 1308 quas
420 1269 550 1300 valemus.

85 1306 120 1329 H.
133 1312 144 1338 3
165 1313 189 1331 ⁷¹-
280 1305 334 1346 Et,
353 1309 416 1347 quia
431 1310 558 1338 tractatus
568 1309 662 1376 ξαείε,
681 1307 752 1339 inter
764 1317 833 1346 nos,
848 1307 881 1338 &
895 1307 1007 1348 Regem
1027 1307 1150 1338 Franciae
1163 1308 1295 1348 prolocu-

87 1349 113 1376 3-
128 1341 153 1368 ⁴¹-
243 1352 295 1383 tae‚
312 1356 328 1375 a
342 1346 395 1385 quii
408 1347 552 1385 negotium
589 1347 668 1376 iciliae
684 1347 805 1377 multum
820 1346 957 1384 dependet
968 1370 978 1385 ‚
1003 1346 1163 1377 ulteriorem
1176 1369 1186 1385 ,
1210 1356 1294 1387 quarn

241 1384 434 1423 credebamus,
454 1386 528 1422 cepit
539 1384 700 1415 dilationem
709 1408 719 1423 ,

275 1420 401 1453 Clericus
413 1422 535 1461 vestros,
550 1423 598 1462 qui
611 1433 700 1461 nuper
712 1423 746 1453 ad
761 1433 812 1454 nos
825 1433 859 1453 ex
872 1432 947 1462 parte
955 1423 1078 1454 Domini
1085 1422 1169 1462 Papae
1184 1423 1217 1454 &
1231 1434 1293 1453 ves-

93 1450 111 1467 *
121 1455 143 1481 1·
159 1455 222 1493 ⁶33·
237 1467 275 1490 tra
289 1470 441 1500 venerunt,
458 1461 493 1491 ad
506 1471 558 1492 vos
571 1462 709 1491 remittere
720 1462 874 1492 distulimus
887 1486 897 1500 ,
907 1478 910 1480 -
921 1462 1063 1503 quousque
1077 1462 1096 1481 *Ε
1112 1462 1218 1499 plenius
1232 1471 1293 1492 cer-

235 1499 324 1542 tiorati
336 1499 454 1530 essemus
467 1499 503 1530 de
517 1510 585 1540 pace
606 1500 737 1538 praediela
751 1523 761 1539 ‚
785 1501 852 1532 sicut
871 1501 918 1541 ipsi
939 1502 1020 1531 vobis
1037 1509 1167 1540 poterunt
1187 1501 1292 1539 plenius

231 1544 371 1567 intimare*

269 1562 382 1614 Qiibu's
394 1575 473 1613 super
485 1576 536 1606 hiis
550 1578 583 1609 &
596 1577 653 1608 aliis
668 1578 784 1617 negotiis
800 1578 916 1616 nostris,
929 1588 992 1617 quse
1006 1578 1087 1608 vobis
1099 1577 1291 1618 exposuerint,

228 1612 313 1644 fidem
326 1614 457 1645 adhibere
469 1615 557 1647 velitis
571 1640 580 1655 ‚
605 1616 708 1647 statum
721 1617 755 1648 &
777 1616 985 1654 beneplacitum
1004 1616 1127 1648 vestrum
1139 1617 1221 1647 nobis
1238 1616 1288 1647 sae-

230 1653 290 1689 pius
304 1652 506 1684 demandantes.

267 1728 356 1761 Teste
370 1731 450 1772 Rege
463 1732 535 1770 apud
550 1732 676 1763 Wlndes,
692 1742 730 1771 24
747 1732 792 1763 die
808 1731 888 1764 Maii.

403 1855 565 1902 Ejufinodi
580 1859 698 1890 Littera
718 1856 812 1889 eidem
827 1868 895 1889 cum
911 1857 1014 1890 multis
1026 1858 1106 1891 aliis.

78 1938 154 1969 Anii.
169 1939 208 1973 D,
230 1939 352 1994 REX
371 1942 572 1973 venerabilibus
585 1943 706 1981 patribus
720 1941 761 1971 H.
781 1940 921 1973 Ebredun.
936 1943 970 1973 &
985 1942 1025 1973 R.
1045 1942 1212 1974 Taratacen.
1228 1942 1284 1974 Ar-

97 1986 180 2017 1259.
290 1979 488 2025 chiepiscopis,
507 1980 649 2021 Magistro
664 1979 814 2011 Rostando
828 2005 838 2020 ‚
861 1981 894 2011 &
909 1980 1048 2020 Magistro
1064 1981 1091 2019 J.
1108 1981 1219 2021 Clarel,
1237 1982 1282 2013 vel

75 2020 130 2044 An.
148 2028 196 2054 43-
230 2027 328 2048 eorum
341 2020 473 2058 aliquibus
509 2021 555 2058 qui
571 2020 715 2057 praesentes
729 2018 831 2050 fuerint
842 2020 872 2050 in
885 2018 974 2050 Curia
988 2019 1139 2059 Romanii,
1156 2020 1278 2052 salutem.

74 2058 110 2097 H:
133 2064 160 2090 3-
250 2056 351 2099 'Super
362 2058 376 2087 l-
387 2042 494 2088 boriosi’i
507 2059 540 2089 ὃ(
551 2058 666 2088 sollicita
677 2057 817 2096 diligentia
832 2080 841 2095 ,
866 2067 950 2096 quarn
965 2067 1000 2095 ap
1013 2058 1125 2101 *osuistis
1142 2059 1176 2090 &
1193 2069 1280 2100 appo-

71 2092 174 2122 Ibidem.
226 2096 291 2125 nitis
302 2097 376 2126 circa
387 2098 497 2135 negotia
512 2096 605 2128 nostra
618 2098 649 2127 in
667 2095 755 2127 Curia
776 2096 908 2127 Romana
921 2105 955 2126 ex
1011 2096 1109 2135 lenda,
1125 2104 1212 2136 grates
1226 2108 1279 2129 vo-

225 2133 267 2162 bis
279 2134 420 2164 referimus
434 2135 566 2172 copiosas.

261 2170 315 2209 Et,
331 2174 395 2211 quia
408 2173 536 2204 traCtatus
548 2175 623 2214 pacis
635 2196 644 2210 ,
669 2174 740 2204 inter
755 2183 806 2203 nos
820 2173 855 2204 ὃς
867 2173 898 2204 R
934 2182 980 2204 em
1001 2172 1127 2205 Franciae
1146 2174 1276 2214 prolocu-

221 2216 258 2239 tae
270 2232 280 2247 ‚
308 2211 323 2240 a
341 2220 395 2248 qua
408 2212 553 2250 negotium
570 2211 672 2242 Siciliae
687 2209 809 2243 multum
828 2183 968 2253 depeffiet
979 2235 990 2251 ‚
1015 2212 1177 2244 ulteriorem
1191 2224 1275 2254 quam

221 2248 400 2280 credebamus
407 2272 416 2288 ‚
435 2251 511 2288 cepit
521 2250 683 2280 dilationem
692 2273 702 2289 ‚

257 2285 385 2317 Ciericos
399 2287 504 2319 vestros
519 2311 528 2327 ‚
551 2290 599 2327 qui
614 2298 702 2326 nuper
720 2290 756 2320 ad
775 2299 827 2320 nos
845 2298 879 2320 ex
894 2297 971 2328 parte
988 2289 1113 2320 Domini
1135 2290 1220 2332 Papae
1239 2291 1274 2322 &

218 2324 300 2355 vestri
314 2335 449 2357 venerunt
457 2350 467 2365 ,
485 2329 625 2358 remittere
637 2326 791 2357 distulimus
805 2328 947 2368 quousque
959 2328 1065 2368 plenius
1082 2330 1219 2361 certiorati
1232 2340 1274 2360 es-

215 2361 303 2393 semus
316 2364 350 2394 de
365 2375 432 2405 pace
447 2366 578 2403 praediffli
593 2389 603 2404 ,
628 2366 698 2396 sicut
713 2366 794 2397 vobis
807 2376 856 2406 per
870 2367 932 2397 alias
949 2367 1049 2398 litteras
1068 2367 1189 2408 nostras,
1207 2378 1273 2407 quas

212 2402 295 2432 vobis
309 2413 357 2440 per
369 2403 480 2434 eosdem
494 2404 621 2435 Clericos
634 2403 801 2443 direximus,
815 2405 1038 2436 fionificavimus.

236 2479 240 2483 Ι
253 2439 343 2472 Unde
353 2441 487 2486 dilecstum
499 2444 532 2474 &
545 2443 657 2474 fidelem
670 2442 797 2487 nostrum
810 2429 1001 2487 willielmum
1008 2444 1138 2488 Bonquer
1150 2443 1272 2488 ad‘prae-

214 2477 317 2509 dietam
334 2479 450 2511 Curiam
465 2483 616 2521 mittimus,
633 2491 684 2522 pro
700 2481 836 2518 praedi&o
849 2491 966 2521 negotio
979 2483 1013 2514 &
1027 2483 1086 2513 aliis
1098 2483 1207 2514 secretis
1220 2495 1271 2515 ne-

214 2518 294 2555 gotiis
307 2519 411 2549 ibidem
425 2520 614 2558 expediendis,
633 2530 696 2558 quae
710 2520 964 2551 idemWillielmus
977 2522 1059 2551 vobis
1071 2530 1210 2560 exponet,
1223 2524 1270 2553 cui

214 2555 293 2592 super
306 2557 358 2587 hiis
372 2557 455 2588 iidem
471 2559 636 2594 adhibeatis,
655 2559 687 2589 &
698 2568 731 2589 ea
743 2558 777 2589 ad
795 2567 922 2596 optatum
935 2559 1050 2599 perduci
1064 2562 1216 2600 procuretis
1228 2562 1271 2592 ef-

212 2593 336 2633 fecium,
353 2606 434 2636 prout
448 2597 574 2636 praefatus
581 2597 751 2627 willielmus
766 2597 846 2627 vobis
860 2607 893 2627 ex
907 2606 982 2637 parte
997 2597 1091 2629 nostra
1105 2599 1211 2636 plenius
1224 2601 1269 2630 in‘-

211 2633 338 2671 rimabit,
353 2642 459 2664 tantum
471 2634 548 2674 super
567 2636 621 2666 lioc
635 2636 766 2666 facientes
779 2659 790 2673 ,
815 2636 892 2674 quod
911 2636 990 2667 vobis
1011 2637 1109 2667 exinde
1122 2637 1156 2668 ad
1170 2639 1273 2676 gratia«

211 2679 275 2700 rum
291 2673 388 2704 mei-ita
402 2673 498 2703 fortius
511 2674 699 2713 astringamur.

249 2708 358 2740 Statum
372 2720 464 2742 autem
478 2712 601 2744 vestrum
615 2736 625 2752 ‚
648 2713 682 2744 ὃ(
697 2713 874 2753 negotiorum
886 2711 1048 2744 nostrorum
1066 2714 1097 2744 in
1111 2713 1197 2745 Curia
1214 2724 1269 2745 no-

211 2747 252 2776 bis
266 2749 368 2779 crebro
383 2750 546 2789 ligiiificetis.

244 2824 334 2856 Teste
347 2826 430 2867 Rege
442 2828 514 2870 apud
526 2828 653 2860 Windes.
668 2837 707 2868 24
720 2828 764 2860 die
778 2827 859 2860 Maii.

260 2950 366 2993 Bulla,
392 2952 472 2998 quod
489 2957 556 2987 Rex
574 2954 696 2987 inducat
711 2958 811 2988 Scon‘ae
826 2958 932 3002 Regem
954 2954 1028 2988 dare
1043 2958 1210 3004 conftnfitm

383 3002 543 3045 l'rovtjsioni
563 3005 670 3049 Papali
680 3014 736 3050 pro
752 3004 889 3050 Epistopo
906 3004 1086 3051 Glasgueqst'.

209 3082 412 3144 ALexander
424 3085 596 3125 Episcopus,
616 3087 706 3118 servus
719 3089 862 3119 servorum
876 3088 934 3119 Dei
947 3113 957 3128 ,
981 3089 1121 3121 carissimo
1135 3093 1164 3122 in
1178 3091 1264 3123 Chri-

56 3087 132 3117 Ann.
150 3088 190 3120 D.

92 3136 172 3164 ¹259-
276 3121 320 3153 sto
336 3122 392 3153 filio
514 3124 587 3164 Regi
600 3126 727 3165 Angli-te,
745 3127 840 3158 illustri
855 3151 865 3166 ,
887 3128 1002 3159 salutem
1017 3129 1050 3160 δε
1065 3129 1263 3168 Apostolicam

56 3167 108 3190 Aa.
123 3176 169 3202 43,
207 3161 444 3192 benedietionem.

56 3206 89 3227 Hi
113 3212 138 3237 3·
246 3198 374 3230 Rationis
388 3201 474 3231 oculis
488 3203 622 3233 intuentffi
637 3203 757 3234 comoda
778 3215 840 3244 quae
861 3205 1021 3236 vacantibus
1039 3205 1160 3237 ecclesiis
1173 3206 1208 3237 de
1224 3206 1263 3238 (ὲ-

56 3243 96 3264 ὶι-
112 3245 166 3268 An.
207 3236 277 3280 lubn'
294 3239 450 3276 provisione
463 3242 651 3279 proveniunt,
675 3243 816 3272 reddimur
831 3244 917 3274 corde
936 3243 1046 3274 solliciti
1062 3252 1092 3275 ut
1105 3245 1181 3275 circa
1196 3255 1262 3282 pro·-

54 3284 117 3312 πμ.
206 3280 341 3307 vnionem
362 3277 517 3316 hujusmodi
537 3279 692 3310 faciendam
713 3281 860 3312 fruditiosae
884 3283 1042 3313 attentionis
1064 3282 1187 3313 studium
1212 3284 1260 3314 ha-

203 3312 307 3345 beatur.

238 3352 309 3395 Sane
344 3354 523 3394 ostulatione,
543 3355 614 3386 facts
629 3357 658 3385 in
672 3357 785 3387 ecclesia
798 3357 977 3397 Glasguenfi,
994 3367 1063 3390 tunc
1083 3358 1198 3398 pastoris
1215 3360 1259 3391 so-

201 3388 267 3432 latio
279 3392 325 3423 del
342 3393 407 3423 itutii
416 3417 424 3431 ,
442 3393 477 3423 de
491 3394 595 3424 diledto
608 3394 666 3425 filio
682 3394 813 3434 magistro
821 3396 947 3427 Nicolao
960 3397 1258 3430 ArchidiaconoThe-

201 3427 323 3468 vidaliae,
350 3432 379 3460 in
392 3432 504 3462 ccclesia
518 3432 590 3470 ipsa,
608 3434 688 3463 nobis
701 3434 873 3473 praesentata,
892 3436 1013 3474 repulsa,

237 3465 288 3495 Ne
304 3469 376 3499 dieta
392 3470 521 3508 ecclesia,
548 3480 600 3508 pro
621 3481 660 3501 ter
673 3474 851 3502 vacationem
864 3473 958 3511 ipsius,
978 3474 1069 3513 posset
1081 3474 1193 3514 aliquod
1209 3476 1255 3504 in-

203 3511 311 3535 currere
328 3507 525 3539 detrimentum
540 3532 550 3547 ‚
608 3510 724 3540 steeium
746 3510 835 3541 filium
854 3512 1017 3551 magistrum
1037 3513 1199 3551 Johannem
1219 3513 1255 3543 de

201 3538 328 3586 Clieyam
343 3545 537 3585 Glasguensem
548 3546 698 3587 Electum,
715 3558 783 3580 tunc
797 3548 981 3589 Capellanum
994 3551 1140 3590 nostrum,
1153 3552 1186 3581 &
1199 3551 1254 3582 Ar-

202 3578 400 3621 chidiaconum
420 3584 632 3616 Bathoniensem
656 3588 712 3618 (cui
732 3588 802 3617 clara
823 3597 937 3618 morum
958 3589 991 3619 δε
1004 3590 1071 3619 vitae
1082 3599 1114 3619 ac
1131 3589 1252 3620 scientiae

190 3624 299 3646 vmerita
318 3618 510 3662 suffragantur,
527 3626 561 3654 &
605 3625 742 3656 erhibetur
762 3625 955 3656 testimonium
976 3628 1054 3666 quod
1066 3629 1096 3657 in
1109 3627 1253 3667 spirituali·

201 3651 253 3684 bus
274 3654 307 3684 &
326 3661 517 3696 temporalibus
536 3662 567 3693 sit
579 3635 746 3694 liiudabiliter
759 3664 984 3703 circumspeetus)
1005 3665 1096 3696 eidem
1110 3667 1251 3704 ecclesiae,

201 3691 237 3735 de
255 3691 378 3759 fratrufm.
390 3698 548 3744 nostrorum
565 3702 698 3740 conlilio,
718 3703 751 3732 &
770 3701 932 3742 apostolicae
945 3704 1116 3743 plenitudine
1128 3703 1250 3744 potesta-

201 3737 328 3812 ‘'lsi-‘iiiiii
338 3741 483 3813 Ξῗῐῗὲὲἓῑιέ
494 3737 521 3803 ἓ
533 3739 942 3817 ὲξῖἓέἳιῐὲἀδέἰεξᾶέῗέἑῗεῗῐπ,
965 3788 1015 3822 per
1029 3779 1109 3819 ipfius
1122 3779 1248 3810 ministe-

196 3807 483 3874 irsstrrgffiffigpematis
494 3812 526 3842 ὅ(
539 3813 668 3853 honoris,
685 3815 754 3846 Deo
765 3815 903 3856 propitio,
920 3818 1068 3849 deiiderata
1081 3818 1246 3858 proveniant

210 3919 215 3924 .
235 3881 324 3925 Unde
341 3882 507 3914 carissimum
530 3888 558 3917 in
578 3888 694 3920 Christo
710 3891 798 3922 filium
811 3892 939 3924 nostrum
1044 3893 1091 3924 Re
1110 3903 1156 3923 em
1172 3893 1244 3925 Sco-

195 3926 241 3948 tiae
261 3920 407 3958 illustrem,
426 3930 551 3964 rogamus
572 3927 604 3967 ἃ
622 3928 765 3959 hortamur
785 3932 887 3960 attente
907 3941 937 3962 ut
949 3931 1081 3962 eumdem
1107 3931 1242 3969 'ie-etum,

194 3966 261 3986 cum
283 3958 394 3988 ecclelia
415 3959 462 3988 sibl
481 3963 627 4004 commlffa
638 3987 648 4002 ,
671 3967 711 3996 ob
730 3969 912 3998 reverentiam
932 3969 1096 4006 apostolicae
1117 3969 1193 3999 sedis
1207 3969 1241 3999 &

191 3994 334 4034 nostram,
351 3996 453 4028 habens
474 4004 630 4038 propemius
649 4005 900 4043 commendatum,
917 4008 943 4037 ei
961 4006 987 4037 se
1005 4008 1033 4037 in
1057 4006 1243 4047 Regio'exhi-

715 111 1508 162 CONVENTIONES,
1566 114 1956 165 LITERAE,

1353 199 1416 229 beat
1430 199 1524 230 favore
1536 201 1701 233 munificum
1709 226 1719 242 ,
1736 204 1770 234 &
1783 205 1812 234 in
1823 203 1933 235 cunetis
1945 200 2177 242 oportunitatibus
2189 199 2355 240 gratiosum,
2365 205 2400 230 ac
2423 195 2500 228 Ann.
2517 198 2558 233 D.

1352 237 1549 268 nichilominus
1559 239 1651 270 eidem
1665 240 1782 280 Εἰεέὶο,
1806 243 1850 273 vel
1864 241 2038 280 procuratori
2049 239 2114 277 suo,
2128 240 2185 274 eius
2197 238 2332 281 nomine,
2348 238 2400 281 ῥει-
2444 246 2527 276 1259.

1353 275 1429 305 benti
1444 276 1479 305 ab
1493 277 1552 314 ipso
1565 276 1680 314 speciale
1692 281 1727 310 ad
1740 281 1797 311 hoc
1811 280 1991 317 mandatum,
2015 279 2049 310 &
2061 278 2173 308 facienti
2186 275 2267 306 disto
2280 275 2357 315 Regi
2369 285 2400 306 ea
2421 279 2485 305 Heu.
2507 287 2533 314 3.

1351 323 1415 356 quae
1430 314 1519 344 dffius
1533 314 1645 346 Electus
1657 317 1747 348 facere
1760 319 1809 349 fibi
1821 328 1944 356 tenetur,
1969 317 2067 357 regalia
2080 317 2136 348 five
2151 314 2329 355 temporalia,
2345 313 2402 344 sme

1349 352 1480 382 dilatione
1494 353 1615 391 qualibet
1630 355 1663 385 &
1676 356 1854 395 difficultate,
1872 356 2019 387 concedat.

1387 389 1466 429 Cum
1488 399 1598 429 autem,
1618 392 1656 422 fili
1679 394 1833 434 carissime,
1850 395 1881 425 sit
1901 396 2005 432 pietatis
2024 403 2094 431 opus
2114 392 2172 424 Dei
2193 389 2334 436 ministros
2352 390 2403 421 be-

1348 429 1438 468 nigno
1451 428 1546 459 favore
1560 430 1683 471 prosequi
1715 443 1747 463 ac
1763 443 1811 463 eos
1825 434 1916 464 verbis
1931 434 1965 464 &
1980 433 2128 474 operibus,
2154 441 2208 472 prO
2221 430 2310 469 Regls
2321 437 2403 460 aeter-

1347 467 1377 495 ni
1402 467 1504 505 gloria,
1524 470 1665 508 venerari,
1695 471 1864 502 ‘erenitatem
1885 474 1900 489 *
1921 471 2042 511 Regiam
2056 479 2187 510 rogamus
2201 470 2236 500 ὃς
2254 469 2400 499 hortamur
2424 465 2440 481 *
2452 462 2476 495 I.
2491 465 2556 500 ⁶84·

1345 512 1451 534 attente
1462 507 1589 543 quatinus
1601 529 1610 544 ‚
1634 509 1766 539 eumdem
1780 510 1913 543 Eleffum
1927 509 2030 540 habens
2043 507 2202 549 propensius
2215 506 2400 538 commenda-

1347 550 1425 580 fflffl,
1442 541 1550 573 diffum
1573 543 1686 584 Regem
1705 547 1740 577 ad
1759 548 1786 578 id
1807 558 1922 578 moneas
1936 548 2104 585 efficaciter,
2123 546 2155 576 δε
2169 545 2283 576 inducas
2293 554 2398 586 praeces

1345 580 1451 610 nostras
1463 581 1551 612 taliter
1565 582 1742 624 adruiffurus,
1759 587 1835 626 quod
1851 586 1943 620 eidem
1953 586 2056 618 Eieeto
2069 584 2205 615 redundet
2219 584 2397 623 ingaudium,
2425 610 2428 614 ,

1344 618 1373 647 ῙΠ
1397 626 1425 661 te
1475 619 1660 664 quamsperat
1674 646 1683 661 ‚
1705 625 1851 663 reperiisse>
1864 626 2001 670 gratiam3
2030 623 2136 662 nosque
2155 621 2320 666 Celsitudini
2340 630 2398 653 tuae·

1342 641 1474 695 promise,
1491 668 1520 688 in
1534 667 1585 688 tuis
1598 660 1631 690 &
1646 670 1761 692 tuorum
1775 665 1911 702 negotiis,
1935 663 2080 703 oportunis
2095 661 2270 701 temporibus
2282 660 2398 692 affluen-

1342 700 1537 734 ter'exponere
1549 704 1692 730 teneamur
1703 699 1865 740 apostolicae
1878 702 2053 742 benignitatis
2063 700 2209 732 affectum.

1378 771 1446 803 Dat.
1466 772 1618 815 Anagniae,
1635 775 1699 808 [dus
1708 777 1806 818 junii,
1823 778 2009 811 Pontificati'is
2023 778 2111 810 nostri
2124 787 2200 810 anno
2210 777 2320 818 quinto.

2028 854 2120 894 Sigillo
2134 853 2239 894 avuffiv.

1570 979 1617 1010 De
1635 978 1830 1024 ratificatione
1849 990 2025 1028 treugarum
2043 979 2163 1016 Walliae.

1338 1059 1418 1115 RE
1427 1060 1457 1092 X
1472 1063 1604 1094 omnibus
1615 1062 1648 1095 ad
1664 1074 1734 1103 quos
1746 1064 1892 1103 praesentes
1902 1066 1999 1097 litterae
2012 1064 2198 1106 pervenerint.
2319 1101 2325 1107 ,
2412 1067 2488 1100 Ann.
2502 1068 2543 1103 D,

1428 1100 1524 1131 Sciatis
1539 1102 1616 1141 quod
1637 1114 1688 1134 nos
1710 1112 1777 1135 ratas
1789 1104 1922 1134 habemus
1934 1105 1968 1136 &
1981 1112 2066 1144 gratas
2078 1104 2222 1143 TreugaS,
2240 1110 2305 1140 quas
2317 1110 2387 1138 lura·
2431 1117 2515 1147 1259,

1336 1146 1438 1180 verunt
1457 1141 1624 1171 venerabiles
1636 1151 1722 1179 patres
1764 1141 1817 1172 W.
1836 1143 2053 1182 wigorniensis,
2069 1142 2103 1173 δε
2124 1140 2156 1171 P.
2177 1139 2386 1183 Herefordenfis
2406 1150 2459 1175 An.
2472 1159 2521 1186 43.

1336 1173 1482 1216 Episcopi,
1499 1179 1533 1209 &
1554 1179 1649 1211 dileffl
1667 1181 1700 1211 &
1719 1166 1812 1212 fi’deles
1831 1181 1918 1211 nostri
1938 1180 2106 1211 Humfridus
2119 1179 2161 1224 ¹de
2179 1178 2260 1208 Boun
2277 1187 2388 1215 junior,
2406 1189 2439 1212 H.
2458 1195 2483 1222 3.

1334 1212 1462 1254 Rogerus
1480 1216 1517 1247 de
1536 1216 1659 1249 Mortuo
1679 1218 1773 1258 Mari,
1792 1219 1889 1250 Petrus
1906 1220 1942 1250 de
1953 1219 2141 1256 Monteforti,
2159 1218 2193 1248 &
2206 1216 2335 1255 Rogerus
2348 1215 2385 1246 de
2404 1226 2465 1251 Pat.
2478 1235 2526 1263 43.

1334 1250 1441 1293 Monte
1453 1254 1523 1286 Alto
1534 1255 1705 1294 justiciarius
1718 1257 1852 1297 Cestriae,
1870 1259 1900 1288 in
1913 1258 2004 1288 anima
2015 1257 2125 1296 nostra,
2137 1256 2172 1287 ad
2185 1254 2288 1286 vadum
2301 1264 2382 1293 aquae
2403 1266 2437 1290 H.
2457 1272 2483 1298 3.

1334 1289 1370 1320 de
1391 1290 1604 1336 Monoomery‚
1620 1296 1666 1326 die
1686 1295 1823 1327 Mercurii
1843 1297 1974 1334 proximo
1985 1305 2048 1327 ante
2058 1295 2164 1327 festum
2177 1292 2382 1337 Apostolorum
2399 1308 2426 1328 n.
2446 1309 2455 1327 ι
2460 1309 2488 1336 5.

1332 1327 1408 1374 Petri
1421 1331 1455 1362 &
1467 1318 1560 1372 fiauii,
1585 1343 1660 1365 anno
1674 1333 1795 1365 Domini
1813 1343 1895 1374 1259.
1911 1345 1927 1365 a
1939 1333 2012 1365 festo
2026 1334 2123 1366 Sanffi
2134 1333 2210 1364 Petri
2223 1331 2257 1362 ad
2272 1331 2384 1362 vincula

1332 1376 1397 1398 anni
1415 1379 1432 1399 e
1442 1370 1536 1401 usdem
1557 1372 1639 1411 usque
1654 1371 1688 1403 ad
1700 1373 1776 1404 idern
1790 1373 1892 1404 festum
1906 1375 1972 1404 anni
1985 1373 2108 1404 Domini
2127 1372 2211 1403 1260.
2229 1378 2302 1401 inter
2315 1379 2386 1408 nos,

1332 1406 1366 1436 &
1381 1410 1430 1438 noi
1447 1418 1506 1447 ros,
1521 1411 1580 1440 tam
1595 1410 1732 1450 Anglicos
1767 1412 1850 1450 quam
1862 1410 2022 1451 walenses,
2040 1422 2074 1443 ex
2087 1422 2142 1443 una
2157 1418 2250 1452 parte,

1333 1483 1348 1488 ..
1368 1444 1405 1476 Et
1421 1446 1598 1479 Lewelinum
1612 1448 1702 1479 filium
1752 1449 1836 1481 riffini
1849 1450 1883 1480 ὃς
1897 1450 1958 1481 suos
1970 1460 2004 1481 ex
2018 1450 2116 1488 altera,
2139 1448 2294 1481 secundum
2306 1446 2384 1491 quod

1330 1483 1416 1514 iidem
1436 1485 1527 1516 fideles
1549 1486 1638 1517 nostri
1658 1496 1711 1525 pro
1731 1488 1813 1518 nobis
1836 1489 1991 1525 juraverunt
2015 1489 2123 1520 easdem
2135 1489 2279 1527 Treugas,
2294 1485 2386 1516 die&

1328 1521 1397 1553 loco
1414 1522 1597 1564 supradietis3
1626 1526 1660 1557 &
1679 1533 1710 1555 ut
1731 1527 1761 1556 in
1780 1526 1874 1557 litteris
1892 1526 2033 1557 dictorum
2055 1527 2180 1559 fidelium
2199 1524 2361 1558 nostrorum
2373 1546 2385 1563 ‚

1328 1561 1428 1630 exinde
1442 1563 1595 1633 confegis,
1613 1563 1712 1595 melius
1723 1564 1757 1596 &
1770 1564 1877 1605 plenius
1889 1565 2057 1596 continetur.

1377 1610 1397 1630 n
1410 1610 1506 1641 cuius,
1559 1611 1584 1633 c.

1360 1676 1450 1708 Teste
1463 1677 1545 1718 Rege
1559 1679 1629 1719 apud
1645 1680 1738 1712 West.
1757 1682 1797 1712 26
1809 1683 1855 1713 die
1863 1681 1939 1721 Julii.

1361 1756 1570 1786 Memorandum
1591 1758 1663 1797 quod
1681 1757 1777 1788 littera
1798 1759 1929 1798 Leulini,
1937 1759 2019 1800 fitper
2039 1758 2127 1790 eodem
2140 1754 2238 1799 fello,
2259 1754 2380 1787 liberata

1314 1790 1377 1830 fuit
1392 1796 1421 1826 in
1436 1795 1595 1824 Garderoba
1609 1799 1688 1834 Regii*
1704 1800 1787 1827 Petro
1802 1799 1834 1827 de
1847 1801 1972 1828 Wintan.
1992 1798 2166 1839 custodienda.
2184 1816 2186 1818 v

1471 1920 1560 1953 Bulla
1570 1931 1627 1967 pro
1644 1920 1768 1956 coenobio
1787 1923 1899 1956 Sannae
1915 1924 2075 1957 Trinitatis
2091 1921 2225 1956 London.

1318 2002 1525 2064 ALeiiander
1531 2005 1701 2047 Episcopus,
1719 2007 1810 2039 servus
1823 2008 1966 2039 servorum
1973 2007 2050 2047 Dei,
2063 2007 2170 2040 dilectis
2184 2007 2246 2038 filiis
2397 1996 2472 2028 Ann-
2487 1998 2529 2039 D-

1383 2041 1473 2074 Pnori
1487 2045 1521 2076 &
1535 2045 1663 2077 fratribus
1680 2046 1792 2077 Sanciae
1808 2047 1956 2079 Trinitatis
1973 2046 2154 2078 Lundonien.
2173 2045 2287 2077 salutem
2300 2045 2333 2076 &
2346 2054 2376 2077 a·
2415 2045 2496 2075 1259·

1317 2080 1484 2119 postolicarn
1501 2083 1737 2116 benedictionem.
2393 2079 2445 2103 ΑΒ·
2458 2085 2506 2112 43·

1353 2118 1432 2150 Cum
1443 2143 1453 2159 ‚
1466 2131 1510 2153 ex
1527 2122 1625 2154 debito
1642 2123 1758 2161 suscepti
1771 2133 1784 2154 r
1820 2125 1932 2164 innuis,
1956 2132 2009 2162 pro
2024 2121 2212 2154 Ecclesiasum
2229 2130 2372 2154 teneamur
2394 2118 2427 2141 H.
2449 2123 2474 2150 3·

1315 2156 1386 2190 statu
1399 2158 1452 2189 sata
1471 2169 1533 2198 ere,
1552 2161 1585 2192 &
1597 2171 1690 2192 earum
1703 2162 1760 2199 jura
1771 2162 1808 2192 de
1829 2173 1922 2194 eamus
1932 2162 2046 2193 sollicite
2057 2161 2236 2199 conservare,
2252 2162 2272 2191 si
2283 2171 2371 2201 quan-
2391 2156 2430 2179 Ex
2445 2155 2506 2188 Α*

1314 2196 1354 2226 do
1368 2167 1510 2234 postufiitis
1525 2202 1540 2229 a
1553 2199 1634 2229 nobis
1647 2200 1724 2239 quod
1746 2201 1846 2231 rationi
1864 2201 2014 2232 conveniat
2027 2222 2037 2238 ,
2059 2200 2093 2230 &
2107 2199 2142 2242 acl
2159 2198 2294 2244 Ecciefite
2311 2209 2373 2230 ves—
2389 2199 2453 2227 ‘⁰8'-

1315 2243 1366 2265 trae
1378 2236 1481 2276 spectet
1493 2237 1683 2269 commodum
1704 2239 1737 2270 &
1755 2239 1914 2279 profectum
1928 2260 1939 2278 ,
1965 2237 2198 2279 postulationibus
2212 2237 2307 2270 vestris
2324 2239 2374 2269 be-

1336 2275 1341 2279 ’
1363 2284 1432 2305 num
1446 2277 1575 2315 cogimur
1588 2275 1707 2317 prestare
1718 2277 1857 2308 favorem.

1312 2283 1390 2344 mffila
1402 2322 1531 2353 propter,
1545 2314 1642 2346 dileffl
1656 2317 1686 2345 in
1700 2314 1835 2347 Domino
1849 2315 1932 2356 Filii,
1948 2315 2044 2347 vestris
2057 2314 2132 2354 iustis
2226 2315 2374 2359 lationibus

1313 2359 1422 2389 gratum
1436 2353 1622 2390 impertientes
1633 2353 1767 2384 assensum
1775 2377 1786 2392 ,
1802 2355 1969 2386 audioritate
1981 2354 2062 2384 vobis
2078 2363 2134 2392 apo
2178 2354 2232 2384 lica
2243 2352 2372 2384 duximus

1312 2390 1514 2429 indulgendum
1524 2414 1534 2429 ‚
1551 2400 1582 2422 ut
1595 2394 1624 2423 in
1636 2391 1854 2424 parrochialibus
1866 2392 1998 2424 Ecclefiis
2012 2391 2110 2423 vestris
2121 2392 2202 2423 liceat
2213 2392 2292 2422 vobis
2304 2402 2372 2431 qua-

1310 2437 1376 2459 tuor
1389 2429 1433 2459 vcl
1447 2438 1501 2460 tres
1513 2430 1550 2461 de
1563 2430 1716 2461 Canonicis
1729 2431 1825 2462 vestris
1838 2431 1895 2465 sine
1913 2429 2136 2462 contradictione
2156 2430 2278 2470 qualibet
2292 2430 2372 2461 insti-

1310 2475 1402 2506 tuere3
1420 2469 1458 2499 ita
1471 2468 1586 2509 quidem
1599 2469 1677 2509 quod
1689 2479 1761 2500 unus
1774 2479 1808 2500 ex
1821 2470 1859 2500 eis
1872 2469 2044 2510 Dyocesano
2059 2466 2084 2499 E
2103 2469 2201 2507 iscopo
2221 2468 2369 2512 repr-tesen-

1310 2513 1381 2536 tetur
1394 2529 1405 2545 ,
1429 2515 1460 2538 ut
1476 2507 1512 2538 ab
1528 2517 1563 2538 eo
1583 2517 1679 2539 curam
1695 2509 1809 2548 recipiat
1825 2509 1980 2541 animarum
1992 2531 2003 2546 ‚
2025 2508 2059 2540 &
2112 2506 2170 2539 ide
2188 2506 2370 2546 spiritualibus

1307 2544 1406 2576 debeat
1418 2545 1588 2584 respondere.

1343 2582 1405 2614 Insu
1427 2594 1455 2614 er
1470 2585 1553 2615 etiam
1566 2584 1719 2626 apostolica
1731 2585 1894 2617 au&oritate
1908 2585 2051 2617 statuimus
2065 2608 2076 2624 ‚
2099 2592 2130 2616 ut
2149 2584 2230 2616 liceat
2247 2585 2327 2616 vobis
2340 2585 2371 2615 in

1308 2623 1393 2652 causis
1433 2623 1539 2654 cclesiae
1551 2623 1652 2654 vestrae
1665 2623 1858 2656 testimonium
1873 2625 1943 2655 ferre
1957 2647 1967 2662 ‚
1991 2623 2151 2654 dummodo
2167 2633 2238 2654 unus
2249 2623 2295 2655 vel
2309 2622 2369 2653 duo

1307 2668 1341 2688 ex
1355 2661 1435 2690 vobis
1445 2661 1479 2691 ad
1492 2663 1631 2701 agendum
1647 2663 1680 2693 ὃς
1694 2661 1918 2701 respondendum
1933 2661 2110 2692 instituantur
2124 2674 2136 2700 3
2174 2671 2277 2693 uorum
2291 2660 2369 2692 testi-

1309 2700 1439 2728 monium
1451 2701 1480 2730 in
1493 2701 1576 2730 causis
1588 2723 1597 2738 ,
1619 2701 1649 2730 in
1668 2701 1768 2740 quibus
1781 2700 1890 2736 :nitores
1908 2700 1953 2732 vel
1972 2699 2136 2738 responsales
2166 2709 2216 2731 unt
2229 2699 2367 2738 instituti,

1308 2745 1368 2766 non
1381 2737 1464 2768 debet
1479 2738 1595 2770 admitti.

1344 2812 1411 2845 Dat.
1427 2813 1581 2854 Anagniae‚
1597 2822 1612 2852 ς
1627 2813 1692 2845 Kal.
1705 2813 1779 2852 Julii.

1945 2867 2037 2907 sigilla
2050 2868 2154 2909 avulsii.

1288 3001 1352 3046 ⁴De
1365 2996 1534 3041 Remiffione
1549 3000 1637 3045 Regis
1654 3024 1666 3041 ‚
1697 2999 1771 3044 Regi
1787 2997 1918 3029 Francia
1931 2993 2099 3040 ficundum
2111 2997 2196 3042 pacis
2205 2994 2357 3040 formant.

1300 3083 1428 3143 REX
1447 3084 1593 3122 omnibus,
1612 3083 1671 3115 &e
1685 3081 1807 3114 salutem.
2022 3121 2028 3126 ⁸
2323 3119 2329 3125 ⁸
2373 3087 2448 3118 Ann-
2465 3088 2506 3120 D„

1397 3122 1546 3154 Noveritis
1560 3121 1654 3161 quod,
1669 3120 1821 3152 secundum
1836 3120 1957 3152 formam
1968 3129 2057 3161 pacis,
2074 3121 2146 3151 inter
2157 3119 2226 3150 Nos
2239 3141 2249 3157 ,
2271 3118 2306 3149 &
2320 3118 2353 3148 il-
2391 3135 2475 3164 1259·

1299 3160 1413 3193 lustrem
1424 3161 1536 3200 Regem
1551 3161 1676 3192 Franciae
1690 3160 1792 3189 habitae
1831 3170 1879 3198 per
1895 3159 2089 3190 Procuratores
2101 3158 2212 3189 nostros
2223 3157 2258 3188 δε
2270 3157 2352 3195 ipsius
2368 3167 2417 3194 Αῃ,
2435 3176 2453 3201 4
2458 3176 2483 3202 3,

1299 3198 1386 3240 Regis
1396 3200 1564 3239 Juramentis
1575 3199 1705 3237 fimarae,
1723 3198 1771 3237 ipfi
1784 3182 1914 3228 Domino
1929 3197 2003 3242 Regi
2018 3197 2146 3228 Franciae
2162 3196 2214 3241 (G.
2230 3195 2351 3240 Decano
2369 3207 2400 3229 H.
2423 3212 2436 3239 3

1298 3237 1394 3269 Sanfti
1410 3238 1528 3269 Martini
1540 3238 1689 3269 Turonen.
1702 3236 1742 3267 O.
1757 3236 1939 3268 Thesaurario
1955 3234 2220 3268 Baiocensciencis·
2232 3234 2349 3278 sumn&
2366 3244 2423 3268 Pas.
2436 3251 2485 3278 43·

1299 3276 1333 3306 N
1337 3277 1448 3308 icholao
1459 3278 1495 3307 de
1508 3276 1629 3307 Meneto
1640 3275 1688 3306 suo
1703 3275 1814 3313 Milite,
1832 3274 1958 3306 Nunciis
1972 3276 2006 3306 ὃ(
2024 3274 2255 3306 Procuratoribus
2268 3274 2348 3316 ipsius
2365 3283 2399 3306 H.
2412 3288 2481 3315 3.m⁴

1296 3315 1419 3346 Domini
1438 3315 1526 3355 Regis
1543 3315 1577 3345 ad
1592 3315 1649 3344 hoc
1665 3314 1813 3355 specialiter
1831 3313 1988 3345 constitutis
2001 3337 2011 3352 ,
2037 3312 2214 3351 praesentibus
2231 3313 2265 3344 &
2278 3320 2348 3342 reei-
2368 3326 2409 3344 12.

1295 3354 1434 3391 plentibus
1446 3355 1565 3384 nomine
1581 3355 1596 3370 *
1610 3352 1689 3392 ipsius
1700 3351 1729 3382 R
1766 3353 1788 3383 is
1802 3352 1945 3391 Franciae,
1961 3352 1996 3384 &
2010 3351 2126 3382 flatrum
2135 3351 2268 3389 suorum,
2282 3358 2350 3394 neq·
2369 3356 2384 3372 ‘⁵
2393 3356 2417 3382 Ι.
2430 3355 2495 3391 685.

1295 3401 1354 3422 non
1366 3393 1399 3424 &
1411 3391 1615 3423 antecessorum
1627 3391 1740 3422 suorum
1773 3392 1915 3431 aeredum,
1930 3401 1963 3422 ac
1976 3391 2061 3421 etiarn
2072 3389 2271 3427 successorum)
2288 3397 2350 3426 qui-

1294 3438 1383 3462 ramus
1397 3431 1505 3469 penitus
1519 3431 1552 3461 &
1565 3431 1730 3461 remittimus
1741 3439 1829 3461 omne
1838 3432 1899 3470 J'uS,
1915 3430 1950 3461 &
1962 3438 2082 3473 omnem
2093 3429 2254 3473 actionem,
2271 3425 2348 3469 quod

1293 3470 1339 3500 vel
1354 3479 1418 3507 quae
1431 3471 1489 3508 jure
1502 3468 1692 3507 haereditario,
1707 3468 1752 3499 seu
1766 3469 1822 3500 alio
1835 3477 2018 3509 quocumque
2027 3476 2089 3506 jure
2101 3467 2183 3511 nobis
2192 3471 2349 3510 competit,

1292 3508 1336 3539 vel
1351 3516 1512 3548 competere
1526 3508 1627 3544 poterit
1640 3509 1669 3538 in
1683 3508 1794 3547 futuro,
1811 3509 1840 3538 iii
1853 3508 1930 3538 tei-ris
1941 3506 2053 3537 inferius
2062 3512 2225 3548 neumatis:

1327 3546 1441 3577 Scilicet
1455 3547 1485 3576 in
1501 3545 1633 3584 Ducatu,
1651 3546 1685 3576 &
1703 3553 1761 3576 tota
1776 3555 1845 3578 terra
1859 3545 2064 3577 Normarmiae:
2081 3542 2116 3574 In
2132 3540 2293 3578 chmmiu,
2310 3539 2344 3571 δε

1290 3593 1348 3616 tota
1364 3593 1434 3615 terra
1449 3583 1559 3622 Andeg.
1574 3584 1646 3615 Tur.
1660 3585 1693 3615 &
1709 3583 1869 3616 Ceiioman.

1326 3622 1360 3652 In
1374 3621 1522 3653 Comitatu
1536 3625 1569 3654 &
1582 3631 1640 3653 tota
1653 3631 1722 3653 terra
1738 3622 1886 3655 Pictavi-ae:
2112 3648 2117 3653 .
2188 3656 2194 3664 ,
2287 3639 2289 3641 ·

1326 3660 1379 3691 Vel
1394 3662 1478 3691 etiarn
1493 3662 1523 3691 in
1539 3661 1631 3692 Iusulis
1645 3662 1741 3700 maris,
1759 3672 1825 3701 quas
1837 3669 1935 3693 tenent
1951 3660 1998 3692 vel
2012 3659 2152 3704 possident
2166 3656 2257 3692 (1ιᾶϋὸ
2274 3654 2340 3686 ΚΕΖ

1289 3698 1314 3729 F
1316 3700 1433 3738 ranciae,
1451 3699 1496 3730 vel
1508 3699 1544 3730 sui
1558 3700 1666 3738 fratres,
1684 3710 1716 3731 ac
1731 3702 1814 3732 etiam
1827 3700 1861 3731 ali
1882 3701 1910 3730 ui
1922 3698 1968 3730 alii
1980 3699 2016 3729 ab
2031 3699 2146 3730 eisdem:
2156 3734 2171 3740 ..
2220 3732 2226 3738 ·
2261 3732 2266 3737 ,

1325 3736 1372 3768 Ac
1403 3737 1544 3768 enei-aliter
1558 3740 1588 3769 in
1602 3739 1734 3770 omnibus
1753 3740 1848 3777 terris,
1911 3738 1975 3776 dss,
1999 3736 2199 3780 &,.d‘?‚¹¹.¹ss¹¹¹=⁵>
2213 3732 2339 3772 JUflbUS,
2357 3774 2360 3778 ,
2408 3776 2412 3779 ,
2470 3755 2478 3768 ι

1286 3775 1319 3818 ὃς
1351 3746 1558 3815 οίῇτίῖιοηίὺυε,
1576 3777 1647 3808 infra
1660 3776 1691 3807 R
1727 3787 1799 3808 num
1812 3777 1940 3809 Franciae
1953 3773 2204 3811 constitutisfltluas
2215 3769 2259 3801 vel
2274 3780 2339 3815 quae⁶

1285 3813 1314 3843 di
1346 3823 1375 3844 us
1388 3813 1452 3844 Rex
1467 3814 1591 3846 Franciae
1606 3839 1616 3855 ‚
1640 3815 1686 3847 vel
1729 3824 1798 3846 atres
1813 3816 1869 3854 ejus
1882 3815 1984 3846 habent
1996 3812 2041 3846 vel
2051 3817 2146 3843 tenent
2159 3831 2170 3848 ‚
2193 3807 2239 3839 vel
2252 3808 2338 3853 aheui

1285 3860 1320 3881 ex
1332 3860 1410 3889 parte
1422 3853 1544 3892 ipsorum
1563 3854 1608 3885 seu
1627 3853 1831 3885 antecessorum
1851 3853 1963 3883 suorum
2011 3858 2045 3881 ex
2065 3847 2143 3887 causa
2163 3846 2337 3892 dona—thms,
2379 3881 2384 3886 ,

1283 3889 1328 3920 vel
1341 3892 1562 3934 perrrmtationis,
1579 3893 1625 3926 seu
1641 3893 1692 3926 alia
1713 3900 1893 3933 quacumque
1910 3874 2008 3928 cauli,
2028 3895 2096 3918 cum
2115 3895 2253 3927 arreragiis
2271 3886 2338 3918 inde

1281 3936 1513 4010 perscaffpitgsiamen
1531 3969 1615 4008 nobis
1634 3969 1668 4000 &
1686 3967 1842 3998 haeredibus
1860 3964 1960 4010 nostris
1979 3964 2055 3994 terris
2068 3985 2078 3999 ‚
2093 3971 2169 4009 xquas
2183 3964 2213 4006 in
2229 3961 2335 4004 Regno

1280 4002 1408 4044 Franci-x
1420 4005 1554 4039 habemus
1565 4008 1599 4040 &
1613 4014 1756 4046 tenemus,
1773 4012 1821 4037 aut
1836 4004 1882 4036 alu
1893 4013 1941 4043 per
1952 4011 2021 4040 nos,
2038 4000 2108 4033 vela
2121 4002 2217 4034 nobis:
2276 4031 2279 4034 ⁴
2300 4036 2340 4075 Et
2392 4047 2394 4051 ,
