2570 4261
252 94 304 134 16

249 176 337 215 pressi
363 173 457 205 litteris
484 170 590 201 silentio
609 167 819 205 relinquamus,
853 174 962 211 treugas
981 166 1054 196 inter
1080 165 1254 197 carissimum
1280 165 1310 194 in

250 213 369 245 Christo
389 211 478 242 filium
499 207 630 238 nostrum
653 206 817 243 Philippum
839 204 877 236 R.
905 205 1015 242 branc,
1031 204 1186 244 illustrem,
1203 206 1237 236 &
1259 203 1311 247 Al'.

248 253 360 284 sonsum
375 258 472 280 natum
488 245 632 285 quondam
645 244 716 274 olim
730 245 818 283 Regis
833 243 958 273 Araoon.
975 243 1150 282 traetaviffe,
1169 254 1219 281 per
1240 250 1310 273 certi

248 290 383 328 temporis
395 287 528 324 spatium,
546 285 575 313 iri
590 282 694 313 eisdem
707 290 879 313 contentum
891 268 1004 319 fitteris,
1022 283 1158 313 valituras.
1210 321 1214 326 ¹
1229 321 1234 325 Ι

287 329 354 359 Nos
367 334 461 356 autem
476 321 644 353 Celsitudini
659 321 777 359 Regiae,
788 320 868 359 super
884 321 953 358 hiis,
966 330 1016 358 per
1030 320 1155 351 eundem
1170 319 1308 357 Militem,

248 374 358 398 retento
372 363 489 394 Clerico
502 371 556 399 pro
568 360 686 391 utilitate
698 360 820 399 negotii,
839 368 925 397 prout
937 359 988 390 tibi
1003 369 1051 396 per
1064 360 1127 390 alias
1140 358 1247 390 nostras
1262 358 1308 402 lit-

245 415 315 437 teras
334 403 463 432 intimare
486 400 663 437 curavimus,
685 398 788 428 litteras
806 398 932 428 misimus
950 397 1114 435 responsales
1127 422 1138 436 ,
1163 399 1235 428 inter
1256 397 1308 426 aha

243 443 420 474 continentes
435 438 514 477 quod
525 437 741 475 circumspectas
761 437 795 467 &
815 436 971 480 solempnes
989 436 1133 475 personas,
1152 445 1254 480 pacem
1272 436 1307 466 ὃς

242 479 430 512 concordiam
450 477 611 517 diligentes,
627 486 661 506 ac
683 475 763 513 super
782 474 941 514 hujusmodi
959 477 1078 511 negotio
1096 474 1204 512 plenius
1217 473 1308 504 infor-

242 528 345 556 matas,
363 516 577 547 intendebamus
599 516 759 554 quantotius
777 513 813 544 ad
831 522 876 552 te,
889 516 969 553 quta
979 513 1151 544 Petitionem
1163 513 1307 550 Regiam,

239 557 383 588 destinare.

278 596 358 626 Cum
378 601 472 624 autem
494 592 655 632 hujusmodi
672 591 778 623 nostrae
795 591 958 622 intentionis
978 589 1156 628 propositum
1175 589 1305 633 volentes

241 633 396 672 perducere
419 632 454 662 ad
476 632 638 669 effetfmm,
670 630 842 661 venerabiles
863 630 959 660 fratres
980 630 1094 672 nostros
1117 628 1303 659 Boneiacium

240 674 400 703 Ravennat.
413 673 447 703 &
461 671 580 702 Petrum
595 669 707 700 Montis
722 669 852 708 Regalis,
868 667 1105 705 Archiepiscopos
1118 667 1217 697 latores
1231 676 1304 710 prae-

238 711 376 750 sentium,
394 712 471 741 viros
490 711 588 747 utique
611 709 686 745 pacis
707 707 741 738 &
762 707 926 738 concordiae
945 706 1097 743 zelatores,
1115 716 1148 736 ac
1165 706 1249 736 nobis
1268 706 1303 737 &

236 750 366 781 fratribus
386 749 504 786 nostris,
529 748 645 778 suorum
664 745 856 786 magnitudine
878 747 1064 782 meritorum,
1090 753 1183 783 gratos
1201 754 1302 782 quam—

236 790 392 827 plurimum
410 789 443 819 &
464 794 596 824 acceptos
617 784 666 823 (de
684 794 809 823 quorum
822 784 887 815 fidei
897 784 1021 822 probatae
1034 783 1191 815 constantia
1204 785 1239 815 &
1251 793 1299 814 ex·

236 835 325 868 pertae
340 826 485 864 probitatis
499 825 632 855 industria
645 822 778 854 fiduciam
792 824 821 853 iii
842 823 977 853 Domino
997 823 1120 892 {erimus
1139 822 1298 861 specialem)

232 866 267 897 ad
283 874 362 896 tuam
382 864 554 903 praesentiam
570 862 768 901 destinemus,
792 862 976 892 Serenitatem
1065 862 1120 891 iam
1145 871 1178 892 ro
1233 860 1299 891 dam

232 913 338 935 attente
357 903 488 934 duximus
509 904 542 933 ἃ
561 901 745 939 hortandam,
763 902 909 939 quatinus,
928 910 980 938 pro
1000 906 1052 931 nos
1067 910 1095 930 ra
1117 901 1150 932 &
1199 899 1299 938 posto-

233 944 297 974 licoe
315 942 383 973 sedis
403 942 572 980 reverentia,
589 940 719 979 praefatos
739 939 989 978 Arcliiepiscopos,
1011 939 1158 977 personam
1169 938 1298 969 nostram

233 983 263 1012 in
284 982 346 1019 ipsis
363 980 557 1018 considerans,
581 980 704 1019 benigne
723 980 855 1017 recipias,
880 979 914 1009 &
935 978 1054 1008 honeste
1098 978 1246 1016 ertraCtes,
1265 987 1297 1010 ut

232 1021 421 1051 devotionem
434 1019 557 1059 Regiam
573 1018 694 1056 proinde
707 1028 767 1048 non
781 1017 915 1048 inmerito
931 1027 1068 1048 commen
1090 1026 1180 1047 emus.

268 1059 318 1089 Tu
332 1068 417 1099 ergo,
435 1058 475 1088 fili
488 1057 644 1094 carissime,
662 1057 741 1087 illum
755 1057 859 1087 habere
872 1055 979 1086 studeas
996 1057 1026 1086 in
1042 1057 1160 1094 negotio
1180 1065 1295 1086 merno-

230 1106 291 1129 rato
312 1097 494 1135 processum,
520 1106 550 1127 ut
570 1096 645 1136 Regi
666 1095 802 1135 Regum,
827 1105 877 1132 per
898 1105 985 1133 quem
1006 1104 1102 1134 regnas
1121 1095 1155 1125 &
1177 1096 1292 1134 recretis,

230 1138 287 1167 laus
305 1136 443 1167 foecunda
462 1136 625 1174 proveniat,
643 1134 737 1164 honor
757 1133 891 1164 Ecclesiae
913 1143 946 1164 ac
968 1133 1043 1173 Regi
1057 1134 1182 1164 Franciae
1200 1119 1293 1171 supra-

227 1175 324 1214 dicsto,
342 1176 450 1213 tibique
465 1174 654 1205 retributionis
666 1172 790 1204 coelestis
801 1173 968 1211 praemium,
985 1173 1019 1204 δε
1033 1171 1206 1203 ἀῦεᾶοτιιῐτι
1220 1172 1293 1203 filio-

228 1224 294 1245 rum
309 1238 318 1253 ,
342 1215 471 1244 virorum
493 1213 652 1250 nobilium,
677 1211 776 1242 Caroli
797 1212 997 1249 primogeniti,
1024 1211 1105 1241 clarae
1125 1212 1291 1250 memoriae,

227 1252 317 1290 Regis
336 1252 456 1290 Siciliae,
475 1262 508 1282 ac
528 1252 685 1282 liberorum
707 1249 852 1289 quondam
864 1249 1002 1280 Femandi
1015 1251 1087 1288 nati,
1106 1250 1210 1280 inclitae
1230 1259 1292 1280 me-

227 1293 331 1322 moriae
343 1316 352 1329 ,
380 1291 415 1321 A.
443 1291 533 1330 Regis
554 1289 707 1327 Castellae,
730 1289 858 1319 liberatio
872 1313 882 1325 ,
907 1290 940 1320 &
958 1289 1083 1319 Franci-ae
1102 1288 1292 1328 Castellaeque

226 1329 399 1369 Regnorum
411 1330 540 1361 duratura
553 1328 737 1367 tranquilitas,
754 1328 851 1358 atstore
864 1327 1015 1367 Domino,
1033 1327 1233 1366 producantur.

97 175 175 207 Ann.
189 174 229 205 D.

119 215 202 245 1286.

95 255 163 281 Σίν.
185 263 208 280 i.

262 1405 328 1436 Dat.
356 1406 464 1436 Romae
484 1405 556 1442 apud
579 1405 711 1436 Santram
732 1404 864 1435 Sabinam
885 1405 991 1436 ottavo
1017 1404 1059 1435 Id.
1082 1404 1266 1437 Novembris
1279 1430 1289 1444 ,

224 1444 410 1476 pontificatus
421 1443 512 1475 nostri
524 1454 600 1474 anno
613 1443 746 1475 secundo.

245 1572 334 1606 Bulla
345 1599 356 1616 ,
377 1571 413 1605 de
431 1570 606 1605 intendendo
622 1571 737 1618 Angliae
753 1574 847 1617 Regi,
866 1575 897 1604 in
913 1570 1093 1605 trassatibus
1112 1572 1266 1606 concordia

643 1620 857 1665 reformandis.

66 1708 194 1740 AnnD.
219 1705 428 1767 HOnorius
442 1706 615 1745 Episcopus,
634 1704 727 1737 servus
742 1706 888 1751 servorum
911 1706 986 1752 Dei,
1002 1707 1208 1753 venerabilibus
1229 1708 1286 1739 fra—

89 1751 142 1780 128
149 1758 172 1786 7.
311 1746 416 1784 tribus,
434 1745 465 1775 B.
485 1745 641 1775 Ravennat.
662 1745 695 1775 &
712 1744 743 1774 Ρ.
764 1744 973 1783 Montisregalis
986 1745 1228 1785 Archiepiscopis,
1244 1748 1284 1778 sii-

64 1791 116 1815 Αιι,
137 1798 181 1823 ¹5·
218 1783 307 1814 lutcm
321 1786 355 1815 ix
369 1784 566 1823 Apostolicam
582 1784 824 1814 benediciionem.

64 1831 94 1853 Ε.
119 1837 141 1854 i.
257 1823 340 1853 Licet
355 1833 407 1853 vos
420 1822 453 1854 ad
468 1823 641 1861 praesentiani
655 1822 787 1853 carissimi
804 1823 831 1852 in
846 1821 963 1853 Christo
977 1821 1024 1853 filii
1037 1822 1125 1853 nostri
1141 1823 1175 1854 E.
1196 1824 1284 1864 Regis

63 1869 104 1892 Et·
119 1869 177 1893 Au-
218 1860 329 1901 Angliae
350 1861 460 1892 illustris
482 1861 647 1899 (commista
668 1861 752 1891 vobis
771 1861 851 1899 super
870 1869 951 1892 certo
969 1863 1086 1902 negotio
1099 1862 1285 1895 sollicitudine

61 1911 127 1941 ngr.
216 1899 337 1937 speciali)
352 1901 512 1931 duxerimus
527 1899 722 1937 destinandos,

255 1939 395 1969 Volumus
407 1948 519 1978 tamen,
539 1940 572 1969 &
588 1939 767 1977 praesentium
782 1939 864 1969 vobis
878 1939 1043 1970 au&ontate
1057 1941 1284 1981 committimus,

215 1977 249 2007 δε
272 1978 453 2016 mandamus,
471 1979 600 2016 quatinus
621 1979 650 2008 in
671 1978 789 2009 tractatu
815 1978 999 2016 concordiae,
1016 1979 1126 2009 mundo
1139 1979 1229 2018 utilis,
1248 1981 1283 2012 &

216 2016 366 2053 specialiter
386 2018 483 2055 quieto
503 2017 560 2054 ejus
582 2016 663 2047 statui
683 2024 870 2054 opportunae,
895 2018 968 2046 inter
990 2017 1124 2055 quosdam
1144 2019 1283 2057 principes

215 2055 422 2093 reformandae,
443 2057 543 2093 (quem
557 2054 633 2085 idem
648 2055 732 2092 Rex,
751 2055 788 2085 sic
802 2063 834 2085 ut
845 2054 963 2092 dicitur,
982 2058 1118 2093 proponit
1132 2056 1282 2097 assumere,

215 2092 260 2122 vel
286 2094 340 2128 iam
360 2095 450 2124 forsan
475 2094 629 2138 assumpsit)
648 2094 770 2124 consilio
785 2094 818 2125 &
832 2093 935 2125 auxilio
949 2093 1072 2126 assistatis
1085 2094 1194 2135 eidem,
1212 2106 1281 2128 cum

212 2130 247 2161 ad
261 2128 318 2163 hoc
332 2143 383 2163 vos
395 2133 505 2162 duxerit
517 2132 711 2170 requirendos.

252 2207 320 2239 Dat.
340 2209 450 2239 Romae
466 2208 542 2246 apud
563 2208 698 2240 Sunii-arn
719 2208 853 2240 Sabinam
873 2209 939 2240 Kal.
959 2209 1076 2250 Martii,
1094 2210 1281 2244 Pontificatfis

211 2246 302 2278 nostri
313 2258 388 2278 anno
401 2247 534 2279 secundo.

893 2325 947 2356 Sub
952 2325 1006 2369 filo
1021 2326 1147 2357 canabeo.

57 2451 190 2490 ⁸11.34i.
211 2449 237 2475 ’k
262 2450 372 2494 Bulla,
396 2450 433 2484 de
451 2452 581 2484 Ntmciis
602 2455 700 2498 Pczpae,
725 2451 771 2485 ad
790 2453 908 2500 Angli-e
926 2456 1037 2501 Regem
1063 2458 1095 2487 in
1121 2455 1275 2487 Tranati-

422 2498 477 2533 bus
493 2500 648 2534 concordiae
666 2499 849 2544 affistendum
860 2529 871 2545 ,
895 2501 1058 2546 destinatis.

53 2587 129 2620 Arm,
146 2588 187 2620 D,
287 2583 414 2616 Onorius
430 2586 602 2624 Episcopus,
622 2587 715 2617 serviis
730 2586 875 2618 servorum
889 2587 962 2626 Dei,
976 2588 1118 2619 cariffimo
1131 2590 1160 2618 in
1175 2588 1274 2620 Chris—

74 2629 158 2666 1287,
298 2631 328 2653 to
345 2623 403 2654 filio
417 2626 517 2656 nostro
530 2625 564 2656 E.
585 2625 660 2664 Regi
674 2625 788 2662 Angliae
802 2625 918 2665 illustri,
935 2626 1051 2658 salutem
1067 2629 1100 2659 &
1126 2627 1272 2666 Apostoli-

50 2670 103 2695 Αη,
124 2677 165 2702 15,
203 2669 267 2690 cain
283 2661 522 2694 benedictionem.

50 2709 80 2732 E.
105 2716 127 2733 ι,
240 2698 322 2731 Licet
344 2704 516 2734 venerabiles
537 2703 633 2733 fratres
657 2702 770 2732 nostros
783 2701 814 2732 B.
835 2702 992 2734 Ravennat.
1013 2704 1046 2734 &
1059 2702 1093 2733 P.
1114 2703 1268 2736 Montisre-

50 2748 91 2770 Ex
106 2747 161 2771 Au-
200 2738 268 2806 galis
283 2738 520 2780 Archiepiscopos
535 2741 698 2776 (commista
711 2742 750 2770 eis
763 2741 843 2778 super
857 2751 936 2772 certo
947 2743 1064 2779 negotio
1083 2742 1268 2774 sollicitudine

48 2789 112 2819 ngr,
211 2777 321 2820 pecuali)
335 2779 369 2809 ad
386 2788 463 2810 tuam
479 2780 654 2818 praesentiam
668 2779 829 2810 duxerimus
843 2779 1038 2819 destinandos,

237 2815 314 2846 Scire
332 2826 426 2848 tamen
448 2818 588 2859 Regalern
609 2818 814 2848 Excellentiam
837 2819 971 2850 volumus
992 2819 1088 2858 quod,
1104 2819 1138 2849 ad
1153 2822 1265 2857 petitio-

198 2862 266 2897 nem
286 2855 490 2896 Nunciorum,
517 2868 587 2896 quos
609 2868 698 2895 nuper
719 2856 752 2886 ad
773 2856 866 2887 sedem
887 2858 1085 2896 Apostolicam
1106 2859 1264 2899 destinasti,

199 2890 280 2921 dietis
301 2893 527 2936 Archiepiscopis
551 2907 600 2934 per
622 2896 684 2926 alias
699 2920 708 2934 ,
733 2895 783 2925 sub
803 2895 879 2926 certz‘i
900 2897 993 2928 forms
1007 2921 1016 2936 ,
1040 2897 1141 2928 litteras
1164 2898 1265 2929 nostris

199 2934 406 2974 committimus
428 2935 461 2965 &
483 2935 648 2965 mandamus
662 2959 671 2973 ,
694 2941 725 2964 ut
748 2935 777 2964 in
798 2935 916 2966 nastatu
938 2936 1104 2966 concordiae
1118 2960 1127 2976 ,
1152 2937 1263 2968 mundo

199 2968 273 3012 utilis
281 2993 294 3013 ,Ι
311 2970 344 3000 &
364 2971 512 3009 speci-aliter
535 2975 631 3012 quieto
651 2975 708 3011 ejus
727 2971 811 3014 ‘statui
832 2983 1018 3014 opportunae,
1038 2976 1109 3006 inter
1126 2976 1262 3014 quosdam

199 3005 344 3045 Principes
366 3011 552 3042 reformanda:
577 3013 692 3050 (quem,
716 3012 785 3042 sicut
807 3012 1009 3052 intelleximus,
1035 3015 1171 3052 proponis
1189 3015 1263 3045 assu-

142 3047 148 3053 ’
197 3054 294 3089 mere,
312 3047 358 3076 vel
376 3049 434 3086 jam
458 3049 569 3080 forsitan
591 3049 768 3086 assumpsisti)
794 3051 900 3087 praefari
914 3052 1126 3093 Arehiepiscopi
1140 3052 1264 3084 Celsitu-

197 3083 256 3113 dini
268 3084 369 3127 Regiae
384 3087 502 3117 confilio
517 3089 550 3119 &
564 3090 665 3120 auxilio
687 3088 808 3118 assistere
826 3088 973 3130 studeant,
992 3100 1060 3123 cum
1079 3101 1128 3122 eos
1148 3091 1183 3122 ad
1203 3092 1262 3124 hoc

193 3121 302 3153 duxeris
314 3125 505 3163 requirendos.

230 3199 296 3244 Dat.
316 3200 424 3232 Romae
441 3202 514 3242 apud
533 3202 669 3235 Sandiam
686 3204 819 3236 Sabinam
838 3204 903 3236 Kal.
923 3205 1040 3246 Martii,
1071 3206 1260 3240 Pontificatus

196 3238 284 3269 nostri
296 3250 373 3271 anno
386 3241 519 3272 secundo.

874 3322 927 3352 Sub
933 3321 986 3363 filo
1002 3321 1126 3352 canabeo.

220 3441 308 3473 Bulla
322 3444 492 3488 responstilis
507 3448 637 3478 Hbs-iorii
653 3449 734 3492 Papa?
742 3448 833 3493 fitper
853 3446 1067 3490 Petitionibus,
1092 3461 1130 3481 ex
1141 3461 1232 3496 parte

351 3496 456 3539 Regis,
483 3499 633 3540 negotium
652 3498 748 3528 Terre
759 3497 868 3541 Jhnffae
886 3495 1087 3543 tangentibus.

46 3581 174 3614 Ann.D.
195 3569 397 3630 Honorius
411 3578 582 3624 Episcopus,
601 3579 693 3624 serviis
706 3581 852 3624 seivorum
864 3581 939 3620 Dei,
959 3581 1099 3613 carissimo
1113 3585 1142 3613 in
1159 3584 1257 3616 Chris-

69 3622 152 3674 1287..
195 3613 390 3682 nelitstigniii?
402 3616 436 3645 Iz.
456 3618 532 3657 Regi
545 3618 657 3658 Angliae
671 3619 785 3658 illustri,
800 3621 915 3651 salutem
931 3622 963 3652 ὃς
986 3620 1184 3660 Apostolicani
1204 3625 1256 3654 be-

44 3665 157 3725 gn.¹i‚.
196 3724 200 3728 ¹
232 3684 280 3729 Ab
300 3698 352 3726 CO,
370 3693 416 3731 qui
436 3703 555 3737 omnem
578 3696 746 3734 hominem,
764 3698 926 3728 venientem
947 3699 974 3728 in
996 3698 1074 3729 hunc
1097 3699 1255 3740 mimdum,

43 3739 85 3799 i:
98 3741 157 3764 Au-
192 3722 353 3798 ἒὲῑξὲῑὲἒῐςέ
355 3732 432 3795 nilis„
437 3732 561 3784 claritatis
583 3734 682 3765 lumen
700 3735 806 3766 devota
825 3736 972 3767 credulitas
991 3739 1045 3768 tuis
1058 3738 1179 3769 sensibus
1193 3740 1257 3777 sup-

65 3783 108 3809 4r'
232 3799 279 3843 Ut
294 3792 461 3835 neceffitatsss
473 3808 629 3840 innumeras
641 3811 743 3842 Terrae
762 3813 880 3850 sandiae,
899 3813 973 3851 quasi
994 3815 1030 3845 ab
1048 3815 1183 3845 omnibus
1204 3814 1255 3845 de-

193 3837 314 3877 reliftae,
334 3841 420 3870 ocido
435 3847 630 3882 compassionis
644 3850 807 3888 inspiciens,
825 3853 858 3883 &
871 3852 1058 3886 miserabilem
1071 3853 1174 3883 statum
1198 3855 1256 3891 ejus

191 3876 347 3945 {ifgffiloer
360 3880 520 3921 attendens,
537 3886 571 3914 ad
584 3887 664 3923 ipsius
680 3888 827 3920 revelanda
836 3892 998 3929 gravamina
1017 3892 1126 3923 intenso
1145 3890 1256 3922 ducaris

192 3991 197 3996 ι
234 3952 281 3982 Ab
294 3954 367 3992 ipso,
387 3956 434 3993 qui
448 3957 506 3999 pias
519 3957 671 4002 hominum
685 3964 809 3994 affiones
823 3965 968 4003 aspirando
984 3968 1138 4008 praevenit,
1155 3968 1190 3999 &
1203 3967 1254 3998 ad-

186 3991 313 4029 juvando
325 3993 516 4033 prosequitur,
534 3997 585 4028 tibi
599 3998 702 4032 devote
716 4003 837 4035 creditur
851 4005 1030 4045 inspiratum,
1049 4005 1128 4046 quod
1139 4005 1174 4038 ad
1184 4006 1250 4047 subf

696 75 1501 129 CONVENTIONES‚

1570 81 1955 136 LITERAE,

1351 166 1521 197 ventionem
1543 166 1616 198 illius
1637 169 1766 200 ardenter
1786 169 1922 208 afficeris,
1941 170 1975 201 &
1996 169 2179 202 subveniendi
2198 171 2225 202 ei
2239 171 2418 210 personaliter
2436 177 2514 208 Ann.
2526 178 2570 215 D,

1351 201 1487 235 laudabile
1502 206 1689 245 constansque
1703 208 1880 246 propositum
1894 207 2078 246 assumpsisti,
2455 217 2540 255 1287.

1390 242 1456 273 Sedi
1474 243 1653 282 Apostolicae
1673 246 1740 277 illud
1758 256 1910 285 tempore,
1933 246 2020 277 felicis
2041 245 2246 278 recordationis
2260 272 2271 286 ,
2297 248 2418 284 Martini
2436 257 2504 287 Edv.
2522 266 2550 287 1.

1351 280 1456 320 Papae,
1475 283 1683 320 praedecessoris
1698 284 1787 316 nostri
1800 285 1940 323 revelans,
1957 285 1991 315 &
2011 295 2100 324 nuper
2119 286 2285 324 expressius,
2301 289 2417 321 certius-
2557 286 2564 290 ⁴

1351 329 1407 357 que
1420 330 1471 364 per
1485 322 1602 361 litteras,
1618 324 1651 354 &
1671 323 1790 354 diletisos
1811 323 1901 363 filios,
1920 323 2049 355 nobilem
2068 324 2163 356 virum
2182 324 2360 358 Riccardum
2379 328 2416 360 de

1350 357 1483 397 Punesei,
1501 361 1535 392 &
1550 360 1721 401 Magistrum
1731 362 1894 401 Johannem
1909 362 2074 401 Gereberd,
2092 363 2229 395 Nuncios
2245 373 2309 395 tuos
2327 375 2417 406 expo-

1349 406 1436 435 nens,
1452 399 1623 442 quibusdam
1636 400 1839 439 PetitionibuS,
1856 401 1890 432 ad
1905 400 2101 432 efficaciorem
2113 404 2312 434 executionem
2332 405 2417 443 ipsius

1348 438 1485 480 propositi
1498 440 1663 477 oportunis,
1678 450 1728 477 per
1741 439 1856 470 eosdem
1868 440 1951 471 nobis
1967 439 2104 471 Nuncios
2118 441 2292 479 praesentaris.

1349 512 1354 517 Ι
1385 473 1420 503 In
1439 475 1506 514 hiis,
1524 475 1564 506 fili
1581 477 1735 516 carissime,
1751 478 1920 518 gaudemus,
1938 488 1993 509 nec
2014 479 2179 518 immerito,
2205 481 2239 511 &
2258 481 2413 513 exultamus

1346 521 1376 541 m
1390 511 1526 545 Domino
1539 515 1648 554 tibique
1658 516 1810 560 specialiter
1822 517 2050 557 eongaudeinus3
2068 517 2241 549 manifestius
2261 520 2411 551 adverten-

1345 558 1387 580 tes
1402 551 1436 581 ad
1450 562 1486 597 ea.
1497 553 1618 592 regalem
1630 565 1758 586 animum
1769 556 1867 595 dirigi,
1884 565 1989 595 tuaque
1999 556 2121 587 concilia
2135 557 2211 587 circa
2224 555 2268 587 illa
2289 560 2407 598 versari,

1344 598 1408 626 quae
1422 592 1613 623 retributionis
1626 602 1739 624 aeternae
1750 596 1865 632 praemia
1877 595 2114 632 perseverantibus
2126 596 2335 633 repromittunt.

1344 665 1350 671 ⁶
1382 627 1458 675 Illius
1475 632 1569 668 itaque
1590 631 1784 664 Clementiam
1797 657 1808 672 ,
1841 635 1891 672 qui
1909 633 2070 673 hujusmodi
2088 634 2210 665 creditur
2229 635 2408 673 propositum

1341 666 1500 711 inspirasse,
1519 670 1661 702 humiliter
1674 681 1836 710 exoramus,
1854 681 1902 710 ut,
1919 672 2028 711 semper
2041 682 2070 705 te
2088 673 2230 704 deducens
2252 675 2282 704 iri
2304 684 2406 707 eorum

1342 703 1468 737 semitam
1481 708 1680 741 mandatorum
1688 735 1698 748 ,
1716 710 1784 741 illud
1799 711 1853 742 suae
1867 711 1974 742 virtutis
1986 711 2124 750 adjutorio
2135 711 2324 751 prosequatur.

1356 782 1361 787 ‘
1379 743 1506 784 Verum,
1531 746 1598 779 licet
1619 749 1649 779 in
1671 749 1816 787 praemissis
1837 749 1909 780 adeo
1931 749 2027 780 nostra
2047 761 2116 782 cum
2137 752 2190 782 tuis
2203 760 2270 782 vota
2285 752 2406 784 consen-

1341 789 1424 825 tiant,
1444 785 1538 823 quod,
1557 786 1578 816 si
1597 787 1708 818 daretur
1727 789 1920 826 oportunitas,
1938 787 2091 820 Petitiones
2111 789 2219 820 eaedem
2241 790 2276 821 ad
2289 792 2404 822 exaudi-

1340 823 1425 867 tionis
1440 825 1531 861 plenae
1543 827 1660 863 gratiam
1674 835 1709 856 ex
1720 826 1821 857 nostro
1834 825 1970 857 desiderio
1984 828 2154 859 introissent:
2175 830 2240 867 quia
2253 837 2348 861 tamen
2362 831 2404 870 id,

1339 868 1394 890 nec
1410 872 1563 900 impacatus
1577 865 1654 894 orbis
1669 864 1770 903 status,
1784 875 1839 895 nec
1858 866 1920 896 alias
1939 865 2052 898 facultas
2070 866 2215 905 indulget,
2233 878 2265 898 ea
2283 879 2347 908 quae
2366 870 2403 901 de

1338 897 1457 931 fratrum
1469 901 1635 933 nostrorum
1648 903 1786 942 consilio,
1803 905 1837 936 &
1852 911 1936 942 prout
1957 905 2139 936 concedenda
2159 905 2280 937 vidimus
2297 918 2405 939 conce-

1337 935 1449 982 dentes,
1468 939 1622 972 Petitiones
1638 942 1722 981 ipsas,
1742 943 1776 975 ὃ(
1789 942 1980 980 responsiones
1991 943 2027 974 ad
2039 954 2098 982 eas,
2117 944 2297 982 praesentibus
2317 947 2400 978 inseri

1335 975 1473 1020 fecimus·
1500 979 1565 1010 fasti
1584 980 1787 1012 nichilominus
1805 983 1952 1012 veritatem
1969 1006 1979 1021 ,
2002 991 2066 1013 tum
2084 983 2205 1020 ipsarum
2223 984 2291 1015 serie
2305 1009 2315 1024 ,
2335 993 2400 1017 tum

1338 1024 1423 1046 eriam
1437 1003 1627 1050 Nunciorum
1640 1019 1787 1057 dierorum
1805 1019 1962 1051 ministerio
1971 1043 1987 1063 ,ἱ
1998 1020 2184 1059 exponendo,
2202 1030 2249 1060 ut,
2269 1033 2303 1053 ex
2321 1025 2405 1062 ipsius

1334 1054 1577 1124 ftgirsigderatione,
1588 1059 1698 1097 plenius
1712 1060 1743 1090 in
1754 1058 1836 1090 dietis
1850 1058 2092 1097 Responsionibus
2105 1059 2208 1100 Regali
2219 1059 2402 1095 Excellentiae

1345 1102 1359 1122 a
1414 1104 1450 1126 at.

1348 1171 1353 1176 ι
1371 1131 1411 1163 Et
1433 1134 1567 1174 quidem,
1585 1135 1732 1174 praemissis
1754 1136 1918 1175 quibusdam
1940 1136 2126 1175 suasionibus,
2143 1147 2208 1175 quae
2222 1137 2311 1168 diesas
2323 1137 2402 1170 Peti-

1332 1178 1425 1239 lt210nes
1446 1174 1646 1215 exaudiendas,
1671 1176 1690 1206 fi
1710 1175 1825 1207 facultas
1846 1175 1967 1215 adesset,
1990 1176 2050 1207 satis
2069 1176 2250 1214 probabiliter
2270 1177 2402 1215 suggere-

1353 1219 1416 1249 ant,

1370 1251 1466 1280 Prima
1486 1254 1587 1283 Petitio
1607 1254 1788 1292 continebat,
1806 1254 1885 1292 quod
1906 1253 2090 1294 crucesignati
2107 1263 2210 1285 omnes
2231 1255 2261 1284 in
2275 1254 2398 1294 ejusdem
2417 1265 2504 1292 Prima

1331 1294 1415 1318 terrae
1429 1290 1579 1322 subsidium
1591 1292 1766 1323 transfretare
1779 1301 1930 1330 cogantur:
2416 1304 2514 1331 Petitia.

1372 1326 1419 1357 Ad
1455 1330 1512 1360 uod
1525 1330 1678 1373 Responfi03
1699 1333 1783 1362 variae
1798 1331 2017 1363 circumstantiae
2032 1331 2061 1362 su
2101 1339 2200 1370 erunt,
2218 1339 2250 1363 ut
2264 1341 2324 1363 non
2346 1333 2397 1363 ab-
2415 1340 2546 1378 Responffo.

1331 1363 1421 1396 solute
1457 1369 1582 1408 icanius,
1623 1370 1680 1400 uod
1694 1380 1796 1401 omnes
1809 1380 1896 1401 cruce
1908 1370 2005 1410 signati
2016 1370 2071 1401 ind‘
2101 1370 2179 1401 inere
2193 1370 2398 1412 compellendi,
2498 1366 2508 1378 ²

1331 1403 1376 1433 vel
1390 1414 1492 1437 omnes
1508 1408 1526 1427 *²
1542 1408 1599 1438 ind'
1630 1410 1634 1414 '
1658 1409 1706 1440 <ste
1720 1409 1894 1446 compellere
1908 1409 2100 1440 intendamus:
2121 1409 2194 1448 Sed,
2214 1409 2234 1440 fi
2248 1409 2395 1442 Dominus
2415 1416 2549 1454 *11.342.

1329 1441 1437 1485 dederit
1455 1446 1534 1484 quod
1556 1447 1710 1487 passagium
1729 1448 1881 1486 procedat,
1899 1447 2070 1479 intendimus
2088 1448 2162 1486 apud
2181 1458 2281 1479 omnes
2293 1459 2394 1480 cruce-

1330 1482 1466 1523 signatos,
1480 1494 1511 1516 ut
1524 1485 1890 1524 transfretent,effimcibus
1903 1486 2121 1524 persuasionibus
2134 1487 2190 1526 uti,
2204 1488 2238 1518 &
2252 1498 2302 1518 eos
2312 1498 2396 1518 com-

1327 1520 1449 1591 pellllerecei,
1469 1534 1540 1561 quos
1562 1524 1676 1563 qualitas
1693 1525 1830 1564 temporis
1844 1525 1968 1564 suaserit,
1987 1525 2020 1556 &
2035 1524 2110 1556 sedes
2124 1524 2179 1563 ipsa
2191 1525 2292 1558 viderit
2311 1537 2396 1558 com-

1326 1569 1362 1596 pe
1382 1569 1417 1590 en
1438 1572 1478 1592 os.

1363 1601 1484 1630 Secunda
1498 1603 1616 1642 Petitio,
1634 1602 1715 1641 quod
1728 1601 1862 1634 faciamus
1874 1603 1981 1642 ubique
1994 1601 2140 1642 praedicari
2154 1601 2284 1634 Crucem
2299 1604 2329 1634 in
2341 1606 2398 1635 te'r-
2413 1615 2528 1644 Secunda

1326 1645 1365 1667 τε
1379 1647 1546 1680 memoratae
1559 1640 1736 1673 succursum:
2412 1655 2513 1682 Petitio.

1363 1676 1517 1720 Reslqonfio,
1536 1680 1631 1719 quod,
1650 1680 1802 1720 postquam
1817 1689 1848 1711 tu
1860 1679 1990 1712 Crucem
2000 1680 2191 1719 assumpseris,
2210 1681 2245 1712 &
2257 1691 2308 1719 per
2329 1691 2396 1712 ean-
2412 1691 2542 1730 Respwfio‚

1327 1714 1395 1745 dem
1409 1716 1504 1748 sedem
1518 1718 1646 1756 praefixus
1665 1719 1749 1750 fuerit
1768 1720 1879 1759 passagii
1898 1721 2051 1758 terminus,
2069 1719 2241 1750 intendimus
2263 1719 2394 1751 Crucem

1327 1764 1378 1792 per
1397 1765 1501 1824 ἔξωθε
1510 1767 1512 1770 ·
1521 1756 1736 1790 Christianitatis
1757 1766 1848 1798 partes
1860 1758 1953 1790 facere
1964 1758 2126 1798 praedicari,
2141 1767 2227 1798 prout
2240 1758 2395 1790 viderimus

1325 1802 1397 1831 expe
1419 1805 1466 1825 ire.

1364 1835 1458 1863 Tertisz
1471 1836 1590 1875 Petitio,
1608 1835 1688 1874 qu‘od
1700 1836 1878 1868 subveniatur
1896 1836 1977 1867 dieto
1997 1836 2116 1877 negotio
2138 1837 2167 1866 in
2184 1835 2304 1874 persona
2316 1836 2391 1876 tua,
2407 1846 2494 1873 ”linia
2531 1846 2540 1859 ‘⁶

1325 1869 1362 1915 de
1373 1871 1433 1902 tota
1447 1872 1576 1912 decimi,
1593 1876 1628 1906 &
1641 1874 1696 1905 aliis
1710 1875 1958 1914 subventionibus,
1973 1885 2026 1916 pro
2037 1885 2058 1905 ri
2093 1875 2154 1905 otio
2168 1874 2228 1912 ipso
2247 1874 2391 1914 colleffls,
2409 1885 2509 1912 pmii„

1324 1920 1353 1939 in
1375 1911 1588 1951 quibuscunque
1608 1914 1717 1954 Regnis
1734 1914 1781 1945 seu
1803 1915 1917 1953 Terris,
1935 1924 2061 1953 quorum
2112 1923 2193 1953 egeS,
2211 1913 2269 1945 sive
2281 1913 2391 1944 Princi-

1323 1958 1389 1986 pes,
1407 1950 1453 1980 vel
1469 1950 1594 1982 Domini
1608 1952 1784 1984 transfretare
1797 1953 1953 1984 noluerint:

1359 1986 1512 2031 Respunfio,
1532 1992 1606 2021 varia
1621 1991 1655 2022 &
1667 1993 1761 2031 gravia
1773 1992 1994 2031 impedimenta,
2009 2001 2074 2030 quae
2086 1991 2138 2022 tibi
2151 2001 2200 2030 per
2212 2000 2388 2023 memoratos

1324 2025 1462 2058 Nuncios
1476 2028 1527 2059 tibi
1538 2028 1757 2061 deliberavimus
1779 2030 1977 2069 exprimenda,
1992 2030 2095 2061 nostris
2115 2031 2149 2061 δε
2169 2031 2222 2061 tuis
2238 2031 2312 2061 votis
2333 2032 2389 2062 ob-

1323 2064 1435 2104 sistunt,
1454 2076 1485 2098 ut
1505 2067 1540 2098 ad
1561 2068 1634 2100 hanc
1655 2071 1822 2107 petitionem
1845 2080 1905 2101 non
1926 2068 2011 2108 possit
2028 2068 2063 2099 ad
2085 2068 2203 2107 praesens
2217 2070 2318 2100 certius
2331 2079 2389 2100 res-

1324 2104 1459 2144 ponderi,
1478 2105 1546 2137 ficut
1560 2106 1733 2139 Excellentia
1746 2108 1853 2148 Regia,
1868 2107 2078 2147 impedimentis
2094 2107 2156 2145 ipsis
2171 2107 2222 2137 fibi
2243 2107 2390 2147 expositis,

1323 2144 1472 2175 manifeste
1484 2146 1654 2185 cognoscet:
1674 2146 1849 2177 intendimus
1864 2155 1976 2185 tamen,
1994 2145 2204 2184 impedimentis
2225 2146 2302 2185 ipsis,
2322 2145 2390 2177 Do-

1324 2183 1406 2212 mino
1420 2183 1548 2222 favente,
1566 2184 1693 2225 sublatis,
1711 2186 1762 2216 tibi
1777 2185 1813 2216 de
1827 2184 1885 2223 ipsit
1896 2185 1975 2217 totali
1995 2184 2125 2222 decimi,
2142 2185 2303 2223 caeterisque
2323 2185 2389 2216 sub-

1322 2222 1504 2252 ventionibus
1517 2223 1694 2263 supradicTtis,
1709 2225 1798 2255 taliter
1817 2224 1982 2263 subvenire,
2001 2223 2083 2263 quod
2104 2224 2210 2255 merito
2229 2225 2333 2262 poteris
2353 2225 2388 2256 &

1321 2258 1437 2290 debebis
1449 2261 1507 2291 esse
1521 2270 1681 2293 contentus

1357 2298 1475 2337 Quarta
1486 2302 1604 2339 Petam,
1620 2301 1700 2340 quod
1715 2303 1745 2332 in
1757 2301 1869 2341 Angliae
1882 2301 1916 2334 ὃ(
1930 2301 2037 2332 Scotiae
2060 2301 2186 2341 Regnis,
2202 2300 2331 2332 Ybernia
2349 2311 2383 2333 ac
2411 2309 2520 2340 coum,

1322 2336 1457 2382 Guallia„
1469 2338 1519 2369 tibi
1532 2338 1646 2370 decima
1660 2351 1709 2378 pei·
1720 2340 1747 2370 se
1768 2342 1896 2371 [ennium
1909 2340 1980 2371 ultra
1993 2348 2122 2378 tempus,
2140 2349 2199 2378 quo
2211 2349 2279 2377 per,
2294 2340 2383 2371 felicis
2401 2336 2500 2379 ἶνῖηῃρ,

1319 2376 1538 2416 recordationis,
1563 2378 1725 2410 Martinum
1747 2351 1873 2418 sapam,
1888 2377 2125 2418 praedecessorem
2145 2377 2294 2418 nostrum,
2311 2389 2385 2410 con-

1318 2415 1393 2445 cessa
1408 2416 1514 2454 extitit,
1530 2417 1719 2454 concedatur:

1355 2453 1509 2495 Responfio,
1526 2456 1556 2486 in
1569 2456 1709 2494 praedic'tis
1724 2456 1832 2497 Regnis
1847 2457 1881 2488 &
1895 2457 2011 2495 Terris,
2025 2456 2170 2487 decimam
2183 2455 2235 2486 tibi
2249 2455 2386 2487 concedi-

1316 2502 1380 2523 mus
1394 2504 1443 2531 per
1456 2493 1501 2524 sex
1513 2504 1603 2526 annos
1618 2496 1762 2533 (tempore
1775 2504 1944 2534 computato
1958 2505 2008 2533 per
2022 2494 2101 2533 quod
2112 2495 2164 2526 fuit
2185 2494 2201 2524 a
2221 2503 2384 2527 memorato

1315 2531 1523 2570 praedecessore
1536 2533 1583 2564 M.
1602 2535 1746 2572 concessa)
1764 2535 1799 2565 ita
1811 2534 1889 2573 quod
1903 2533 2111 2573 praedecefforis
2126 2532 2250 2573 ejusdem
2264 2544 2386 2565 conces-

1315 2571 1355 2601 sio
1377 2581 1427 2610 per
1444 2572 1501 2603 hoc
1522 2582 1582 2603 non
1604 2574 1789 2612 immutetur,
1807 2573 1853 2604 sed
1868 2575 1896 2604 in
1911 2574 1960 2604 suo
1976 2573 2084 2604 robore
2097 2580 2225 2611 maneat,
2243 2573 2277 2604 &
2295 2574 2382 2604 tn'en-

1313 2610 1394 2639 nium
1414 2610 1547 2642 adiciatur
1568 2611 1675 2643 eidem:
1701 2612 1752 2643 De
1772 2612 1913 2650 praedisiis
1934 2621 2028 2643 autem
2050 2611 2238 2650 intendimus,
2255 2619 2287 2642 ut
2309 2622 2382 2650 prae-

1312 2649 1449 2688 mittitur,
1467 2649 1616 2681 subvenire
1629 2652 1695 2689 tibi,
1715 2650 1859 2690 Crucem,
1879 2652 1909 2680 in
1922 2649 2060 2681 concesso
2072 2651 2123 2682 tibi
2137 2650 2172 2681 ad
2186 2650 2244 2681 hoc
2265 2659 2380 2689 tempo-

1312 2697 1360 2724 re,
1376 2689 1432 2718 viz.
1452 2689 1480 2719 in
1501 2688 1587 2720 Festo
1607 2689 1808 2727 Pentecostes,
1827 2690 1921 2727 primo
1939 2698 2079 2727 venturo,
2104 2689 2285 2726 solempniter
2305 2689 2381 2719 affua

1311 2727 1418 2794 mengi,
1437 2727 1470 2758 &
1485 2737 1526 2796 ei}
1533 2736 1603 2758 tunc
1616 2727 1754 2772 deferenti
1775 2729 1908 2766 publice,
1925 2729 2131 2766 negotiumque
2151 2726 2330 2766 hujusmodi,
2348 2735 2379 2759 ut

1310 2774 1344 2794 CX
1365 2774 1380 2794 e
1401 2774 1421 2795 lt
1477 2776 1536 2796 l‘OC
1558 2775 1642 2797 uesstl.

1373 2775 1593 2841 ost’psaemicslsas
1615 2804 1770 2836 Petitiones
1789 2804 1949 2843 subjicitur,
1973 2813 2028 2842 pro
2047 2810 2126 2842 parte
2146 2803 2209 2842 tua,
2231 2803 2378 2834 ArtIculus
2394 2811 2507 2852 §qm-m,

1307 2841 1511 2882 infrascriptus3
1532 2844 1617 2882 item,
1634 2844 1775 2882 praediffls
1792 2843 1842 2875 sibi
1864 2841 2003 2874 concessis
2025 2843 2122 2881 (prout
2142 2843 2249 2882 negotii
2261 2842 2378 2874 arduitas
2393 2855 2492 2881 Panto.

1307 2883 1407 2921 exigit,
1427 2882 1461 2912 &
1476 2881 1611 2919 praedksta
1625 2883 1700 2914 sedes
1714 2882 1815 2914 viderit
1827 2881 2001 2919 faciendum)
2016 2882 2093 2912 idem
2108 2880 2175 2911 Rex
2186 2880 2274 2912 offert
2286 2881 2313 2911 se
2328 2891 2378 2920 pa-

1308 2929 1416 2959 ratum,
1435 2921 1464 2950 in
1486 2921 1571 2951 Festo
1592 2921 1794 2960 Pentecostes,
1812 2922 1907 2960 primo
1927 2928 2066 2958 venturo,
2084 2921 2114 2950 in
2133 2928 2217 2950 terrae
2237 2919 2377 2958 saepefatae

1306 2958 1456 2990 subsidium
1466 2983 1475 2996 ,
1493 2959 1674 2999 solempniter
1687 2961 1706 2991 s
1747 2970 1798 2991 um
1813 2959 1937 2992 vivificae
1948 2960 2040 2990 crucis
2051 2958 2208 2998 assumere,
2225 2968 2259 2989 ac
2271 2958 2376 2990 deinde

1306 2997 1420 3035 publice
1440 2997 1564 3029 deferre:
1585 3001 1621 3030 ita
1642 3010 1701 3038 quo
1744 2999 1813 3029 infra
1833 2999 2002 3036 triennium,
2018 3007 2053 3029 ex
2063 3006 2133 3028 tunc
2145 2997 2374 3038 numerandum,

1307 3046 1368 3067 non
1381 3045 1516 3076 cogatur,
1532 3037 1596 3077 sed,
1614 3038 1634 3069 fi
1647 3039 1731 3077 velit,
1749 3038 1799 3068 sibi
1814 3037 1896 3069 liceat
1910 3037 2098 3075 transfretare,
2116 3036 2182 3075 post
2196 3036 2307 3067 diffisum
2321 3043 2372 3068 ve-

1305 3085 1339 3106 ro
1353 3076 1506 3106 triennium
1516 3101 1525 3114 ,
1544 3076 1578 3107 ad
1592 3076 1828 3108 transfretandum
1843 3076 1979 3115 compelli
1991 3077 2076 3106 etiam
2091 3074 2178 3113 possit
2190 3076 2307 3106 invitus:

1341 3113 1491 3154 Responfio,
1510 3115 1589 3153 quod
1610 3115 1712 3146 dicitur
1725 3117 1753 3146 in
1768 3115 1922 3154 praemissio
1933 3115 2068 3153 articulo,
2083 3114 2120 3145 de
2131 3112 2322 3152 assumptione
2336 3123 2370 3144 ac
2387 3116 2517 3155 Responfid.

1303 3152 1444 3184 delatione
1465 3155 1571 3193 crucis,
1597 3155 1631 3186 &
1650 3154 1687 3184 de
1706 3155 1832 3185 libertate
1851 3153 2044 3185 transfretandi
2063 3153 2134 3183 infra
2146 3153 2316 3191 triennium,
2335 3153 2370 3183 &

1302 3192 1469 3230 coaffione,
1488 3191 1646 3223 adhibenda
1660 3194 1690 3223 iri
1704 3194 1761 3224 hoc
1774 3194 1838 3231 post
1851 3194 2023 3230 triennium,
2041 3199 2232 3229 acceptamus:
2253 3190 2301 3221 Ad
2323 3191 2368 3230 id,

1302 3230 1381 3269 quod
1395 3232 1424 3261 in
1436 3232 1580 3268 praemiffo
1595 3231 1724 3262 Articulo
1740 3234 1919 3270 continetur,
1938 3231 2058 3268 scilicet,
2073 3229 2210 3270 praemiffi's
2231 3241 2305 3260 conce
2323 3240 2365 3269 ts,

1302 3280 1351 3308 per
1365 3269 1571 3307 responsiones,
1589 3269 1674 3300 fatias
1687 3271 1720 3301 ad
1736 3271 1890 3302 Petitiones
1906 3270 2022 3310 singulas
2036 3268 2077 3299 est
2091 3268 2261 3307 responsum.
2375 3275 2377 3277 ·

1338 3308 1438 3338 Ultimo
1455 3307 1529 3347 fuit,
1548 3318 1582 3338 ex
1601 3308 1649 3340 tu&
1668 3318 1760 3349 parte,
1777 3322 1779 3324 ·
1782 3313 1918 3348 petitum,
1939 3308 2020 3347 quod
2041 3308 2153 3339 decima
2172 3307 2293 3339 colleffli
2312 3307 2364 3338 tibi
2379 3314 2479 3344 mrim,

1299 3346 1408 3386 statim,
1424 3347 1490 3385 post
1505 3346 1726 3385 assumptionem
1750 3349 1861 3387 crucis,
1878 3348 2030 3385 liberetur,
2046 3347 2134 3383 cum,
2151 3345 2188 3376 ad
2208 3345 2365 3390 dispositio·
2379 3355 2477 3382 Pentros

1299 3396 1369 3417 nem
1383 3387 1417 3418 ὅ(
1430 3385 1638 3416 ordinationem
1650 3389 1719 3418 tanti
1735 3388 1859 3427 nssotii,
1877 3387 1981 3427 longe,
1997 3394 2062 3417 ante
2075 3384 2187 3424 passagii
2198 3392 2379 3422 terminum,

1298 3425 1387 3455 multa
1407 3432 1537 3463 oporteat
1555 3435 1731 3465 praeparare,
1761 3427 1790 3456 in
1811 3427 1912 3464 quibus
1932 3434 2031 3463 graves
2050 3425 2199 3464 exiguntur
2219 3422 2362 3466 expensa&

1298 3463 1393 3503 quoad
1407 3462 1596 3502 colligendam
1611 3473 1728 3503 quoque
1741 3465 1863 3502 petitum
1877 3464 1945 3502 fuit,
1963 3464 2036 3494 utin
2049 3461 2196 3493 liberando
2209 3471 2272 3492 earn
2292 3460 2360 3504 tibi,

1294 3503 1517 3540 oportunitatem
1529 3503 1663 3540 temporis
1675 3503 1867 3543 attendamus,
1884 3504 1922 3533 ita
1937 3501 2016 3541 qnod
2029 3502 2059 3531 in
2071 3500 2227 3532 neceffariis
2239 3506 2357 3539 negotio

1295 3541 1381 3579 possis
1397 3543 1425 3571 in
1438 3549 1568 3578 tempore
1583 3541 1684 3572 utiliter
1698 3543 1731 3573 ὃς
1746 3542 1899 3573 efficaciter
1912 3542 1953 3573 uti
1967 3540 2016 3571 ea:
2257 3574 2264 3583 ι
2290 3575 2296 3581 ‚

1332 3579 1483 3620 Rffonfio,
1503 3578 1654 3616 postquam
1668 3581 1696 3610 in
1709 3580 1790 3612 didio
1804 3581 1892 3612 Festo
1905 3577 2104 3617 Pentecosten,
2119 3586 2151 3622 ut
2167 3582 2358 3616 praemittitur,
2373 3585 2503 3624 Responfio‘.

1295 3618 1406 3657 signum
1421 3616 1543 3649 vivificae
1558 3618 1660 3648 Crucis
1672 3619 1862 3658 assumpseris,
1879 3619 1946 3650 illud
1958 3617 2059 3648 exinde
2073 3616 2188 3656 publice
2202 3615 2355 3659 delaturus:

1294 3657 1491 3687 mandabimus
1510 3656 1561 3686 tibi
1582 3656 1744 3697 decimam,
1764 3659 1918 3690 colleftam
1935 3659 1966 3688 in
2065 3657 2099 3687 iae
2113 3665 2148 3686 ac
2161 3654 2266 3685 Sconae
2277 3651 2358 3691 Reg-

1293 3695 1354 3733 nis,
1373 3696 1408 3726 &
1419 3696 1449 3725 in
1464 3694 1577 3725 Guallia
1599 3697 1632 3727 &
1654 3697 1797 3737 Ybernifi,
1814 3698 1968 3735 subscripto
1989 3695 2100 3734 modo,
2115 3693 2186 3724 infra
2204 3699 2356 3734 numeran-

1291 3733 1362 3764 dum
1383 3743 1419 3763 ex
1439 3741 1509 3763 runc
1528 3736 1681 3765 triennium
1702 3735 1847 3775 assignari,
1865 3737 1922 3766 viz.
1940 3744 1972 3766 ut
1991 3732 2120 3773 quolibet
2136 3739 2212 3774 an310
2229 3728 2355 3773 ‚CJUsdem
2384 3773 2390 3777 p

1291 3772 1420 3810 triennii,
1437 3771 1489 3802 tibi
1503 3774 1583 3803 tertia
1596 3783 1656 3811 pars
1671 3773 1757 3805 dieiae
1772 3774 1894 3806 decimae
1906 3772 2072 3811 assignetur:
2089 3768 2236 3801 sufficienti
2257 3775 2354 3813 tamen

1290 3812 1422 3841 cautione
1435 3810 1451 3840 a
1466 3818 1494 3840 te
1506 3811 1624 3849 praestitfi
1633 3837 1642 3850 ,
1660 3813 1696 3844 de
1710 3813 1886 3845 restitutione
1899 3819 2097 3849 receptorum,
2115 3808 2135 3838 fi
2150 3815 2179 3851 ῖς
2190 3805 2311 3837 deficere
2323 3818 2354 3837 11¹

1290 3846 1494 3880 transfretando
1514 3851 1683 3890 contigerit:
1709 3852 1803 3882 Simili
1822 3851 1914 3882 modo
1929 3874 1938 3889 ,
1967 3849 2064 3880 adore
2084 3846 2220 3890 Domino
2228 3868 2242 3890 ,‘
2262 3845 2296 3876 &
2316 3845 2355 3877 de

1292 3887 1453 3926 colligendi
1473 3888 1524 3918 tibi
1545 3889 1778 3929 providebimus,
1796 3897 1883 3929 prout
1902 3888 2012 3926 negotii
2029 3884 2187 3925 prosecutio
2200 3891 2300 3924 exlglta'
2316 3885 2353 3917 &

1290 3926 1359 3957 faeti
1372 3929 1565 3964 opportunitas
1580 3928 1756 3959 ministrabit.
2026 3962 2033 3968 ,
2323 3962 2329 3968 ,

1329 3963 1469 3995 Ceterum
1488 3966 1558 3997 scire
1579 3967 1712 3998 volumus
1733 3965 1938 3997 Excellentiam
1958 3962 2081 4001 Regiam
2102 3960 2180 3999 quod
2194 3984 2204 3999 ,
2217 3998 2223 4005 ι
2236 3960 2256 3991 fi
2274 3969 2304 3992 te
2320 3967 2353 3992 in'

1289 4003 1436 4042 praemissis
1457 4006 1549 4037 crucis
1569 4005 1759 4044 assumptione
1772 4027 1782 4044 2
1805 4003 1946 4036 delatione
1959 4023 1969 4039 ,
2004 4000 2051 4033 vei
2071 4008 2224 4034 memorati
2243 4000 2362 4077 nego?

2407 2003 2539 2044 Rffonfio.

2401 2471 2531 2510 Responfim
