2570 4261
726 154 837 194 ET
923 155 1190 198 ACTA

0 237 72 273 Min·
87 232 127 264 D-
144 238 227 270 latura
248 239 394 277 stuporem
410 239 493 278 quam
510 239 644 277 percipiat
661 246 726 269 aetas
741 237 807 281 ista,
821 238 941 269 sensibus
955 243 1132 280 praesentium
1145 251 1193 271 ex-

16 281 98 316 1252·
143 278 259 308 erciiata
278 278 434 315 malorum,
451 287 564 307 necnon
587 278 825 314 &importunitas
838 278 1043 317 plurimorum,
1060 289 1107 310 aut
1121 288 1193 309 tem-

0 321 59 346 Hel›‚
77 322 102 348 3·
145 318 237 353 poi-is,
255 326 301 347 aut
319 315 424 351 catii‘ae,
449 324 494 345 aut
515 315 657 353 personae,
676 316 732 345 iive
750 315 808 345 loci
829 316 896 346 fulta
913 316 1061 357 suffragiis,
1086 328 1138 348 nos
1159 318 1194 347 ad

145 355 246 393 muira,
261 365 326 393 quae
342 353 506 391 displicent,
528 364 582 383 nec
603 354 704 384 habere
724 353 827 395 debent
845 355 1090 395 consequentiam,
1110 358 1197 386 inter-

143 393 212 423 dum
226 394 344 428 invitos,
363 391 502 421 interdum
517 402 614 428 parum
628 393 797 423 voluntarios
812 393 1006 432 impulserunt,
1025 405 1078 433 qua
1091 396 1196 424 ratione

143 433 287 469 perpensa,
311 431 360 467 piis
382 428 474 466 porest
494 430 511 448 ἢ*
528 430 668 460 mentibus
686 431 715 459 in
729 430 821 460 multis
835 431 928 461 saltem
943 434 1133 470 aequanimitas
1149 443 1196 472 pa-

139 472 244 502 tientiae
262 468 372 500 suaderi.

182 508 271 547 Qod
287 515 379 537 autern
398 505 534 544 aliquibus
552 505 686 544 Clericis,
706 506 870 543 provisionis
886 507 1058 548 Apostolicae
1073 510 1156 548 gratia
1171 511 1199 538 in

148 547 254 583 Regno
278 545 389 584 Angliae
409 545 488 582 prose
509 546 635 574 uentibus
657 568 666 582 ,
700 544 765 586 post
785 545 958 582 sumptuoios
978 548 1085 578 labores
1103 550 1200 578 attritis

146 585 336 622 multipliciter
356 585 389 614 ὃς
404 583 501 613 exhaul
516 584 554 620 is,
574 583 688 620 paterni
700 588 792 612 iunius
809 585 981 614 ninerationc
994 587 1128 624 compassi
1139 609 1148 622 ,
1164 588 1201 615 eis

143 633 194 690 pelr
207 622 321 691 aliiquod
334 621 462 662 providae
473 621 671 660 ordinationis,
688 622 735 652 vel
748 621 895 652 decilionis
908 625 1112 661 compendium
1127 635 1199 655 con-

142 664 173 691 iu
185 671 218 691 en
240 672 274 691 Ο·

186 685 276 740 (Quod
297 700 377 729 etiam
395 696 577 737 quibusdam,
592 698 690 737 quibus
704 698 868 739 provisionis
882 698 985 729 nostrae
1001 710 1098 731 manus
1111 700 1201 731 claudi

146 747 209 773 non,
235 739 326 777 potuit
340 760 349 775 ,
374 746 431 775 ,pro
459 737 558 775 quibus
578 736 720 768 interdum
740 746 800 765 non
820 738 910 767 iorum
929 739 1050 775 ipiorum
1063 762 1073 778 ,
1103 749 1202 769 verum

146 778 231 808 etiam
251 776 454 812 Ecclesiarum,
473 775 504 804 in
527 775 626 813 quibus
646 777 683 806 eis
701 775 910 817 providendum
931 778 1055 816 Videtur,
1072 778 1203 817 interpel-

146 815 184 845 lat
205 816 303 846 utilitas
323 825 337 844 a
352 814 508 852 principio,
527 823 563 843 ne
577 813 625 850 ipii
639 813 791 851 dampnosa
803 814 923 844 difficilis
939 816 1137 854 prosecutionis
1149 814 1203 845 dis-

147 854 250 893 pendia
270 854 423 892 patiantur,
442 861 491 889 per
511 853 629 892 aliquam
649 853 846 890 praeventionis
858 855 973 892 gratiam
986 856 1115 884 duximus
1129 863 1202 891 prae-

147 893 327 930 cavendum,
345 892 421 930 quod
440 890 553 929 quidem
561 889 712 929 justiorem
723 890 852 930 praestare
864 892 957 929 potest
970 892 1042 922 laudi
1057 892 1203 922 materiam

145 932 233 970 quain
253 930 372 970 querelae
386 951 395 968 ,
429 939 497 959 curn
520 939 569 967 per
588 929 666 967 hoc,
697 929 731 960 ὃς
753 930 907 960 hominum
928 931 1058 961 obvietur
1079 931 1204 967 malitiis,

146 969 224 1010 quod
245 978 303 999 non
323 969 472 1008 ambigitur
493 968 633 1006 prudentis
641 966 756 1006 justitiae
767 978 838 1008 opus
852 968 923 1006 effe,

181 1007 220 1038 Et
241 1017 299 1038 non
314 1007 407 1037 minus
419 1007 561 1037 interdum
573 1006 778 1047 Ecclesiaruni,
795 1008 880 1046 quam
896 1006 1075 1044 personarum
1088 1007 1204 1036 incom-

145 1045 237 1076 modis
256 1053 434 1083 occurratur,
452 1044 528 1086 quod
547 1046 670 1076 laudibili
690 1044 732 1076 est
754 1044 1014 1084 circumspectionis
1033 1046 1151 1076 consilio
1162 1044 1202 1075 as-

145 1085 330 1123 cribendum,
348 1093 529 1122 compertum
550 1085 592 1114 est
613 1085 690 1115 enim
723 1094 753 1117 er
763 1093 833 1123 quot
847 1083 987 1114 malorum
1001 1082 1205 1121 incommoda,

145 1132 195 1163 per
215 1132 286 1164 quot
313 1123 514 1154 difficultatum
534 1123 672 1154 anfraetus
719 1123 796 1153 lerici
821 1119 979 1159 hujusmodi
1002 1122 1203 1164 distrahantur,

145 1171 290 1200 quamque
312 1169 445 1199 acceptos
457 1161 529 1200 ipsos
542 1161 664 1199 efficiat,
680 1162 708 1192 in
722 1162 807 1201 gratia
820 1161 853 1191 ὃς
864 1159 975 1199 judicio
986 1160 1205 1199 consequendis,

146 1209 200 1245 aut.
212 1201 345 1231 meritum
366 1201 531 1241 proprium,
553 1210 600 1231 aut
619 1199 723 1231 alienus
742 1199 839 1237 favor,
850 1208 903 1230 aut
921 1200 1073 1230 reverentia
1091 1197 1207 1228 manda-

147 1247 223 1269 toris.

189 1277 265 1308 Vota
291 1277 372 1316 igitur
395 1276 483 1308 vestra
501 1278 584 1307 nobis
605 1277 684 1314 super
703 1275 778 1313 hoc,
793 1275 998 1312 praedictorum
1019 1275 1208 1306 Nunciorum

150 1315 396 1356 supplicationibus
415 1317 557 1354 intimata,
572 1316 602 1345 in
622 1314 742 1352 pectoris
758 1313 848 1343 nostri
862 1314 967 1344 secreto
978 1314 1136 1354 colligimus
1147 1314 1209 1344 dili-

152 1355 230 1393 genti
253 1354 438 1385 meditationis
451 1355 579 1384 examine
600 1351 761 1392 dirigenda3
795 1352 827 1382 ὃ(
843 1352 926 1381 nobis
936 1351 1056 1391 modos,
1074 1362 1124 1390 per
1141 1361 1212 1391 quos

150 1392 268 1423 honeste
285 1404 300 1423 a
320 1391 460 1430 praedietis
473 1391 668 1430 provisionum
682 1389 814 1422 oneribus
828 1389 984 1429 Anglicana
997 1391 1112 1422 relevari
1125 1389 1209 1429 possit

150 1430 292 1469 Ecclesia,
318 1431 504 1461 recolentibus
523 1430 687 1469 diligenter,
703 1429 761 1459 hoc
780 1429 939 1460 remedium
962 1429 1135 1461 relevationis
1155 1439 1209 1459 oc-

150 1471 256 1538 fturrit,
272 1470 292 1500 fi
306 1469 385 1513 super
399 1479 434 1498 eo
447 1479 518 1500 cum
530 1467 748 1509 cogitationibus
761 1467 862 1498 nostris
876 1469 1048 1499 conveniant
1060 1469 1147 1498 sensus
1160 1477 1210 1499 ve-

178 1519 199 1538 ri
232 1517 263 1538 ut
296 1516 350 1537 vrz.

186 1531 357 1587 iiiiqu'orum
370 1545 407 1576 de
419 1545 536 1577 Clericis
547 1545 661 1584 Italicis,
680 1555 729 1583 per
743 1544 837 1575 sedem
851 1544 1046 1584 Apostolicam
1061 1546 1090 1576 in
1105 1544 1212 1584 Regno

151 1584 264 1625 Angliae
283 1584 422 1616 beneficia
439 1585 609 1624 consecutis,
625 1592 711 1623 prout
724 1583 805 1615 vohis
817 1584 972 1623 videbitur,
992 1584 1078 1623 ufque
1089 1583 1124 1614 ad
1138 1584 1213 1614 sum-

153 1624 231 1655 mam
251 1624 323 1654 odio
343 1622 464 1654 millium
482 1623 645 1654 Marcarum
654 1646 664 1662 ,
682 1624 710 1652 in
725 1623 809 1653 bonae
821 1622 973 1654 voluntatis
984 1624 1132 1661 patientia,
1148 1631 1214 1662 pro-

153 1662 305 1694 visionibus
327 1661 448 1693 toleratis
472 1662 621 1702 (quoniam
633 1672 687 1692 nec
702 1660 862 1701 possumus,
878 1671 932 1691 nec
951 1661 1085 1692 debemus
1103 1662 1214 1699 privare

152 1710 343 1742 quemquam,
362 1701 419 1731 fine
437 1702 515 1733 causa
533 1700 672 1741 legitima,
690 1701 750 1739 jure
769 1699 835 1738 suo,
851 1701 898 1741 qui
916 1700 1010 1731 sumus
1028 1701 1161 1731 omnibus
1184 1700 1214 1729 in

153 1739 258 1778 justitia
273 1745 371 1770 contra
389 1739 520 1777 injuriam
533 1739 701 1777 defensores)
718 1739 850 1777 cogendo
865 1739 1106 1779 caeteros,quibus
1119 1739 1149 1769 in
1164 1748 1215 1768 eo-

152 1776 220 1809 dem
242 1777 348 1817 Regno
371 1777 411 1807 est
434 1777 608 1819 Apostolicae
629 1777 697 1808 sedis
712 1778 876 1808 auctoritate
888 1778 1051 1818 provisum,
1066 1778 1100 1809 ad
1115 1777 1212 1816 perso-

153 1817 246 1847 nalem
260 1816 433 1847 residentiam
449 1817 479 1847 in
493 1818 545 1849 suis
556 1815 699 1848 beneficiis
713 1815 885 1854 faciendam,
900 1817 933 1848 &
948 1816 1153 1857 susceptionem
1166 1826 1213 1846 or-

154 1855 271 1894 dinum,
291 1856 360 1886 ficut
380 1854 518 1887 beneficia
537 1855 593 1894 ipsa
605 1856 768 1895 requirunt,
784 1865 818 1886 ac
832 1855 982 1892 privandos
993 1855 1095 1886 eisdem
1108 1854 1214 1887 benefi-

156 1895 208 1925 ciis
229 1893 344 1925 residere
366 1902 413 1925 aut
427 1894 551 1925 ordinari
566 1894 774 1926 contumaciter
791 1893 960 1932 recusantes,
976 1904 1062 1935 eaque
1074 1894 1149 1933 aliis,
1165 1894 1216 1934 qui

155 1932 218 1965 haec
240 1933 279 1963 im
300 1932 356 1963 lere
375 1933 510 1966 velint&
525 1931 650 1971 valeant,
668 1931 834 1963 conferendi
849 1932 933 1964 libera
948 1933 1058 1972 singulis
1072 1933 1216 1971 vestrum,

154 1972 185 2001 in
207 1971 258 2002 suis
313 1972 475 2010 iocaesibus,
494 1981 508 2001 a
522 1971 584 2004 sede
599 1971 765 2011 Apostolica
778 1971 939 2012 possibilitas
945 1994 957 2011 ,
973 1973 1020 2003 cui
1034 1971 1109 2003 nulla
1123 1970 1217 2003 obstet

155 2010 290 2049 obtenta,
308 2010 352 2041 vel
366 2010 518 2042 obtinenda
532 2010 719 2050 indulgentia,
736 2010 918 2042 concedatur.

191 2047 261 2079 Nos
280 2049 406 2088 insuper,
424 2050 489 2088 qui,
507 2048 631 2087 pluribus
645 2049 781 2081 haitenus
800 2050 894 2088 annis,
909 2049 947 2080 ita
958 2048 1126 2081 cenavimus
1138 2059 1155 2081 a
1166 2049 1218 2079 be-

154 2086 262 2118 neficiis
276 2088 306 2117 in
317 2086 425 2127 Regno
440 2088 488 2119 An
507 2089 552 2118 liae
565 2087 759 2127 conferendis,
777 2095 809 2120 ut
822 2088 882 2120 fere
894 2088 980 2128 nulli,
999 2088 1045 2120 vel
1058 2086 1218 2127 paucissimi

155 2125 293 2166 debeant,
310 2135 356 2158 aut
370 2125 475 2164 poffint
488 2098 516 2158 se
529 2126 624 2158 dolere
636 2135 781 2166 gravatos,
797 2126 930 2168 deinceps
945 2128 982 2159 ab
997 2128 1029 2158 iis
1044 2126 1149 2159 nostrae
1163 2136 1218 2166 po-

154 2163 256 2195 testatis
274 2164 480 2204 plenitudinem
501 2165 587 2197 taliter
611 2167 770 2198 curabimus
785 2167 933 2197 continere
966 2166 1043 2206 quod
1057 2166 1156 2207 singuli
1169 2167 1219 2197 be-

154 2204 319 2274 nffinitatem
342 2203 539 2243 Apostolicam
559 2204 675 2236 sentiant
696 2205 780 2236 vobis
791 2204 822 2234 in
835 2204 925 2236 mult&
936 2189 1155 2237 honorificentia
1168 2204 1218 2235 de-

155 2249 170 2278 t
201 2241 266 2280 'ffe3
284 2242 318 2274 &
338 2243 538 2275 nichilominus
552 2242 589 2274 de
606 2243 737 2280 praedicta
749 2242 820 2274 osto
835 2243 956 2275 millium
971 2253 1130 2277 marcarum
1145 2243 1220 2275 sum-

157 2289 222 2318 ma,
247 2282 267 2312 {i
287 2291 424 2320 umquam
442 2281 623 2313 tolerabiliter
645 2281 704 2312 fieri
727 2282 845 2323 poterit,
869 2282 1041 2322 adimemus,
1065 2291 1097 2314 ut
1115 2282 1220 2314 caritati

158 2319 258 2351 vestrae
273 2320 382 2353 ubenns
392 2320 506 2352 satisfiat.

194 2357 265 2390 Nec
320 2359 412 2391 lumus
423 2368 468 2391 aut
480 2359 652 2391 intendimus
665 2359 744 2400 quod
753 2359 916 2398 hujusmodi
927 2359 999 2391 οὸὶο
1011 2360 1133 2392 millium
1147 2369 1221 2391 mar-

159 2406 257 2427 carum
292 2407 389 2429 umma
410 2399 438 2429 in
460 2399 604 2439 posterum
622 2399 656 2429 ad
679 2398 762 2429 conse
782 2399 904 2430 ueritiam
940 2399 1114 2438 rotrahatur,
1133 2407 1165 2430 ut
1178 2400 1222 2430 us-

160 2445 220 2479 que·
233 2436 267 2466 ad
285 2445 347 2469 earn
363 2437 516 2475 Anglicana
528 2436 653 2468 Ecclesia
668 2446 718 2476 per
733 2437 760 2468 se
780 2447 827 2468 em
843 2408 1040 2476 Apoilgolicam
1052 2439 1158 2477 gravari
1170 2438 1219 2469 de-

161 2471 227 2504 beat
249 2475 277 2508 i'n
297 2474 500 2512 provisionibus
519 2474 668 2513 faciendis,
685 2475 732 2507 vel
752 2485 865 2506 manere
903 2484 1009 2515 ravaca,
1027 2476 1065 2507 set
1086 2477 1223 2515 propositi

162 2520 195 2545 ac
216 2511 341 2545 defiderii
361 2513 451 2545 nostri
463 2514 520 2546 effe
534 2514 649 2552 scitote,
667 2522 698 2545 ut
711 2514 809 2544 eadem
823 2514 883 2545 Ecc
895 2515 963 2553 εἴη,
981 2515 1016 2546 &
1027 2525 1044 2545 a
1054 2515 1222 2552 provifioni-

163 2550 215 2583 bus
234 2550 314 2583 fastis
332 2552 434 2590 etiam,
450 2553 522 2582 intra
544 2553 682 2583 summam
703 2553 836 2592 eandem,
861 2554 891 2583 in
909 2563 964 2592 qua
986 2554 1070 2584 etiam
1091 2554 1221 2585 duximus

165 2590 360 2627 aequanimiter
374 2590 543 2628 tolerandas,
562 2591 652 2621 taliter
671 2591 823 2630 relevetur,
842 2591 875 2622 &
887 2602 903 2622 a
916 2591 1065 2629 faciendis,
1082 2593 1112 2623 in
1125 2591 1220 2630 poste-

164 2636 244 2671 rum,
261 2627 298 2658 sic
316 2627 452 2671 ‚habeatur
470 2630 618 2668 immunis,
637 2629 716 2668 quod
729 2629 807 2669 super
820 2630 888 2670 hiis,
903 2631 977 2661 nulla
989 2630 1082 2661 eidem
1097 2630 1221 2671 suppetat

162 2674 233 2695 ratio
247 2673 365 2704 gemitus
379 2676 426 2698 aut
439 2668 566 2706 querelae.

202 2703 274 2735 Hoc
295 2704 341 2749 fiat
360 2712 488 2744 tempore
503 2706 620 2744 nostr0,
640 2715 725 2746 prout
745 2707 802 2737 vita
817 2707 899 2737 nobis
913 2717 1010 2738 comes
1024 2707 1124 2746 fuerit,
1142 2708 1175 2739 &
1189 2708 1224 2739 ad

165 2741 224 2773 hoc
245 2742 401 2782 praestiterit
418 2745 448 2775 in
472 2746 552 2775 rebus
572 2744 702 2776 humanis
725 2744 869 2784 dispositio
893 2745 988 2777 divina
1006 2746 1150 2785 favorem,
1178 2746 1225 2777 fiet

164 2790 278 2820 quoque
291 2781 404 2824 'plenius
424 2782 614 2814 successorum
635 2783 814 2822 nostrorum,
832 2784 900 2814 Deo
913 2784 1013 2824 dante,
1032 2786 1224 2824 temporibus,

163 2828 247 2864 prout
259 2819 309 2850 illis
324 2819 404 2851 Deus
415 2821 572 2861 inspirabit,
590 2822 623 2853 δι
636 2822 791 2862 pleniorem
804 2823 883 2854 dabit
896 2824 1051 2863 exequendi
1064 2825 1143 2864 hujus
1159 2834 1224 2865 pro-

164 2859 245 2898 positi
261 2858 429 2890 facultatem.

201 2896 298 2941 Itaque
319 2898 342 2940 fi.
358 2898 432 2936 hoc,
449 2898 526 2942 quod
547 2898 625 2936 super
636 2899 773 2938 praemiffa
788 2900 990 2940 supplicatione
997 2901 1098 2932 ‘nostra
1111 2902 1225 2941 excogi-

164 2943 233 2966 tavit
247 2944 380 2979 attentio,
398 2937 480 2966 vobis
494 2936 619 2968 Videatur
633 2947 802 2978 acceptum,
819 2940 849 2970 id
865 2941 946 2970 nobis
960 2951 1010 2980 per
1025 2941 1126 2972 vestras
1142 2950 1226 2971 com-

165 2983 266 3004 munes
285 2973 386 3005 litteras
405 2975 549 3006 declaretis
562 2999 572 3014 ,
597 2985 627 3007 ut
647 2977 676 3006 in
690 2975 828 3008 effe<stum
848 2988 1010 3016 congruum
1030 2982 1118 3011 animi
1138 2980 1226 3011 nostri

166 3013 323 3049 conceptio
334 3034 345 3050 ‚
368 3013 523 3044 secundum
541 3024 729 3047 communem
750 3018 958 3055 approbationis
981 3018 1080 3049 vestrae
1096 3020 1227 3058 libitum,

166 3050 323 3094 proferatur
342 3060 349 3079 :
383 3050 489 3096 Et,'ut
509 3053 587 3092 super
601 3054 658 3085 hoc
673 3055 772 3085 melius
787 3056 970 3095 procedatur,
987 3057 1084 3097 singuli
1098 3058 1226 3088 vestrsim

169 3086 350 3133 Clericorum
373 3099 505 3133 nomina,
523 3091 659 3123 beneficia
679 3095 708 3123 in
730 3094 780 3124 suia
801 3094 998 3134 Diocaefibus,
1016 3106 1047 3126 ea
1067 3098 1227 3135 provisione

169 3127 315 3165 praedrdhe
335 3127 414 3165 sedis,
433 3129 641 3169 obtinentium,
662 3132 695 3162 &
715 3142 799 3172 quam
815 3135 972 3172 summam,
989 3134 1142 3166 secundum
1158 3137 1229 3166 exri-

168 3166 324 3195 mationem
336 3176 551 3211 communem,
569 3169 706 3209 attingant
717 3171 853 3203 beneficia
866 3173 1056 3213 singulorum,
1074 3175 1156 3205 nobis
1170 3174 1229 3205 stu-

167 3202 252 3234 deant
268 3203 383 3235 fideliter
395 3214 529 3237 intimare.

169 3279 276 3350 cin113git.
293 3280 397 3320 Affifii,
416 3282 570 3314 undecimo
591 3284 656 3316 Kal.
673 3284 768 3325 Junii,
783 3286 968 3320 Pontificatsis
982 3289 1074 3320 nostri
1088 3300 1164 3321 anno
1179 3290 1229 3321 de-

21 3462 75 3490 ·1.
89 3469 155 3499 473,
519 3444 547 3470 ³¹⁶
568 3450 626 3480 Pro
651 3449 764 3482 Comite
785 3453 888 3501 Augy.

24 3536 100 3567 Ann.
114 3536 156 3569 D.
197 3578 200 3579 γ
243 3530 308 3563 EX
325 3530 472 3569 omnibus,
489 3531 550 3562 &c.
565 3532 686 3564 salutern.

42 3583 126 3613 1252.
292 3570 389 3601 Sciatis
402 3571 480 3639 {quod
492 3570 680 3601 conceisimus
693 3572 797 3605 dileeto
810 3575 892 3606 nobis
905 3575 1026 3608 Alfonso
1040 3577 1153 3608 Comiti
1168 3576 1229 3608 Au-

23 3617 76 3640 An.
98 3614 141 3650 3⁶·
175 3620 211 3651 gy
226 3609 331 3642 salvum
352 3609 385 3640 &
418 3619 534 3640 ecurum
556 3610 732 3640 condustum
752 3612 880 3644 nostrum
898 3615 928 3644 in
943 3617 1038 3647 eundo
1052 3617 1136 3654 usque
1149 3615 1229 3647 Can·

22 3655 51 3678 Η
78 3661 90 3688 3
174 3657 242 3683 tuar.
258 3648 338 3679 causa
352 3649 594 3687 peregrinationis,
613 3649 646 3679 ὃς
662 3649 763 3680 abinde
776 3651 920 3682 redeundo
931 3655 1022 3685 versus
1037 3664 1124 3693 partes
1139 3653 1210 3685 suas:

24 3671 82 3717 Psit.
93 3672 137 3726 ἑὸ.
211 3686 249 3719 Et
270 3687 336 3718 ideo
356 3687 436 3716 vobis
457 3687 620 3717 mandamus
640 3687 717 3725 quod
739 3687 831 3718 eidem
846 3689 955 3722 Comiti
989 3693 1035 3724 seu
1049 3693 1162 3724 familiae
1173 3695 1229 3724 suae

23 3730 58 3795 Ζ.
80 3736 104 3791 38
174 3736 261 3764 quam
279 3726 374 3756 secum
394 3725 460 3755 illuc
480 3726 582 3764 ducet,
600 3736 629 3755 in
650 3727 744 3755 itinere
757 3727 821 3764 suo,
845 3728 878 3758 ad
894 3715 1058 3765 praeclietam
1072 3734 1229 3776 peregrina-

174 3766 281 3796 tionem
302 3764 505 3803 peragendam,
529 3774 588 3794 non
606 3763 742 3802 inferatis,
765 3774 819 3795 nec
838 3766 934 3797 inferri
956 3772 1118 3807 permittatis
1138 3771 1229 3801 mole-

172 3802 253 3835 stiam
266 3811 312 3836 aut
327 3812 487 3842 gravamen.

192 3840 242 3884 'In
262 3843 355 3880 cujm,
371 3841 431 3872 &c.
453 3842 592 3873 duraturas
610 3841 693 3882 usque
708 3839 744 3872 ad
757 3840 873 3872 Festum
888 3842 985 3876 Sanffi
1001 3845 1150 3880 Michaelis
1163 3858 1230 3889 pro-

173 3885 251 3910 ximo
266 3881 403 3911 fiiturum.

209 3952 298 3988 'reste
310 3955 392 3998 Rege
405 3957 479 3997 apud
492 3956 623 3999 Radyng·
642 3957 778 3992 vicesimo
791 3957 867 3989 sexto
879 3956 924 3990 die
936 3958 1017 3993 Maii.

1274 159 1739 208 PUBLiCA.
2223 179 2302 229 167

2312 257 2389 289 Ann.
2405 257 2447 290 D⁴

2333 307 2416 334 1252„

2309 341 2372 364 Heu*-
2390 346 2416 373 3.

1276 343 1337 374 [Te
1362 347 1487 375 termino
1510 344 1554 377 ad
1564 346 1729 393 paffrgimn
1750 353 1781 381 in
1799 353 1927 384 Terram
1941 354 2081 398 stmflam
2098 353 2247 402 affignato.

1244 427 1298 480 px
1307 425 1367 456 EX
1386 427 1422 456 R.
1444 428 1501 458 Dei
1517 431 1603 469 gratia
1618 431 1782 463 Patriarcliae
1793 435 1958 475 jerosolymi.
1980 438 2101 470 salutem.

1259 506 1263 509 ι
1354 464 1434 495 Cum
1448 470 1592 515 “carattere
1614 469 1714 513 Crucis
1728 472 1808 502 simus
1824 476 1959 514 insigniti,
1979 478 2011 507 ὃς
2046 487 2128 515 ungat
2145 488 2196 509 nos
2210 488 2298 518 nego-
2316 500 2341 522 H

1245 513 1316 534 tiurn
1327 503 1427 548 Terrae
1440 509 1542 548 sancte
1557 507 1672 537 stimulis
1688 510 1880 549 interioribus,
1900 515 1927 542 in
1944 488 2089 551 qtiindfflna‘
2103 517 2214 547 Paschae
2250 528 2299 548 an-
2343 517 2347 521 ’
2373 506 2417 560 Ξ”6

1247 553 1287 586 iio
1303 541 1411 586 Gratiaj
1424 544 1570 573 millelimo
1581 546 1773 577 ducentesimo
1788 551 2013 589 quinquageiimo
2026 555 2163 592 secundo,
2183 541 2301 595 prt'esen-
2317 538 2395 570 Pat.3
2422 554 2427 559 ⁸

1246 581 1318 611 tibus
1331 580 1455 619 pluribus
1472 581 1651 626 Magnatibus
1668 585 1762 628 Regni
1778 587 1884 626 nostri,
1899 590 2068 622 firmavimus
2081 594 2228 632 palli-:glum
2247 604 2300 624 no-
2318 576 2381 636 ΗΞ
2389 593 2394 598 '
2405 608 2424 636 ,ι

1246 619 1351 665 strum,
1367 628 1482 664 certurn
1499 629 1651 665 terminum
1667 625 1758 666 cidem
1774 626 1954 665 affigiiando,
1974 630 2102 660 iidelicet
2117 643 2130 661 a
2145 632 2302 663 Nativitate
2315 619 2350 637 m'
2381 630 2387 637 ”
2423 626 2432 644 ⁵

1247 658 1342 699 §andri
1358 657 1496 695 joliannis
1511 658 1638 704 Baptistae
1654 664 1774 699 ejusdcm
1790 666 1854 694 anni
1868 666 1896 694 in
1911 675 2029 704 quatuor
2044 679 2146 707 annos,
2166 671 2198 700 ad
2215 681 2301 709 quem

1246 703 1415 739 terminum,
1435 706 1483 733 per
1502 699 1631 741 auxilium
1658 701 1735 731 lliesu
1753 702 1875 741 Christi,
1891 713 1942 734 nos
1960 705 1993 735 ad
2010 707 2088 746 ipsius
2103 708 2243 738 servitium
2257 720 2304 740 ac*

1248 736 1491 779 cingemus,quod
1509 745 1635 780 intimare
1648 741 1773 775 poteritis
1788 740 1971 779 Magnatibus
1985 744 2086 775 Terrae
2098 747 2198 776 sanetae
2223 754 2305 785 prout

1247 772 1336 815 vestra
1352 772 1450 803 viderit
1465 773 1593 805 discretio
1605 777 1742 813 expedire.
2207 771 2216 783 ³

1286 809 1365 839 Seire
1387 812 1470 855 etiam
1494 823 1544 842 vos
1563 813 1697 857 'volumus
1714 817 1806 855 quod,
1826 818 1845 848 si
1865 819 1973 850 illustris
1994 820 2059 851 Rex
2079 821 2204 852 Franciae
2225 828 2307 853 terras

1248 857 1263 876 a
1285 851 1516 893 progenitoribus
1532 851 1598 890 suis,
1617 854 1651 883 ὃς
1671 854 1708 883 ab
1728 856 1786 891 ipso
1800 867 1966 897 occupatas,
1986 861 2067 890 nobis
2083 860 2248 899 restituerit,
2263 863 2307 892 in-

1248 886 1404 916 dubitanter
1419 888 1568 926 paffiigium
1580 890 1709 921 nostrum
1723 895 1942 934 anticiparemus.

2311 460 2364 484 Aa.
2386 459 2429 493 36.

1283 961 1372 992 Teste
1388 962 1469 1002 Rege
1483 965 1556 1004 apud
1572 965 1696 997 Westm.
1711 969 1786 1000 sexto
1802 971 1849 1001 die
1859 971 1948 1010 Junii.

1560 1043 1663 1072 Eodem
1681 1045 1754 1074 modo
1767 1048 1927 1077 mandatum
1939 1047 1975 1088 est
1982 1068 1993 1088 ,

1289 1114 1488 1154 Archiepistopo
1507 1116 1615 1158 Zyrenss

1288 1153 1338 1183 Th.
1358 1157 1424 1191 Regi
1439 1158 1524 1194 Cypri.

1289 1194 1397 1222 Boemd.
1416 1195 1533 1232 Principi
1552 1195 1710 1226 Antiorhiae
1732 1195 1770 1232 (ῤ’
1787 1200 1885 1228 Comiti
1902 1192 1997 1238 Tripoli

1291 1233 1426 1261 AEtton.
1444 1234 1510 1269 Regi
1528 1235 1685 1273 Armeniae,

1290 1269 1445 1337 Conllantio
1463 1270 1561 1304 Baiulo
1579 1275 1662 1302 Arm.

1292 1307 1334 1346 Jo
1354 1311 1421 1338 anni
1440 1309 1472 1338 de
1490 1308 1585 1339 Ibelm.
1608 1314 1704 1341 Comiti
1721 1309 1820 1351 Jope'n.

1294 1345 1423 1384 Johanni
1437 1348 1469 1376 de
1479 1349 1564 1383 Fagiis
1577 1349 1699 1388 Constab.
1713 1354 1801 1380 Acon.

1294 1384 1415 1424 Philippo
1431 1386 1463 1415 de
1484 1388 1583 1416 Monte
1604 1389 1681 1418 Forti
1700 1391 1815 1419 Domino
1828 1391 1940 1419 Torron.

1295 1423 1333 1462 J.
1352 1426 1469 1453 Domino
1484 1424 1627 1464 Caesareae,

1295 1461 1401 1500 Confitli
1418 1460 1456 1496 ό·
1475 1466 1668 1493 communitati
1685 1465 1810 1504 Januen.

1295 1500 1401 1540 confidi
1417 1499 1455 1535 ῤ’
1474 1505 1667 1531 communitati
1685 1504 1775 1541 Pilan.

1292 1536 1398 1578 Confidi
1415 1537 1453 1573 ὦ·
1474 1543 1665 1570 communitati
1681 1540 1852 1572 ι’ἳπετανιιηι.

1296 1615 1397 1645 Eodem
1413 1616 1486 1658 modq
1495 1616 1624 1655 scribitur
1643 1618 1785 1659 Magistris
1799 1618 1915 1658 Templi,
1932 1616 2066 1658 Hospital.
2088 1615 2126 1654 ὁ·

1296 1657 1399 1684 Domus
1412 1656 1560 1694 qupitalis
1574 1660 1788 1697 statonicorum,
1803 1669 1860 1687 cum
1875 1657 1927 1687 hac
1940 1658 2126 1698 adjunc‘sione,

1296 1730 1444 1763 Caeterum
1466 1740 1534 1763 cum
1557 1734 1661 1772 bonas,
1682 1742 1713 1765 ut
1732 1734 1908 1772 audivimus,
1926 1732 2047 1765 habeatis
2069 1735 2098 1765 in
2118 1734 2209 1765 domo
2226 1733 2319 1767 vestra

1260 1779 1360 1808 naves,
1375 1781 1428 1801 vos
1449 1780 1578 1811 rogamus
1598 1774 1727 1803 attentius
1743 1774 1870 1812 quatinus
1883 1774 2013 1803 meliores
2027 1781 2110 1803 naves
2125 1773 2159 1804 &
2174 1774 2320 1813 fortiores,

1261 1819 1327 1847 quas
1348 1809 1467 1848 habetis,
1489 1812 1646 1849 praeparetis
1669 1812 1751 1842 nobis
1770 1811 1992 1843 commodandas
2012 1820 2018 1840 :
2055 1811 2096 1843 Ita
2118 1812 2195 1851 quod
2215 1821 2322 1852 praepa·

1260 1856 1376 1887 rentur,
1394 1848 1427 1879 ὃς
1448 1850 1567 1879 munitae
1587 1849 1640 1880 fint
1660 1851 1748 1881 nautis
1767 1851 1801 1881 δε
1823 1851 2000 1881 armamentis
2021 1851 2256 1881 convenientibus
2273 1859 2324 1889 per

1262 1896 1351 1917 unum
1372 1897 1494 1925 annum,
1510 1896 1575 1918 ante
1596 1888 1746 1928 passagium
1771 1888 1923 1927 nostrum,
1946 1897 1978 1919 ut
1999 1889 2082 1928 equi,
2099 1898 2192 1927 arma,
2208 1889 2242 1920 &
2257 1890 2326 1927 alia,

1263 1934 1326 1995 3uae
1345 1927 1515 1965 praemittere
1534 1927 1664 1958 volumus
1680 1929 1710 1957 in
1729 1928 1851 1958 Terram
1871 1928 2011 1966 fanestam,
2029 1927 2106 1958 salvo
2119 1928 2227 1958 valeant
2242 1929 2271 1958 iri
2287 1929 2327 1957 eis

1284 1965 1389 2002 eferri,
1414 1962 1596 2004 providentes
1615 1966 1692 2004 quod
1708 1989 1717 2004 ,
1743 1976 1810 1997 cum
1831 1967 2029 2006 applicuerint,
2055 1966 2200 1997 servientes
2220 1965 2328 2004 nostri,

1265 2012 1334 2033 cum
1355 2003 1497 2043 praedistis
1517 2005 1678 2045 praemiffis,
1695 2005 1776 2036 salvas
1796 2005 1915 2035 habeant
1936 2004 2038 2035 domos
2053 2005 2088 2036 &
2102 2005 2275 2043 receptacula
2287 2005 2328 2035 se-

1265 2051 1350 2080 cura,
1367 2042 1468 2082 quibus
1491 2042 1528 2086 se.
1538 2053 1607 2074 cum
1630 2042 1712 2074 rebus
1726 2044 1867 2081 praedietis
1881 2043 1966 2084 usque
1980 2043 2014 2074 ad
2028 2043 2182 2075 adventurn
2196 2043 2326 2074 nostrum

1266 2080 1375 2112 valeant
1396 2088 1546 2120 receptari,
1571 2082 1607 2113 &
1630 2090 1705 2113 anno
1723 2083 1848 2121 sequenti
1868 2084 2042 2114 remittantur
2063 2092 2147 2113 naves
2166 2082 2326 2123 praedieiaen

1266 2118 1368 2160 quibus
1388 2129 1439 2150 nos
1461 2120 1470 2150 i
1492 2120 1527 2157 fi,
1545 2129 1614 2152 cum
1634 2121 1808 2159 sequentibus
1827 2122 1928 2152 nostris
1941 2121 2081 2152 valeamus
2093 2121 2186 2152 secure
2199 2122 2329 2152 transfre-

1267 2165 1342 2197 tare,
1355 2166 1414 2189 tarn
1437 2159 1466 2188 so
1479 2159 1554 2190 licite
1567 2169 1619 2191 vos
1631 2160 1763 2191 habentes
1776 2161 1850 2191 circa
1863 2160 2014 2200 praedidta,
2031 2159 2108 2199 quod
2121 2170 2170 2198 per
2184 2161 2329 2198 experien-

1267 2198 1335 2227 tiam
1353 2197 1540 2237 addiscamus,
1564 2209 1652 2238 quam
1671 2199 1826 2230 ferventem
1848 2199 1970 2230 habeatis
1990 2198 2024 2230 ad
2045 2198 2205 2229 succursum
2228 2199 2329 2230 Terrae

1266 2235 1368 2267 nnetae
1387 2235 1588 2276 devotionem,
1607 2238 1641 2269 δε
1656 2239 1749 2269 versus
1762 2238 1910 2277 personam
1921 2236 2050 2269 nostram
2061 2236 2252 2269 affeffionem.

1301 2311 1390 2344 Teste
1408 2322 1439 2345 ut
1455 2314 1540 2353 supra.

1331 2436 1360 2463 'k
1384 2440 1458 2485 Regi
1480 2440 1612 2472 Franciae
1628 2466 1638 2482 ‚
1664 2438 1700 2472 de
1721 2440 1824 2472 Terris
1837 2451 1891 2485 per
1910 2439 2006 2485 ipfhm
2027 2442 2174 2485 occupatis
2192 2441 2266 2486 Regi

1759 2492 1763 2496 ,
1861 2492 1864 2496 ,
2346 2456 2478 2494 ⁸⁸1·474‹=

1696 2487 1888 2531 restituendis.

1266 2568 1475 2632 EXcellenti
1494 2571 1620 2610 Principi
1637 2571 1815 2612 Lodowico,
1834 2573 1891 2603 Dei
1906 2574 1991 2612 gratia
2003 2595 2012 2611 ,
2029 2573 2102 2611 Regi
2123 2571 2250 2603 Franciae
2269 2572 2331 2604 illu·
2344 2578 2421 2610 Ann.
2437 2577 2480 2609 D,

1342 2609 1408 2648 stri,
1428 2609 1585 2649 Henricus,
1603 2611 1699 2641 eadem
1716 2613 1800 2648 gratia
1811 2635 1820 2649 ,
1834 2612 1898 2642 Rex
1916 2612 2039 2651 Angliae,
2057 2612 2116 2642 &c.
2132 2612 2252 2641 salutem.
2370 2626 2453 2656 1252.

1303 2648 1442 2687 Requisiti
1454 2648 1562 2679 dudum
1577 2659 1626 2688 per
1640 2650 1740 2680 litteras
1758 2650 1860 2680 vestras
1875 2650 1951 2690 quod
1967 2651 2118 2680 adventurn
2134 2650 2263 2680 nostrum
2282 2660 2329 2680 ac·
2347 2661 2399 2684 Aa.
2417 2658 2462 2693 36,

1265 2687 1419 2718 celeremus
1431 2682 1462 2717 iili
1476 2688 1635 2718 succursum
1649 2688 1749 2719 Terrae
1764 2689 1883 2727 sanetae,
1902 2689 2052 2718 recolimus
2068 2689 2214 2718 Serenitati
2227 2689 2328 2718 vestrae
2348 2701 2379 2722 H.
2397 2706 2422 2732 3,

1266 2725 1428 2763 rescripsisse
1451 2726 1528 2764 quod
1542 2749 1551 2764 ,
1571 2726 1591 2756 si
1611 2735 1691 2757 terras
1710 2726 1816 2758 nostras
1831 2738 1880 2767 per
1900 2737 1951 2757 vos
1965 2727 1997 2758 ὃς
2014 2726 2209 2765 progenitores
2222 2727 2328 2757 vestros
2339 2738 2396 2761 Par.
2425 2735 2469 2770 36,

1265 2773 1414 2804 occupatas
1426 2764 1491 2795 freti
1506 2764 1605 2795 salubri
1621 2765 1738 2796 consilio
1752 2768 1833 2796 nobis
1846 2765 2010 2803 redderetis,
2048 2767 2179 2804 aflagium
2195 2765 2326 2795 nostrurn
2345 2777 2379 2799 H.
2403 2782 2428 2808 3,

1264 2803 1480 2834 acceleraremus
1494 2826 1503 2841 ,
1521 2803 1553 2834 &
1572 2802 1714 2872 personam
1756 2805 1790 2835 &
1809 2815 1850 2834 res
1865 2804 1971 2834 nostras
1985 2814 2037 2844 exp
2058 2814 2187 2834 neremus
2201 2805 2229 2834 in
2247 2803 2328 2836 obse-
2346 2822 2371 2838 n.
2386 2820 2414 2847 5.
2425 2810 2451 2838 d.

1267 2843 1367 2881 quium
1383 2841 1509 2872 crucifixi
1522 2841 1555 2871 ad
1592 2844 1687 2873 onoris
1701 2852 1735 2873 ve
1763 2844 1784 2872 ri
1800 2844 2019 2873 incrementum.

1308 2879 1345 2911 Et
1364 2880 1431 2911 licet
1452 2881 1505 2917 jam
1525 2880 1675 2920 passagium
1697 2881 1825 2912 nostrum
1848 2882 1880 2912 sit
1902 2883 2019 2919 juratum
2034 2904 2044 2919 ,
2063 2880 2096 2911 &
2111 2888 2190 2910 certo
2203 2889 2335 2919 tempore

1268 2918 1401 2950 statutum
1410 2942 1419 2957 ,
1436 2919 1512 2949 idem
1529 2928 1621 2949 tamen
1635 2920 1786 2959 passagium
1797 2921 2010 2957 anticipabimus
2019 2942 2028 2958 ,
2037 2928 2164 2958 potenter
2179 2929 2230 2948 nos
2237 2920 2335 2949 accin-

1289 2958 1362 2988 endo
1384 2959 1418 2988 ad
1441 2957 1582 2997 praedidiae
1600 2959 1702 2988 Terrae
1724 2959 1899 2995 succursum,
1918 2958 1987 2988 dum
2002 2967 2096 2988 tamen
2109 2967 2247 2998 occupata
2262 2967 2337 2996 prae-

1268 2966 1343 3026 Ξίἆὶῆ
1357 2996 1440 3026 nobis
1454 2997 1576 3034 benigne
1588 2996 1749 3035 restituatis,
1786 2997 1842 3027 uod
1859 2995 1959 3026 vestrae
1974 2996 2074 3035 Regiae
2092 2996 2223 3033 dignitati
2240 2997 2275 3028 ad
2297 2996 2336 3027 [ξι-

1268 3035 1359 3065 lutem
1371 3035 1453 3066 cedet
1468 3043 1652 3074 perpetuam,
1671 3036 1704 3066 &
1719 3007 1828 3066 laudem
1845 3035 1927 3065 famae
1941 3034 2110 3074 temporalis.

1306 3110 1395 3142 Teste
1411 3110 1493 3150 Rege
1507 3110 1579 3151 apud
1593 3111 1720 3142 Westm.
1735 3112 1841 3143 octavo
1854 3111 1900 3142 die
1912 3111 1999 3150 junii.

1508 3233 1668 3281 Ejusmodi
1686 3237 1806 3269 Littera
1826 3239 1936 3282 Reginae
1953 3237 2094 3269 Franciae.

1342 3320 1367 3351 E
1377 3318 1408 3352 X
1428 3319 1474 3350 M.
1489 3320 1609 3360 Reginae
1620 3320 1749 3351 Francia:
1760 3320 1883 3352 salutem.

1392 3359 1519 3390 Noverit
1533 3359 1647 3389 dilectio
1661 3360 1750 3391 vestra
1766 3360 1842 3398 quod
1857 3359 2005 3402 passagium
2025 3358 2155 3389 nostrum
2170 3358 2199 3387 iri
2212 3357 2333 3389 Terram
2349 3349 2426 3381 ΑΠ’Ἴ·
2443 3348 2486 3383 ff-

1270 3397 1393 3428 sannam
1409 3397 1553 3428 statuimus
1566 3409 1580 3428 a
1591 3398 1749 3429 Nativitate
1762 3399 1858 3429 Sandti
1871 3398 2007 3436 Jonannis
2020 3396 2250 3434 Baptistae‚anno
2258 3397 2334 3428 Gra·
2376 3399 2459 3427 1252·

1272 3437 1320 3467 tiae
1342 3436 1490 3467 millefimo
1509 3436 1704 3466 ducentesimo
1725 3437 1954 3475 quinquagesimo
1970 3436 2092 3465 secundo
2108 3436 2136 3464 in
2150 3445 2269 3472 quatuor
2288 3447 2335 3466 an·
2353 3433 2404 3455 Asz.
2422 3429 2467 3465 3⁶·

1272 3484 1338 3513 nos;
1358 3476 1392 3506 &
1440 3475 1459 3505 si
1472 3474 1590 3512 placeret
1604 3474 1737 3505 Domino
1750 3476 1843 3506 vestro
1859 3476 1934 3513 Regi
1949 3473 1971 3503 F
1973 3475 2074 3503 ranciae
2090 3473 2166 3510 quod
2182 3483 2262 3504 terrae
2279 3485 2334 3505 no·
2355 3472 2386 3511 Ης
2409 3477 2435 3504 3-

1272 3513 1352 3552 strae,
1370 3497 1633 3544 affredecefforibus
1645 3513 1694 3544 suis
1709 3514 1742 3544 ὃς
1755 3514 1790 3544 ab
1804 3512 1864 3551 ipso
1878 3521 2042 3550 occupatae,
2062 3512 2142 3541 nobis
2158 3512 2334 3543 restitueren-
2349 3505 2455 3533 Ibus-'7⁷'-

1271 3561 1333 3590 tur,
1351 3551 1539 3590 proculdubio
1554 3553 1685 3582 maturius
1697 3552 1850 3591 passagium
1863 3550 1990 3580 nostrum
2006 3559 2162 3586 pararemus
2175 3572 2185 3588 ,
2203 3561 2335 3588 potenter

1271 3599 1324 3620 nos
1336 3589 1512 3629 accingendo
1525 3590 1560 3620 ad
1574 3590 1716 3620 honorem
1733 3589 1875 3626 crucifixi,
1895 3590 1928 3619 ὃς
1943 3588 2066 3618 Domini
2081 3587 2183 3627 vestri,
2200 3591 2235 3619 &
2250 3593 2335 3622 totius

1271 3628 1473 3658 christianitatis
1486 3629 1676 3658 commodum
1691 3629 1724 3659 ὃ(
1737 3628 1892 3658 honorem:

1311 3667 1401 3706 Qiod
1418 3665 1533 3704 quidem
1547 3667 1573 3696 ei
1592 3667 1661 3696 scire
1681 3667 1802 3704 faciatis,
1822 3666 1965 3703 ipsumque
1977 3663 2131 3695 efficaciter
2146 3665 2283 3698 inducatis
2300 3666 2335 3699 ad

1269 3706 1435 3744 praedicstam
1450 3703 1653 3734 restitutionem
1666 3705 1749 3734 nobis
1763 3704 1918 3734 faciendam
1927 3726 1935 3739 ,

1310 3743 1378 3774 Nos
1389 3744 1469 3773 enirn
1482 3751 1584 3773 exrunc
1596 3765 1605 3780 ,
1634 3744 1688 3773 fine
1700 3753 1788 3772 morie
1803 3742 1849 3772 dis
1879 3742 1961 3779 ndio,
1979 3742 2132 3772 terminum
2148 3743 2259 3780 passagii
2281 3755 2335 3775 no⁴

1271 3781 1319 3812 stri
1331 3783 1415 3812 antici
1436 3781 1558 3819 abimus,
1573 3782 1606 3811 &
1616 3788 1701 3811 manu
1714 3780 1803 3811 valida
1817 3791 1832 3812 a
1865 3789 2033 3818 perpetuum
2049 3780 2332 3815 crucifixi&Domi‹

1273 3822 1304 3851 rii
1316 3820 1399 3851 vestri
1434 3820 1528 3850 onoris
1541 3820 1757 3851 incrementum.

1310 3895 1400 3928 Teste
1413 3906 1443 3928 ut
1454 3896 1539 3936 supra⁴
