2570 4261
272 159 324 211 78

119 235 196 269 ssnn.
210 236 252 269 D·
267 240 450 274 consideratio
464 262 473 278 ,
485 239 530 283 ,δε
545 246 665 280 paternae
683 238 790 277 pietatis
804 238 926 278 cautela,
943 248 996 279 pro
1012 239 1096 271 vobis
1110 240 1259 272 confilium
1280 251 1328 273 ca-

138 278 222 316 1263.

117 319 180 344 Han.
204 327 217 353 3
224 336 230 346 i

74 3137 124 3168 ”I.
140 3140 202 3176 764.

268 283 363 321 piens,
385 279 526 317 persuasit,
549 287 597 316 ut,
610 276 706 319 vestris
723 277 823 306 animis
846 277 880 307 ad
900 277 957 308 hoc
977 278 1122 309 habilitatis
1142 280 1273 317 interim,
1292 279 1326 310 ad

268 312 443 350 reformanda
462 317 532 346 inter
552 326 602 346 vos
621 315 756 344 amicitiae
774 314 882 346 foedera
894 317 1080 355 congruentia
1093 326 1220 355 tempora
1236 326 1329 358 capta-

266 362 375 393 rentur,
393 356 426 386 &
441 354 562 384 remedia
574 354 748 391 promptiora
761 363 937 394 pararentur,

307 395 359 425 Per
374 403 453 431 quae,
470 392 616 423 discordiae
629 391 777 422 occasione
799 390 920 430 sublata,
938 403 990 423 vos
1002 393 1142 424 ultitimum
1156 393 1250 423 solidae
1264 394 1332 425 cha-

264 434 348 463 ritatis
370 432 482 461 uniret:
506 440 540 461 ac
562 431 591 461 in
610 429 711 460 vestrae
732 429 866 461 toliditate
886 441 994 462 concor
1016 433 1050 461 iae
1066 432 1169 470 (quam
1182 432 1331 471 tractatus,

263 472 311 509 qui
331 470 409 507 super
431 468 487 499 hoc
511 470 583 499 inter
594 478 646 499 vos
661 468 826 499 dicebantur
840 469 951 508 haberi,
967 471 1131 509 promittere
1143 470 1326 507 videbantur)

261 509 311 540 sub
326 508 364 538 sui
378 507 514 547 Principis
527 508 631 538 ducatu
649 506 785 551 pacifico,
801 507 910 538 daretur
923 507 1015 538 eidem
1037 508 1215 539 sabbatismus
1231 508 1328 553 Impe-

261 548 323 582 ri0‚·
348 547 399 584 &‚
423 545 516 575 sedatis
538 545 669 577 scandalis
682 569 692 583 ,
715 546 794 584 ipsius
814 545 928 576 subditis
950 547 1048 586 quietis
1066 553 1159 584 optata
1172 547 1327 584 jucunditas

263 585 441 623 proveniret,
459 584 541 622 pestis
561 585 788 615 exterminaretur
810 584 957 622 haeretica,
976 585 1135 615 animarum
1188 586 1272 616 ricula
1286 587 1330 616 vi-

262 626 399 660 tarentur,
419 620 560 662 Ecclesia,
574 623 706 654 Caesareo
719 623 824 652 munita
836 623 1065 660 praesidio,&ab
1078 622 1151 653 hosti
1174 634 1203 653 us
1218 633 1328 662 erepta,

261 661 298 692 de
319 661 525 699 persecutorum
544 662 697 691 incursibus
715 659 869 700 respiraret,
889 671 941 700 ac,
955 670 1073 697 eorum,
1090 663 1152 700 qui,
1170 662 1220 692 sub
1243 663 1328 692 simu-

260 701 323 730 latae
338 699 473 730 fidelitatis
490 699 619 737 audacia,
638 707 745 729 nocent
765 698 910 737 fidentius,
929 699 1075 729 temeraria
1088 700 1213 731 nocendi
1233 700 1327 732 confi-

259 737 353 769 dentia
366 737 526 776 refraenata,
542 738 655 768 suorum
663 738 769 776 jurium
782 738 937 776 integritate
947 738 1085 778 gauderet.

296 776 373 807 Haec
395 776 510 816 quidem
532 777 663 807 hadienus
681 775 888 815 expectavimus
906 777 1004 814 anxii,
1028 777 1091 807 haec
1113 776 1327 809 desideravimus

258 817 336 846 anxia
349 815 543 854 expectatione
557 814 671 845 diutius:
692 815 719 844 in
742 814 772 844 iis
791 813 1014 854 praedecessoris,
1032 814 1143 853 nostra,
1161 816 1194 846 δε
1209 816 1324 847 fratrum

257 853 422 884 nostrorum
442 853 591 884 solicitudo
611 863 671 883 non
692 853 803 890 defuit,
823 852 976 884 secundum
1003 853 1178 891 Apostolicae
1199 857 1323 886 circum-

259 893 410 932 spefflonis
422 892 555 930 judicium
575 892 611 922 de
629 892 858 930 contingentibus
871 891 910 921 nil
925 893 1066 922 omittens.

296 930 333 962 Et
351 940 511 970 quanquam
528 954 537 969 ,
562 939 591 961 ut
612 931 685 961 votis
705 930 805 960 nostris
825 930 931 960 satisfiat
953 932 982 960 in
1003 931 1055 961 hac
1071 939 1162 971 parte,
1180 931 1322 970 hucusque

256 979 316 1000 noti
331 969 412 1001 fuerit
423 978 456 999 ex
469 969 527 999 alto
540 969 725 1006 concelsumz,
745 977 838 999 tamen
851 968 886 999 ad
901 969 928 999 id
947 969 1054 1010 semper
1073 970 1168 1000 nostra
1182 970 1320 1010 suspiravit

256 1009 390 1047 intentio,
408 1008 441 1038 ad
459 1008 487 1038 id
501 1008 587 1048 plenis
599 1007 738 1047 deiideriis
750 1008 909 1046 anxiamur,
926 1018 985 1038 non
1002 1010 1322 1048 proponentesacoeptis

254 1046 382 1076 desistere
393 1069 402 1085 ,
421 1047 506 1084 quin,
522 1048 596 1077 circa
610 1048 756 1086 negotium
773 1046 947 1084 hujusmodi,
962 1047 1011 1077 sub
1028 1047 1073 1086 spe
1092 1047 1175 1083 illius,
1193 1047 1242 1086 qui
1255 1049 1320 1078 facit

255 1094 355 1125 magna
370 1086 403 1115 ὅ(
422 1085 619 1124 inscrutabilia,
639 1087 686 1125 qui
706 1085 772 1115 facit
792 1083 976 1115 concordiam
992 1086 1020 1114 in
1033 1086 1211 1124 sublimibus,
1227 1086 1319 1125 prose-

251 1125 299 1163 qui
314 1125 388 1164 pacis
402 1124 509 1154 semitas
525 1124 715 1162 intendamus,
735 1122 867 1165 quidquid
883 1133 931 1160 per
945 1123 1081 1154 Nuncios
1095 1125 1128 1155 ὃς
1150 1124 1317 1154 Procurato-

253 1172 293 1192 res
304 1164 440 1201 partium,
456 1172 553 1193 coram
566 1163 647 1193 nobis
657 1163 806 1193 novissime
819 1162 861 1192 his
872 1162 969 1193 diebus
982 1163 1157 1200 propositum
1166 1186 1175 1201 ,
1194 1164 1315 1204 petitum

253 1200 336 1231 fuerit
349 1202 381 1232 &
396 1201 563 1239 responsum.

289 1239 327 1270 Et
351 1239 466 1280 quidem
486 1239 650 1269 venerabilis
671 1237 753 1270 frater
773 1238 887 1278 noster,
904 1238 1067 1271 Laurentius
1090 1240 1259 1310 Effscopus’
1278 1241 1312 1272 &

250 1277 368 1309 dilectus
390 1278 476 1316 silius,
493 1278 667 1308 willielmus
688 1277 912 1308 Archidiaconus
932 1277 1052 1309 Roffen.
1070 1289 1103 1310 ac
1148 1281 1262 1311 obertus
1276 1280 1312 1311 de

252 1316 323 1347 Baro
345 1316 554 1355 (Procuratores
575 1317 607 1347 ὃς
627 1316 740 1346 Nuncii
758 1318 816 1354 tui,
834 1328 850 1347 a
866 1325 894 1347 te
907 1317 1058 1357 plenariam
1074 1318 1241 1356 potestatem
1263 1318 1313 1349 ha-

251 1356 363 1393 bentes,
382 1364 413 1386 ut
435 1356 464 1385 in
487 1354 585 1385 nostro
599 1354 765 1385 consistorio
777 1364 822 1385 tua
835 1363 1024 1395 proponerent
1038 1359 1171 1396 negotia,
1186 1358 1219 1388 ὃ(
1233 1366 1312 1397 pete⁴

250 1403 311 1425 rent
331 1404 399 1424 cum
418 1393 595 1432 solennitate,
613 1393 668 1431 qua
689 1395 872 1432 conveniret,
891 1395 1072 1425 vocationem
1084 1405 1162 1426 tuam
1178 1396 1311 1426 solemni-

247 1440 288 1463 ter
309 1432 343 1463 ad
364 1431 526 1462 Coronam:
547 1442 580 1462 ac
601 1431 723 1462 universa
741 1433 774 1463 &
795 1432 900 1471 singula
920 1434 996 1464 circa
1010 1433 1073 1464 haec
1085 1442 1229 1473 gererent,
1246 1444 1310 1475 age-

246 1479 307 1500 rent
322 1470 453 1508 fideliter,
476 1481 508 1501 ac
523 1478 720 1510 procurarent,
735 1481 799 1509 quae
815 1481 863 1508 per
878 1471 983 1502 vestros
997 1471 1133 1503 Nuncios
1147 1483 1180 1504 ac
1195 1472 1305 1504 Procu-

244 1518 360 1547 ratores,
377 1509 411 1540 ad
424 1509 481 1540 hoc
496 1509 646 1547 specialiter
660 1509 822 1554 deputatos,
839 1510 964 1549 legitime
977 1510 1089 1551 possent
1102 1512 1160 1551 agi,
1180 1513 1254 1550 peti,
1272 1514 1306 1544 δε

244 1549 327 1578 etiam
349 1548 502 1589 procurari)
519 1558 618 1578 coram
637 1548 734 1585 nobis,
753 1548 786 1578 &
806 1548 908 1578 eisdem
921 1548 1063 1588 fratribus,
1082 1559 1240 1588 proponere
1255 1560 1307 1581 cu-

243 1596 372 1617 raverunt
385 1586 514 1627 quasdam
528 1586 757 1625 consuetudines,
772 1587 845 1617 circa
859 1587 1031 1618 electionem
1047 1589 1129 1619 novis
1145 1588 1233 1629 Regis
1242 1588 1307 1620 Ro-

243 1635 394 1656 manorum
419 1626 459 1663 (in
481 1625 682 1666 Imperatorem
703 1625 797 1663 postea
819 1626 1018 1664 promovendi)
1038 1638 1053 1657 a
1074 1626 1111 1657 ud
1133 1626 1278 1665 Principes
1293 1651 1303 1667 ,

243 1675 347 1695 vocem
367 1666 396 1695 in
414 1664 569 1703 hujusmodi
593 1664 731 1694 electione
752 1663 884 1694 habentes
901 1665 960 1704 (qui
977 1665 1038 1695 sunt
1063 1674 1157 1705 eptem
1171 1671 1303 1704 numero)

242 1713 296 1743 pro
309 1705 365 1741 jure
379 1703 492 1741 servari,
509 1704 542 1734 &
558 1702 638 1733 fuiffe
649 1702 782 1733 haetenus
795 1702 951 1734 observatas
965 1714 980 1734 a
993 1712 1138 1743 tempore,
1152 1706 1229 1743 cuius
1244 1714 1305 1737 me-

242 1744 334 1773 moria
348 1753 407 1772 non
421 1742 519 1773 existit.

278 1781 442 1812 Secundum
462 1791 528 1821 quas
550 1780 620 1811 infra
639 1790 746 1811 annum
768 1781 802 1812 &
823 1780 916 1820 diem,
934 1781 1082 1823 postquam
1105 1789 1184 1813 vacat
1207 1781 1305 1822 Impe-

242 1820 332 1858 rium,
350 1820 407 1850 talis
426 1819 509 1851 debet
533 1819 634 1850 eleetio
648 1820 796 1857 celebrari,
815 1830 994 1859 quacumque
1009 1830 1083 1858 parte
1101 1822 1110 1851 i
1130 1821 1224 1853 sorum
1236 1824 1302 1854 anni

242 1860 276 1890 δε
285 1858 356 1896 diei,
377 1868 460 1897 quam
473 1859 507 1890 ad
521 1858 577 1889 hoc
592 1858 677 1888 iidem
688 1858 830 1896 Principes
844 1858 972 1890 duxerint
985 1859 1106 1899 deputari
1126 1870 1185 1890 am:

277 1896 314 1927 Et
335 1898 368 1928 ad
392 1897 644 1938 Archiepiscopum
666 1896 868 1937 Maguntinum
882 1920 892 1936 ,
920 1898 953 1929 &
974 1898 1122 1929 Comitem
1144 1898 1301 1930 Palatinum

238 1935 354 1975 Rheni,
372 1937 416 1968 vel
438 1937 562 1974 ipsorum
583 1936 717 1974 alterum,
734 1935 820 1967 altero
840 1944 1015 1976 nequeunte,
1040 1938 1086 1968 vel
1106 1937 1217 1968 forsitan
1238 1948 1299 1968 non

240 1975 371 2014 volente,
391 1976 509 2016 pertinet
531 1975 564 2005 ad
584 1974 754 2005 elec‘tionem
774 1974 859 2013 ipsam
873 1975 1068 2006 celebrandam
1082 1976 1159 2007 diem
1174 1976 1301 2017 praefige-

238 2022 285 2052 re,
303 2024 336 2044 ac
358 2023 474 2045 caeteros
495 2014 628 2044 eleetores
649 2012 792 2053 Principes
812 2022 986 2043 convocare:
1016 2015 1130 2053 Quibus
1148 2015 1298 2055 omnibus,

240 2053 285 2082 vel
305 2052 400 2083 saltem
420 2053 530 2083 duobus
541 2062 575 2083 ex
589 2051 650 2096 ipsis
664 2075 674 2090 ,
699 2051 743 2082 die
758 2050 870 2091 praefixa
885 2053 1120 2083 convenientibus
1132 2053 1205 2093 apud
1218 2056 1301 2094 oppi-

239 2090 311 2121 dum
326 2091 362 2121 de
377 2090 586 2129 Frankenford,
600 2098 674 2121 mtus
686 2089 730 2121 vel
744 2099 818 2121 extra
831 2090 838 2119 i
860 2089 921 2121 sum
935 2100 954 2121 0
975 2091 1074 2128 pidum
1083 2092 1130 2130 ,in
1146 2091 1216 2121 terra
1231 2102 1295 2131 quae

238 2128 339 2160 dicitur
361 2129 561 2161 Franckeserde
584 2129 665 2167 (loco
682 2129 796 2168 quidem
814 2100 859 2159 atiJ
868 2128 926 2159 hoc
947 2101 1080 2167 «separato
1096 2128 1245 2167 specialiter
1260 2131 1297 2161 ab

237 2167 363 2208 antiquo)
383 2168 417 2198 ad
437 2168 606 2199 elefflonem
625 2167 710 2207 ipsam
727 2167 841 2208 procedi
863 2167 973 2207 potest,
990 2169 1024 2199 &
1039 2167 1123 2199 debet
1142 2167 1295 2201 secundum

237 2214 351 2236 morem
367 2207 448 2244 iplius
463 2206 577 2245 Imperii
591 2206 791 2246 approbatum:

275 2243 328 2283 Et,
346 2244 485 2275 electione
502 2245 590 2277 taliter
610 2243 763 2282 celebrati,
782 2243 900 2283 electus,
919 2244 938 2275 fi
960 2244 1092 2276 electioni
1111 2245 1295 2286 consenserit,

235 2282 309 2320 apud
329 2283 548 2324 Aquisgranum,
567 2294 616 2322 per
633 2282 690 2313 dies
710 2283 815 2323 aliquos
837 2282 910 2314 facta
931 2283 1029 2322 mora,
1046 2284 1117 2315 infra
1136 2294 1242 2316 annum
1259 2287 1294 2318 &

235 2322 328 2360 diem,
346 2321 410 2359 post
430 2322 648 2353 celebrationem
670 2321 813 2360 eamdem,
830 2321 944 2362 quando
966 2322 1068 2352 electus
1091 2323 1227 2363 voluerit,
1244 2327 1294 2362 per

233 2359 436 2391 Coloniensem
457 2360 726 2401 Archiepiscopum,
743 2360 778 2391 ad
797 2370 882 2398 quem
901 2360 930 2391 id
951 2371 985 2392 ex
998 2361 1099 2393 officio
1113 2363 1162 2392 suo
1174 2363 1292 2403 specht,

234 2400 398 2438 inungatur,
417 2399 609 2438 consecretur,
625 2399 658 2430 &
673 2400 758 2429 etiam
774 2407 934 2429 coronetur.

270 2437 342 2477 Qo
355 2438 447 2477 fauste,
467 2439 582 2469 cuilibet
595 2439 639 2468 via
651 2436 830 2478 praecluditur
843 2446 941 2468 contra
954 2438 1138 2477 electionem,
1151 2439 1197 2470 vel
1213 2440 1290 2471 elec-

231 2483 309 2515 tum,
323 2477 381 2515 jam
403 2477 516 2516 Regem
535 2477 736 2508 Romanorum
758 2476 911 2514 estestum,
930 2477 1042 2507 dicendi
1063 2478 1183 2518 aliquid,
1201 2480 1245 2509 vel
1259 2489 1288 2509 e-

230 2516 298 2545 tiam
313 2515 492 2556 opponendi,
510 2515 554 2546 sed
567 2516 644 2546 idem
657 2515 778 2555 electus,
797 2514 934 2552 praedidto
947 2516 1037 2546 modo
1050 2517 1195 2556 inunctus,
1215 2527 1287 2548 con-

230 2553 363 2592 secratus,
380 2555 414 2585 δε
428 2563 591 2593 coronatus,
617 2564 669 2595 pro
683 2554 763 2592 Rege
779 2553 909 2584 habetur:
929 2554 967 2585 Et
979 2556 1003 2584 ei
1047 2562 1178 2594 tanquam
1194 2556 1269 2587 Regi
1279 2581 1289 2596 ,

229 2591 336 2622 debent
355 2602 370 2622 a
388 2592 500 2624 subditis
518 2594 671 2631 juramenta
684 2591 822 2631 praestari,
843 2592 969 2632 affignari
990 2577 1264 2633 divitates,0ppi<sz'i
1278 2619 1288 2634 ,

231 2629 346 2668 Castra,
363 2631 397 2662 ὃς
417 2630 567 2668 specialiter
588 2631 719 2662 Castrum
739 2630 775 2660 de
794 2630 946 2669 Treveles‚
961 2642 993 2662 ac
1006 2632 1111 2670 reliqua
1122 2635 1179 2671 jura
1192 2633 1288 2674 Impe-

230 2669 263 2698 rii
278 2691 287 2707 ,
319 2668 389 2699 infra
407 2680 514 2700 annum
533 2671 566 2701 &
587 2670 664 2700 diem
684 2680 698 2699 a
722 2676 849 2707 tempore
869 2671 1060 2701 coronationis
1079 2671 1223 2710 ejusdem,
1250 2673 1286 2702 ita

230 2706 305 2746 quod
315 2730 324 2745 ,
341 2707 358 2737 si
371 2709 417 2747 qui
430 2708 464 2738 de
480 2708 588 2739 Vasallis
601 2707 714 2748 Imperii
722 2709 748 2737 ei
760 2708 889 2747 homagia
905 2718 964 2737 non
977 2707 1154 2745 praestiterint
1169 2709 1286 2740 consue-

231 2754 274 2784 ta,
291 2747 324 2776 &
345 2755 403 2776 non
423 2747 590 2778 reddiderint
609 2747 758 2784 Civitates,
778 2745 892 2785 Castra,
907 2748 940 2776 &
953 2747 1003 2776 alia
1016 2747 1166 2787 supradicta
1182 2770 1192 2785 ‚
1217 2748 1283 2788 illis,

227 2794 293 2822 quae
306 2785 341 2815 ab
354 2783 477 2822 Imperio
491 2794 586 2816 tenent
599 2785 699 2815 eodem
708 2807 718 2823 ,
736 2786 788 2815 {int
800 2795 836 2815 eo
850 2785 907 2822 ipso
921 2785 1056 2822 privandi.

264 2822 316 2861 Et,
334 2823 353 2852 sl
373 2824 444 2854 votis
463 2823 648 2867 Principum,
662 2824 697 2854 ad
715 2833 784 2862 quos
804 2823 908 2864 spectat
928 2823 1044 2863 eligere,
1068 2823 1104 2854 ad
1124 2823 1283 2864 eligendum

227 2862 476 2901 convenientium,
491 2862 582 2893 divilis
606 2863 634 2892 in
654 2862 758 2900 plures,
777 2862 835 2892 duo
856 2863 886 2892 in
908 2861 1043 2893 discordia
1060 2863 1196 2903 eligantur
1236 2865 1283 2895 vel

228 2899 294 2929 alter
308 2899 462 2931 elestorum
476 2911 524 2941 per
540 2902 690 2941 potentiam
706 2900 846 2931 obtinebit
859 2924 869 2939 ,
893 2901 937 2930 vel
951 2901 983 2931 ad
998 2902 1166 2942 praedictum
1181 2902 1285 2933 Comi-

228 2945 286 2967 tem
299 2937 468 2977 Palatinum,
485 2948 617 2980 tanquam
637 2940 671 2970 ad
685 2939 843 2977 hujusmodi
859 2939 1005 2970 discordiae
1020 2940 1160 2978 judicem,
1186 2941 1227 2971 est
1241 2952 1285 2972 re·

227 2976 318 3006 cursus
337 2975 491 3015 habendus3
508 2980 536 3008 ni
560 2978 666 3017 forsan,
685 2980 762 3017 super
784 2979 924 3008 elerstione
936 2979 980 3008 vel
994 2979 1178 3009 coronatione
1192 2980 1284 3018 hujus-

226 3014 305 3044 modi
324 3013 433 3045 suborta
453 3016 607 3055 discordia,
627 3028 675 3055 per
694 3017 927 3056 appellationem,
945 3018 989 3047 vel
1009 3018 1151 3058 querelam
1163 3020 1282 3058 praedic-

225 3060 320 3083 torum
335 3051 515 3095 Principum,
533 3057 567 3085 ad
579 3066 694 3086 examen
709 3055 774 3085 sedis
790 3055 964 3096 Apostolicae
980 3057 1050 3096 (quo
1065 3056 1127 3087 casu
1146 3057 1226 3094 ipsius
1241 3058 1282 3089 est

225 3091 256 3121 in
270 3091 316 3121 tali
328 3093 405 3121 caula
419 3094 558 3131 cognitio)
578 3094 722 3124 deferatur.

262 3128 448 3168 *intelligitur
462 3139 554 3161 autem
569 3133 589 3161 is
604 3133 706 3163 eletius
718 3131 774 3162 esse
787 3132 1019 3171 concorditer,in
1035 3143 1121 3174 quem
1136 3143 1203 3165 vota
1217 3145 1282 3166 om-

222 3169 304 3199 nium
320 3167 486 3198 Eiettorum
502 3168 684 3209 Principum,
709 3172 753 3201 vel
767 3172 859 3202 saltem
873 3172 997 3202 duorum
1013 3174 1232 3213 tantummodo,
1251 3176 1281 3205 in

222 3207 361 3237 electione
375 3207 569 3247 praesentium,
588 3210 750 3249 diriguntur.

258 3245 291 3275 In
306 3244 442 3276 discordia
456 3249 526 3276 vero
546 3249 567 3277 is
581 3249 664 3278 etiam
680 3257 818 3285 reputatur
832 3248 952 3288 electus,
967 3249 1004 3279 de
1018 3259 1077 3289 quo
1093 3250 1122 3280 in
1135 3250 1203 3281 loco
1216 3262 1278 3282 non

221 3283 302 3314 solito
323 3284 426 3314 electio
449 3285 601 3316 celebratur
616 3309 624 3324 ,
648 3287 681 3317 &
701 3288 728 3316 in
750 3288 870 3317 termino
887 3310 896 3325 ,
919 3287 954 3318 de
973 3290 1124 3318 communi
1145 3291 1279 3321 consensu

221 3322 364 3352 dic‘torum
382 3322 547 3364 Principum
570 3334 629 3354 non
648 3326 768 3360 statut03
786 3336 870 3364 quem
892 3326 911 3356 ii
924 3327 1012 3357 forsan
1028 3327 1155 3367 praedieti
1168 3327 1279 3359 Princi-

221 3369 267 3403 pes
276 3383 285 3399 ,
302 3360 373 3391 infra
384 3371 491 3392 annum
504 3362 537 3392 ὃ(
551 3361 625 3392 diem
634 3386 643 3401 ,
669 3375 683 3394 a
697 3373 825 3401 tempore
837 3367 959 3395 vacantis
971 3365 1099 3405 Imperii,
1127 3368 1280 3398 concordi-

220 3398 289 3442 diter
302 3398 437 3438 statuant,
461 3400 526 3431 licet
542 3409 602 3430 non
618 3403 775 3441 expriment
790 3403 866 3442 quod
883 3403 970 3447 ipsum
986 3405 1207 3442 peremptorium
1222 3406 1279 3436 effe

221 3437 321 3503 ἴεὶιηῑ,
340 3439 471 3469 terminus
486 3447 597 3478 tamen,
615 3441 651 3471 ab
666 3442 702 3471 eis
721 3440 848 3480 praefixus
859 3442 964 3480 taliter,
979 3444 1180 3483 peremptorius
1196 3454 1280 3482 repu-

237 3483 303 3505 atur.

257 3511 351 3558 Porro,
360 3515 445 3546 iidem
465 3515 661 3547 Procuratores
674 3539 684 3554 ‚
709 3519 740 3548 iis
755 3518 789 3548 &
802 3519 858 3549 aliis
870 3519 1032 3557 quibusdam
1046 3519 1194 3557 praelibatis
1209 3531 1282 3552 cori-

222 3548 420 3591 suetudinibus,
437 3555 597 3592 adjecerunt
617 3555 712 3595 quod,
730 3565 845 3587 vacante
862 3558 999 3588 Romano
1013 3557 1154 3597 Imperio,
1173 3559 1219 3590 die
1250 3570 1280 3590 er

223 3597 321 3618 omnes
334 3591 480 3625 praedictos
494 3593 653 3632 Principes,
669 3605 721 3632 pro
733 3595 897 3626 celebranda
911 3596 997 3635 Regis
1010 3596 1155 3636 Romani,
1175 3599 1205 3628 in
1220 3570 1248 3627 Ip
1266 3616 1279 3622 -

224 3634 376 3668 peratorem
395 3630 490 3668 postea
508 3634 716 3671 promovendi,
734 3634 887 3672 electione,
906 3634 1009 3665 statuto
1031 3636 1062 3665 in
1075 3635 1193 3666 oetavis
1207 3636 1278 3674 Epi-

223 3662 349 3701 phaniae,
366 3675 440 3696 anno
460 3669 582 3701 Domini
603 3672 752 3702 millesimo
772 3673 965 3703 ducenteiimo
998 3675 1207 3713 uinquageiimo
1220 3675 1279 3704 sex-

225 3709 275 3738 to,
292 3701 363 3744 apud
381 3713 567 3750 memoratum
589 3709 739 3749 Oppidum
754 3711 790 3740 de
810 3711 980 3741 Franckefor
1008 3735 1018 3751 ,
1031 3714 1156 3753 quinque
1170 3722 1279 3744 tanturn

222 3737 260 3768 de
274 3737 352 3782 dJCtrs
366 3739 539 3780 Principibus
555 3755 615 3776 turn
630 3757 678 3786 per
691 3749 731 3785 se,
751 3757 813 3778 tum
828 3760 876 3787 per
890 3750 972 3787 alios,

256 3775 501 3822 Vldellcet>b0nae
516 3787 663 3828 memoriae
676 3786 853 3818 Coloniensis
867 3787 1100 3827 Archiepiscopus
1109 3798 1178 3826 ,pro
1191 3788 1277 3827 se,&

220 3814 307 3857 bonae
319 3824 463 3858 memoriae
476 3818 658 3865 Maguntinus
668 3824 959 3864 Archiepiscopus,ea
977 3828 1058 3865 vice,
1073 3829 1102 3857 in
1121 3827 1178 3857 hoc
1193 3836 1276 3857 com-

221 3851 485 3927 lgsslggsssrialgckeesfgkrlgs
494 3878 503 3894 2
518 3859 551 3889 &
565 3859 682 3891 dilectus
703 3862 790 3902 filius,
806 3865 907 3894 nobilis
921 3866 978 3904 vir,
998 3865 1107 3896 Comes
1121 3865 1260 3895 Palatinus
1271 3887 1282 3902 ,

482 3915 492 3929 )

253 3927 347 3970 ,Βοηκ
371 3931 517 3972 memoriae
534 3935 603 3963 vero
629 3935 806 3980 Treverenfis
833 3940 1082 3982 Archiepiscopus,
1105 3942 1139 3972 &
1161 3941 1278 3971 dilectus

221 3963 310 4031 {ldlnlts’
327 3966 428 3996 nobilis
444 3977 503 4006 Vir,
518 3968 587 3999 Dux
601 3971 746 4014 Saxoniae,
763 3978 833 4008 intra
844 3978 954 4009 diCtum
970 3979 1119 4019 Oppidum
1133 3989 1277 4010 convene-

255 4038 390 4083 Cumque
408 4043 509 4083 iidem,
525 4044 701 4079 Treverensis
721 4050 968 4093 Archiepiscopus,
987 4056 1022 4087 &
1037 4055 1107 4087 Dux
1126 4055 1273 4094 Saxoniae,

731 150 1978 208 CONVENTIONES,L1TERAE‚

1396 241 1522 280 raesatos,
1541 240 1795 281 Archiepiscopum
1804 241 2025 280 Coloniensem,
2042 237 2077 272 δε
2090 238 2256 281 Comitem,
2274 252 2328 275 nec
2340 245 2430 286 ipsum

1406 279 1525 318 ppidum
1537 281 1638 311 intrare
1651 283 1859 320 permitterent,
1879 290 1933 310 nec
1946 279 1980 310 ad
1995 290 2043 311 eos
2057 281 2132 310 exire
2145 280 2262 319 vellent,
2280 281 2360 322 super
2373 285 2430 317 hoc

1372 319 1469 358 saepius
1483 319 1618 358 requisiti,
1634 319 1717 358 dicti,
1739 319 1974 358 Archiepiscopus
1986 318 2180 358 Colonienfis,
2199 320 2233 351 &
2246 319 2373 361 Comes,
2391 333 2432 355 at-

1374 357 1535 394 tendentes,
1550 366 1585 387 ex
1605 357 1678 395 lapsu
1696 359 1848 398 temporis,
1862 357 2018 395 periculum
2035 358 2199 396 imminere,
2224 358 2244 388 si
2264 358 2352 390 forsan
2370 371 2431 393 non

1373 395 1450 426 fieret
1463 396 1565 425 electio
1579 394 1623 426 illa
1636 396 1682 427 die
1695 407 1760 437 quae
1769 396 1803 427 ad
1818 397 1876 426 hoc
1887 396 1975 426 fuerat
1986 397 2176 434 peremptorie
2189 395 2353 437 constituta,
2360 409 2433 437 prae-⁵

1372 433 1465 464 sertim
1486 443 1554 464 cum
1574 433 1609 463 de
1627 443 1702 465 anno
1720 436 1754 466 &
1772 435 1835 474 die,
1853 434 1917 474 post
1928 435 2107 465 vacationem
2120 434 2247 475 Imperii,
2286 437 2431 470 uindecim

1373 471 1429 503 dies
1443 471 1622 502 solummodo
1636 471 1802 513 superessent
1816 473 1899 512 (infra
1913 482 1983 510 quos
1995 473 2075 503 nullo
2086 473 2176 503 modo
2189 475 2280 511 potuii
2292 484 2432 514 entprop-v

1372 517 1415 539 ter
1433 510 1566 540 locorum
1585 509 1742 542 distantiam
1764 512 1798 542 &
1812 513 1875 543 alias
1885 511 1952 542 faeti
1966 510 2185 542 circumstantias
2198 513 2304 552 praefiiti
2318 513 2430 545 Princi-

1371 557 1420 587 pes
1442 549 1544 579 iterum
1567 551 1730 587 convenire)
1751 559 1819 581 cum
1839 550 1977 588 Praelatis,
2002 549 2150 587 Ducibus,
2171 551 2205 581 &
2225 550 2298 590 aliis,
2322 553 2429 584 ibidem

1371 586 1568 628 praesentibus,
1586 586 1785 619 deliberatione
1806 588 1972 629 praehabita,
1988 587 2024 618 de
2043 587 2166 627 ipsorum
2186 588 2334 621 communi
2346 591 2430 623 Con-

1371 624 1430 654 ulio
1445 625 1479 655 &
1493 625 1597 656 assensu
1609 625 1643 656 ad
1657 626 1827 658 elafii-ionem
1841 627 1994 665 procedere
2007 626 2200 658 decreverunt.

1406 663 1445 694 Et
1467 664 1581 694 tandem
1605 664 1734 703 praefatus
1753 665 1930 696 Colonienfis
1947 675 2003 705 pro
2023 665 2067 703 se,
2090 675 2124 696 ac
2139 665 2236 704 dietis,
2253 665 2428 707 Maguntino

1370 702 1449 739 cujus
1467 704 1543 733 vices
1563 703 1692 742 gerebat,
1710 705 1743 734 &
1764 703 1881 735 Comite
1899 704 2031 741 praesente
2044 713 2077 734 ac
2092 704 2284 736 consentiente
2298 728 2308 744 ,
2327 706 2427 738 divino

1368 741 1486 771 nomine
1501 742 1653 780 invocato,
1677 751 1705 772 te
1720 743 1749 772 in
1761 742 1874 782 Regem
1889 741 2090 773 Romanorum
2105 743 2205 782 elegit,
2222 744 2256 774 ὃ(
2271 753 2340 775 mox
2351 745 2427 777 elec-

1368 780 1477 847 tiqinem
1492 779 1649 848 huffljusmodi
1665 779 1835 820 Magnarum
1849 782 1883 813 &
1897 780 2016 811 aliorum
2032 780 2182 812 astantium
2197 782 2319 820 copiosae
2332 784 2429 816 multi-⁴

1369 825 1398 847 tu
1420 828 1459 847 ini
1494 829 1511 848 u
1544 827 1634 849 icavit.

1403 854 1460 887 Cui
1474 827 1612 887 {lectioni
1633 866 1682 895 per
1707 856 1899 887 charissimum
1916 857 1945 887 in
1957 856 2076 888 Christo
2090 857 2179 889 filium
2196 859 2342 900 nostrum,
2361 861 2426 893 Re⁴

1364 903 1432 933 gem
1454 895 1599 926 Bohemiae
1621 895 1771 933 illustrem,
1789 895 1854 935 post
1873 905 1976 933 paucos
1995 896 2052 926 dies
2072 897 2206 928 consensu
2217 899 2356 938 praestito,
2374 901 2424 932 de-

1364 943 1445 963 mum
1464 942 1512 973 tu,
1532 933 1566 964 ad
1582 942 1697 964 tuorum
1716 933 1891 972 electorum,
1910 935 1943 965 &
1961 934 2079 965 aliorum
2099 935 2214 974 Imperii
2228 938 2420 978 optimatum,

1364 972 1411 1015 qui
1425 981 1539 1012 propter
1551 973 1607 1003 hoc
1622 972 1656 1002 ad
1669 979 1697 1002 te
1712 973 1742 1002 in
1760 972 1890 1012 Angliam
1904 974 2092 1011 accesserunt,
2110 975 2268 1006 instantiam
2282 976 2315 1007 &
2329 979 2422 1017 requi<

1363 1011 1493 1042 {itionem
1514 1011 1680 1049 instantem,
1705 1010 1798 1041 eidem
1819 1011 1969 1050 electioni,
1990 1011 2055 1051 post
2079 1012 2242 1052 diligentem
2262 1015 2341 1054 super
2361 1017 2422 1048 hoc

1360 1050 1507 1080 tractatum
1522 1050 1649 1081 habitum
1658 1073 1667 1088 ,
1683 1048 1860 1088 consensisti,

1399 1087 1445 1119 Ac
1467 1089 1642 1128 personaliter
1663 1088 1840 1119 Alemanniae
1860 1087 1996 1131 Regnum
2008 1088 2157 1128 ingrersus,
2174 1090 2208 1121 &
2223 1100 2334 1123 moram
2348 1095 2420 1133 apud

1360 1124 1563 1167 Aquisgranum
1578 1151 1588 1165 ,
1613 1135 1751 1166 quantum
1773 1126 1885 1164 decuit,
1910 1127 2032 1165 iaciens,
2055 1137 2109 1158 nec
2129 1129 2275 1159 inveniens
2296 1132 2421 1163 refisten-

1359 1172 1436 1204 tem,
1453 1165 1638 1206 postmodum
1659 1166 1734 1196 fuisti
1755 1175 1805 1205 per
1824 1166 1896 1204 saepe
1918 1165 2030 1195 dietum
2042 1165 2245 1197 Coloniensem
2258 1168 2420 1208 Archiepis-

1359 1213 1466 1241 copum
1484 1205 1529 1244 (ad
1543 1206 1619 1243 cujus
1633 1204 1661 1235 id
1678 1204 1816 1242 speetabat
1829 1204 1971 1241 officium)
1991 1204 2167 1235 consecratus
2203 1205 2349 1246 inunctus,
2365 1219 2418 1240 co-

1358 1251 1486 1282 ronatuS,
1505 1254 1538 1274 ac
1556 1243 1776 1281 inthronizatus,
1795 1244 1873 1282 regio
1893 1252 1990 1281 more,
2009 1244 2038 1273 in
2060 1243 2122 1273 sede
2141 1227 2290 1288 Nsagnifici
2303 1244 2417 1287 Gar01i3

1357 1282 1435 1312 nullo
1459 1282 1486 1313 se
1502 1283 1571 1313 inibi
1592 1284 1770 1314 coronationi
1789 1290 1845 1313 tuae
1867 1281 1973 1312 realiter
1988 1304 1998 1320 ,
2034 1290 2082 1312 aut
2102 1282 2247 1314 verbaliter
2267 1293 2416 1322 opponen-

1356 1327 1392 1350 te.

1389 1358 1535 1403 Recepisti
1550 1370 1665 1400 quoque
1678 1360 1809 1402 homagia
1822 1358 1990 1400 Magnarum
2004 1360 2101 1400 Regni
2115 1360 2236 1399 ejusdem
2247 1384 2256 1399 ,
2279 1371 2313 1392 ac
2327 1362 2417 1393 fideli-

1352 1404 1413 1428 tatis
1434 1399 1518 1430 etiam
1538 1401 1707 1438 juramenta,
1724 1399 1872 1431 obtinuisti
1896 1408 2059 1430 ornamenta
2074 1400 2108 1430 &
2123 1400 2235 1439 insignia
2247 1402 2414 1441 imperialia,

1352 1437 1452 1474 quibus
1476 1438 1541 1468 Rex
1561 1438 1762 1469 Romanorum
1784 1438 1854 1469 solet
1872 1439 1982 1477 ornari,
1999 1438 2069 1469 dum
2090 1438 2198 1468 Romae
2220 1439 2363 1478 inungitur
2378 1441 2412 1472 δε

1351 1475 1528 1507 consecratur
1546 1487 1596 1515 per
1616 1487 1717 1507 manus
1737 1476 1839 1506 summi
1858 1475 2004 1507 Pontificis
2039 1478 2072 1507 &
2086 1477 2192 1507 sacrum
2207 1476 2317 1515 Imperii
2332 1478 2413 1509 susci-

1350 1514 1390 1557 pit
1413 1513 1552 1546 Diadema
1572 1516 1634 1554 (&,
1653 1516 1710 1545 {ine
1732 1515 1850 1553 quibus,
1869 1514 1903 1544 ali
1925 1515 1964 1544 uis
1983 1500 2021 1546 ad
2034 1516 2248 1554 inunetionern,
2266 1516 2412 1548 consecra-

1350 1561 1476 1592 tionem,
1502 1554 1535 1584 &
1550 1555 1764 1584 coronationem
1777 1552 1905 1591 hujusmo
1926 1553 2000 1584 inec
2014 1553 2097 1592 solet,
2122 1563 2176 1584 nec
2190 1554 2274 1585 debet
2288 1554 2410 1593 admitti)

1348 1590 1453 1622 reddita
1474 1592 1582 1633 insuper
1601 1592 1653 1622 tibi
1672 1592 1783 1623 fuerunt
1800 1591 1964 1637 quamplura
1983 1591 2033 1632 Op
2054 1592 2114 1633 ida,
2139 1592 2254 1630 Castra,
2273 1594 2353 1624 Villae
2376 1605 2410 1625 ac

1344 1630 1401 1668 jura
1423 1629 1550 1671 Imperii,
1573 1640 1717 1670 tamquam
1744 1630 1836 1670 Regi,
1863 1639 1965 1671 tuque,
1991 1631 2072 1670 ipius
2092 1630 2187 1671 Regni
2209 1631 2410 1669 possessionem

1345 1668 1397 1699 ade
1417 1678 1475 1708 ωε,
1493 1670 1578 1710 ipsam
1590 1678 1682 1708 tenes,
1701 1670 1734 1701 δε
1749 1679 1798 1709 per
1811 1669 1855 1700 sex
1866 1679 1954 1700 annos
1968 1669 2002 1700 &
2016 1669 2131 1709 amplius
2144 1669 2264 1700 tenuisti.

1412 1715 1428 1737 x
1440 1708 1482 1738 his
1496 1717 1591 1739 autem
1607 1708 1803 1739 Procuratores
1817 1709 1857 1739 tui
1871 1719 1899 1739 ar
1919 1718 1983 1739 uere
1995 1709 2168 1746 nitebantur,
2184 1718 2253 1739 cum
2266 1718 2408 1740 memora-

1351 1746 1372 1776 ti
1387 1746 1559 1778 Trevireniis
1578 1746 1828 1792 Archiepiscopus,
1846 1747 1880 1778 &
1936 1757 1971 1777 ux
1990 1747 2138 1785 Saxoniae,
2157 1746 2309 1777 recusando
2324 1748 2406 1778 dicto

1344 1784 1391 1815 die
1404 1786 1572 1824 procedere,
1596 1786 1693 1826 reliqui
1708 1796 1792 1825 vero,
1807 1795 1867 1816 non
1879 1784 2021 1816 veniendo
2035 1785 2069 1816 ad
2082 1787 2236 1816 terminum
2253 1787 2406 1816 concordi-

1344 1831 1385 1853 ter
1407 1823 1586 1864 affignatum,
1604 1824 1630 1855 se
1648 1825 1752 1855 alienos
1771 1825 1806 1855 ab
1828 1824 1966 1855 electione
1985 1823 2154 1854 reddiderint
2165 1834 2196 1854 ea
2209 1825 2272 1854 vice
2284 1847 2295 1864 ,
2323 1832 2354 1855 tu
2369 1826 2408 1856 ab

1343 1863 1478 1893 omnibus
1489 1863 1681 1902 Principibus,
1707 1863 1753 1894 vel
1763 1862 1859 1894 saltem
1871 1864 1966 1901 abiis,
1983 1863 2014 1893 in
2028 1872 2098 1903 quos
2110 1862 2230 1894 totaliter
2245 1863 2286 1900 jus
2300 1863 2407 1902 eligen-

1342 1900 1372 1931 di
1387 1902 1536 1940 reciderat,
1556 1902 1662 1933 censeri
1675 1902 1759 1933 debes
1771 1902 1893 1942 eledhis3

1377 1939 1432 1978 Et,
1448 1950 1500 1978 pro
1520 1949 1599 1972 certo
1620 1951 1654 1971 ac
1675 1941 1833 1972 indubitato
1854 1948 1991 1981 ponentes
2009 1941 2050 1979 jus
2064 1940 2094 1971 in
2109 1940 2215 1981 Regno
2233 1940 2265 1971 &
2280 1939 2406 1979 Imperio

1340 1978 1517 2018 supradietis,
1536 1980 1603 2018 tibi,
1617 1979 1725 2018 electo,
1745 1980 1883 2017 praedietis
1895 1980 2141 2011 consuetudinibus
2154 1979 2304 2010 observatis
2312 2002 2321 2017 ,
2334 1980 2382 2010 ubi
2390 2002 2402 2019 ,

1341 2017 1375 2048 &
1388 2027 1404 2048 a
1420 2019 1521 2058 quibus
1542 2018 1570 2049 id
1589 2018 1648 2049 fieri
1668 2017 1784 2057 debuit,
1801 2019 1836 2050 &
1858 2019 1928 2049 nulli
1951 2020 1995 2050 alii
2016 2018 2197 2059 acquisitum,
2221 2028 2254 2048 ac
2278 2017 2404 2057 Regium

1341 2065 1448 2086 nomen
1468 2058 1501 2088 &
1522 2056 1637 2096 Imperii
1657 2056 1798 2088 Diadema
1817 2057 1970 2088 indubitate
1992 2057 2105 2095 deberi,
2119 2056 2342 2098 supplicaverunt
2358 2057 2403 2088 in-

1341 2093 1444 2124 stanter
1458 2095 1492 2126 &
1505 2094 1646 2126 humiliter
1660 2096 1798 2135 petierunt
1812 2097 1863 2126 tibi
1876 2096 2035 2133 huiusmodi
2048 2105 2154 2126 nomen
2167 2095 2272 2126 ascribi.

1377 2132 1506 2164 Maxime
1521 2144 1589 2164 cum
1605 2134 1759 2165 antedictus
1772 2134 1957 2172 praedecess'or
1971 2134 2000 2165 id
2015 2134 2082 2172 tibi,
2107 2133 2142 2164 de
2154 2133 2268 2164 fratrum
2286 2133 2400 2165 suorum

1338 2172 1473 2212 coniilio,
1491 2172 1683 2210 adscripsisset3
1701 2180 1747 2211 te,
1764 2174 1794 2203 in
1814 2173 1916 2203 eisdem
1935 2173 2040 2213 Regno
2060 2173 2093 2203 &
2107 2171 2248 2211 Imperio,
2288 2173 2402 2204 uibussi-

1338 2209 1386 2240 bet
1406 2211 1462 2241 aliis
1481 2211 1676 2251 praeferendo,
1694 2211 1763 2241 sicut
1783 2221 1831 2250 per
1856 2211 1937 2250 ipfius
1952 2211 2052 2242 litteras
2064 2210 2211 2241 ostendere
2225 2212 2283 2241 nite
2304 2220 2400 2250 antur,

1336 2255 1420 2288 teque
1437 2259 1487 2287 per
1508 2261 1561 2280 nos
1583 2250 1777 2289 inungendum
1791 2275 1800 2289 ,
1827 2249 2065 2288 consecrandum,
2098 2251 2132 2281 &
2153 2249 2350 2281 coronandum
2369 2252 2400 2281 in

1337 2286 1505 2319 Romanum
1525 2289 1727 2326 Imperatorem
1771 2288 1790 2307 ³¹²
1813 2289 1982 2319 advocatum
2003 2298 2036 2319 ac
2050 2288 2224 2319 defensorem
2245 2287 2398 2328 Ecclesiae,

1333 2326 1367 2356 ad
1382 2327 1471 2365 ipsum
1486 2327 1625 2358 Diadema
1638 2327 1674 2357 de
1686 2311 1788 2357 nostris
1801 2327 2001 2367 suscipiendum
2016 2328 2143 2358 manibus
2152 2350 2161 2365 ,
2186 2327 2244 2357 sinc
2254 2326 2399 2364 dispendio

1334 2365 1468 2395 ulterioris
1497 2375 1587 2396 morae
1608 2366 1703 2396 vocari
1719 2389 1729 2404 ,
1755 2366 1788 2395 &
1810 2365 2010 2403 Apostolicum
2029 2367 2082 2396 tibi
2103 2366 2231 2397 favorem
2251 2366 2396 2406 impendi,

1333 2403 1484 2442 praesertim
1504 2414 1573 2435 cum
1594 2414 1654 2435 non
1676 2413 1787 2434 tantum
1806 2406 1894 2443 major
1918 2415 1979 2443 pars
1994 2404 2160 2442 Principum
2176 2403 2396 2445 praedictorum,

1334 2444 1396 2472 imo
1415 2453 1516 2473 omnes
1536 2445 1667 2483 (excepto
1688 2442 1780 2472 nobili
1799 2444 1860 2474 viro
1876 2442 2047 2474 Marchione
2061 2442 2295 2482 Brandeburgenii
2311 2466 2320 2481 ,
2345 2446 2395 2482 qui

1333 2482 1420 2511 etiam
1451 2490 1538 2512 aratus
1552 2482 1592 2512 est
1607 2483 1658 2513 tibi
1671 2481 1805 2521 obedire,
1831 2490 1861 2512 ut
1876 2482 1963 2512 iidem
1976 2482 2084 2512 Nuntii
2097 2482 2305 2519 proponebant)
2320 2481 2396 2513 elec-

1331 2520 1403 2550 tioni
1437 2531 1452 2551 e
1464 2529 1492 2551 te
1505 2521 1587 2552 fast-ae
1601 2520 1791 2558 consentiant,
1807 2522 1841 2552 &
1854 2521 1903 2551 tibi
1919 2521 1995 2552 tami
2019 2521 2055 2559 si,
2079 2522 2165 2561 quarn
2180 2521 2225 2550 alii
2243 2519 2396 2559 Magnatoe

1331 2558 1508 2590 Alemanniae
1520 2561 1679 2599 generaliter
1692 2567 1739 2590 tan
1760 2561 1824 2589 uam
1837 2559 1885 2590 suo
1899 2559 1973 2599 Regi
1986 2570 2005 2590 o
2027 2559 2118 2590 ediant
2132 2560 2166 2590 &
2180 2559 2344 2598 intendant,

1369 2596 1539 2629 Petitionem
1552 2599 1627 2629 suam
1650 2597 1694 2628 illa*
1713 2599 1741 2628 in
1764 2597 1882 2637 ubitatfi,
1906 2599 1976 2630 ficut
1999 2598 2136 2636 asserunt,
2162 2599 2191 2628 in
2211 2597 2337 2635 Imperio
2358 2599 2393 2630 &

1324 2636 1402 2674 jure,
1421 2639 1560 2668 munitam
1579 2636 1778 2669 consuetudine
1797 2637 1956 2675 fulcientes,
1975 2647 2030 2676 qua
2048 2637 2146 2668 dicunt
2167 2636 2258 2667 eledio
2284 2637 2314 2666 in
2331 2636 2394 2668 Re-

1328 2683 1393 2712 gem
1417 2674 1636 2716 Romanorum,
1653 2675 1806 2706 secundum
1827 2675 1939 2706 solitum
1959 2685 2070 2705 morem
2094 2676 2224 2715 Imperii,
2240 2675 2304 2713 ubi,
2326 2676 2359 2707 &
2374 2676 2390 2707 a

1329 2712 1431 2749 quibus
1452 2713 1556 2753 debet,
1582 2715 1615 2746 &
1636 2714 1822 2753 postmodum
1839 2724 1887 2751 per
1905 2713 2092 2751 supradiEtum
2109 2713 2312 2743 Coloniensem
2333 2713 2394 2744 Ar-

1327 2750 1541 2789 chiepiscopum
1562 2752 1698 2791 inunCto,
1720 2753 1884 2782 consecrato
1890 2774 1900 2789 ‚
1916 2753 1949 2783 &
1969 2759 2124 2789 coronato,
2140 2760 2176 2780 eo
2189 2751 2249 2788 ipso
2263 2751 2391 2789 Regium

1327 2799 1434 2819 nomen
1454 2791 1575 2833 acquiri,
1591 2791 1641 2828 δε,
1660 2793 1679 2820 ii
1699 2790 1796 2820 electae
1814 2789 1940 2829 personae
1960 2789 2161 2827 impedimenta
2176 2798 2236 2819 non
2254 2789 2392 2829 obvient,

1329 2827 1476 2866 vocand0,
1494 2832 1551 2858 line
1570 2828 1703 2859 dilatione
1724 2828 1830 2868 aliqua,
1849 2837 1898 2866 per
1914 2827 2057 2858 summum
2071 2826 2242 2858 Pontificem
2254 2826 2288 2857 ad
2304 2837 2391 2858 coro·

1327 2876 1409 2905 nam,
1427 2867 1461 2897 ad
1475 2866 1522 2905 id,
1550 2877 1610 2897 non
1627 2867 1718 2897 solum
1738 2876 1852 2898 morem
1873 2866 1987 2904 Imperii
2007 2877 2022 2897 a
2042 2867 2212 2904 probatum,
2237 2864 2283 2895 sed
2302 2867 2389 2898 etiam

1327 2905 1472 2943 quondam
1483 2929 1492 2944 ,
1510 2905 1597 2936 felicis
1617 2906 1829 2943 recordationis,
1847 2904 2008 2936 Innocentii
2054 2915 2114 2947 apae
2131 2913 2155 2945 3.
2175 2903 2389 2936 Praedecefforis

1326 2943 1430 2981 nostri,
1450 2943 1630 2975 Decretalem
1643 2944 1798 2983 Epistolam
1813 2944 1975 2985 allegantes,

1364 2982 1409 3012 Ac
1423 2982 1561 3022 dicentes,
1580 2993 1629 3023 per
1642 2982 1897 3015 contradictionem
1916 2984 2064 3014 memorati
2077 2981 2166 3023 Regis
2179 2980 2327 3020 Castellae‚
2339 2981 2387 3013 ve!

1328 3020 1496 3052 elec‘tionem
1519 3031 1584 3060 quae
1605 3022 1641 3053 de
1661 3023 1719 3062 ipso
1739 3021 1810 3052 facta
1831 3021 1948 3061 dicitur,
1967 3022 2133 3060 petitionem
2147 3030 2206 3052 non
2220 3020 2323 3051 debere
2336 3020 2388 3051 ali-

1326 3068 1459 3098 quatenus
1471 3060 1618 3100 impediri;
1634 3070 1715 3097 cum,
1734 3060 1888 3091 secundum
1901 3061 2046 3100 praedieias
2060 3059 2290 3097 consuetudines,
2315 3059 2346 3090 sit
2360 3060 2387 3090 ei

1324 3099 1380 3136 jam
1398 3098 1544 3137 cujussibet
1565 3098 1795 3130 contradi&ionis
1816 3100 1860 3130 via
1879 3099 2030 3138 praeclusa,
2046 3099 2080 3130 &
2099 3099 2202 3130 electio
2217 3097 2298 3136 ipsius
2312 3098 2386 3128 nulla

1322 3136 1405 3167 fuerit
1417 3137 1477 3175 ipso
1489 3138 1564 3176 jure,
1589 3145 1687 3175 utpote
1701 3137 1766 3176 post
1780 3137 1897 3168 Annum
1910 3139 1943 3169 &
1957 3138 2034 3169 diem
2048 3146 2146 3169 contra
2169 3136 2277 3167 easdem
2290 3135 2386 3174 Impe-

1323 3177 1357 3206 rii
1379 3176 1607 3214 consuetudines,
1625 3177 1658 3207 &
1681 3177 1817 3215 termino,
1833 3176 1870 3208 ad
1891 3176 1949 3208 hoc
1966 3176 2070 3208 statuto
2082 3176 2117 3207 de
2131 3175 2282 3207 communi
2301 3174 2385 3205 Prin-

1324 3215 1423 3252 cipum
1443 3215 1645 3255 praedi&orum
1666 3214 1798 3245 consensu
1813 3239 1823 3254 ,
1853 3214 2014 3254 transa&o;
2044 3216 2078 3246 δε
2093 3238 2103 3253 ,
2129 3214 2193 3253 post
2211 3213 2384 3244 electionem

1323 3260 1400 3283 tuam
1417 3252 1587 3293 legitimam,
1605 3262 1665 3282 non
1685 3253 1829 3292 caffatam,
1844 3254 1878 3285 ὃς
1899 3253 1959 3284 solo
1977 3255 2126 3285 nominato
2144 3252 2310 3284 Treverenfi
2323 3252 2382 3292 (qui

1323 3299 1436 3329 propter
1451 3302 1526 3322 nova
1575 3290 1668 3330 dagin,
1684 3301 1747 3331 quie
1762 3293 1791 3323 in
1807 3301 1877 3324 terra
1887 3293 1932 3322 sua
1946 3293 2096 3333 imposuit,
2110 3300 2167 3322 erat
2177 3300 2250 3322 tunc
2262 3300 2381 3320 excom-

1323 3331 1514 3360 municatione
1546 3330 1640 3372 igatus)
1661 3330 1735 3361 nulla
1756 3333 1878 3362 omnino
1899 3331 1991 3362 forma
2010 3330 2112 3362 servat&
2133 3332 2163 3361 iri
2177 3329 2297 3360 Camera
2314 3330 2383 3367 ejus-

1323 3368 1390 3398 dem
1402 3368 1581 3398 Trevereniis
1593 3368 1803 3410 Archiepiscopi
1812 3394 1821 3409 ,
1839 3371 2010 3408 contemptis
2021 3370 2078 3400 aliis
2093 3368 2286 3407 Principibus,
2304 3368 2380 3398 clan-

1322 3405 1431 3436 destine
1442 3415 1588 3444 attentata,
1606 3417 1674 3438 cum
1687 3408 1791 3438 nullam
1805 3410 1840 3439 ab
1855 3409 1957 3440 eisdem
1972 3408 2150 3446 Principibus
2163 3406 2242 3447 super
2255 3407 2313 3436 hoc
2325 3415 2379 3444 po-

1325 3444 1454 3475 testatem
1476 3444 1604 3483 haberet,
1622 3455 1707 3485 quarn
1727 3447 1747 3477 fi
1761 3448 1845 3478 etiam
1858 3448 1894 3478 ab
1905 3448 2041 3486 aliquibus
2053 3445 2190 3477 habuisset
2205 3445 2286 3483 (sicut
2300 3453 2379 3482 quae-

1324 3483 1392 3514 dam
1431 3493 1463 3513 ro
1482 3483 1566 3514 altera
1586 3484 1718 3514 exhibitae
1736 3485 1834 3516 litterae
1852 3486 2018 3524 innuebant)
2037 3485 2159 3515 formam
2174 3493 2268 3515 tamen
2279 3481 2380 3550 ipfius'

1324 3532 1388 3562 quae
1413 3521 1557 3552 ecundum
1572 3530 1700 3552 tenorem
1713 3523 1851 3555 literarum
1863 3526 2000 3564 ipsarum,
2021 3523 2055 3554 ad
2070 3531 2176 3554 certam
2191 3523 2267 3553 diem
2290 3528 2306 3549 e
2319 3526 2380 3550 tan-

1322 3559 1475 3605 tummodo
1494 3561 1697 3600 extendebant,
1721 3572 1780 3594 non
1802 3562 1934 3606 eligendo
1953 3562 2008 3602 ipsa
2029 3561 2090 3601 die,
2116 3562 2236 3592 minime
2250 3556 2380 3590 observa-

1323 3607 1373 3629 Vit.

1360 3637 1406 3666 Ex
1426 3643 1503 3674 parte
1523 3646 1592 3667 vero
1612 3637 1759 3678 supradieti
1780 3640 1867 3680 Regis
1887 3639 2019 3671 Castellae
2031 3641 2094 3677 (per
2106 3636 2272 3670 venerabiles
2284 3633 2378 3666 fiatres

1323 3675 1450 3712 nostrOS,
1468 3674 1599 3706 Garsium
1619 3676 1788 3718 Silvensem,
1808 3681 1842 3711 &
1860 3679 1972 3709 fratrem
1994 3677 2184 3708 Dominicum
2207 3672 2375 3704 Abulensem

1322 3713 1494 3752 EpiscopOS,
1510 3723 1542 3744 ac
1560 3715 1696 3746 dilectum
1712 3717 1803 3748 filium
1825 3717 1998 3748 Maotstrum
2013 3716 2174 3755 Johannem
2189 3711 2374 3752 Capelianum

1321 3750 1451 3781 nostrum
1466 3774 1476 3788 ,
1500 3752 1743 3785 Archidiaconum
1761 3742 2043 3795 Compofiellanum,
2068 3754 2146 3794 ipfius
2165 3750 2379 3795 Procuratores,

1321 3790 1444 3828 actores,
1463 3790 1497 3820 &
1513 3794 1691 3830 negoriorum
1704 3794 1826 3832 gestores
1839 3794 1976 3833 generales
1987 3794 2021 3824 &
2033 3790 2160 3833 speciales
2172 3799 2272 3819 omnes
2286 3799 2316 3819 in
2330 3787 2378 3818 so-

1322 3827 1429 3866 lidum,
1454 3829 1491 3859 ita
1512 3830 1588 3867 quod
1610 3833 1773 3871 occupantis
1792 3842 1853 3862 non
1875 3833 1908 3863 sit
1929 3832 2028 3863 melior
2043 3828 2187 3865 conditiO,
2210 3827 2374 3871 mandatum

1323 3866 1455 3896 habentes
1476 3867 1511 3896 ab
1532 3868 1592 3907 ipso
1614 3869 1649 3900 ad
1670 3870 1838 3908 petendum,
1857 3880 1910 3908 pro
1921 3880 1958 3900 eo
1991 3867 2086 3899 &suo
2098 3867 2231 3904 nomine,
2249 3866 2376 3904 anobis,

1323 3904 1358 3934 &
1378 3904 1518 3942 praedietis
1538 3908 1663 3938 fratribus
1683 3908 1785 3938 nostris
1807 3918 1946 3938 coronam
1965 3893 2098 3942 ²imperii,
2124 3904 2157 3934 &
2176 3905 2301 3936 affieriari
2324 3904 2374 3934 fibi

1322 3941 1398 3972 diem
1414 3943 1450 3973 ad
1472 3944 1664 3983 recipiendum
1675 3946 1780 3984 ipsam,
1798 3947 1831 3976 &
1844 3946 1879 3976 ad
1890 3944 2047 3985 agendum,
2065 3929 2309 3986 respondendum,
2327 3942 2377 3971 de-

1320 3980 1510 4019 fendendum,
1525 3984 1558 4014 &
1576 3984 1753 4015 traCtandum
1771 3986 1828 4022 jura
1845 3984 1908 4020 sua,
1926 3983 1960 4012 &
1978 3980 2108 4018 Imperii,
2128 3982 2161 4012 &
2177 3983 2309 4020 quicquid
2323 3980 2376 4010 ho·-

1322 4019 1386 4049 nori
1405 4020 1462 4054 eius
1481 4022 1610 4059 expedire
1628 4022 1772 4059 viderent,
1790 4023 1845 4052 five
1857 4022 1887 4050 in
1900 4020 2058 4057 ordinario,
2078 4019 2134 4049 sive
2147 4021 2176 4051 in
2189 4020 2377 4051 extraordina-

1322 4058 1366 4089 rio
1382 4057 1498 4096 Judici'o
1519 4060 1656 4102 ageretur)
1673 4060 1726 4092 fuit
1737 4061 1755 4091 ὲ
1768 4067 1866 4091 contra
1878 4058 2052 4096 propositum
2064 4057 2141 4097 quod
2155 4057 2378 4127 p‘aedistussffiff

2447 249 2526 281 Anna
2541 250 2570 282 D

2469 291 2554 327 1263.

2449 333 2515 357 Hm.
2530 339 2557 366 3.

2419 2299 2470 2328 *L
2486 2300 2552 2338 7652
