2570 4261
14 280 119 304 EdvA..

156 121 237 161 154

157 245 227 272 gem
244 232 371 263 Castellae
382 251 391 267 ‚
409 225 580 258 cariffimum
596 223 840 259 consanguineum
856 219 1004 256 nostrum,
1020 219 1053 248 &
1067 227 1138 254 nOS,
1154 215 1236 246 fove-

162 283 191 303 re
206 280 334 302 amorem
349 269 417 297 inter
431 264 563 295 Subditos
576 262 637 292 suos
653 262 686 292 &
702 260 830 298 nostros,
847 259 915 289 sicut
935 256 992 288 effe
1015 257 1118 294 debet,
1134 253 1175 298 eslf
1190 264 1237 284 or-

163 311 289 342 dinatum
307 306 399 345 quod,
418 304 436 333 ii
451 303 521 333 dicti
535 309 653 339 quatuor
666 298 769 337 possint
785 296 957 328 concordare
978 291 1237 338 super‘praemiffish,

163 347 323 380 durantibus
337 344 439 382 treugis
453 339 630 379 supradietis,
653 337 729 376 quod
745 346 797 376 pax
812 335 892 366 firma
907 335 956 378 sit,
973 335 1043 364 inter
1058 331 1135 375 ipsos,
1145 329 1239 374 subdi-

164 397 206 419 tos
226 386 287 416 suos
300 385 332 415 &
345 383 454 413 nostros
470 379 606 418 perpetuo
620 377 764 414 duratura,
782 384 849 405 cum
864 379 957 413 poenis
977 373 1011 403 ὃς
1029 369 1240 401 conditionibus

165 435 231 456 tunc
247 433 293 461 per
309 421 401 452 dictos
416 428 532 458 quatuor
548 414 738 455 apponendis,
755 414 789 445 δε
811 414 894 443 etiam
908 410 1085 448 ordinandis,
1103 408 1123 438 si
1144 415 1239 439 autem

108 487 109 490 η
161 462 365 498 discordarent,
382 458 458 497 quod
473 457 559 494 absit,
578 454 724 491 volumiis,
740 453 775 483 &
789 451 830 482 est
840 450 1002 481 ordinatum
1023 447 1104 487 quod
1120 446 1165 478 illa
1185 445 1240 476 dis-

79 2929 100 2948 *
118 2928 173 2957 111.

101 2976 164 3005 ¹73·

164 501 260 532 cordia
277 507 429 537 reportetur
444 496 544 533 nobis,
561 494 594 524 ὃ(
611 491 727 530 praefato
749 489 972 528 Consanguineo
994 487 1111 526 nostro,
1130 493 1160 517 ut
1176 484 1241 516 inde

163 540 324 571 ordinemus
348 536 424 575 quod
446 535 528 565 nobis
542 532 683 564 videbitur
694 528 864 561 faciendum.
951 566 955 571 ¹
992 565 997 570 ι
1101 564 1107 569 .
1133 564 1139 569 .
1225 563 1230 568 .

203 579 281 614 Quae
297 577 394 607 omnia
408 576 441 606 ὃς
458 572 564 610 singula
586 570 696 609 praefati
715 568 914 599 Procuratores
928 564 1000 596 dit‘h
1015 563 1141 595 Domini
1155 562 1245 602 Regis

167 616 316 654 Castellae,
341 613 475 645 carissimi
491 609 695 647 consanguinei
719 607 825 645 nostri,
849 605 1091 648 approbaverunt,
1116 601 1245 632 laudave-

169 665 231 686 runt
247 653 389 692 expresse,
407 652 440 684 &
455 652 541 682 etiam
565 648 743 678 firmaverunt
759 656 766 676 ι
791 644 827 675 Et
850 643 1037 683 promiserunt
1056 641 1084 689 se
1102 640 1245 679 facturos,

167 702 307 725 curaturos
323 693 356 723 &
372 697 567 730 procuraturos
582 685 662 725 quod
682 685 775 729 dicius
789 683 937 727 Dominus
956 681 1022 712 Rex
1037 678 1166 725 §astellae
1180 689 1246 724 om-

169 724 711 807 &tidfssssmssgapssoffibilffgsff'affingis
720 718 1246 803 pcessniiissiassnspss‘saesseassssssss,bigis

168 810 219 841 suo
236 811 265 840 in
281 794 413 848 p³endenti
427 806 568 843 sigillatas,
585 804 760 833 continentes
773 810 822 839 ea,
840 809 903 838 quse
917 808 947 828 in
963 797 1138 840 praesenribus
1149 796 1247 841 litteris

170 850 365 885 continentur,
380 846 435 876 sine
450 843 638 875 diminutione
674 849 845 877 uacumque:
865 839 898 869 &
914 836 990 881 quod
1005 834 1152 878 praedifitas
1169 834 1246 881 litte-

168 897 210 918 ras
223 887 329 917 tradent
343 885 472 922 gentibus
488 881 587 913 nostris
600 890 657 919 prae
679 878 736 909 ieta
751 876 910 908 Dominica
925 885 954 905 m
971 874 1199 913 quadragesima,
1215 883 1246 903 in

169 925 269 956 medio
293 924 390 954 Pontis
408 922 503 952 Fontis
524 919 632 958 rapidi,
651 919 700 949 ubi
723 925 896 956 congregare
917 914 944 945 se
969 913 1088 944 debent:
1115 913 1149 944 &
1167 911 1246 951 quod

170 964 261 995 dietus
278 963 420 993 Dominus
435 959 502 990 Rex
517 958 646 990 Casteuae
660 955 829 994 compellet,
847 954 892 984 seu
908 951 1043 991 compelli
1058 951 1161 990 faciet,
1183 951 1247 981 sub-

169 1002 243 1033 ditos
259 1002 319 1032 suos
333 1001 367 1030 ad
384 998 546 1030 faciendum
559 998 592 1028 δε
608 994 811 1033 complendum
825 993 922 1023 omnia
945 992 978 1023 &
999 990 1105 1029 singula
1128 989 1248 1029 supradi-

173 1042 233 1072 &az
253 1039 441 1071 Promiserunt
454 1038 539 1068 etiam
553 1035 632 1073 quod
645 1034 681 1064 ab
695 1033 746 1064 illis
758 1033 794 1063 de
809 1030 910 1062 Castro
923 1030 960 1061 de
971 1029 1126 1060 Ordealhes
1133 1029 1170 1061 de
1178 1029 1249 1060 San-

173 1080 223 1111 &o
239 1079 379 1117 Auderio,
396 1078 428 1108 δε
443 1076 479 1107 de
502 1074 629 1112 Laredo,
645 1072 789 1103 habebunt
813 1071 912 1101 litteras
933 1069 1077 1108 Parentes,
1095 1069 1126 1098 in
1148 1068 1250 1107 quibus

173 1118 325 1149 laudabunt
347 1117 379 1148 &
403 1114 601 1154 approbabunt
615 1112 712 1142 omnia
730 1111 763 1142 &
778 1109 884 1146 singula
906 1107 1078 1147 supradicta,
1096 1108 1130 1139 &
1150 1107 1250 1139 litteras

173 1158 229 1188 illas
245 1156 352 1187 tradent
367 1156 496 1194 gentibus
511 1151 608 1184 nostris
621 1150 667 1180 die
681 1150 715 1180 &
729 1149 799 1179 loco
813 1147 969 1191 praediffis:

213 1195 248 1227 Et
263 1205 315 1226 nos
329 1205 359 1224 ea
375 1194 472 1224 omnia
487 1192 519 1223 δε
532 1188 637 1228 singula
652 1186 787 1227 praedieia
799 1187 900 1218 servari
914 1185 1051 1217 faciemus
1065 1194 1114 1223 pei·
1129 1183 1252 1215 subditos

175 1234 284 1266 nostros
292 1257 303 1274 ,
321 1234 354 1265 &
370 1232 403 1263 ad
417 1233 480 1262 haec
494 1228 716 1268 compellemus,
734 1226 779 1258 seu
791 1224 927 1264 compelli
940 1224 1093 1263 faciemus,
1111 1224 1233 1255 eosdem.

240 1322 346 1353 Enores
361 1330 430 1350 vero
446 1318 584 1349 dictarum
599 1316 838 1347 procurationum
854 1313 918 1344 tales
929 1313 1009 1351 sunt,

177 1330 236 1393 T
277 1360 426 1392 Noverint
446 1356 584 1395 universi,
609 1355 755 1393 praesentes
776 1353 876 1384 litteras
897 1351 1066 1390 inspecturi,
1089 1349 1165 1390 quod
1186 1360 1255 1389 nos,

181 1398 421 1437 Fernandus,Dei
437 1396 544 1434 gratia,
562 1394 709 1432 Castellae,
728 1392 878 1433 Legionis,
894 1391 1007 1430 Toleti,
1025 1389 1165 1428 Galetiae,
1182 1389 1258 1421 Sibi-

179 1441 241 1478 liae,
260 1438 420 1473 Corduuae,
438 1434 580 1472 Murciae,
601 1433 708 1463 Gihen.
730 1431 764 1462 &
785 1430 913 1467 Algarbii
929 1429 992 1460 Rex
1041 1439 1074 1460 ac
1094 1428 1256 1460 Comitatus

181 1478 302 1510 Molinae
326 1475 486 1511 Dominus,
512 1473 629 1503 facimus
673 1469 886 1507 constituimus,
912 1469 945 1500 ὃ(
962 1452 1122 1499 ordinamus
1145 1466 1257 1498 nostros

180 1528 277 1555 veros,
296 1524 403 1551 certos,
422 1513 455 1544 δε
470 1512 616 1549 legitimos
631 1494 845 1552 Procuratores,
863 1507 999 1545 lictores,
1017 1506 1191 1538 &Nuncios
1198 1505 1259 1545 spe-

181 1556 282 1595 ciales,
299 1554 432 1585 discretos
446 1551 523 1582 vii—os
531 1572 541 1589 ,
555 1549 716 1588 Johannem
732 1546 838 1577 Didaci
852 1546 887 1577 de
902 1545 1070 1577 Galdafairia
1083 1545 1209 1576 Militem
1223 1545 1258 1576 &

183 1594 321 1625 Vasallum
335 1591 480 1628 nostrum,
498 1590 531 1620 &
552 1587 727 1618 Fernandum
743 1585 910 1616 Gundisalvi
924 1585 960 1616 de
981 1585 1055 1615 Frias
1078 1584 1257 1616 Familiarem

183 1633 310 1664 nostrum
346 1631 380 1662 &
396 1628 549 1668 quemlibet
564 1636 664 1657 eorum
681 1626 711 1656 in
723 1624 863 1663 solidum,
881 1625 918 1654 ita
934 1623 1009 1662 quod
1018 1623 1260 1662 occupantiscon-

182 1655 370 1742 dinoscmglior
383 1678 443 1699 non
455 1666 565 1705 existat,
585 1666 618 1697 &
626 1688 636 1704 ,
653 1664 731 1704 quod
744 1673 814 1694 unus
828 1664 980 1703 inceperit,
997 1662 1064 1694 alter
1074 1661 1205 1702 prosequi
1211 1672 1261 1693 va-

195 1719 238 1742 eat
321 1718 380 1740 nire

223 1749 268 1781 Ad
290 1731 488 1785 tractandum,
504 1741 714 1780 ordinandum,
730 1740 893 1772 faciendum
907 1764 917 1780 ,
943 1741 976 1772 δε
996 1739 1164 1771 firmandum
1178 1763 1188 1779 ,
1228 1749 1261 1770 ro

187 1789 271 1820 nobis
285 1788 319 1819 &
334 1786 452 1817 nomine
465 1783 580 1822 nostr0,
597 1791 630 1812 ac
647 1779 956 1824 nomine-subditorum
971 1778 1136 1810 noſtrorum
1151 1778 1188 1809 de
1202 1749 1262 1809 ga-

189 1827 246 1858 stro
261 1826 297 1857 de
311 1824 460 1862 Ordealoe,
476 1823 512 1853 de
532 1821 638 1852 Sancto
653 1819 816 1858 Emere-no,
833 1818 869 1849 de
891 1818 1020 1858 Laredo,
1037 1818 1070 1849 &
1093 1827 1264 1849 caeterorum

189 1866 322 1897 locorum
343 1864 468 1894 Domini
483 1861 589 1898 nostri,
607 1868 726 1897 pacem,
745 1857 951 1895 concordiam,
968 1858 1002 1889 &
1023 1856 1264 1895 compositionem

190 1915 260 1936 cum
275 1902 438 1934 hominibus
451 1899 580 1931 Civitatis
595 1898 724 1936 Baionae,
741 1896 775 1927 &
790 1896 910 1926 aliorum
924 1897 1055 1927 locorum
1077 1896 1211 1926 omnium
1228 1894 1267 1926 de

191 1943 337 1974 Dominio
352 1939 458 1971 illustris
480 1938 618 1976 Principis
639 1936 765 1966 Domini
782 1934 931 1973 Edwardi,
949 1934 1006 1966 Dei
1032 1933 1138 1974 gratia,
1156 1933 1267 1964 illustris

193 1981 286 2018 Regis
303 1980 433 2018 Angliae,
451 1977 579 2008 Domini
593 1975 740 2006 Hiberniae
773 1983 807 2005 ac
831 1973 993 2012 Aquitaniae
1007 1972 1116 2012 Ducis,
1133 1971 1267 2003 carissimi

192 2019 337 2052 Avunculi
353 2017 459 2056 nostri,
476 2016 512 2046 de
533 2015 617 2046 omni
637 2013 729 2044 discor
750 2011 797 2051 ia,
816 2011 861 2043 seu
882 2011 960 2050 super
983 2012 1118 2043 omnibus
1138 2011 1269 2049 dampnis

191 2060 226 2091 &
248 2059 370 2096 injuriis,
387 2057 454 2087 hinc
477 2054 544 2086 inde
563 2053 647 2092 datis,
672 2053 809 2091 receptis,
827 2051 861 2083 &
881 2050 961 2083 saetis
982 2051 1053 2082 olim
1075 2061 1124 2090 per
1137 2050 1270 2081 homines

190 2098 357 2131 antedictos·

230 2135 266 2167 Et
279 2135 314 2166 ad
329 2119 428 2165 cz'etera
441 2131 602 2163 faciendum
611 2154 621 2169 ,
639 2128 818 2161 tractandum
827 2151 837 2168 ,
854 2129 888 2160 δε
902 2127 1074 2160 firmandum
1089 2128 1210 2159 nomine
1224 2126 1269 2158 su-

191 2174 338 2215 pradidm,
355 2173 414 2203 tam
427 2181 497 2202 cum
511 2169 606 2201 illustri
622 2168 708 2205 Rege
724 2167 861 2206 praefato,
884 2166 928 2198 seu
947 2166 1170 2207 quibuscumque
1194 2165 1270 2197 Pro-

194 2213 368 2245 curatoribus
381 2210 449 2249 suis,
467 2208 500 2240 ad
515 2209 579 2239 haec
593 2208 746 2246 specialiter
761 2206 913 2244 deputatis,
929 2206 975 2237 seu
990 2206 1075 2238 etiarn
1090 2204 1272 2244 deputandis,

197 2253 282 2291 quam
299 2261 367 2282 cum
383 2249 503 2288 praefatis
518 2247 682 2278 hominibus
697 2246 733 2276 de
748 2244 868 2283 Baiona,
886 2245 920 2276 &
942 2245 1000 2275 aliis
1020 2245 1153 2275 omnibus
1174 2242 1273 2283 Regni

198 2292 232 2324 &
248 2289 383 2321 Dominii
396 2287 558 2327 sui‚omnia
571 2286 604 2316 &
620 2285 726 2322 singula
740 2293 803 2322 quae
818 2283 898 2321 super
914 2283 1076 2322 praemissis,
1096 2283 1130 2314 &
1147 2282 1273 2321 praemis-

197 2331 291 2362 sorum
314 2327 458 2367 quolibet,
476 2325 521 2356 vel
536 2324 714 2361 tangentibus
737 2332 854 2361 quoquo
872 2322 961 2352 modo
981 2320 1141 2361 praemissa,
1155 2321 1201 2352 seu
1221 2321 1272 2352 ali-

198 2367 276 2408 quod
293 2365 515 2406 praemissorum,
532 2362 682 2394 neceffiria
695 2362 800 2393 fuerint
814 2360 860 2392 seu
872 2362 957 2391 etiam
970 2368 1126 2400 oportuna,

239 2406 347 2437 Dantes
361 2405 395 2436 &
409 2402 597 2435 concedentes
611 2401 713 2432 eisdem
734 2399 963 2431 Procuratoribus
983 2399 1102 2439 nostris,
1119 2400 1154 2431 δε
1176 2409 1275 2431 eorum

199 2445 334 2484 cuilibet,
352 2452 382 2475 ut
396 2442 438 2474 est
452 2441 580 2479 dietum,
596 2439 632 2471 ad
646 2439 784 2478 praediista
796 2440 830 2470 ὃς
844 2447 945 2469 eorum
961 2438 1127 2477 quodlibet,
1144 2437 1277 2478 plenam,

199 2485 331 2521 liberam,
348 2483 381 2514 &
396 2479 594 2512 omnimodam
609 2477 774 2518 potestatem
784 2501 793 2517 ,
811 2478 845 2509 &
860 2477 987 2518 generale
1000 2476 1183 2517 mandatum,

240 2524 284 2555 Ac
299 2523 384 2553 etiam
399 2521 608 2560 promittentes,
634 2519 751 2548 nomine
766 2526 823 2556 quo
835 2516 913 2554 supra
946 2525 998 2547 nos
1015 2515 1148 2555 firmum,
1167 2524 1276 2556 ratum,

199 2563 235 2595 &
250 2570 361 2600 gratum
374 2560 477 2591 habere
490 2567 625 2597 perpetuo
638 2557 672 2589 ὃς
685 2565 779 2587 tenere
790 2556 904 2595 quicqui
947 2565 996 2594 pet
1012 2554 1143 2593 praefatos
1167 2553 1276 2587 Procu-

200 2605 304 2633 ratores
325 2598 452 2636 nostroe,
467 2597 513 2628 vel
536 2606 635 2628 eorum
654 2595 788 2632 alterum,
813 2593 930 2631 aCtum,
955 2592 1086 2633 gestum,
1109 2593 1278 2633 traditarum,

200 2639 343 2671 firmatum
355 2638 389 2669 &
402 2644 581 2676 procuratum
597 2635 679 2666 fuerit
694 2636 723 2664 in
737 2632 903 2672 praemfflss,
919 2633 954 2664 &
967 2632 1094 2671 quolibet
1107 2642 1225 2671 eorum,
1242 2633 1278 2664 &

202 2687 346 2716 nunquam
361 2687 409 2715 per
422 2685 491 2713 nos,
508 2682 553 2706 aut
568 2684 616 2712 per
628 2673 756 2711 praefatos
769 2671 901 2703 homines
916 2670 1042 2709 nostros,
1060 2671 1107 2702 vel
1117 2681 1218 2703 eorum
1226 2671 1278 2703 ali-

202 2726 289 2758 quem
306 2724 403 2746 contra
416 2715 528 2752 facere,
544 2712 590 2744 vel
604 2713 711 2743 venire.

240 2754 276 2786 In
288 2755 366 2793 cujus
379 2754 419 2784 rei
434 2751 649 2784 Testimonium
662 2751 696 2782 &
712 2748 798 2781 fidem
813 2749 958 2788 praesentes
976 2748 1075 2780 litteras
1087 2747 1146 2780 fieri
1161 2748 1281 2781 manda-

203 2795 313 2831 vimus,
331 2794 364 2824 ὃς
379 2791 466 2822 nostri
479 2790 625 2829 pendentis
639 2789 720 2827 sigilli
737 2789 841 2820 robore
855 2788 1042 2820 communiri.

244 2832 352 2863 Αᾶυῑη
367 2831 401 2862 &
417 2830 527 2861 Datum
544 2828 660 2866 Toleti,
679 2828 767 2859 Anno
788 2826 951 2858 Nativitatis
974 2825 1099 2857 Domini
1114 2824 1278 2866 Milesirno‚

206 2868 450 2908 Trescentesimo,
467 2868 577 2899 Nono:
595 2867 643 2898 die
658 2868 758 2906 quinto
772 2865 888 2896 decimo
902 2864 1015 2905 Aprilis.

247 2908 309 2939 *Et
325 2920 341 2940 e
364 2919 384 2939 ο
402 2906 542 2946 Magister
560 2906 719 2938 Armannus
734 2905 769 2936 de
783 2903 946 2944 Cremona,
964 2903 1001 2935 de
1017 2901 1152 2935 mandato
1171 2902 1282 2943 speciali

210 2946 335 2978 Domini
343 2919 455 2985 Regis,
473 2945 576 2984 scripfi.

210 3033 423 3104 MAgnifico
435 3033 580 3071 principi,
597 3032 631 3076 ὃς
644 3041 743 3077 eorum
758 3030 896 3076 Domino
903 3029 1064 3076 karissimo,
1080 3029 1284 3062 NaturaliDo-

234 3113 240 3118 υ
305 3083 387 3103 mino
400 3072 557 3118 Edwardo,
576 3070 632 3115 Dei
647 3070 750 3115 gratia,
769 3070 850 3107 Regi
871 3070 919 3103 An
939 3069 1002 3109 liae,
1021 3069 1156 3100 Domino
1176 3068 1287 3101 Hiber-

210 3110 429 3188 ἳέἒείῗὲοῗὲῗ
437 3111 494 3187 1³21}
506 3108 711 3187 ὲῖᾝὶὲἰέιὲ
709 3119 790 3179 ’ἕᾶἓὲ
823 3118 891 3140 “¹²³

213 3189 372 3220 inclinatos.

254 3227 435 3271 Excellentiae
451 3223 570 3270 Yest‘sae2
586 3233 637 3263 per
649 3224 792 3263 praesent&
803 3225 920 3265 litteras,
937 3223 1129 3263 significamus
1141 3224 1219 3264 quod
1239 3234 1291 3257 nos

216 3266 355 3304 facimuS,
372 3263 584 3300 constltmmus‚
598 3264 632 3294 &
645 3265 732 3294 etiam
747 3264 911 3295 ordinamus
931 3263 1041 3295 nostros
1061 3273 1141 3296 veros
1176 3264 1210 3295 &
1230 3274 1292 3295 cer-

218 3313 261 3336 tos
274 3304 489 3348 ProcuratoreS,
508 3304 542 3333 &
557 3301 693 3332 Nuncios
709 3302 856 3342 speciales,
872 3303 1004 3334 discretos
1026 3304 1119 3341 viros,
1143 3286 1294 3341 Reymun-

218 3343 288 3374 dum
304 3342 434 3374 Durandi
449 3341 485 3372 de
498 3340 589 3379 Villa,
607 3341 642 3371 &
658 3340 812 3372 Amaldum
822 3341 858 3372 de
873 3341 972 3372 Meuta
981 3364 991 3380 ,
1007 3340 1154 3373 Concives
1167 3341 1294 3381 nostrOS,

219 3381 397 3421 praesentium
411 3381 596 3418 exhibitores,
613 3378 768 3417 quemlibet
783 3389 881 3409 eorum
893 3381 922 3410 in
937 3380 1075 3418 solidum,
1093 3381 1131 3410 ita
1164 3380 1221 3411 uod
1234 3390 1294 3412 non

218 3421 251 3451 sit
258 3421 365 3489 gelior
379 3418 511 3451 conditio
523 3418 704 3459 occupantis,
720 3427 820 3448 coram
832 3417 1011 3450 Sereniffima
1023 3417 1122 3458 Regia
1188 3418 1294 3457 gestate

219 3468 257 3489 ve
295 3469 318 3489 a.

263 3496 310 3528 Ad
324 3496 503 3528 &adrandum
525 3495 562 3526 de
577 3494 776 3526 reformatione
798 3495 874 3533 pacis
895 3494 930 3526 &
950 3494 1095 3535 Treugae,
1112 3494 1234 3527 iniendae
1250 3495 1296 3529 seu

222 3533 361 3566 faciendae
374 3546 444 3566 cum
457 3534 687 3565 Procuratoribus
697 3532 927 3564 Excellentissimi
940 3532 1096 3573 Principis,
1104 3534 1231 3566 Domini
1238 3534 1298 3567 Re-

224 3574 269 3610 gis
284 3572 429 3612 Castellae,
446 3573 480 3604 &
496 3583 563 3603 cum
578 3572 809 3603 Procuratoribus
824 3571 860 3602 de
880 3571 981 3603 Castro
996 3572 1161 3612 Durdiales,
1175 3572 1213 3605 de
1227 3572 1298 3605 San-

225 3611 278 3642 ἂο
295 3611 436 3650 Audeno,
461 3612 496 3642 &
519 3612 555 3642 de
572 3610 702 3649 Leredo,
718 3611 753 3641 &
778 3609 1004 3649 quibuscumque
1022 3613 1081 3642 aliis
1100 3612 1236 3651 personiS,
1263 3613 1299 3645 ad

228 3650 286 3681 hoc
302 3650 463 3680 mandatum
476 3649 520 3680 seu
537 3650 703 3688 potestatem
716 3649 903 3688 habentibus,
920 3659 1035 3682 necnon
1051 3651 1136 3683 etiam
1156 3660 1226 3681 cum
1241 3650 1300 3682 aliis

228 3688 359 3725 gentibus
374 3687 473 3725 Regni
489 3688 612 3719 Domini
625 3687 718 3724 Regis
731 3686 877 3718 Castellae:

269 3725 374 3769 Dantes
395 3726 428 3756 δε
443 3727 630 3757 concedentes
648 3726 731 3757 distis
752 3725 984 3758 Procuratoribus
1004 3726 1120 3767 nostris,
1136 3728 1172 3759 &
1195 3736 1296 3760 eorum

230 3764 344 3807 cuilibet
361 3765 391 3794 in
405 3764 544 3805 solidum,
559 3765 671 3803 plenam
685 3765 720 3795 &
736 3764 855 3795 liberam
875 3766 1040 3803 potestatem
1063 3766 1184 3804 agendi,
1200 3766 1300 3798 defen-

232 3799 315 3844 dendi
329 3825 340 3840 ,
359 3803 532 3847 excipiendi,
557 3803 713 3841 probandi,
737 3802 895 3841 recusandi,
913 3805 1068 3844 metandi,
1086 3806 1300 3844 componendi,

234 3838 416 3882 pacificandi,
432 3851 533 3884 pacem
548 3842 594 3872 seu
608 3850 716 3879 treugas
729 3841 853 3880 iniendi,
869 3842 904 3872 &
918 3843 1056 3874 arbitrum
1066 3843 1113 3875 seu
1120 3843 1236 3874 arbitros
1249 3844 1301 3875 eli·

235 3876 339 3920 gendi,
356 3878 388 3908 &
403 3881 433 3909 in
449 3881 540 3917 ipsum
553 3880 600 3911 vel
614 3890 662 3911 eos
675 3880 928 3917 compromittendi
940 3881 1025 3912 semel
1037 3882 1082 3913 vel
1096 3882 1195 3920 pluries
1227 3892 1301 3921 quo-

237 3914 429 3953 tienscumque
441 3918 474 3948 &
487 3918 662 3961 ubicumque
676 3919 738 3962 ipsis
744 3919 790 3949 vel
795 3928 894 3949 eorum
908 3918 984 3950 alteri
996 3920 1089 3952 visum
1102 3920 1184 3951 fuerit
1193 3904 1300 3952 sacien-

239 3952 329 3997 dum,
348 3954 582 4000 comproiruffum
589 3957 690 3995 poena,
705 3966 883 3997 juramento,
897 3957 943 3989 vel
960 3959 1024 3990 alias
1038 3958 1174 3998 vallandi,
1190 3959 1300 3998 quitan-

241 3991 287 4031 ὼ,
305 3991 487 4032 transigendi,
503 3993 716 4027 instrumentum
734 3995 780 4028 seu
793 3996 976 4030 instrumenta
993 3998 1172 4038 quietationis
1191 4007 1299 4031 conoe-

960 3107 1118 3140 Consilium
1132 3107 1188 3138 suae
1202 3107 1287 3140 Civi-

823 3149 920 3188 egioe,
937 3157 1009 3179 cum
1031 3147 1129 3186 salute,
1147 3146 1287 3181 humiliter

603 69 1867 140 CONVENTIONE8‚L1TERAE,

14 198 90 230 Ann.
104 195 143 226 D.
156 194 316 226 dileetionis
329 192 362 223 δε
372 186 637 224 consanguinitatis,

652 182 728 221 quod
744 181 785 213 est
801 183 871 212 inter
884 180 996 212 dietum
1004 179 1169 210 Dominum
1178 175 1241 209 Re-
1278 172 1383 213 dendi,
1403 175 1438 206 &
1452 175 1567 214 paetum
1583 176 1620 208 de
1634 188 1692 208 non
1705 177 1828 216 petendo
1848 176 1961 208 ulterius
1975 175 2063 208 nostri
2075 177 2196 210 nomine
2214 175 2356 208 faciendi,
2366 170 2443 204 Ann-
2456 167 2501 202 D·

37 246 48 266 1
56 245 119 276 309.

1273 211 1392 258 Jurandi
1411 214 1549 252 siquidem
1565 215 1595 245 in
1612 215 1728 247 Animas
1746 216 1851 247 nostras
1872 216 1908 246 de
1923 214 2111 256 Calumpnia,
2130 216 2166 248 δε
2180 216 2218 247 de
2241 217 2356 247 veritate
2395 218 2483 250 ¹309·

1276 250 1412 296 dicendi,
1431 253 1465 284 &
1482 253 1628 298 quodlibet
1641 254 1714 285 aliud
1726 255 1920 293 juramentum
1936 253 2103 294 praestandi,
2119 255 2308 294 impetrandi,
2319 257 2355 289 δε
2368 250 2484 279 Est*-

1279 291 1513 330 contradicendi,
1531 292 1565 322 &
1580 294 1662 334 omni
1673 292 1725 324 alia
1741 294 1775 324 &
1789 292 1891 332 singula
1903 291 2045 332 faciendi,
2063 303 2127 332 quae
2141 295 2217 325 circa
2230 295 2356 334 praemis·

1278 328 1306 358 sa
1326 329 1360 359 &
1375 329 1483 367 singula
1498 331 1648 362 necessaria
1663 331 1766 363 fuerint
1781 332 1815 362 δε
1827 332 1915 362 etiam
1928 339 2082 371 oportuna,
2100 332 2135 363 &
2157 342 2222 371 quae
2239 343 2292 364 nos
2312 333 2355 365 fa-

1280 376 1410 414 ceremus
1426 369 1460 399 &
1480 368 1574 399 facere
1587 378 1746 401 teneremur
1761 370 1794 400 ὃς
1810 369 1995 408 deberemus,
2014 370 2034 400 fi
2055 370 2198 408 praesentes
2218 371 2361 413 essemus,

1281 415 1342 436 non
1354 406 1445 452 solum
1460 417 1510 446 ea,
1527 418 1592 445 quae
1606 408 1655 439 sub
1669 409 1780 447 speciali
1797 408 1947 446 mandato,
1961 407 2008 439 seu
2028 408 2145 440 clausula
2167 411 2358 449 comprehen-
2416 405 2423 414 ⁸

1282 444 1401 484 dentur,
1413 455 1513 490 'immo
1528 447 1613 477 etiam
1628 446 1672 478 illa
1685 458 1748 486 quae
1763 447 1813 477 sub
1829 446 1959 485 generali.

1318 483 1520 529 Prornittentes
1537 495 1590 515 nos
1610 494 1699 516 ratum
1715 485 1879 517 &firmum
1900 486 2037 523 perpetuo
2055 485 2197 518 habituros
2220 488 2360 528 quicquid

1282 532 1333 561 per
1353 522 1446 566 dietos
1467 522 1669 554 Procuratores
1683 524 1809 561 nostros,
1826 524 1871 555 vel
1892 534 1991 554 eorum
2003 524 2120 555 alterurn
2142 525 2172 555 in
2192 526 2341 564 praemiffis

1283 562 1319 593 ὅ(
1334 560 1474 599 praerriifla
1485 563 1681 602 tangentibus,
1700 563 1809 601 airum,
1828 562 2079 601 procuratum,vel
2093 562 2158 594 alias
2168 573 2287 634 quoflilrso
2294 550 2363 597 moi

1283 601 1325 631 do
1340 600 1421 631 flierit
1443 600 1606 645 ordinatum
1616 611 1625 646 :¹
1639 601 1858 646 judicatumque
1878 601 1967 640 solvi,
1984 611 2054 632 cum
2075 601 2128 633 suis
2149 602 2229 634 claus
2253 604 2258 610 '
2280 627 2291 644 ,
2308 604 2362 636 sub

1285 641 1429 671 bonorum
1444 648 1575 670 omnium
1588 639 1719 671 vartatis
1732 640 1844 671 Baionae
1856 640 2041 678 obligatione.

1322 677 1491 722 Relevantes
1505 678 1706 709 nichilominus
1728 678 1823 709 dictos
1838 677 2032 709 Procuratores
2052 678 2182 720 nostros,
2202 681 2237 713 δε
2258 689 2364 714 eorum

1286 717 1443 756 quemlibet
1458 716 1495 746 ab
1507 718 1591 747 omni
1612 727 1700 748 onere
1715 716 1877 756 satisdandi3
1893 716 2102 749 Constituentffi
2120 729 2190 758 nos,
2206 729 2260 758 pro
2280 720 2366 752 nobis

1286 758 1320 788 &
1335 755 1554 786 Communitate
1568 756 1656 786 dietae
1674 755 1821 794 Civitatis,
1838 754 2008 793 Principales
2023 755 2057 786 δε
2071 756 2264 796 Fidejussores.

1324 794 1359 825 Et
1373 794 1438 824 haec
1451 795 1549 824 omnia
1564 795 1598 825 ὅ(
1612 794 1718 831 singula
1732 794 1812 825 dieto
1826 793 1963 824 Domino
1984 794 2080 825 nostro
2095 795 2192 836 Regi,
2211 797 2246 829 &
2265 798 2366 829 omni-

1287 834 1338 864 bus
1353 832 1426 870 aliis,
1444 842 1565 876 quorum
1579 832 1706 870 interest,
1722 834 1756 864 &
1771 831 1899 863 interesse
1907 831 1998 871 potest
2012 833 2046 864 &
2061 833 2145 864 debet
2150 857 2161 873 ,
2178 835 2365 875 significamus

1288 882 1337 910 per
1351 870 1495 910 praesentes
1505 871 1606 901 litteras
1614 894 1624 910 ,
1642 870 1733 908 sigillo
1739 870 1927 902 Communi-ae
1939 870 2042 901 nostrae
2051 870 2181 904 Civitatis
2191 875 2224 904 in
2237 874 2365 914 penden-

1288 912 1310 942 ti
1325 909 1467 949 sigillatas,
1484 910 1514 939 in
1530 908 1728 941 testimonium
1741 911 1872 941 omnium
1887 908 2100 949 praemifforum.

1290 986 1553 1059 ςαῖἒέἱὲῃξωὲῐὲῗό
1569 987 1614 1018 16.
1628 987 1676 1019 die
1689 986 1797 1019 Mensis
1803 986 1890 1027 Julii,
1904 997 1981 1018 anno
1988 985 2115 1019 Domini
2127 987 2370 1023 MillefiinoTre-

1328 1103 1403 1135 Data
1424 1103 1497 1142 apud
1517 1102 1644 1135 Westrn.
1671 1111 1718 1143 14.
1735 1102 1782 1134 die
1796 1103 1904 1135 Mensis
1920 1102 2092 1142 Septembris
2141 1112 2217 1136 anno
2241 1104 2370 1138 Domini

1292 1142 1466 1182 Millesimo,
1482 1142 1715 1182 Trecentesimo,
1733 1141 1844 1182 Nono,
1860 1142 1960 1181 Regni
1973 1145 2045 1174 vero
2060 1126 2151 1174 nostri
2164 1144 2278 1176 Tertio.

1296 1273 1346 1307 De
1367 1271 1550 1318 Templariis
1570 1268 1615 1304 ad
1638 1269 1762 1316 diversit
1783 1269 1865 1313 loca,
1891 1278 1927 1302 ut
1949 1271 2180 1314 examinentur,
2203 1269 2372 1307 mittendis.

1297 1359 1418 1418 REX
1436 1359 1617 1392 Vicecomiti
1632 1359 1748 1399 Kantii,
1764 1358 1887 1390 salutem.
2385 1357 2513 1393 Amo.

1362 1439 1367 1445 ⁸
1388 1399 1470 1431 Cum
1482 1399 1625 1431 Dominus
1748 1397 1882 1430 Summus
1903 1397 2038 1429 Pontifex
2062 1406 2153 1430 certos
2174 1397 2351 1438 Inqnifitores
2363 1424 2375 1442 ,
2406 1407 2494 1438 1309.

1297 1437 1344 1506 ssd
1359 1438 1559 1478 inquirendum
1572 1436 1808 1469 contraordinem
1815 1436 2105 1476 Templariorum,&
2119 1445 2220 1469 contra
2226 1437 2374 1476 Magnum
2389 1441 2442 1467 An.
2456 1446 2487 1478 3.

1323 1486 1509 1517 raeceprorem
1529 1476 1652 1516 ejusdem
1668 1475 1787 1507 Ordinis
1806 1476 1837 1506 in
1852 1475 1960 1513 Regno
1982 1475 2080 1506 nostro
2093 1475 2217 1519 'Angliae
2238 1477 2375 1510 constitu·
2389 1480 2418 1504 Ε-
2435 1485 2462 1504 2-

1299 1524 1380 1562 tum,
1398 1526 1511 1562 necnon
1532 1524 1633 1560 contra
1647 1514 1795 1560 singulares
1809 1513 1939 1553 personas
1951 1513 2070 1559 Ordinis
2079 1513 2162 1561 Aillius
2199 1515 2278 1554 super
2290 1518 2375 1549 certis
2387 1513 2475 1552 olaus.
2494 1516 2525 1550 3:

1300 1554 1450 1594 Articulis,
1467 1554 1530 1593 ipsis
1543 1553 1754 1593 Inquisitoribus
1768 1553 1818 1584 sub
1834 1552 1861 1583 A
1883 1552 2004 1584 ostolica
2016 1552 2093 1584 Bulla
2107 1537 2182 1584 miss

1301 1595 1402 1633 quibus
1418 1596 1458 1625 eis
1471 1593 1612 1625 videbitur
1626 1592 1767 1632 expedire)
1782 1593 1843 1631 jam
1876 1593 1964 1623 uxerit
1977 1591 2169 1630 assignandos·

1338 1633 1410 1664 Tibi
1431 1633 1617 1677 praecipimus
1658 1631 1717 1663 uod
1743 1641 1843 1676 omnes
1855 1630 2037 1669 Templarios
2060 1631 2091 1662 in
2115 1616 2222 1663 Balliva
2236 1631 2304 1673 tui,
2328 1635 2379 1673 qui

1301 1673 1432 1703 nondum
1454 1680 1529 1710 capti
1549 1670 1627 1708 sunt,
1656 1682 1700 1702 ine
1722 1669 1855 1701 dilatione
1878 1670 1988 1708 capias,
2005 1669 2039 1701 &
2056 1679 2120 1708 008,
2143 1671 2200 1702 una
2216 1680 2285 1702 cum
2309 1672 2382 1713 illis,

1303 1713 1356 1751 qui
1375 1711 1457 1750 alias,
1474 1710 1510 1741 ad
1524 1709 1686 1741 mandatum
1700 1708 1845 1748 nostrum,
1862 1709 1893 1738 in
1909 1707 2009 1739 eadem
2028 1707 2134 1739 Balliva
2154 1709 2202 1740 tui
2221 1710 2296 1749 mpti
2316 1709 2382 1747 fueq

2173 1563 2212 1594 is,
2228 1553 2376 1588 &aliisde
2389 1557 2421 1582 Ε.
2440 1562 2469 1583 2.
2486 1560 2529 1586 n,

2395 1600 2441 1621 21.

1304 1758 1385 1788 runt,
1402 1749 1481 1781 salvo
1495 1750 1529 1781 &
1543 1748 1638 1779 secure
1652 1747 1785 1779 London.
1800 1747 1868 1778 duci
1882 1745 1984 1785 facias,
2002 1745 2058 1778 sine
2073 1746 2177 1787 mora,
2194 1745 2384 1783 Constabula-

1305 1791 1350 1820 rio
1363 1789 1466 1820 Turris
1481 1788 1584 1819 nostrae
1598 1786 1705 1818 ibidem
1722 1785 1893 1817 liberandos:

1344 1826 1404 1859 Cui
1418 1826 1612 1858 mandavimus
1627 1825 1704 1869 quod
1719 1825 1791 1864 ipsos
1803 1835 1818 1856 a
1834 1832 1862 1855 te
1877 1824 2011 1870 recipiat,
2027 1824 2062 1856 &
2075 1824 2202 1856 inTurri
2212 1824 2385 1867 nostram-2⁴

1308 1866 1387 1900 dieta
1402 1866 1558 1904 custodiat,
1572 1873 1656 1903 prout
1669 1865 1718 1895 libi
1733 1874 1783 1902 per
1796 1873 1847 1894 nos
1862 1862 1969 1901 plenius
1981 1862 2022 1893 est
2036 1863 2208 1901 injunctum.

1345 1904 1434 1938 Teste
1446 1904 1528 1945 Rege
1546 1902 1620 1945 apud
1637 1902 1764 1935 Westm.
1781 1912 1827 1944 14.
1841 1901 1888 1933 die
1903 1901 2087 1940 Septembris.

1357 1981 1496 2015 *Eodem
1511 1981 1602 2014 modo
1616 1965 1783 2014 manditum
1796 1979 1838 2012 est
1850 1979 2082 2013 vicecomitibus
2093 1978 2264 2020 subscriptis,
2279 1981 2340 2014 viz.

2426 1986 2449 2007 ⁴¹⁵
2456 1984 2514 2015 111.·

1310 2058 1520 2090 Nerthumhriae
1527 2082 1537 2100 ,
1866 2056 2090 2096 Notinghamiae,
2441 2033 2509 2062 ⁵⁷4⁸

1309 2098 1445 2129 Cumbriae
1455 2121 1465 2137 ,
1866 2095 1981 2127 Derbiae
1989 2119 2000 2136 ‚

1312 2136 1542 2177 Wstmerlandiae
1549 2159 1559 2176 ,
1866 2134 1980 2173 Salapiae

1311 2175 1484 2216 Lancastriae
1491 2198 1502 2215 ,
1866 2157 2035 2212 stafforsiae.

1312 2214 1430 2245 Eboraci
1439 2237 1451 2254 ,

1352 2291 1446 2332 Qiod
1462 2290 1513 2330 ipsi
1525 2300 1624 2321 ornnes
1636 2288 1817 2328 Templarios
1830 2290 1861 2320 in
1875 2287 1987 2320 Banivis
2006 2287 2058 2319 suis
2091 2288 2141 2327 qui
2162 2288 2294 2322 nondum
2313 2292 2391 2331 oepti

1312 2331 1390 2370 sunt,
1407 2331 1464 2362 fine
1475 2329 1748 2374 dilationecapiant,
1766 2329 1800 2359 &
1809 2338 1886 2372 eos,
1901 2328 1956 2358 una
1969 2310 2097 2371 cumillis
2111 2327 2160 2366 qui
2166 2327 2250 2367 alias,
2265 2329 2299 2360 ad
2307 2339 2390 2362 man.

1314 2371 1411 2402 datum
1427 2369 1533 2407 Regis,
1550 2379 1580 2399 in
1595 2368 1700 2399 eisdem
1720 2365 1830 2398 Ballivis
1849 2366 1901 2397 suis
1920 2373 1996 2404 oepti
2010 2365 2139 2405 fuerunt,
2154 2365 2230 2398 salvo
2246 2367 2280 2398 δε
2294 2368 2392 2401 secure

1314 2409 1399 2449 usque
1414 2407 1582 2439 Eboracum
1595 2406 1664 2438 duci
1684 2406 1806 2445 faciant,
1822 2403 2041 2437 Conihbulario
2057 2402 2153 2437 Castri
2173 2403 2316 2447 Eboraci,
2332 2408 2392 2440 ibi-

1315 2448 1384 2481 dem
1399 2446 1575 2486 liberandos,
1591 2444 1653 2483 &c.
1668 2451 1700 2476 ut
1707 2442 1803 2485 fiapra.
2388 2444 2390 2446 ’

1353 2524 1445 2558 Teste
1461 2532 1493 2557 ut
1508 2524 1595 2564 supra.

1319 2606 1472 2643 Warwm,
1877 2597 2087 2638 Norbampton,

1320 2642 1480 2684 Leycestriae
1489 2665 1498 2680 ‚
1877 2635 2048 2668 Rotelandiae
2056 2659 2068 2676 ,

1321 2681 1505 2719 cantebrigiae
1513 2702 1525 2719 ‚
1877 2675 2030 2707 Lincolm'ae
2037 2698 2049 2715 ,

1322 2719 1506 2758 Huntingdon
1514 2741 1525 2758 ‚

1357 2797 1450 2839 Qod
1458 2795 1513 2867 &gi
1524 2804 1625 2827 omnes
1642 2791 1840 2839 Templarios,
1857 2798 1890 2838 up
1898 2789 1986 2838 [upra
2008 2788 2106 2835 ²usque
2126 2788 2309 2826 Lincolniam
2325 2791 2395 2827 duci

1319 2837 1441 2876 faciant,
1507 2834 1677 2867 nstabulario
1695 2832 1857 2864 Lincolniae
1871 2829 1982 2864 ibidem
2016 2827 2175 2870 beandos,
2189 2829 2252 2868 &a

1360 2913 1451 2948 Teste
1463 2922 1495 2946 ut
1506 2912 1596 2953 supra.

1327 2999 1500 3042 Glauce-stria
1508 3022 1519 3039 ,
1882 2992 2056 3034 Βειζβνᾶἰιζ

1330 3038 1514 3080 Sumersettiae
1521 3060 1533 3076 ‚
1883 3034 1975 3063 Bucks
1983 3055 1994 3071 ‚

1327 3078 1476 3118 Dorfettiae
1484 3100 1495 3116 ‚
1884 3070 2004 3111 Effl’xiae
2012 3093 2034 3117 ,-

1328 3119 1426 3150 Wltes
1433 3141 1444 3157 ‚
1463 3136 1468 3143 ·
1885 3111 1961 3140 Hert
1974 3109 2057 3155 ordia
2064 3132 2075 3148 ,

1330 3159 1484 3227 arza
1883 3108 2058 3226 sia

1331 3207 1511 3272 sZZZmpth
1520 3253 1533 3269 ‚
1885 3228 2006 3271 Surrilq,
2025 3209 2037 3224 ’
2112 3218 2114 3222 ’

1333 3276 1451 3306 Exoniae
1460 3294 1471 3311 ,
1886 3263 2016 3304 Suffixtae
2023 3286 2035 3302 ,

1333 3313 1441 3351 Berks,
1890 3301 2014 3334 London.

1409 3396 1468 3429 uod
1484 3393 1536 3435 ipfi
1548 3401 1647 3424 omnes
1660 3391 1738 3424 Tem
1758 3391 1839 3423 latios
1852 3392 1883 3422 in
1889 3389 1999 3422 Ballivis
2013 3387 2083 3427 suis,
2100 3385 2162 3423 &a
2179 3385 2265 3427 usque
2270 3385 2409 3424 tonderi,

1337 3438 1366 3472 C
1446 3434 1554 3467 bulario
1566 3432 1666 3464 Turris
1679 3441 1699 3472 p
1761 3430 1826 3467 'etae
1837 3430 1948 3463 ibidem
1959 3426 2137 3466 liberandos,
2154 3423 2215 3463 &a

1374 3513 1465 3548 Teste
1480 3520 1512 3545 ut
1527 3509 1612 3551 supra.

1376 3601 1416 3634 Et
1427 3598 1591 3633 mandatum
1604 3596 1653 3628 est'
1661 3595 1878 3628 Constabulario
1893 3595 1930 3628 de
1950 3593 2150 3633 Marleberge3
2166 3599 2221 3632 pro
2227 3588 2356 3625 waltero
2368 3587 2406 3622 de

1338 3640 1454 3673 Roucle
1464 3636 1647 3676 Templario,
1662 3635 1804 3668 mittendo
1816 3635 1903 3668 Turri
1915 3633 2069 3674 praedietae.

1374 3725 1464 3760 Teste
1477 3723 1563 3763 Rege
1575 3721 1650 3763 apud
1662 3720 1968 3762 Westmonasterium,
1988 3719 2035 3754 18.
2049 3719 2097 3754 die
2111 3714 2261 3753 Februarii·
