2560 4261
8 399 102 432 [108-

0 590 55 612 inn.
69 578 110 609 D.

0 618 85 656 1198.
127 645 130 648 .

0 660 103 686 l.10.R.

0 2327 40 2355 Ἰ.
56 2333 118 2360 ¹09·

0 2495 121 2527 AnnD.

23 2545 106 2574 1199.

0 2577 28 2602 Α.
41 2579 117 2603 10.R.

108 4015 124 4030 v„
161 3997 225 4017 mus
243 3989 336 4026 (dante
355 3992 500 4028 Domino)
521 3990 716 4022 inviolabiliter
735 3992 884 4023 observari.
909 3992 941 4023 D

695 216 805 259 ET
890 215 1157 260 ACTA

125 388 152 416 ἢ*
178 393 261 435 Papa
279 391 379 421 Innoc.
408 398 438 430 3.
464 385 595 418 Ricardo
611 390 684 432 Regi
700 388 836 433 Angliae‚·
860 397 894 419 ut
911 399 970 433 quae
990 385 1095 419 ablata
1106 386 1180 432 simt

169 436 208 471 ab
227 435 448 480 Archiqoifiopo
469 436 614 467 Cantuar.
643 433 837 477 restituantur
859 434 1019 468 monachis
1032 435 1097 478 fine
1118 435 1178 467 ullo

168 489 254 532 Regis
271 482 484 531 impedimento.

127 569 243 631 INter
257 569 307 600 alia
322 593 331 606 ,
348 577 412 606 quae
427 578 479 599 nos
493 568 641 599 hortantur
656 568 821 599 celsitudinis
835 569 937 607 Regiae
953 569 1036 600 titulis
1051 578 1178 606 congau-

174 607 241 638 dere
253 633 262 647 ,
289 607 355 638 illud
377 616 511 646 tanquam
533 607 697 638 memoriale
710 633 719 646 ,
745 609 807 644 quia
822 609 968 644 personam
983 616 1060 637 tuam
1077 608 1179 637 sincera

126 648 240 677 caritate
260 647 401 682 diligimus
415 669 424 683 ,
450 645 537 675 multa
558 647 708 685 gratiarum
727 647 839 676 actione
862 646 1055 683 prosequimur
1070 670 1079 683 ,
1099 645 1176 683 quod

123 684 292 724 jamdudum
307 695 360 716 nos
375 683 472 721 Regiis
486 686 610 721 apicibus
626 684 758 720 rogavisti
773 708 782 721 ,
802 692 832 714 ut
848 695 900 721 pro
916 685 994 714 nullo
1010 683 1177 714 deberemus

126 724 155 753 in
179 723 220 753 his
244 733 307 762 quae
321 724 429 760 agimus
443 732 459 751 a
468 722 581 760 justitiae
595 724 706 753 tramite
720 722 847 759 deviare,
865 733 918 752 nec
933 722 999 752 illud
1016 722 1067 752 fuit
1083 723 1109 751 in
1126 724 1178 752 eis-

126 761 194 792 dem
208 762 291 793 literis
306 761 540 800 praetermissum,
558 760 633 791 unde
647 760 932 797 circumspectionem
948 761 1068 829 Regiam
1090 760 1178 799 dignis

126 800 252 831 laudibus
274 798 510 831 commendamus
525 823 535 837 ,
560 808 591 829 ut
607 824 615 838 ,
641 799 659 828 si
682 799 755 829 forte
776 802 791 828 a
814 800 896 829 nobis
918 800 990 830 inter
1011 809 1061 830 um
1075 799 1177 835 aliquid

127 838 280 875 postularet
301 838 378 878 quod
401 837 469 868 effet
490 838 612 868 obvium
634 838 734 868 rationi
749 862 758 875 ,
784 838 899 868 nolebat
912 838 1081 876 aliquatenus
1095 845 1178 866 exau-

121 878 183 906 diri.

166 915 234 946 Nos
257 926 325 956 ergo
342 939 351 954 ,
376 924 476 953 praeter
497 915 587 945 officii
609 914 697 945 nostri
717 914 844 944 debitum
860 938 870 952 ,
887 924 922 945 ex
937 925 996 953 quo
1010 923 1095 951 cum,
1114 913 1180 954 licet

126 952 250 993 indigni,
268 964 377 992 tempus
399 955 588 991 acceperimus
601 953 734 991 justitiam
745 952 887 990 judicandi
902 978 910 992 ,
929 952 1060 983 universis
1076 952 1108 981 &c
1119 960 1179 994 ‘iin-

125 992 199 1028 gulis
218 995 247 1022 in
257 994 319 1031 jure
340 994 389 1023 suo
405 993 545 1022 existimus
559 992 716 1031 debitores,
735 991 834 1030 Regi-ae
851 991 1010 1021 Prudentiae
1021 989 1180 1020 salutaribus

127 1030 366 1061 exhortationibus
389 1032 496 1061 invitati
511 1055 520 1068 ‚
546 1032 579 1061 &
596 1030 721 1061 volentes
737 1030 826 1068 Regia
841 1031 885 1059 via
901 1030 1050 1067 prudenter
1064 1026 1179 1070 incede-

126 1077 158 1098 re
173 1091 182 1106 ,
207 1078 262 1099 nec
284 1069 424 1100 declinare
444 1069 478 1099 ad
501 1070 644 1099 dexteram
664 1069 709 1099 vel
724 1068 875 1105 sinistram,
892 1077 981 1104 nuper
995 1068 1023 1095 in
1038 1070 1179 1109 praesentia

126 1107 222 1137 nostra
236 1109 338 1138 nuntiis
352 1108 515 1139 venerabilis
531 1107 618 1137 fratris
633 1107 721 1138 nostri
737 1106 946 1143 Archiepiscopi
968 1106 1002 1135 ὃς
1023 1104 1131 1134 dilecbs
1146 1103 1179 1134 fi-

125 1144 167 1175 liis
181 1161 231 1166 --
246 1148 280 1177 &
293 1163 343 1167 ——
357 1147 504 1177 monachis
526 1146 704 1177 Cantuarien.
723 1145 880 1176 constitutis
895 1168 904 1181 ,
929 1145 958 1173 in
974 1143 1050 1173 fasto
1066 1142 1179 1180 capellae

126 1182 164 1212 de
179 1183 307 1215 Lamhee
321 1188 356 1215 de
369 1187 519 1215 communi
534 1185 652 1215 consilio
664 1185 781 1214 fratrum
800 1181 964 1213 nostrorum
980 1180 1182 1224 processimus,

128 1221 198 1253 sicut
213 1224 294 1253 nobis
308 1225 359 1255 fuit
374 1224 506 1254 divinitus
522 1223 692 1260 revelatum,
710 1222 742 1251 ὅ(
759 1222 862 1258 literae,
880 1231 945 1258 quas
960 1219 1052 1250 eidem
1062 1218 1182 1250 Archie-

127 1260 245 1298 piscopo
259 1263 291 1293 δε
308 1263 510 1293 venerabilibus
525 1262 652 1292 fratribus
666 1259 767 1289 nostris
782 1258 962 1289 Cantuarieni
973 1257 1107 1288 Ecclesiae
1116 1258 1182 1288 Suf-

127 1299 262 1336 fraganeis
284 1300 453 1331 destinamus
469 1325 479 1338 ,
503 1301 651 1330 continent
666 1309 692 1328 e„
702 1298 816 1327 idciiter.
844 1297 891 1327 Ut
907 1306 1001 1328 autem
1016 1296 1181 1326 mandatum

127 1338 273 1377 nostrum,
291 1339 369 1378 quod
383 1340 419 1369 de
431 1348 498 1376 pura
512 1337 696 1374 conscientia,
715 1336 782 1365 Deo
797 1335 885 1374 teste,
903 1334 1053 1373 processit,
1069 1335 1182 1365 liberius

127 1376 216 1406 valeat
238 1378 382 1415 adimpleri
396 1400 406 1414 ,
431 1377 604 1406 serenitatem
621 1374 743 1411 Regi-ain
759 1383 843 1411 prece
859 1374 914 1411 qua
930 1373 1076 1412 possumus
1092 1374 1125 1405 &
1141 1376 1181 1404 af-

127 1414 254 1445 fedtione
278 1425 407 1454 rogamus
431 1423 564 1452 quatenus
589 1413 631 1442 his
654 1423 717 1451 que
741 1413 757 1441 {i
772 1413 854 1442 nobis
870 1412 943 1442 fieta
958 1412 1019 1442 sunt
1034 1413 1183 1449 benignius

129 1453 280 1484 annuendo
290 1478 299 1491 ,
316 1463 375 1483 non
391 1452 422 1483 lit
437 1453 644 1490 impedimento
660 1461 718 1489 quo
733 1451 826 1481 minus
841 1450 961 1481 debeant
975 1452 1051 1489 quta
1067 1451 1183 1489 rescrip-

129 1493 152 1521 ti
173 1491 261 1521 nostri
282 1493 381 1521 seriem
403 1490 519 1521 effestui
541 1492 713 1527 mancipari,
732 1491 800 1528 quin
817 1490 928 1527 potius,
944 1489 964 1519 si
978 1489 1037 1527 quis
1051 1489 1076 1519 se
1093 1489 1184 1527 (quod

130 1530 179 1559 vix
201 1528 352 1566 credimus)
377 1528 492 1560 duceret
512 1529 719 1566 opponendum
736 1551 746 1566 ,
769 1529 826 1566 ejus
848 1528 960 1558 audacia
974 1552 984 1566 ,
1011 1528 1186 1566 quaesumus,

129 1566 267 1604 potestate
283 1569 333 1598 tibi
348 1567 445 1598 tradita
460 1569 645 1606 reprimatur3
664 1576 694 1598 ut
708 1567 836 1597 mandata
851 1567 929 1597 Sedis
946 1566 1121 1604 Apostolicae
1137 1567 1186 1597 de-

130 1607 218 1636 bitam
239 1606 386 1636 obtineant
408 1606 579 1637 firmitatem.
600 1605 736 1643 Alioquin
753 1629 762 1645 ,
781 1613 1044 1643 quintumcumque
1058 1605 1189 1642 magnifi-

129 1645 253 1675 centiam
276 1654 354 1675 tuam
374 1646 404 1674 in
426 1645 560 1676 Domino
581 1644 728 1682 diligamus
743 1667 753 1682 ‚
779 1646 812 1675 &
830 1643 880 1673 sibi
894 1645 1032 1682 velimus,
1050 1653 1187 1681 quantum

131 1691 201 1713 cum
223 1682 291 1713 Deo
314 1683 457 1721 possemus
471 1708 481 1721 ,
503 1682 622 1714 honeste
643 1682 752 1712 deferre
768 1705 778 1721 ,
796 1690 997 1719 contemptum
1013 1682 1188 1720 Apostolicae

131 1720 210 1752 Sedis
231 1722 264 1752 &
286 1721 417 1752 nostrum
440 1732 499 1752 non
514 1722 668 1759 poterimus
684 1721 876 1758 aequanimiter
892 1720 1042 1758 sustinere,
1060 1720 1106 1751 sed
1122 1731 1188 1759 eos,

133 1760 182 1798 qui
197 1759 223 1789 se
235 1769 382 1798 opponere
393 1759 494 1790 nostris
507 1761 535 1789 in
551 1759 604 1791 hac
619 1768 696 1798 parte
713 1757 874 1790 'ussionibus
888 1760 1081 1799 attentabunt,
1100 1760 1187 1797 poena⁴

133 1797 266 1842 magistra
277 1798 382 1829 docere
396 1799 573 1837 curabimus,
592 1808 678 1837 quam
713 1807 798 1829 urum
812 1797 845 1829 sit
860 1807 960 1829 contra
972 1797 1119 1828 stimulum
1133 1798 1190 1829 cal-

131 1845 239 1867 citrare.

171 1874 322 1907 Provideat
343 1876 426 1916 igitur
446 1877 521 1916 regia
542 1873 678 1907 celsitudo
702 1874 781 1914 quod
804 1876 841 1906 ita
856 1884 950 1914 preces
967 1873 1145 1914 Apostoiicas
1159 1875 1189 1905 in

131 1914 185 1945 hac
209 1923 285 1951 parte
299 1914 444 1954 diligenter
459 1914 598 1952 exaudiat,
617 1915 686 1944 sicut
702 1915 849 1951 petitiones
865 1915 921 1945 suas
936 1915 1009 1952 apud
1025 1913 1129 1944 Sedem
1147 1913 1189 1943 A-

133 1952 304 1990 postolicam
321 1954 399 1991 cupit
421 1952 506 1983 etiam
520 1955 549 1983 in
565 1952 717 1991 majoribus
733 1953 872 1991 exaudiri,
891 1961 1044 1991 procurans
1058 1953 1189 1983 attentius

133 1999 166 2020 ut
187 1991 317 2028 praefatos
337 1992 495 2022 monachos
510 2015 519 2029 ,
545 2001 616 2029 quos
637 1991 687 2021 sub
701 1992 880 2029 protestione
893 1991 988 2021 nostra
1003 1991 1189 2028 suscepimus,

132 2038 171 2058 ne
191 2031 316 2060 minores
339 2030 354 2059 a
376 2030 527 2068 majoribus
548 2029 762 2068 opprimantur,
779 2029 892 2059 dexrera
904 2030 958 2059 suae
972 2031 1108 2068 potentiae
1123 2039 1191 2066 pro—

134 2074 208 2106 tegat
220 2069 253 2098 ὃς
268 2067 415 2106 defendat3
433 2076 464 2098 ut
475 2067 548 2105 apud
563 2077 631 2097 eum
645 2076 758 2098 aetemze
780 2068 969 2098 retributionis
985 2069 1102 2106 praemia
1116 2077 1189 2097 con-

135 2105 262 2143 sequatur
278 2107 345 2145 qui,
359 2107 437 2145 quta
452 2107 652 2144 propheticum
666 2105 879 2144 testimonium,
897 2106 1024 2138 liberavit
1038 2115 1192 2144 pauperem

134 2144 152 2173 a
167 2153 285 2181 potente
299 2168 309 2182 ,
335 2146 368 2176 ὃς
391 2146 509 2182 inopem
532 2147 578 2174 cui
600 2154 661 2175 non
676 2153 734 2175 erat
746 2144 863 2183 adjutor.
884 2144 995 2177 Datum
1010 2145 1139 2176 Laterani
1157 2154 1193 2174 12

134 2181 201 2213 Kal.
220 2182 410 2221 Decembris,
429 2181 614 2214 pontificatus
631 2182 720 2213 nostri
736 2183 825 2214 Anno
840 2185 943 2221 primo.

133 2309 161 2337 >k
178 2301 378 2354 Papa‘lnnoc.
413 2318 443 2353 3.
471 2306 602 2354 Philippo
630 2310 704 2355 Regi
733 2310 876 2341 francor.
900 2309 1034 2356 Treugas
1052 2314 1130 2344 inter
1149 2314 1194 2357 ip-

132 2372 136 2373 ⁷
173 2357 247 2403 fiam
263 2359 299 2394 (9²⁹
323 2359 388 2390 Ric.
416 2359 522 2405 Regem
536 2356 632 2404 Angl.
657 2360 748 2390 initas
764 2355 906 2404 approbat
919 2384 929 2400 ,
961 2361 997 2398 ὠ
1017 2368 1052 2391 at
1070 2371 1118 2392 eas
1126 2361 1194 2406 st'r·

134 2410 139 2413 ⁷
184 2415 235 2440 vet
254 2402 403 2440 hortatur.

141 2492 268 2566 QUI
286 2503 415 2532 operatus
438 2493 478 2526 est
499 2492 588 2526 Petro
609 2494 639 2525 in
651 2493 838 2534 Apostolatu,
857 2494 939 2528 nobis
955 2507 1003 2535 per
1019 2496 1108 2536 ipsum
1123 2507 1193 2536 ope-

227 2534 280 2562 rari
301 2535 334 2564 &
357 2535 505 2572 cooperari
526 2534 651 2573 dignatus
665 2535 722 2573 est,
739 2535 809 2565 dum
824 2536 857 2565 ad
871 2535 1024 2566 adventum
1038 2536 1133 2567 dilecti
1148 2537 1196 2568 filii

141 2572 232 2600 nostri
244 2571 276 2600 P.
295 2571 406 2603 Sanetae
422 2573 524 2603 Mari-ae
538 2574 567 2602 in
582 2574 626 2603 via
640 2573 693 2602 lata
708 2573 832 2604 Diaconi
845 2574 1015 2613 Cardinalis,
1034 2575 1194 2613 Apost.Se-

141 2607 182 2637 dis
205 2608 327 2648 Legati,
351 2618 424 2640 terra
445 2610 538 2641 cordis
560 2613 601 2641 tui
621 2613 784 2642 venientem
805 2611 885 2649 super
907 2613 934 2642 se
949 2613 1072 2643 imbrem
1087 2613 1194 2644 devote

141 2646 272 2685 suscepit,
293 2647 325 2678 &
340 2647 441 2679 sulcata
454 2658 573 2679 vomere
592 2648 796 2686 praedicationis
817 2650 898 2687 ipsius
913 2673 923 2689 ,
938 2651 1033 2681 semen
1048 2652 1128 2683 verbi
1141 2652 1195 2682 do-

140 2685 238 2716 minici
261 2687 295 2717 δε
316 2688 420 2725 recepit
433 2687 571 2725 hilariter,
590 2688 623 2718 &
638 2697 667 2716 in
682 2688 808 2718 ftuc‘tum
825 2689 934 2719 uberius
950 2689 1102 2727 pullulavit.
1142 2691 1195 2721 Ne

140 2731 236 2754 autem
250 2723 357 2754 fruetus
372 2725 444 2764 ipse,
465 2726 513 2763 qui
526 2725 618 2756 adhuc
634 2726 709 2763 quasi
724 2727 796 2757 viret
809 2727 839 2756 in
854 2727 925 2757 flore
939 2750 949 2769 ‚
967 2729 1085 2759 inimico
1100 2729 1197 2759 homi-

142 2771 180 2791 ne
194 2762 425 2800 superseminante
448 2763 565 2793 Zizania
581 2763 672 2801 (quod
686 2765 765 2803 absit)
782 2765 872 2795 valeat
885 2765 1034 2805 suffocari,
1050 2777 1086 2797 ne
1100 2767 1196 2798 semen

142 2800 223 2838 supra
243 2809 350 2839 petram
371 2802 502 2833 cecidisse
524 2802 653 2832 credatur
665 2827 674 2840 ‚
700 2803 738 2842 si,
762 2812 912 2841 antequam
927 2804 961 2835 ad
975 2805 1088 2842 plenam
1104 2808 1196 2838 veniat

145 2841 335 2870 maturitatem
349 2863 360 2879 ,
384 2841 486 2871 arescat
500 2864 510 2879 ‚
536 2850 605 2871 cum
625 2841 779 2872 secundum
794 2841 969 2879 Apostolum
983 2854 1043 2874 non
1058 2843 1197 2876 auditores

144 2877 229 2917 legis,
247 2878 293 2908 sed
315 2878 451 2918 faetores,
465 2880 532 2918 justi
554 2879 606 2909 sint
625 2880 698 2917 apud
711 2880 829 2918 Deum;
848 2882 882 2912 &
897 2881 961 2912 alibi
975 2884 1085 2914 auditor
1100 2884 1199 2922 verbi,

144 2916 179 2946 &
195 2926 253 2946 non
268 2916 376 2956 faetor,
395 2919 459 2948 viro
473 2917 660 2948 consideranti
675 2919 787 2950 vultum
802 2921 948 2950 nativitatis
971 2922 1026 2952 suae
1040 2923 1069 2952 in
1082 2922 1197 2959 speculo

143 2964 343 2994 comparetur,
360 2966 414 2987 nec
430 2955 547 2987 sufficiat
561 2957 685 2994 incipere
699 2958 829 2996 bonurn,
854 2958 904 2988 nisi
918 2959 951 2989 &
967 2961 1155 2998 perseveretur
1168 2962 1198 2990 iri

143 2992 222 3032 ipso,
240 2995 390 3032 quoniam,
408 3004 469 3025 non
484 2996 532 3033 qui
545 2995 699 3035 inceperit,
715 2996 762 3026 sed
798 2997 826 3026 ui
841 2996 1055 3034 perseveraverit
1069 2999 1198 3037 usquein

146 3030 234 3075 finem
250 3055 260 3069 ,
285 3032 332 3062 hic
352 3033 439 3064 salvus
459 3034 535 3071 erit,
560 3041 674 3071 oportet
692 3007 930 3074 magniqficentiam
957 3037 1079 3077 Regiam
1101 3048 1201 3068 cavere

145 3071 292 3110 praecipue
319 3070 433 3102 consilia
460 3070 653 3102 detractorum
672 3096 682 3110 ,
712 3074 762 3112 qui
780 3074 854 3111 pacis
876 3074 1027 3106 consilium
1048 3076 1176 3107 odientes
1190 3099 1201 3114 ,

148 3108 270 3138 scandala
289 3109 419 3140 suscitant
433 3132 443 3148 ‚
467 3111 501 3141 &
523 3111 650 3141 nutriunt
670 3110 793 3142 suscitata
808 3136 817 3150 ‚
837 3113 884 3150 qui
900 3112 1028 3145 laetantur
1041 3124 1111 3145 curn
1126 3115 1201 3145 male

148 3145 266 3190 fecerint
280 3169 291 3190 ,
316 3147 350 3178 δε
371 3148 400 3177 in
422 3147 505 3178 rebus
527 3147 649 3186 peffimis
668 3149 830 3189 gloriantur.
867 3150 948 3182 Cum
962 3154 1063 3191 igitur,
1082 3153 1151 3183 sicut
1166 3163 1200 3184 ex

146 3182 245 3227 litteris
259 3185 384 3228 'ejusdem
400 3186 499 3226 Legati
519 3188 553 3218 &
574 3187 627 3217 tuis
640 3189 802 3226 accepimus
836 3189 909 3220 inter
923 3198 952 3221 te
966 3193 999 3222 ὃς
1015 3191 1199 3222 Cariffimum

147 3231 179 3252 in
194 3221 312 3253 Christo
324 3224 417 3269 filium'
425 3225 556 3256 nostrum
571 3224 610 3255 R.
626 3224 787 3266 Anglorum
802 3213 916 3267 Regem
938 3228 1079 3260 Illustrem
1095 3239 1201 3269 treugae

148 3259 267 3304 firmatae
289 3260 341 3292 sint
361 3272 462 3306 pariter
485 3264 518 3295 &
538 3271 660 3300 receptae
683 3266 877 3303 quinquennes
890 3291 901 3305 ,
932 3277 985 3299 nos
1005 3277 1113 3308 treugas
1134 3269 1201 3306 ipsas

145 3307 224 3337 Juxta
246 3298 369 3343 mandati
387 3300 476 3331 nostri
494 3310 626 3333 tenorem
647 3303 725 3333 initas
746 3305 780 3335 &
795 3303 916 3337 firmatas
929 3329 939 3345 ,
964 3315 1032 3337 ratas
1046 3307 1201 3346 habemus,

150 3338 184 3368 ὃ(
204 3340 384 3376 praeCipimus
405 3339 600 3370 inviolabiliter
619 3340 780 3372 observari:
807 3342 991 3376 Serenitatem
1006 3355 1083 3376 tuam
1099 3356 1201 3383 rogan·

149 3384 209 3420 tes,
228 3385 394 3415 monente5‚
410 3378 444 3420 .&.
459 3378 634 3409 exhortantes
648 3380 678 3408 iri
692 3379 825 3411 Domino
840 3405 851 3420 .,
866 3382 900 3413 &
914 3384 943 3414 in
959 3385 1152 3415 remissionem
1167 3386 1202 3414 ti-

150 3414 181 3444 bi
195 3417 394 3452 peccaminum
408 3425 598 3456 injungentes,
611 3425 745 3454 quatenus
760 3419 792 3451 &
807 3427 917 3457 treugas
939 3422 1068 3453 observes
1083 3422 1202 3461 praedic—

149 3461 191 3484 tas
201 3477 215 3497 1,
240 3455 274 3485 &
293 3453 327 3483 ad
342 3454 491 3497 traditarum
511 3456 584 3491 pacis
597 3455 690 3485 eidem
706 3456 814 3496 Legato
827 3460 926 3489 nostro
938 3461 1065 3492 auditum
1080 3462 1202 3500 praebeas

152 3491 266 3522 facilem
288 3493 321 3524 &
340 3492 520 3531 benignum3
544 3500 575 3522 ut
596 3492 665 3523 sicut
686 3495 799 3534 inclytae
819 3497 1020 3529 recordationis
1037 3500 1202 3531 Ludovicus

152 3529 236 3560 Pater
255 3539 317 3561 tuus
339 3540 440 3568 pacem
452 3530 547 3561 colere
559 3529 692 3570 videariS,
709 3533 742 3564 &
757 3533 922 3566 Romanam
937 3536 1094 3569 Ecclesiam
1107 3539 1202 3568 hono-

152 3578 220 3612 rare.
239 3568 369 3600 Noveris
388 3578 483 3599 autem
499 3577 557 3612 ‘nos
578 3567 670 3599 eidem
685 3569 825 3604 Cardinali
838 3574 1035 3607 au&oritatem
1048 3578 1201 3615 plenariam

151 3606 292 3637 indulsisse
303 3631 313 3647 ‚
337 3616 369 3638 ut
391 3606 525 3646 quicqiud
543 3605 624 3650 super
642 3611 744 3648 treugis
755 3611 815 3649 jam
827 3612 899 3643 initis
913 3637 923 3651 ‚
940 3615 975 3645 &
989 3616 1146 3646 concordia
1159 3617 1201 3645 in-

153 3644 260 3684 eunda,
278 3646 324 3677 seu
338 3646 393 3676 aliis
413 3656 478 3684 quae
499 3653 668 3684 contingunt
687 3654 838 3688 utrumque
857 3651 903 3681 vel
916 3652 1035 3684 alterum
1050 3654 1202 3691 praedicto-

152 3693 236 3723 zum,
251 3684 298 3716 vel
315 3686 345 3715 in
367 3685 518 3715 coaetione
537 3684 752 3715 contumacium
764 3710 775 3723 ,
797 3688 843 3719 vel
875 3698 941 3720 oena
954 3692 1184 3731 transgressorum

154 3721 188 3753 &
209 3724 265 3753 aliis
283 3723 452 3761 quibussibet
472 3722 507 3753 ad
529 3722 587 3752 hoc
607 3723 808 3759 pertinentibus
822 3698 921 3759 viderit
935 3728 1112 3761 statuendum
1149 3717 1203 3761 sta3

154 3767 214 3791 tuat
229 3762 417 3800 appellatione
437 3760 548 3791 remota
560 3785 576 3804 ,Λ
588 3761 622 3792 &
637 3760 719 3804 faciat
732 3762 926 3795 inviolabiliter
939 3767 1088 3799 observari.
1120 3756 1203 3800 Uni-

155 3799 238 3830 versis
259 3802 344 3831 etiam
365 3799 591 3837 Archiepiscopis
609 3799 643 3841 ὃς
655 3798 799 3837 Episcopis
814 3802 971 3835 constitutis
983 3815 1042 3836 tam
1054 3808 1083 3837 in
1099 3807 1204 3848 Regno

157 3835 283 3868 Franciae
312 3848 398 3877 quam
424 3838 585 3878 Anglorum
604 3836 730 3868 districte
747 3840 937 3877 praecipiendo
962 3845 1126 3877 mandamus
1174 3855 1206 3877 ut

158 3877 255 3906 omnia
264 3887 331 3915 quae
343 3876 494 3915 praedieius
506 3875 658 3918 Cardinalis
672 3884 785 3914 propter
801 3877 933 3915 praedieta
954 3880 1092 3922 statuerit,
1111 3871 1206 3915 hiimi-

160 3912 222 3956 liter
235 3916 385 3954 recipiant,
402 3917 436 3947 ὃς
449 3914 632 3953 appellatione
644 3914 797 3953 postposita
812 3914 937 3947 studeant
949 3920 1104 3952 observare.
1125 3923 1207 3954 Alio-

160 3959 230 3987 quin
241 3952 419 3992 sententiam,
437 3963 523 3992 quarn
539 3953 568 3981 in
582 3961 632 3981 eos
646 3953 753 3992 tulerit,
772 3954 1056 3998 ratambabebimus,
1074 3961 1107 3991 ὅ(
1122 3960 1207 3991 facie-

161 4023 283 4063 Kal-end·
301 4028 421 4070 Aprilis,
437 4027 622 4063 Pontificatfis
636 4030 725 4062 nostri
738 4031 827 4063 Anno
839 4002 1019 4065 sccmdgffum
1034 3997 1165 4032 Laterani
1181 4007 1207 4038 7'

194 4137 268 4169 istm.
293 4140 325 4170 L
337 4141 370 4171 P.
387 4144 412 4178 l.

1240 215 1720 268 PUBLICA.
2227 246 2281 290 35

1469 393 1518 424 De
1531 394 1656 439 Treugis
1672 406 1740 427 cum
1759 399 1872 444 Anglia
1883 399 2028 444 firmatis.

1217 472 1320 541 QU
1330 472 1371 503 ΑΞ
1389 475 1555 518 au&0ritate
1576 475 1670 507 nostra
1693 487 1742 514 per
1758 478 1878 516 Le-:tatos
1893 484 1969 515 Sedis

1299 511 1335 542 de
1348 511 1521 553 statuuntur,
1540 517 1620 544 firma
1636 515 1767 546 volumus
1782 514 1815 549 g<
1828 521 1854 549 ill

1215 558 1315 579 centur
1334 551 1363 580 in
1385 551 1504 582 dubium
1519 577 1527 590 ,
1553 553 1598 583 vel
1613 555 1768 584 temeritate
1781 558 1925 594 cujussibet
1940 562 2088 593 irritentur.
2127 566 2168 596 Ea
2202 580 2234 600 ro

1214 596 1272 630 ter,
1290 588 1392 620 dileifte
1404 591 1432 619 in
1448 590 1582 621 Domino
1597 591 1653 632 fili,
1667 591 1859 629 synceritatein
1873 595 2031 629 devotionis
2046 604 2078 631 ὃς
2094 603 2158 634 fidei
2181 579 2270 644 guuiz

1215 636 1244 655 in
1267 627 1434 665 exequendo
1456 629 1571 659 credine
1591 631 1642 659 tibi
1661 630 1802 669 legationis
1821 633 1923 663 officio
1937 636 2068 668 adhibere
2083 629 2251 676 diano’sceris

1215 665 1405 709 attendentes,
1423 676 1455 697 ac
1471 667 1507 696 de
1523 676 1569 697 tua
1584 667 1750 698 discretione
1764 671 1877 710 confisi,
1898 674 2088 712 quinquennes
2104 668 2209 712 {seueras
2224 670 2268 714 in:

1216 711 1258 732 ter
1280 704 1446 734 Cat-illinios
1465 707 1494 734 in
1515 704 1632 735 Christo
1654 707 1724 737 filios
1744 708 1857 739 nostros
1879 709 1949 740 Phil.
1976 712 2150 746 Francorum
2164 706 2204 750 t&
2224 722 2252 751 R

1218 738 1380 780 Angloruin
1402 743 1495 781 Reges
1517 743 1633 774 illustres
1651 746 1729 783 juxta
1749 747 1872 778 mandati
1888 749 1976 779 nostri
2001 760 2131 782 tenorem
2144 756 2219 787 initas
2234 762 2268 791 &

1218 778 1338 810 firmatas
1368 782 1533 812 austoritate
1558 782 1723 827 Apostolica
1741 784 1966 826 confirmamus,
1992 790 2052 820 &c.
2078 791 2268 828 Decernimus

1218 826 1304 856 ergo,
1324 820 1384 849 &c.
1403 818 1513 850 Datum
1529 820 1660 850 Laterani
1680 831 1693 860 3
1713 821 1777 853 Kal.
1798 824 1908 862 Aprilis.

2290 349 2364 381 Ami.
2376 349 2417 381 D.

2316 398 2399 426 1199.

1859 522 1862 526 ⁴
1985 485 2160 530 Apostolicae
2172 493 2270 529 provi·
2286 500 2320 525 A.
2334 506 2373 523 ιο.
2384 499 2412 523 R.

1858 522 1928 551 ibata
1942 524 2053 563 seivari,
2073 538 2109 557 ne
2123 530 2168 558 vel
2184 539 2268 561 revo-
2291 545 2313 562 i.

1220 932 1246 961 *ε
1267 939 1451 972 Innocentius
1469 944 1494 973 P
1520 942 1630 974 Santra
1648 945 1761 976 Mariae
1779 949 1809 977 in
1829 951 1883 979 via
1905 949 1968 980 lata
1986 951 2076 983 Diae.
2105 953 2197 988 Card.
2220 958 2272 988 A·
2298 962 2344 989 sti.
2364 970 2424 988 110.

1259 984 1395 1029 postolicae
1426 988 1510 1020 Sedis
1530 992 1660 1035 Legato‚
1686 993 1769 1036 ipſsm
1787 994 1893 1027 laudat
1908 996 2086 1039 industriam
2102 1003 2134 1031 in
2153 1013 2269 1036 concor-

1262 1032 1370 1065 dandis
1393 1037 1428 1067 P.
1454 1038 1564 1069 franc.
1588 1041 1624 1074 ᾤ’
1642 1041 1681 1071 R.
1706 1041 1877 1086 Anglorum
1898 1045 2033 1090 Regibus.

1222 1116 1262 1177 S
1271 1115 1480 1149 Olicitudinem
1495 1126 1573 1149 tuam
1587 1118 1675 1160 dignis
1690 1122 1718 1151 in
1733 1122 1868 1155 Domino
1883 1124 1945 1157 liud

1281 1165 1367 1193 quam
1388 1166 1442 1186 nec
1466 1156 1615 1188 difficultas
1630 1160 1750 1199 itineris,
1769 1172 1787 1190 n
1936 1127 2006 1171 'Ihm
2021 1134 2275 1176 Commendamus,
2300 1137 2374 1169 Ann'
2387 1137 2427 1169 θ’

1222 1192 1310 1223 bilitas
1332 1195 1503 1232 aegritudinis
1526 1206 1660 1227 revocare
1680 1201 1773 1236 potuit

1222 1241 1273 1261 nus
1287 1232 1429 1277 festinares
1443 1233 1476 1276 ad
1492 1235 1654 1265 mandatum
1671 1237 1802 1274 Apostoli

1223 1271 1302 1300 verbi
1317 1271 1455 1301 dominia
1469 1282 1502 1302 ac
1518 1274 1638 1303 verbum
1655 1277 1729 1312 pacis
1745 1276 1963 1310 Cariffimorum
1978 1282 2007 1310 in
2023 1283 2139 1316 Christo
2153 1288 2276 1319 filiorum

1222 1308 1386 1352 nostrorum
1409 1309 1470 1354 Ph„
1486 1310 1664 1342 Francorum
1686 1316 1720 1344 ὃς
1744 1314 1782 1344 R.
1800 1315 1961 1355 Anglorum
1983 1319 2100 1353 Rectum
2122 1324 2278 1357 illustrium

1224 1347 1334 1390 auribus
1345 1356 1402 1392 tam
1418 1348 1552 1416 sapienter
1566 1360 1650 1393 quarn
1664 1351 1805 1384 salubriter
1819 1355 1968 1387 instillares.
2003 1348 2093 1391 Dcedit
2107 1373 2201 1393 autem
2216 1365 2283 1395 Do-

1224 1394 1333 1430 minus,
1352 1397 1399 1424 qui
1420 1389 1446 1416 ei
1482 1398 1510 1416 in
1531 1388 1557 1418 se
1577 1392 1745 1426 sperantium
1768 1392 1906 1424 fortitudo
1921 1419 1930 1433 ,
1955 1395 2104 1429 affectibus
2126 1403 2178 1432 tuis
2200 1404 2229 1432 in
2254 1413 2283 1434 te

1224 1423 1325 1454 nostris
1341 1424 1496 1469 effec't-um,
1513 1427 1546 1457 δε
1563 1427 1720 1459 eorundem
1736 1430 1823 1460 corda
1838 1431 1955 1472 Regum
1971 1459 1980 1472 ,
1996 1436 2122 1469 indurata
2137 1442 2210 1478 prius
2246 1442 2281 1472 ad

1226 1472 1331 1492 vocem
1345 1464 1550 1501 praedicationis
1563 1474 1620 1495 tuze
1634 1467 1849 1499 misericorditer
1863 1472 2017 1512 emollivit,
2036 1484 2066 1505 ut
2088 1478 2135 1507 etsi
2152 1465 2283 1510 nondum

1228 1500 1339 1538 plenam
1362 1512 1462 1539 pacem
1485 1503 1615 1550 *statuerex
1625 1507 1748 1542 potueris
1761 1531 1770 1543 ,
1796 1509 1869 1538 inter
1884 1510 1955 1547 ipsos
1971 1520 2079 1553 treugas
2092 1516 2186 1547 saltem
2201 1520 2284 1556 quin·

1227 1549 1353 1583 quennes
1367 1550 1540 1584 receperint,
1559 1544 1591 1573 δε
1607 1553 1622 1571 a
1636 1544 1731 1574 multis
1746 1545 1782 1576 de
1796 1555 1870 1577 verae
1884 1550 1958 1585 pacis
1969 1552 2123 1584 concordia
2137 1566 2187 1593 per
2201 1567 2283 1587 tuum

1227 1578 1351 1609 studium
1374 1579 1493 1610 ineunda
1515 1580 1645 1617 speretur.
1668 1582 1715 1612 Ut
1729 1592 1825 1614 autem
1839 1585 1873 1615 ad
1889 1586 2030 1620 servandas
2045 1600 2150 1623 treuvas
2157 1596 2217 1632 jam
2231 1597 2284 1626 ini-

1227 1624 1266 1659 tas
1287 1617 1515 1662 &ita-tuendam
1535 1619 1646 1662 plenam
1669 1630 1768 1658 pacem
1784 1624 1882 1654 melius
1900 1626 1986 1656 valeas
2002 1616 2136 1661 coen-,eie
2150 1633 2266 1663 rebelles

1227 1654 1387 1700 discretioni
1401 1665 1457 1700 tuae
1471 1657 1635 1688 auctoritate
1650 1659 1826 1696 praesentium
1842 1662 2002 1696 facultatem
2017 1668 2134 1699 liberam
2156 1657 2285 1710 indulge'-

1229 1702 1292 1723 mus
1311 1695 1447 1738 quicquid
1466 1695 1510 1725 vel
1532 1697 1561 1725 iri
1578 1696 1671 1741 Reges
1686 1697 1758 1735 ipsos
1773 1722 1783 1737 ,
1799 1701 1845 1730 vel
1860 1702 1888 1731 in
1903 1711 1983 1734 terras
1998 1713 2099 1737 eorum
2109 1733 2118 1746 ,
2137 1718 2183 1740 aut
2198 1711 2266 1741 alios

1227 1732 1261 1762 &
1283 1741 1366 1763 terras
1386 1736 1513 1777 ipsorum
1528 1758 1538 1772 ,
1563 1734 1702 1778 Lcclelias
1718 1761 1727 1773 ,
1753 1739 1786 1768 &
1809 1738 1998 1772 Ecclefiarum
2020 1744 2154 1777 Praelatos
2169 1735 2285 1787 proptei'·

1229 1770 1292 1801 haec
1315 1772 1359 1801 vel
1383 1774 1474 1815 aliqua
1490 1783 1552 1810 quie
1568 1774 1685 1815 istorum
1702 1776 1791 1816 aliqua
1805 1779 1850 1807 vel
1865 1787 2016 1819 utrumque
2031 1786 2196 1817 coutinoant
2232 1787 2285 1818 sta-

1229 1809 1366 1839 tuendum
1382 1810 1496 1854 videris,
1514 1811 1621 1842 sublato
1636 1814 1782 1851 cujussibet
1803 1817 2033 1851 contradici-ionis
2048 1823 2082 1854 ὃς
2095 1810 2286 1863 apssellaiionis

1229 1847 1380 1892 obstaculo
1394 1873 1405 1892 ,
1419 1849 1516 1892 libere
1538 1849 1674 1880 statuendi
1689 1874 1698 1889 ,
1724 1853 1758 1882 &c
1778 1855 1984 1894 transgressores
1999 1870 2031 1890 ac
2047 1871 2229 1894 contumaces
2246 1865 2288 1895 fe„

1230 1886 1317 1916 riendi
1329 1885 1505 1918 districtione
1520 1897 1574 1925 qua
1588 1890 1701 1919 noveris
1718 1891 1855 1927 expedire.
1877 1895 1954 1932 Qiia
1968 1907 2037 1928 vero
2054 1901 2190 1937 quosdam
2203 1903 2288 1933 nobi·

1230 1924 1268 1953 les
1289 1925 1326 1955 de
1348 1934 1471 1963 utroque
1489 1926 1596 1963 Regno
1607 1950 1622 1971 9
1647 1928 1695 1965 qui
1717 1929 1827 1966 iignum
1849 1930 2002 1964 dominicae
2023 1935 2124 1968 Crucis
2139 1940 2289 1978 assumpte-

1230 1971 1291 1993 rant
1306 1987 1316 2001 ,
1343 1963 1359 1993 a
1381 1964 1466 1994 bonae
1490 1974 1639 1995 memoriae
1660 1964 1764 1996 Celest.
1792 1968 1866 2006 Papa
1887 1971 2046 2005 Praedecesi

1231 2001 1247 2030 f
1279 2001 1285 2005 ⁴
1329 2003 1333 2007 ²
1449 2002 1475 2015 Ι,
1671 2004 1678 2007 ⁴
1950 2012 1954 2016 ι
2000 2013 2004 2017 ,
2046 1986 2096 2006 ore
2117 1977 2216 2009 nostro
2237 1989 2287 2018 per

1243 2001 1347 2031 allitans
1361 2004 1584 2042 expreihonem,
1603 2004 1648 2034 vel
1662 2005 1882 2042 iuppreffionem
1896 2020 2034 2052 veritatis,
2053 2014 2232 2047 absolutionis
2247 2020 2290 2048 in-

1232 2040 1405 2079 dulgentiam
1427 2043 1588 2085 accepimus
1610 2044 1770 2086 impetrasse
1785 2069 1794 2083 ‚
1829 2049 1950 2085 cogendi
1972 2051 2039 2082 tales
2058 2052 2092 2082 ad
2111 2055 2290 2093 implendum

1232 2088 1335 2122 votum
1351 2089 1577 2118 peregrinationis
1592 2082 1742 2120 emnium,
1760 2093 1820 2114 non
1835 2086 1966 2118 obstante
1978 2089 2146 2130 indulgentia
2162 2105 2211 2131 per
2225 2094 2291 2124 sub-

1234 2126 1394 2162 reptionem
1409 2119 1545 2162 obtenta,
1561 2129 1630 2149 cum
1645 2120 1766 2151 mendax
1788 2133 1917 2160 precator
1938 2137 2032 2159 carere
2046 2131 2146 2161 debeat
2160 2134 2293 2170 impetra-

1234 2164 1284 2195 tis,
1302 2157 1420 2186 liberam
1436 2158 1488 2187 tibi
1503 2159 1688 2189 concedimus
1699 2160 1864 2192 auctoritate
1884 2164 2049 2202 Apostolica
2062 2192 2072 2207 ,
2089 2179 2148 2199 non
2163 2171 2293 2202 obstante

1233 2196 1461 2226 contradi-stione
1482 2196 1527 2227 vel
1553 2196 1738 2234 appellatione
1761 2201 1907 2237 cujussibet
1923 2227 1932 2241 .,
1958 2204 2125 2238 facultatem.
2152 2208 2293 2240 Decerni-

1235 2243 1298 2264 mus
1310 2243 1399 2272 ergo,
1416 2236 1477 2266 &c.
1517 2234 1627 2265 Datum
1643 2235 1774 2268 Laterani
1790 2238 1855 2270 Kal.
1875 2241 1988 2279 Aprilis.

1235 2357 1263 2385 3ss
1289 2360 1383 2392 Carta
1406 2361 1520 2405 Reginae
1538 2359 1684 2393 Alienorae
1694 2372 1748 2408 per
1764 2376 1857 2409 qaam
1883 2367 2037 2412 confirmat
2059 2373 2237 2409 Communia
2260 2375 2296 2410 de

1343 2407 1453 2442 Oleron
1465 2433 1476 2452 ‚
1499 2406 1649 2445 libertates
1661 2410 1736 2456 snas
1751 2416 1787 2451 (ῤ’
1807 2413 2026 2458 confhetadines
2039 2425 2191 2467 antiquas.

1790 1172 1823 1193 ec
1838 1164 1981 1208 infirmitas
1997 1175 2140 1212 corporis,
2158 1186 2211 1206 nec
2225 1176 2275 1206 de·
2320 1188 2331 1207 1
2341 1188 2403 1216 199-

1787 1224 1796 1238 ,
1815 1210 1861 1232 aut
1876 1212 1961 1247 etiam
1977 1209 2128 1248 retardare,
2147 1224 2204 1250 quo
2220 1216 2275 1244 ini-
2296 1221 2332 1245 A.
2345 1221 2421 1244 iod<-

1804 1249 1872 1269 cum
1884 1242 2112 1285 adimplendum,
2131 1251 2163 1279 δε
2181 1253 2274 1281 semen
2301 1265 2323 1283 i.

2318 2384 2365 2412 *L
2384 2392 2447 2411 ιιι.

1237 2495 1295 2557 Α
1305 2493 1448 2545 Lienora,
1475 2492 1533 2528 Dei
1548 2499 1632 2542 gratia
1647 2522 1657 2537 ,
1673 2498 1785 2546 humilis
1804 2499 1918 2544 Regina
1932 2500 2060 2545 Angliae,
2080 2505 2198 2540 Duciss'a
2213 2509 2297 2540 Nor-
2317 2504 2392 2536 Ann-
2405 2492 2446 2536 Β*

1260 2573 1264 2577 ,
1314 2545 1415 2578 mafnae
1430 2537 1462 2566 ὁ(
1478 2537 1652 2583 Aquitaniae,
1671 2540 1703 2568 ὗε
1719 2537 1874 2584 §omitilia
1886 2541 2078 2583 Andegaviae,
2097 2547 2296 2586 Archiepisco-
2346 2550 2432 2582 1199-

1237 2582 1296 2610 pls,
1312 2573 1475 2612 hprscoprs,
1493 2575 1659 2605 §orantibus
1674 2600 1684 2613 ,
1703 2575 1929 2609 vicecomitibus
1963 2581 2134 2623 Batonibus,
2152 2586 2294 2617 Senescal-
2314 2581 2450 2619 A-¹·J²¹¹⁹⁹

1234 2611 1267 2640 lis
1282 2635 1292 2648 ‚
1316 2611 1475 2649 Praepolitis
1490 2637 1499 2650 ,
1520 2613 1682 2650 justiciariis
1695 2637 1705 2651 ,
1731 2614 1839 2645 Ballivis
1860 2618 1894 2647 &

1238 2651 1326 2686 quam
1339 2651 1536 2689 praeientibus,
1553 2650 1588 2681 ad
1602 2661 1674 2688 quos
1689 2652 1803 2683 Litterae
1818 2653 1878 2685 istae
1893 2661 2087 2698 pervenerint,
2105 2661 2227 2693 salutem.

1918 2604 2082 2660 (jniverfis,
2100 2623 2159 2653 tam
2175 2625 2293 2664 futuris,
2315 2626 2430 2686 L-ng·

2316 2670 2355 2687 nes
2395 2669 2426 2686 a·

1276 2687 1375 2734 Sciat-s
1398 2698 1456 2732 rios¹
1472 2688 1657 2733 concessiiie‚
1675 2691 1709 2721 &
1731 2692 1857 2736 praesenti
1872 2693 1957 2725 Carta
1973 2697 2068 2728 nostra
2082 2701 2111 2729 in
2126 2710 2295 2739 perpetuum
2316 2708 2409 2725 'mm'-

1238 2727 1419 2757 confirmasse
1430 2727 1538 2757 ducetis
1553 2729 1587 2759 &
1602 2727 1729 2759 fidelibus
1745 2729 1846 2761 nostris
1862 2733 1992 2764 universis
2005 2736 2106 2773 juratis
2119 2743 2297 2772 communiae
2315 2740 2334 2764 S
2345 2742 2429 2764 ΛΜΨ·

1238 2763 1371 2795 Olerom's
1385 2789 1395 2804 ,
1409 2765 1453 2809 ¹&
1476 2776 1579 2796 eorum
1595 2766 1765 2810 Haeredibus
1780 2779 1945 2807 pei-petuam
1961 2772 2139 2807 stabilitatem
2155 2780 2189 2809 &
2205 2780 2298 2810 invio⁴

1237 2802 1320 2832 latam
1342 2803 1503 2834 firmitatem
1526 2807 1703 2835 communiae
1726 2809 1780 2836 iuae
1796 2808 1894 2845 juratae
1908 2811 1981 2847 apud
1996 2812 2156 2846 Oleronem
2194 2827 2225 2848 ut
2239 2818 2299 2848 t‘am

1237 2841 1357 2887 nostras,
1382 2843 1470 2886 quarn
1490 2843 1535 2873 sua
1549 2845 1660 2887 propria
1672 2845 1733 2882 jura
1748 2847 1847 2877 melius
1861 2847 2011 2881 defendere
2024 2853 2145 2892 poffint,
2163 2839 2197 2885 {Sc
2213 2858 2301 2896 magis

1238 2889 1346 2918 integre
1361 2881 1521 2919 custodire,
1539 2882 1609 2912 lalva
1630 2892 1659 2911 in
1674 2884 1808 2914 omnibus
1831 2887 1865 2916 &
1888 2897 1992 2918 retenta
2008 2890 2139 2922 fidelitate
2154 2893 2249 2924 nostra
2263 2897 2298 2926 ὃς

1240 2917 1400 2962 Haeredum
1412 2919 1595 2958 nostrorum,
1614 2920 1689 2951 salvo
1702 2922 1765 2959 jure
1779 2923 1879 2954 nostro
1892 2927 1925 2956 &
1940 2926 2099 2959 Haeredum
2115 2931 2278 2963 nostrorum
2289 2945 2296 2951 ·

1239 2956 1310 2998 salva
1333 2966 1416 2987 etiarn
1439 2958 1565 2989 libertate
1579 2983 1588 2996 ,
1607 2960 1641 2989 δε
1655 2958 1731 2989 salvis
1743 2961 1851 2998 juribus
1863 2962 1973 2995 Sanciae
1987 2966 2121 2998 Eccleiiae
2157 2980 2222 3008 quae
2237 2957 2300 3010 per³

1240 2995 1316 3025 recte
1329 2997 1363 3026 ὃς
1381 2998 1486 3034 integre
1501 2999 1678 3034 praecipimus
1694 2998 1841 3030 observari.
2128 2993 2138 3007 ²

1279 3034 1419 3077 Volumus
1433 3036 1517 3071 igitur
1531 3037 1761 3077 &praecipimus
1777 3047 1807 3068 ut
1818 3039 1883 3076 ipsi,
1903 3039 1937 3070 &
1951 3049 2053 3072 eorum
2070 3043 2209 3077 Haeredes
2217 3047 2302 3086 justas

1239 3073 1274 3103 &
1296 3073 1394 3102 hberas
1413 3072 1627 3103 consuetudines
1645 3082 1727 3104 terrae
1745 3074 1800 3105 suae
1814 3077 1990 3117 custodiant,
2009 3081 2207 3117 defendant&
2224 3097 2302 3117 tene·

1238 3119 1303 3149 ant,
1323 3111 1392 3142 sicut
1406 3110 1604 3142 Anteceffores
1620 3121 1722 3142 eorum
1736 3122 1780 3142 eas
1795 3138 1805 3151 ,
1831 3115 1881 3145 sub
1898 3116 2121 3152 Antecefforum
2136 3124 2299 3155 nostrorum

1239 3148 1384 3179 Dominio
1396 3172 1407 3187 ,
1433 3158 1607 3193 tenueruntj
1632 3151 1665 3180 &
1685 3159 1733 3189 ut,
1751 3151 1784 3181 ad
1796 3152 1864 3189 ipsas
1876 3155 2072 3189 custodiendas
2115 3161 2302 3193 defendendas

1240 3189 1274 3218 &
1288 3188 1436 3226 tenendas,
1455 3197 1546 3218 totam
1561 3197 1622 3218 vim
1637 3189 1670 3218 &
1685 3197 1779 3220 totum
1791 3191 1872 3228 poss'e
1885 3198 2064 3227 communiae
2079 3203 2133 3229 iuze
2147 3200 2217 3231 salva
2230 3201 2300 3231 fide-

1241 3227 1316 3268 litate
1336 3227 1428 3256 nostra
1449 3228 1482 3257 ὃς
1496 3225 1657 3256 Haeredum
1668 3227 1848 3268 nostrorum,
1867 3241 1968 3264 contra
1981 3244 2101 3266 omnem
2122 3237 2284 3269 Hominem

1241 3268 1261 3294 ii
1276 3265 1387 3295 necelse
1401 3265 1499 3302 fuerit,
1517 3273 1665 3296 exerceant
1678 3268 1712 3297 &
1725 3277 1876 3304 apponant.
2291 3264 2301 3278 ’

1278 3302 1325 3333 Ut
1338 3311 1433 3333 autern
1447 3303 1508 3332 haec
1522 3303 1617 3333 nostra
1630 3306 1793 3344 concessio,
1814 3307 1871 3337 sive
1883 3310 2064 3342 confirmatio
2076 3322 2239 3350 perpetuam
2252 3325 2301 3346 au*

1242 3343 1386 3384 toritatem
1398 3343 1430 3372 δε
1443 3341 1560 3385 plenum
1572 3342 1661 3372 robur
1675 3343 1817 3383 obtineat,
1836 3356 1888 3376 nos
1905 3348 2022 3379 Gai-tam
2036 3351 2115 3380 istim
2131 3352 2220 3389 iigillo
2232 3364 2300 3385 nos*

1243 3389 1289 3410 tro
1304 3385 1423 3410 tecimus
1437 3379 1552 3418 iigillari.

1280 3455 1347 3498 Dat.
1364 3455 1437 3493 apud
1452 3456 1658 3498 Andilliacum,
1678 3459 1766 3491 Anno
1782 3459 1919 3492 Incarnati
1939 3461 2028 3493 Verbi
2051 3463 2208 3499 Millefimo
2223 3467 2302 3501 Cen—

1244 3497 1345 3526 teluno
1359 3494 1560 3533 Nonagelimo
1575 3496 1680 3528 Nono.

1243 3570 1377 3602 Testibus
1385 3595 1394 3610 ,

1243 3651 1358 3680 Domino
1371 3651 1487 3680 Henrico
1500 3657 1565 3681 tunc
1578 3652 1701 3680 Xanton.
1713 3651 1753 3679 E·
1791 3649 1935 3682 Himberto
1949 3654 1978 3683 de
1990 3655 2050 3686 For.

1275 3686 1390 3727 piscopo,
1791 3690 1932 3721 Wllielmo
1945 3695 2079 3725 Bormam*

1244 3729 1326 3756 Petro
1340 3729 1453 3756 Bertino
1467 3732 1531 3756 tunc
1538 3724 1683 3765 Senefiallo
1690 3727 1752 3756 Ps'c-
1789 3729 1923 3768 Johanne
1938 3730 2057 3773 Roill0y‚
2084 3719 2096 3736 ³

1282 3769 1379 3794 taviae.
1791 3768 1924 3806 Johanne
1935 3770 2040 3810 Vita-le,

1244 3806 1343 3834 Launo
1355 3806 1466 3840 Ogerio‚
1792 3807 1924 3846 Johanne
1934 3807 2070 3846 Joscelino
2075 3833 2087 3850 ‚

1245 3841 1364 3871 chalone
1378 3842 1409 3870 de
1421 3839 1500 3868 Roch.
1521 3842 1615 3878 Porti,
1792 3844 1831 3875 ,Et
1845 3845 1939 3877 multis
1954 3848 2018 3879 31135

1245 3879 1330 3920 Gaufi
1349 3880 1380 3910 de
1393 3877 1552 3915 chauvigne
1559 3899 1571 3915 ,

1730 4145 1756 4178 E
1775 4158 1789 4177 2
2242 4153 2313 4182 Lie-
