2570 4261
0 284 45 305 im.
59 272 104 304 D.

0 321 74 352 1275.

0 354 32 380 ἵν.
53 361 77 379 ι’.

0 514 17 531 2.
39 508 65 539 3.

18 551 41 568 i.

0 578 78 607 tudela

1 618 99 650 evium,

0 665 27 681 ἰ.
47 655 74 681 in

0 693 45 719 trri

0 730 74 758 πάσῃ.

21 814 31 833 1
38 825 45 833 .

8 2108 101 2143 11.45-

0 2368 58 2398 lnn.
72 2367 114 2398 D.

9 2415 91 2444 1275.

0 2448 31 2473 ln.
54 2455 79 2481 3.

0 2487 11 2509 Γ.
35 2493 60 2510 1.

0 2522 116 2558 'asma-2,-

2 2581 9 2587 .
32 2569 41 2586 1

658 196 769 238 ET
851 196 1118 239 ACTA
1198 192 1679 239 PUBLICA,

2185 200 2264 250 '145

2284 266 2360 299 Ann.
2377 269 2418 304 D.

145 366 251 398 Litera
267 365 421 414 Johannis
442 369 537 400 Ducis
559 369 696 399 Britaniae
708 366 882 412 precatoria
893 391 901 404 ‚
920 379 973 414 pro
992 366 1130 409 Alaban,

287 418 323 452 (ῤ’
343 416 494 447 conventu
511 417 649 460 Majoris
669 413 846 458 Monasterii
864 418 973 450 Tui-on.

115 493 408 558 EXcellentiffimo
426 497 550 536 Principi
572 498 705 529 Domino
725 499 883 538 Eduardo,
902 501 958 530 Dei
971 500 1073 540 gratia,
1093 499 1169 539 Regi

192 536 238 566 An
259 536 304 577 liae
313 536 423 573 illustri,
443 538 502 566 &c.
514 537 657 575 Johannes
672 538 739 568 Dux
754 538 917 577 Britanniae,
934 539 1062 577 salutem,
1076 539 1109 568 &
1121 548 1170 578 pa-

114 583 202 604 ratam
214 584 229 603 a
259 575 338 611 ipsius
350 575 521 613 beneplacita
537 575 717 605 voluntatem.

153 612 272 651 Qanto
284 612 433 651 gratiosum
455 614 582 643 animum
595 613 628 643 ad
643 613 778 651 justitiam
793 614 1006 645 conservandam
1022 616 1055 645 ὅτ
1071 614 1170 654 malig-

115 659 218 680 norum
242 651 392 689 nequitiam
411 652 614 690 reprimendam
637 653 827 690 cognovimus
849 654 1072 691 propensiorem,
1091 662 1169 683 tanto

114 687 263 719 fiducialius
283 698 334 726 pro
352 690 448 718 amicis
467 689 567 718 nostris
588 691 727 728 praecipue
746 691 777 720 δε
793 692 922 727 religiosis
936 693 1016 729 viris,
1033 701 1084 728 pro
1097 701 1170 721 con-

113 726 249 757 servandis
260 727 366 765 juribus
385 728 418 757 &
433 727 599 758 libertatibus
613 727 678 767 suis,
697 728 820 758 vestrum
835 729 940 768 Regale
954 731 1108 767 praesidium
1120 729 1172 759 du-

116 765 206 796 ximus
221 765 436 804 implorandum.

153 802 232 833 Cum
246 805 328 841 igitur
342 826 351 842 ,
369 812 404 833 ex
425 811 500 839 parte
515 803 735 834 charissimorum
757 805 838 835 nobis
852 805 879 835 in
894 805 1027 843 Christo,
1046 805 1172 843 Religio-

115 840 208 871 sorum
221 843 361 878 virorum,
376 841 533 872 Abbatis&
547 841 713 873 Conventus
729 842 844 879 Maioris
860 843 1027 874 Monasterii
1042 845 1173 874 Tumen-

112 879 327 909 intellexerimus
348 879 373 908 se
388 889 421 909 ex
436 881 478 919 pia
499 880 535 910 lar
557 881 641 910 itione
655 883 866 920 progenitorum
886 883 1042 912 vestrorum
1057 882 1172 918 Regum

114 917 228 956 Angliae
242 918 312 947 duos
331 919 464 954 prioratus
484 919 514 948 in
566 928 640 957 egno
654 919 747 950 vestro
764 942 774 957 ,
792 921 847 950 viz.
865 921 936 958 apud
954 920 1087 959 Neuport
1102 920 1174 959 Pay-

114 955 172 986 nell
220 956 253 986 ὃ(
272 967 286 986 a
308 955 344 985 ud
360 956 491 986 Sameram
506 957 674 987 Trinitatem
687 957 905 997 Eboracensem,
923 959 959 989 ab
972 961 1085 998 antiquo
1097 959 1173 989 obti-

118 978 207 1024 nuisse
219 995 280 1033 paci
301 1004 334 1023 ce
348 995 380 1024 ὃς
397 996 506 1033 quiete3

152 1032 200 1063 Ac
213 1032 346 1071 quoidam
362 1032 522 1064 Monachos
536 1034 614 1074 ipsius
630 1033 797 1064 Monasterii
812 1034 966 1072 Profeffos,
980 1034 1114 1065 associatis
1126 1034 1175 1064 fibi

116 1070 304 1108 complicibus
320 1093 329 1109 ,
347 1080 395 1110 per
415 1071 489 1102 suam
505 1074 638 1103 malitiam
654 1073 743 1103 dictos
764 1073 918 1111 Prioratus,
936 1082 1035 1103 contra
1050 1073 1177 1102 volunta-

116 1118 175 1139 tem
196 1109 340 1139 distorum
368 1109 482 1139 Abbatis
510 1112 543 1142 ὃς
564 1110 734 1142 Conventus
748 1135 758 1150 ,
785 1113 799 1141 a
822 1120 948 1148 tempore
968 1110 1132 1141 defeffitionis
1147 1111 1175 1141 S.

116 1147 307 1178 Montisfortis
320 1170 329 1185 ,
355 1148 491 1178 violenter
512 1149 664 1187 occup-affe
677 1172 686 1187 ,
711 1151 744 1180 ὃς
768 1150 858 1180 adhuc
879 1158 1032 1187 occupatos
1054 1149 1177 1179 detinere

116 1194 280 1223 proponunt
294 1209 303 1221 ,
317 1196 476 1226 quanquam
494 1189 537 1225 jus
556 1188 677 1228 ipsorum
694 1188 900 1227 Religiosorum
914 1187 1066 1217 desuetum
1081 1189 1109 1216 in
1124 1188 1178 1225 Ju-

118 1224 212 1262 dicio,
231 1226 259 1254 in
274 1223 360 1254 Curia
374 1224 496 1255 Domini
511 1225 609 1264 Papae,
628 1235 716 1264 nuper
731 1227 759 1255 in
773 1226 909 1256 Concilio
922 1225 1117 1265 Lugdunensi,
1131 1236 1180 1263 per

119 1262 207 1300 ipsum
228 1262 390 1293 Dominum
412 1263 517 1301 Papam
539 1274 635 1293 contra
650 1263 739 1293 dietos
756 1262 917 1293 Monachos
931 1265 963 1294 &
978 1264 1043 1293 alios
1058 1263 1180 1294 adversa-

120 1302 174 1330 rios
186 1301 268 1331 fuerit
281 1301 395 1331 finaliter
408 1302 592 1339 declaratum,
611 1311 693 1340 prout
706 1311 754 1340 per
767 1302 874 1331 literam
890 1301 1018 1340 Papalem
1032 1303 1107 1340 super
1122 1302 1179 1332 hoc

118 1340 280 1369 conset-Ciam
295 1340 328 1369 δε
344 1340 475 1369 bullatam
495 1348 605 1378 apparet
629 1340 678 1377 (ut
693 1340 834 1371 asseritur)
853 1340 994 1369 evidenter
1009 1362 1018 1377 ,
1034 1350 1066 1369 ac
1090 1340 1181 1379 hujus-

120 1378 200 1408 modi
221 1378 353 1408 sententia
373 1375 536 1416 Apostolica
551 1387 610 1407 non
630 1377 712 1416 possit
735 1379 786 1414 (ut
799 1377 915 1415 dicitur)
931 1387 1043 1417 propter
1057 1379 1180 1410 adversa-

117 1417 225 1446 riorum
241 1417 392 1453 potentiam
406 1417 564 1445 executioni
578 1415 679 1452 debita:
693 1416 868 1446 demandari:

155 1454 335 1484 Excellentiae
351 1453 448 1484 vestrae
469 1463 515 1483 ma
536 1453 708 1484 nificentiam
722 1456 850 1484 attentius
868 1455 1033 1492 requirimus
1054 1455 1087 1485 &
1102 1464 1180 1494 roga-

120 1502 196 1530 mus,
213 1502 248 1522 eo
270 1491 374 1522 affestu
395 1502 453 1530 quo
471 1496 615 1529 posumus
635 1493 784 1531 ampliori,
805 1494 930 1532 quatinus
944 1503 1040 1523 amore
1053 1493 1126 1532 Dei,
1145 1496 1178 1525 ὃς

119 1531 184 1561 zelo
195 1529 330 1568 Justitiae,
348 1529 506 1569 nostraeque
521 1531 721 1561 intercessionis
736 1532 870 1568 obtentu,
885 1531 976 1561 diCtos
991 1532 1132 1562 Abbatem
1145 1535 1179 1564 &

119 1568 310 1599 Conventum
327 1572 415 1606 (quos
426 1569 535 1612 speciali
546 1579 642 1599 amore
654 1569 845 1609 prosequimur
860 1573 869 1607 )
887 1570 988 1601 faciatis
1004 1572 1034 1600 in
1053 1571 1104 1601 suis
1113 1572 1181 1609 juri-

117 1607 170 1637 bus
184 1606 324 1644 sustineri,
341 1607 507 1637 defenlionis
521 1606 621 1637 vestrae
638 1608 764 1645 praesidio
778 1609 811 1639 ὃς
827 1608 939 1639 servari:
961 1618 993 1638 ac
1009 1608 1184 1649 Monachos,

119 1655 189 1685 quos
201 1645 270 1675 dieti
282 1645 418 1684 Religion
430 1645 463 1675 ad
477 1645 568 1675 distos
581 1645 720 1677 Prioratus
734 1646 872 1677 destinant
886 1655 1043 1677 moraturos
1057 1670 1067 1686 ,
1085 1657 1184 1679 contra

119 1684 336 1714 adversariorum
351 1685 551 1721 potentiam&
563 1685 725 1715 violentiam
740 1684 961 1724 Magnificentiae
970 1685 1068 1716 vestrae
1083 1687 1108 1715 cl
1131 1697 1185 1726 peo

120 1722 296 1760 defendatis,
314 1730 343 1752 ut
366 1722 482 1760 proinde
498 1722 596 1751 Deum
619 1723 737 1754 habeatis
758 1724 787 1753 in
804 1725 968 1762 praemium,
984 1725 1087 1764 ipsique
1135 1726 1184 1756 eli-

119 1760 190 1799 giosi
208 1770 304 1798 preces
324 1760 429 1790 nostras
448 1769 511 1800 erga
527 1761 706 1792 clementiam
720 1761 839 1793 vestram
855 1763 904 1793 iibi
922 1763 1036 1794 sentiant
1057 1764 1184 1803 profutu-

124 1808 173 1830 raS.

165 1836 341 1876 Conservet,
359 1838 419 1869 &c.

158 1914 225 1944 Dat.
242 1913 347 1945 Parisiis
360 1914 406 1945 die
421 1914 511 1946 Lunae
524 1915 589 1956 post
603 1917 791 1949 Dominicam
809 1928 862 1958 qua
874 1926 998 1949 cantatur
1011 1919 1182 1958 Reminisci,

123 1962 201 1984 anno
215 1953 339 1984 Domini
355 1962 441 1992 1274.

132 2093 160 2121 ²7ss
181 2097 230 2129 De
255 2095 408 2128 arandam
431 2099 535 2143 Regis,
564 2095 645 2142 quod
666 2098 783 2129 Milites
798 2101 834 2136 ω’*
852 2097 1064 2144 caeterisitba'iti
1075 2103 1188 2133 Xanto-

176 2157 265 2177 nems
281 2147 424 2177 Civitatis
441 2171 450 2185 ,
470 2147 568 2190 juxta
588 2147 732 2177 formam
755 2150 843 2179 Pacis
861 2148 930 2178 olim
954 2151 1031 2180 inter
1051 2149 1187 2182 Ludovi-

167 2204 243 2233 lcum
268 2195 305 2229 ὠ
329 2195 498 2224 Henricum
519 2196 642 2225 tertium
670 2197 746 2226 initae
762 2222 771 2236 ‚
790 2196 1001 2239 juramentum
1021 2196 1188 2241 praestarent

176 2243 251 2287 Regi
270 2243 399 2273 Franciae
417 2268 427 2283 ‚
447 2241 481 2286 ft
505 2254 561 2273 non
576 2240 699 2274 daturos
711 2245 866 2276 auxilinm
883 2242 1039 2277 Edwardo
1057 2251 1188 2279 venienti

179 2300 281 2323 contra
299 2288 411 2322 disz‘am
423 2300 538 2336 pacem.

131 2376 347 2437 EDwardus,
365 2375 423 2406 Dei
444 2376 527 2416 gratia
539 2398 549 2415 ,
574 2374 640 2406 Rex
662 2375 773 2416 Angliae
790 2399 799 2414 ‚
825 2376 969 2408 Dominus
987 2376 1135 2409 Hiberniae
1156 2379 1190 2409 &

206 2415 276 2446 Dux
297 2415 323 2445 A
345 2416 453 2445 uitaniae
467 2437 476 2451 ,
502 2414 648 2445 Universis
667 2414 807 2445 Militibus
821 2438 830 2452 ,
846 2417 880 2445 δε
895 2416 952 2445 aliis
971 2416 1021 2446 suis
1039 2416 1146 2455 sudids,
1161 2418 1191 2446 in

131 2425 493 2485 XanstonensicCivitate&
502 2451 698 2483 Dioceseultra
705 2452 882 2483 Charentum
893 2453 1064 2492 constitutis,
1079 2455 1113 2485 ad
1120 2465 1191 2493 quos

132 2493 276 2530 praesentes
292 2492 389 2521 litterae
401 2492 593 2530 pervenei·int;
609 2491 732 2521 salutem.
960 2496 967 2498 ⁷

168 2529 247 2560 Cum
260 2540 328 2568 nos,
344 2529 495 2560 secundum
509 2530 632 2559 formam
646 2530 735 2568 pacis,
751 2530 828 2559 initae
841 2531 1013 2567 temporibus
1030 2531 1188 2561 inclitarum

130 2568 357 2599 recordationum
376 2567 518 2598 Ludovici
532 2567 657 2597 Franciae
671 2591 680 2604 ,
696 2569 729 2598 &
752 2567 941 2605 praekarissimi
953 2571 1084 2608 genitoris
1102 2569 1190 2599 nostri

130 2607 251 2637 Henrici
265 2606 376 2646 Angliae
391 2606 520 2645 Regum,
538 2614 680 2636 teneamur
699 2605 732 2636 ad
744 2605 904 2636 faciendum
918 2607 1039 2646 praestari
1047 2608 1191 2645 juramen-

128 2654 191 2676 tum
210 2646 225 2676 a
243 2645 340 2683 vobis,
360 2644 508 2682 videlicet,
526 2643 602 2682 quod
625 2654 676 2674 nec
690 2643 786 2674 dabitis
802 2646 882 2675 nobis
897 2646 1060 2683 consilium,
1078 2656 1131 2676 nec
1148 2648 1190 2676 vi-

126 2694 168 2715 res
184 2707 193 2722 ,
212 2694 266 2714 nec
289 2683 418 2714 auxilium
431 2706 441 2721 ,
460 2693 508 2720 per
528 2691 591 2722 quae
610 2692 662 2712 nos
678 2683 722 2713 vel
735 2683 858 2714 haeredes
871 2684 957 2714 nostri
972 2693 1070 2715 contra
1083 2684 1188 2715 dietam

129 2732 229 2763 pacem
243 2731 416 2759 veniremus,

168 2760 223 2798 Et,
242 2760 261 2790 fi
277 2761 447 2790 contrarium
461 2759 610 2797 acciderit,
630 2759 706 2797 quod
722 2758 801 2790 Deus
814 2763 933 2798 avertat,
951 2760 980 2790 in
993 2760 1108 2801 persona
1123 2772 1190 2792 nos-

129 2807 170 2830 tra
185 2800 231 2829 vel
243 2798 385 2829 haeredum
402 2797 562 2828 nostrorum
576 2821 585 2835 ,
601 2798 633 2827 ὃς
649 2798 797 2828 emendare
812 2799 948 2829 nollemus
959 2800 1023 2838 post
1035 2801 1189 2838 requisitio-

126 2848 194 2868 nem
205 2860 215 2876 ,
233 2838 247 2867 a
260 2837 342 2876 Rege
363 2837 488 2867 Franciae
504 2837 548 2866 vel
562 2835 671 2866 haerede
685 2836 735 2866 suo
753 2837 783 2866 in
798 2836 903 2877 Regno
915 2838 1015 2868 nostro
1030 2839 1150 2878 nietam,

166 2876 225 2914 Illi,
243 2877 258 2906 a
274 2877 373 2914 quibus
393 2876 458 2905 esset
475 2875 599 2905 securitas
614 2874 734 2911 praestita
747 2897 757 2912 ,
775 2876 845 2905 infra
856 2885 908 2906 tres
922 2877 1046 2914 menseS,
1063 2876 1125 2914 post
1146 2888 1189 2907 re-

126 2915 304 2953 quisitIOnem
314 2913 476 2951 praedic‘tam
490 2913 526 2943 de
541 2913 746 2952 transgressione
757 2914 944 2952 emendanda,
960 2924 1119 2946 tenerentur
1132 2916 1188 2946 eise

127 2953 298 2983 auxiliatores
310 2950 444 2982 -Franciae
464 2951 550 2990 Regis
568 2954 601 2982 ὃς
625 2951 770 2982 haeredum
784 2952 896 2982 suorum
911 2954 939 2983 in
953 2953 998 2983 Re
1019 2964 1070 2991 no,
1089 2964 1187 2985 contra

128 3001 181 3020 nos
194 2991 227 3020 &
241 2990 363 3020 haeredes
381 2989 506 3028 nostros,
524 2990 605 3028 usque
621 3000 679 3027 quo
692 2990 760 3020 effet
773 2991 961 3031 transgressio,
978 3003 993 3022 a
1026 2992 1187 3032 esguardum

128 3027 226 3058 Curiae
241 3028 326 3067 Regis
343 3028 484 3065 Franciae,
502 3029 627 3067 congrue
642 3028 801 3059 emendata:

167 3067 245 3105 Qiae
259 3066 384 3106 securitas
395 3065 432 3096 de
445 3065 583 3095 decennio
596 3067 625 3095 in
644 3067 829 3106 decennium,
847 3068 880 3098 ad
897 3069 1103 3106 requisitionem
1117 3069 1186 3100 dieti

125 3105 253 3173 {miliciae
267 3104 371 3143 Regis,
389 3112 434 3134 aut
448 3103 592 3134 haeredum
603 3104 714 3135 suorum
727 3107 757 3135 in
766 3106 870 3146 Regno
883 3107 1032 3138 dinoscitur
1046 3108 1101 3138 esse
1116 3116 1189 3146 prae-

153 3153 186 3173 an
207 3154 234 3173 a·

162 3181 205 3212 Ea
218 3166 331 3222 propter
345 3203 355 3218 ‚
373 3187 442 3210 cum
462 3179 614 3211 karissimus
633 3181 778 3213 Dominus
797 3185 830 3215 ὃς
845 3183 1073 3223 Consanguineus
1091 3184 1185 3214 noster

126 3219 287 3259 Philippus,
306 3218 363 3249 Dei
375 3220 475 3258 gratia,
496 3219 619 3262 Franciae
633 3219 697 3249 Rex
716 3231 767 3252 nos
780 3232 867 3262 nuper
886 3224 1034 3262 requiiierit
1049 3223 1084 3254 de
1097 3223 1187 3262 hujus-

128 3258 210 3289 modi
225 3257 354 3288 faciendo
369 3257 489 3294 praestari
501 3266 707 3295 juramentum:

164 3296 257 3327 Vobis
268 3296 398 3326 universis
412 3296 446 3326 &
461 3295 567 3334 singulis
581 3296 766 3336 injungimus,
782 3299 959 3337 praecipimus
974 3300 1007 3330 ὃς
1022 3300 1186 3330 mandamus

125 3343 276 3375 quatenuS,
291 3334 325 3364 ad
339 3334 544 3370 requisitionem
563 3334 738 3373 personarum
754 3358 764 3374 ,
781 3347 846 3374 quas
859 3338 1006 3376 praedictus
1021 3339 1085 3368 Rex
1103 3339 1186 3368 Fran-

125 3375 179 3405 ciae
192 3396 201 3411 ,
218 3382 330 3410 propter
351 3371 524 3401 securitatem
545 3371 702 3410 hujusmodi
722 3375 777 3403 reci
799 3376 925 3415 iendam,
945 3377 1136 3414 destinaverit,
1157 3379 1184 3406 in

124 3412 269 3453 praesentia
287 3410 379 3441 dileeri
400 3408 507 3439 Clerici
523 3409 611 3439 nostri
625 3410 752 3449 Magistri
798 3415 884 3444 onetti
898 3415 933 3444 de
949 3415 1055 3445 Sancto
1068 3415 1186 3454 Qinti-

126 3460 168 3482 no
182 3473 191 3488 ,
210 3458 294 3488 quem
309 3448 342 3479 ad
356 3449 412 3478 hoc
427 3448 576 3485 specialiter
587 3448 785 3480 demandamus
801 3473 810 3488 ,
826 3451 928 3483 faciatis
942 3453 1096 3491 hujusmodi
1110 3455 1186 3492 jura-

127 3497 257 3558 ιτιεΙὲωῐτι
271 3488 300 3517 in
315 3486 408 3557 sgcrma
421 3496 485 3526 quee
497 3486 614 3526 superius
626 3487 666 3517 est
682 3487 810 3525 expressa.

212 3536 304 3565 cujus,
356 3536 382 3556 c.

161 3602 252 3636 Teste
267 3602 372 3644 meipso
385 3601 458 3640 apud
472 3600 597 3632 Westm.
612 3610 659 3640 27.
675 3601 720 3632 die
734 3602 852 3644 Aprilis,
865 3615 940 3636 anno
954 3605 1049 3647 Regni
1061 3607 1147 3638 nostri
1159 3616 1183 3648 3.

165 3679 334 3711 Consimiles
346 3677 432 3710 literae
452 3678 606 3719 diriguntur
619 3678 748 3709 universis
767 3680 900 3712 militibus
913 3684 946 3714 ὃς
959 3684 1015 3714 aliis
1030 3684 1081 3715 suis
1093 3684 1186 3715 subdi-

129 3719 162 3750 tis
173 3719 311 3750 Villarum
324 3720 353 3749 in
370 3718 574 3749 Lemovicense
590 3717 712 3748 Diocese
726 3717 891 3750 constitutis.

165 3757 332 3788 Confimiles
346 3757 442 3786 litterae
456 3756 611 3795 diriguntur
624 3755 752 3786 universis
768 3755 906 3788 Militibus
918 3759 951 3790 &
965 3760 1022 3791 aliis
1031 3761 1082 3792 suis
1094 3761 1187 3793 subdi-

128 3795 162 3825 tis
176 3795 311 3826 Villarum
327 3797 356 3826 in
368 3794 538 3826 caturcense
551 3794 674 3825 Diocese
686 3793 849 3824 constitutis.

165 3832 330 3864 Consimiles
340 3834 438 3864 litterae
448 3834 602 3872 diriguntur
617 3832 745 3863 universis
758 3831 898 3863 Militibus
915 3835 948 3866 &
961 3836 1018 3868 aliis
1031 3838 1082 3869 suis
1093 3839 1185 3870 subdi-

128 3870 310 3939 tisIXillarum
320 3873 351 3902 in
364 3871 589 3912 Petragoricense
603 3871 726 3904 Diocese
740 3869 903 3903 constitutis.

214 3918 307 3948 cuius,
323 3912 386 3942 &c.

165 3983 253 4015 Teste
265 3992 296 4015 ut
308 3985 394 4026 supra.

167 4100 240 4133 Tem.
258 4101 283 4128 I.
298 4100 331 4129 P.
351 4101 393 4130 ΙΙ.

2310 316 2394 345 1275,

2288 348 2355 374 Edv.
2367 355 2391 374 1.

1240 364 1346 396 Litera
1364 363 1514 411 Alphonfi)
1530 369 1731 401 Romanorum
1748 370 1785 405 ὠ·
1802 365 1926 410 Castellae
1940 371 2015 416 Regi
2028 395 2037 411 ,
2056 368 2148 416 fhper²
2162 380 2248 415 nego-

1517 418 1558 446 tio
1574 418 1610 452 ὠ*
1620 428 1736 462 guerra
1751 418 1979 450 Saracenorum.

1214 494 1429 555 MAgnifico
1442 496 1536 529 Princi
1557 500 1580 536 i,
1592 499 1631 543 .&
1644 501 1751 543 potenti
1766 521 1775 537 ,
1793 499 1909 530 Sororio
1922 500 1972 542 suo
1987 500 2144 546 karissimo,
2162 502 2271 534 Domi-
2285 470 2381 532 degni}

1309 544 1348 563 no
1364 535 1522 573 Alphonso,
1575 547 1599 567 ei
1612 546 1712 576 gratia,
1730 538 1930 568 Romanorum
1947 540 2019 578 Regi
2039 541 2145 580 semper
2159 542 2269 581 Augus-
2288 548 2328 569 Ex
2337 548 2404 570 Run-

1212 576 1258 606 to,
1279 571 1312 601 &
1332 571 1461 603 Castellae
1473 596 1483 612 ,
1500 575 1597 605 Toleti
1610 598 1620 613 ,
1635 575 1768 615 Legionis
1782 599 1791 613 ,
1810 575 1940 613 Galstiae,
1958 578 2080 616 Sibillae,
2095 580 2270 619 Cordubiae,
2287 581 2346 608 dello
2361 582 2387 607 iu

1213 606 1339 640 Murciae
1351 611 1547 654 ,lGehennuae
1561 636 1570 651 ,
1589 614 1622 644 ὃς
1638 614 1776 651 Qarbiae
1791 638 1800 650 ,
1816 613 1891 652 Regi
1910 615 2020 653 illustri,
2040 616 2208 656 EdwarduS,
2225 629 2271 648 ea-
2290 619 2375 647 Turri.

1213 645 1388 716 dgrgiqgratia
1402 672 1412 687 ,
1434 650 1498 680 Rex
1517 651 1626 690 Angliae
1642 675 1652 690 ‚
1674 653 1734 683 &c.
1753 650 1864 682 salutem
1878 675 1888 690 ,
1906 661 1972 682 cum
1995 655 2102 685 intimae
2113 656 2272 687 dilectionis

1215 694 1230 713 a
1254 706 1473 769 Magnificentiae
1487 725 1584 756 vestrae
1599 726 1698 757 litteras
1717 729 1852 766 gratanter
1865 728 2021 767 recepimus
2033 753 2042 767 ,
2060 731 2093 760 &
2106 731 2169 771 quae
2181 732 2276 762 conti-

1214 762 1349 795 nebantur
1362 774 1456 805 ineis,
1474 774 1506 793 ac
1522 774 1568 802 ea,
1589 774 1652 802 quae
1666 766 1764 803 nobis,
1783 775 1816 795 ex
1831 774 1907 804 parte
1918 767 2007 797 vestra
2020 790 2030 805 ,
2046 767 2159 807 Nuncii
2175 770 2278 808 vestri,

1216 798 1345 830 Velascus
1359 800 1464 832 Velasci
1477 801 1573 832 Curiae
1588 802 1686 833 vestrae
1697 804 1789 842 Judex
1798 826 1808 842 ,
1824 805 1857 835 ὃς
1879 803 1974 835 Petrus
1992 805 2028 836 de
2041 806 2157 837 Castillo
2172 807 2258 838 Miles
2267 831 2278 846 ,

1216 836 1295 874 super
1310 841 1432 883 *negotio
1452 841 1485 870 &
1504 850 1599 879 guerra
1620 841 1823 872 Saracenorum
1843 852 1893 873 ore
1911 851 1991 874 tenus
2004 845 2153 875 retulerunt
2164 868 2174 884 ,
2191 847 2276 885 pleno

1215 875 1379 915 collegimus
1392 878 1553 916 mrellecstu,
1568 878 1601 908 ad
1617 890 1739 916 quorum
1754 879 1916 923 significata,
1935 890 2048 926 propter
2055 883 2145 914 causas
2159 893 2277 914 annota-

1217 920 1255 942 tas
1276 914 1387 944 inferitis
1407 916 1489 955 (quas
1505 916 1604 947 clausas
1622 919 1709 947 teneri
1728 921 1873 956 quaelimus
1893 919 1927 949 δε
1949 929 2064 957 privatas
2079 922 2107 951 in
2122 922 2277 952 Secretario

1215 951 1306 1019 {prgis
1327 952 1409 983 vestri
1425 954 1435 990 )
1456 955 1619 994 respondere
1638 955 1671 986 ad
1692 956 1807 995 praesens
1827 956 1926 987 vestrae
1947 957 2111 989 Celsitudini
2125 969 2184 989 non
2200 961 2276 991 vale-

1222 1065 1227 1070 .
1254 1027 1408 1067 Videlicet,
1419 1029 1500 1069 quia,
1514 1029 1658 1060 Dominus
1672 1030 1805 1061 Summus
1819 1031 1949 1062 PontiFex
1962 1043 2014 1064 nos
2026 1034 2104 1065 duxit
2116 1034 2205 1073 nuper
2212 1033 2279 1066 cum

1219 1064 1348 1096 instantia
1371 1067 1548 1106 requirendos
1560 1091 1570 1106 ,
1594 1077 1689 1098 utrum
1704 1068 1841 1107 proficisci
1857 1070 1991 1100 vellemus
2008 1073 2023 1089 ³*
2039 1083 2129 1103 necne
2141 1075 2172 1103 in
2185 1074 2280 1105 Subsi-

1222 1102 1302 1134 dium
1317 1105 1415 1135 Terrae
1423 1105 1552 1144 Sanstae3
1567 1108 1614 1136 cui
1625 1106 1716 1137 adhuc
1731 1106 1895 1143 respondere
1908 1110 2086 1145 nequivimus
2094 1121 2146 1150 pro
2158 1122 2194 1142 eo
2202 1112 2280 1150 quod

1220 1142 1349 1185 nondum
1371 1143 1584 1174 deliberavimus
1598 1167 1607 1182 ,
1622 1143 1698 1183 quod
1719 1143 1833 1175 illorum
1853 1155 1933 1185 agere
1947 1147 2113 1187 debeamus,
2127 1149 2281 1189 proficisci,

1221 1180 1368 1218 Videlicet,
1389 1184 1434 1212 seu
1448 1183 1534 1212 etiam
1547 1191 1704 1213 remanere:
2263 1185 2267 1188 ⁴

1259 1217 1412 1257 Postquam
1433 1229 1526 1251 autem
1548 1221 1626 1260 super
1644 1220 1800 1259 praedietis,
1816 1221 2012 1252 deliberatione
2025 1222 2191 1263 praehabita,
2210 1226 2285 1256 sum-

1223 1265 1273 1286 mo
1296 1257 1428 1289 Pontifici
1450 1258 1668 1298 responderimus
1687 1259 1714 1289 su
1736 1259 1841 1289 radieto
1856 1282 1865 1296 ,
1888 1260 1922 1290 ὃς
1944 1261 2025 1292 vobis
2043 1261 2122 1299 super
2142 1263 2285 1300 praedistae

1222 1303 1329 1333 giierrae
1344 1297 1459 1336 negotio
1474 1297 1598 1328 nostram
1610 1298 1656 1327 res
1669 1307 1707 1327 on
1729 1307 1774 1327 ere
1785 1298 1944 1328 curabimus
1958 1299 2146 1330 voluntatem:

1261 1333 1290 1363 Si
1304 1344 1372 1365 vero
1388 1336 1498 1365 interim
1510 1336 1592 1375 aliqui
1605 1346 1644 1366 no
1670 1337 1691 1365 ri
1705 1335 1818 1374 Amici,
1837 1336 1934 1366 subditi
1947 1335 1991 1366 seu
2003 1336 2111 1375 fideles,
2127 1346 2224 1369 contra
2237 1339 2286 1369 Sa-

1223 1380 1338 1402 racenos
1349 1373 1498 1413 praediitos
1509 1374 1649 1405 voluerint
1664 1384 1715 1405 vos
1727 1375 1836 1412 juvare,
1851 1374 1940 1413 placet
1949 1374 2031 1405 nobis
2046 1376 2080 1407 &
2095 1376 2163 1407 illud
2176 1386 2287 1416 gratum

1224 1411 1412 1449 reputabimus
1424 1412 1457 1442 &
1470 1422 1628 1452 acceptum.

1263 1448 1359 1480 Placet
1378 1451 1462 1480 etiam
1485 1452 1566 1480 nobis
1578 1474 1588 1490 ,
1613 1451 1646 1481 ὃς
1669 1450 1798 1481 volumus
1818 1450 1893 1491 quod
1909 1450 1945 1480 de
1959 1451 2071 1490 navigiis
2082 1453 2171 1491 gentis
2184 1452 2288 1483 nostrae

1225 1487 1258 1530 ὃς
1281 1489 1363 1518 maris
1383 1488 1470 1519 nostri
1492 1488 1648 1520 Baionensis
1667 1490 1697 1519 in
1715 1489 1853 1529 praedidto
1875 1490 1990 1530 negotio
2002 1491 2136 1529 juvamen
2151 1492 2184 1523 &
2201 1491 2287 1522 subsi-

1226 1524 1306 1554 dium
1320 1526 1448 1557 habeatis.
2264 1541 2267 1543 ·

1263 1563 1340 1595 Bene
1352 1567 1385 1597 &
1399 1565 1448 1596 diu
1464 1566 1550 1597 valeat
1566 1565 1736 1597 Excellentia
1750 1565 1846 1596 vestra.

2301 1068 2320 1089 ³*
2330 1070 2358 1113 H
2376 1067 2424 1105 46.

1231 1642 1348 1712 teiiffe
1369 1645 1474 1685 meipso
1494 1647 1567 1684 apud
1589 1645 1754 1679 Westmon.
1775 1655 1804 1685 4.
1825 1645 1870 1678 die
1890 1645 1979 1687 Maii,
1996 1657 2071 1679 anno
2085 1647 2180 1689 Regni
2198 1648 2287 1680 nostri

1228 1813 1347 1845 Littera
1367 1815 1507 1861 Gregorio
1532 1820 1614 1863 Papae
1637 1820 1807 1864 rogaroria,
1834 1817 1915 1863 quod
1930 1815 2073 1863 Alphmfi
2084 1821 2288 1851 Romanorum

1338 1864 1425 1909 Regis
1443 1866 1498 1909 jus
1512 1866 1631 1912 illaesitm
1649 1867 1833 1911 confirvaret
1850 1870 1881 1898 in
1898 1869 2029 1898 Romano
2050 1868 2188 1912 Imperia.

2306 1919 2384 1951 Ann.
2397 1920 2438 1951 D.

1228 1949 1446 2010 SErenisiimo
1465 1954 1492 1984 in
1515 1953 1632 1984 Christo
1650 1954 1723 1985 Patri
1743 1955 1775 1985 ὃς
1795 1955 1929 1986 Domino
1942 1978 1951 1993 ,
1973 1952 2107 1985 Domino
2127 1954 2174 1985 Gr
2208 1957 2289 1995 orio,
2327 1969 2409 1997 1275.

1287 1989 1380 2020 divina
1392 1991 1588 2031 Providentia,
1607 1993 1794 2023 Sacrosanetae
1805 1994 1947 2024 Romanae
1961 1993 1994 2028 &
2003 1992 2172 2024 Universalis
2204 1996 2287 2025 ‘ccle-
2303 2002 2356 2028 An.
2366 2009 2393 2035 3.

1228 2028 1274 2058 fiae
1289 2028 1399 2059 summo
1412 2029 1561 2068 Pontifici,
1576 2031 1741 2069 Edwardus,
1759 2031 1856 2063 eadem
1870 2032 1954 2071 gratia
1967 2030 2031 2060 Rex
2043 2031 2286 2071 Angliae‚Domi-
2304 2042 2333 2064 Ε.
2358 2047 2381 2064 1.

1228 2077 1280 2097 nus
1299 2066 1445 2098 Hiberniae
1466 2069 1499 2099 ὃς
1521 2069 1590 2100 Dux
1611 2069 1789 2108 Aquitanniae
1802 2092 1812 2110 ,
1831 2069 1982 2102 reverentia
2003 2069 2036 2100 ὃς
2056 2069 2165 2101 honore
2180 2072 2285 2111 pedum
2306 2080 2345 2102 Ex
2353 2080 2420 2103 Buri-

1230 2105 1324 2135 oscula
1335 2106 1490 2138 beatorum.
2304 2114 2364 2141 dello
2377 2115 2404 2141 in

1268 2143 1368 2179 Preces
1383 2144 1440 2176 illas
1455 2145 1597 2176 sanctitati
1611 2146 1711 2176 vestrae
1724 2148 1791 2177 eum
1805 2147 1905 2178 fiducia
1919 2146 2086 2177 destinamus
2099 2170 2108 2184 ‚
2133 2157 2197 2184 quae
2208 2148 2288 2186 justi-
2303 2152 2387 2179 Turni

1230 2183 1296 2213 tiam
1311 2184 1448 2214 comitem
1462 2194 1522 2214 non
1539 2185 1698 2223 relinquunt
1712 2208 1723 2224 ,
1748 2186 1782 2216 &
1801 2197 1816 2216 a
1835 2187 1902 2225 juris
1915 2186 2024 2215 tramite
2038 2195 2098 2214 non
2113 2185 2293 2225 discordant,

1229 2220 1365 2260 sperantes
1386 2221 1502 2253 firmiter
1523 2232 1552 2254 ut
1573 2233 1616 2254 eas
1635 2224 1806 2264 benignitate
1826 2225 1958 2264 praedicta
1971 2222 2004 2253 aci
2018 2223 2196 2254 exauditionis
2208 2234 2292 2264 gratae

1230 2261 1344 2298 januam
1361 2260 1518 2291 admittatis.

1272 2297 1313 2328 Ea
1332 2308 1445 2339 propter
1465 2299 1702 2331 Dominationem
1723 2300 1844 2332 vestram
1864 2308 1965 2338 quanta
1982 2298 2126 2337 possumus
2147 2299 2297 2332 affeffione

1234 2345 1363 2375 rogamus
1382 2339 1510 2376 quatinus
1532 2338 1742 2369 Sereniffimum
1764 2339 1926 2378 Principem
1949 2339 1982 2369 &
2003 2338 2150 2368 Sororium
2165 2338 2294 2370 nostrum

1231 2375 1402 2406 carissimum
1416 2400 1425 2414 ,
1453 2376 1565 2416 Regem
1585 2376 1717 2407 Castellae
1738 2376 1872 2407 illustrem
1887 2399 1896 2414 2
1921 2385 2041 2416 paternae
2063 2376 2218 2407 dileiftionis
2232 2379 2295 2409 bra-

1232 2413 1302 2443 chiis
1323 2415 1542 2452 compleetenies
1555 2439 1564 2454 ,
1583 2416 1622 2452 jus
1639 2415 1718 2446 suum
1730 2439 1739 2453 ,
1757 2416 1832 2455 quod
1852 2416 1880 2444 in
1901 2414 2038 2444 Romano
2052 2414 2176 2452 Imperio
2192 2415 2294 2447 habere

1231 2452 1385 2482 dinoscitur
1397 2476 1406 2491 ,
1425 2453 1540 2484 illaesum
1555 2454 1602 2484 sibi
1618 2453 1771 2492 dignemini
1785 2453 1961 2491 conservare,
1979 2462 2012 2482 ac
2031 2451 2108 2490 super
2129 2463 2166 2483 eo
2178 2453 2294 2485 reddere

1233 2490 1328 2534 celeris
1343 2491 1375 2521 &
1396 2492 1552 2522 favorabilis
1566 2493 1809 2530 complementum
1823 2489 1938 2529 justitia:
1952 2513 1962 2529 ,
1980 2489 2143 2521 nostrorum
2156 2494 2294 2532 precami-
2311 2531 2315 2534 ἢ

1234 2538 1304 2558 num
1319 2536 1487 2560 interventu:

1275 2564 1320 2596 Ut
1334 2576 1382 2604 per
1396 2568 1451 2598 hoc
1465 2568 1607 2598 Sanetitati
1622 2568 1721 2598 vestrae
1735 2568 1832 2598 fortius
1846 2567 2028 2607 astringamur
2039 2567 2074 2597 ad
2097 2567 2210 2607 omnia,
2248 2579 2293 2599 uae

1233 2605 1327 2634 vestris
1348 2605 1454 2636 Sanctis
1475 2605 1620 2637 affeffibus
1634 2604 1737 2646 poffint
1751 2614 1797 2636 aut
1819 2606 1937 2636 debeant
1951 2606 2152 2645 complacere,
2170 2607 2204 2637 &
2255 2616 2289 2637 ex

1231 2643 1307 2673 idem
1321 2643 1392 2682 apud
1409 2654 1459 2675 vos
1473 2645 1522 2675 sibi
1535 2645 1628 2674 sentiat
1642 2654 1735 2684 preces
1748 2644 1870 2683 nostras,
1890 2646 1918 2674 in
1933 2644 1977 2675 sua
1987 2644 2089 2682 justitia
2103 2667 2114 2682 ,
2131 2645 2272 2684 profuisse.

1233 2719 1253 2750 S
1271 2681 1426 2750 qunsesrvet
1444 2693 1495 2714 vos
1515 2683 1659 2713 Dominus
1682 2693 1731 2720 per
1753 2693 1879 2721 tempora
1904 2683 1987 2722 longa
2010 2682 2134 2713 faeliciter
2156 2681 2291 2715 Ecclesia:

1254 2730 1289 2750 an
1320 2731 1345 2750 ae
1371 2729 1422 2750 uae.

1234 2848 1243 2871 t
1269 2801 1357 2870 {feste
1378 2801 1484 2840 meipso
1504 2801 1575 2841 apud
1598 2801 1722 2833 Westm.
1743 2810 1771 2841 4.
1797 2800 1843 2831 die
1871 2800 1962 2840 Maii,
1986 2811 2062 2832 anno
2086 2801 2181 2842 Regni
2204 2802 2293 2833 nostri

1245 2849 1273 2869 ΕΓ
1288 2850 1325 2870 10.

1255 2969 1361 3000 Litera
1378 2966 1527 3013 Alphonsb
1543 2970 1747 3001 Romanorum
1766 2972 1801 3006 ᾤ’
1823 2966 1946 3011 Castellae
1971 2970 2045 3014 Regi
2064 2967 2099 3000 de
2107 2966 2266 3014 praestando

1482 3016 1619 3058 anxilio,
1637 3017 1728 3063 sizper
1747 3020 1858 3063 negotio
1873 3018 2036 3049 Navarra.

1229 3098 1285 3165 E
1294 3104 1404 3143 Gregio
1416 3104 1449 3134 &
1464 3103 1622 3143 Magnifico
1634 3104 1774 3143 Principi,
1790 3104 1824 3137 &
1837 3106 1932 3135 amico
1946 3103 1995 3135 suo
2009 3105 2166 3143 karissimo,
2183 3104 2289 3135 Domi·
2306 3087 2382 3146 A'mq·
2396 3089 2439 3121 D·

1303 3153 1342 3173 no
1356 3143 1389 3172 A.
1408 3142 1464 3172 Dei
1477 3144 1578 3182 gratia,
1592 3140 1793 3174 Romanorum
1807 3144 1880 3183 Regi
1895 3143 2003 3183 semper
2015 3142 2147 3184 Augusto
2179 3144 2212 3173 ὃ(
2221 3143 2290 3174 Cas·
2304 3137 2375 3192 A¹2s
2383 3136 2409 3166 5·

1231 3181 1302 3210 rellae
1316 3205 1325 3218 ,
1342 3180 1474 3220 Legionis
1488 3204 1497 3219 ,
1515 3180 1639 3218 Tolleti,
1658 3180 1795 3220 Galiciae,
1814 3181 1937 3220 Sibillae,
1957 3181 2127 3220 Cordubiae,
2187 3183 2287 3219 urciae,
2331 3178 2356 3196 '³‘
2373 3176 2399 3203 3·

1229 3219 1398 3250 Gehennuae
1412 3242 1421 3257 ,
1446 3221 1479 3250 &
1503 3219 1642 3257 Algarbiae
1662 3220 1737 3260 Regi
1757 3219 1937 3250 illustrissimo
1951 3243 1961 3258 ,
1986 3220 2140 3252 Edwardus
2155 3243 2165 3258 ,
2187 3219 2285 3249 eadem
2303 3209 2333 3268 ξ
2350 3213 2377 3270 ἑ·

1227 3257 1312 3297 gratia
1323 3281 1332 3294 ,
1349 3257 1414 3288 Rex
1427 3257 1552 3296 Angliae,
1570 3257 1715 3288 Dominus
1728 3258 1890 3297 Hiberniae,
1909 3259 1942 3290 &
1963 3258 2033 3290 Dux
2046 3258 2204 3299 Aquitaniae
2217 3258 2284 3288 salu-
2301 3252 2348 3307 dei!
2370 3253 2419 3288 ‘⁴3'ss

1227 3306 1286 3326 tem
1299 3297 1331 3326 &t
1347 3296 1470 3335 prospera
1484 3296 1516 3326 ad
1530 3304 1596 3325 vota
1609 3295 1763 3327 Successus.
2300 3321 2324 3345 T
2349 3291 2361 3307 ⁰
2370 3289 2417 3324 .¹''¹

1264 3334 1401 3372 Honore,
1419 3343 1476 3374 quo
1490 3334 1598 3370 decuit,
1611 3336 1766 3374 recepimus
1777 3335 1877 3365 litteras
1890 3345 1955 3374 quas
1971 3334 2098 3372 misistis,
2113 3334 2146 3364 ὃς
2159 3344 2206 3371 ea,
2219 3343 2284 3401 (ἕπε
2320 3328 2387 3354 '‘m‘-

1227 3373 1309 3403 nobis
1325 3372 1402 3411 super
1425 3374 1539 3403 neffotio
1558 3372 1696 3403 Navarrae
1710 3373 1824 3404 Nuncii
1839 3374 1919 3404 vestri
1933 3395 1943 3410 ,
1961 3372 2089 3403 Velascus
2103 3372 2209 3402 velasci
2254 3383 2285 3402 u-

1226 3413 1274 3441 riae
1301 3410 1400 3441 vestrae
1416 3394 1508 3449 judex
1520 3434 1530 3449 ,
1555 3411 1587 3440 &
1609 3408 1706 3441 Petrus
1725 3411 1760 3443 de
1776 3411 1900 3442 Castello
1921 3409 2023 3449 Miles,
2041 3420 2074 3441 ex
2090 3419 2165 3447 parte
2179 3409 2286 3453 vestra,

1226 3449 1300 3479 vivae
1321 3450 1401 3480 vocis
1422 3448 1537 3480 oraculo
1556 3448 1727 3486 explicarunt
1742 3473 1752 3488 ,
1779 3450 1934 3481 audivimus
1957 3450 1990 3480 ὃς
2017 3448 2200 3479 intelleximus
2224 3447 2288 3484 dili-

1246 3496 1335 3518 enter·

1227 3497 1245 3527 g
1268 3526 1313 3556 Ad
1327 3511 1448 3565 quorum
1465 3525 1610 3564 significata
1629 3535 1659 3555 m
1695 3525 1845 3556 nificentiae
1862 3525 1961 3556 vestrae
1976 3524 2103 3555 duximus
2116 3523 2286 3562 responden-

1225 3564 1312 3603 dum,
1331 3565 1409 3604 quod
1424 3566 1507 3604 parati
1528 3563 1618 3593 sumus
1631 3586 1641 3602 ,
1679 3574 1745 3604 uper
1761 3563 1862 3594 eodem
1884 3564 1999 3602 negotio
2012 3563 2109 3605 libenti
2120 3572 2217 3593 ammo
2234 3573 2286 3594 vos

1222 3604 1342 3642 juvare,
1360 3603 1436 3633 salvis
1454 3602 1581 3632 fidelitate
1600 3603 1634 3632 &
1654 3602 1789 3641 homagio
1801 3625 1811 3641 ,
1827 3602 1926 3642 quibus
1940 3599 2036 3631 illustri
2049 3600 2123 3630 Retri
2143 3600 2284 3641 Franciae‚

1228 3643 1296 3672 sicut
1314 3640 1386 3671 scitis
1398 3664 1408 3679 ,
1423 3641 1513 3671 sumus
1533 3639 1633 3670 astriffi
1647 3650 1653 3669 2
1674 3639 1784 3671 Contra
1802 3650 1887 3679 quem
1900 3649 1979 3677 agere
1994 3648 2047 3668 nec
2062 3649 2100 3669 vo
2112 3649 2212 3678 umus,
2229 3650 2283 3670 nec

1225 3680 1360 3710 debemus
1386 3679 1474 3719 aliqua
1488 3701 1497 3716 ,
1523 3688 1607 3717 quae,
1633 3687 1732 3709 contra
1749 3678 1873 3708 nostram
1898 3677 2057 3707 fidelitatem
2071 3700 2081 3716 ,
2103 3676 2286 3715 Majestatem

1228 3720 1303 3750 suam
1317 3717 1417 3748 laedere
1432 3716 1592 3754 videantur3

1266 3756 1302 3787 Et
1322 3764 1398 3786 certe
1417 3755 1555 3784 credimus
1569 3753 1644 3792 quod
1661 3765 1714 3786 nec
1727 3753 1898 3784 Excellentia
1911 3751 2001 3784 vestra
2020 3754 2087 3785 velit
2105 3764 2157 3784 nos
2170 3753 2285 3786 fidelita-

1228 3805 1285 3827 tem
1307 3793 1465 3832 hujusmodi
1486 3793 1701 3832 quomodolibet
1725 3794 1842 3829 violare,
1869 3793 1916 3830 qui
1933 3790 2048 3831 quidem
2066 3801 2213 3831 promptos
2234 3805 2285 3824 nos

1228 3833 1373 3864 offerimus
1393 3833 1426 3864 ὃς
1447 3840 1553 3871 paratos
1571 3831 1600 3860 in
1620 3831 1756 3861 omnibus
1775 3830 1871 3861 vestris
1894 3829 2019 3869 agendis,
2036 3840 2100 3870 quae
2112 3830 2205 3861 nostra
2218 3842 2282 3872 pro-

1228 3874 1286 3913 pria
1306 3879 1477 3910 reputamus,
1495 3871 1523 3899 in
1543 3877 1678 3908 quantum
1700 3879 1768 3900 cum
1783 3869 1892 3899 honore
1907 3867 2006 3898 nostro
2017 3869 2051 3900 &
2066 3868 2193 3900 fidelitate
2203 3893 2213 3907 ,
2229 3879 2282 3907 qua

1231 3919 1360 3942 tenemur
1381 3908 1472 3939 eidem
1493 3907 1585 3946 Regi,
1603 3908 1770 3947 poterimus,
1785 3907 1941 3946 expendere
1959 3917 2010 3948 per
2026 3907 2228 3938 exhibitionem
2237 3908 2282 3945 ju-

1229 3949 1347 3981 vaminis
1360 3947 1394 3978 &
1409 3944 1500 3977 auxilii
1514 3945 1602 3976 nostri
1615 3947 1694 3976 vires.
1877 3950 1881 3951 ⁷

1266 3987 1344 4026 Qia
1364 3995 1450 4022 vero,
1468 3984 1536 4014 sicut
1556 3983 1686 4015 notitiam
1698 3983 1819 4015 vestram
1831 3983 1969 4015 credimus
1980 3993 2040 4015 non
2052 3985 2149 4022 latere,
2168 3982 2282 4018 Praede-

1230 4025 1348 4056 cessores
1367 4023 1452 4054 nostri
1472 4023 1501 4052 in
1522 4022 1620 4053 eadem
1641 4032 1712 4054 terra
1723 4022 1861 4054 Navarrae
1874 4020 1976 4061 castra,
1993 4022 2083 4062 villas,
2100 4032 2198 4059 terraS,
2216 4031 2282 4059 pos-

1230 4063 1357 4095 seffiones
1369 4087 1379 4102 ‚
1403 4063 1436 4094 &
1455 4061 1511 4100 jura
1530 4061 1581 4094 alia
1597 4069 1745 4093 tenuerunt
1757 4085 1767 4100 ,
1783 4062 1818 4092 ὃ(
1834 4060 1989 4094 habuerunt
2000 4085 2012 4101 ,
2038 4063 2070 4093 &
2090 4059 2261 4100 possiderunt
2272 4082 2283 4097 ,

1780 4098 1811 4131 T
2180 4098 2286 4137 *qu*
