<?xml version="1.0" encoding="UTF-8"?>
<!DOCTYPE html PUBLIC "-//W3C//DTD XHTML 1.0 Transitional//EN"
    "http://www.w3.org/TR/xhtml1/DTD/xhtml1-transitional.dtd">
<html xmlns="http://www.w3.org/1999/xhtml" xml:lang="en" lang="en">
 <head>
  <title>
</title>
<meta http-equiv="Content-Type" content="text/html;charset=utf-8" />
  <meta name='ocr-system' content='tesseract 3.04.00' />
  <meta name='ocr-capabilities' content='ocr_page ocr_carea ocr_par ocr_line ocrx_word'/>
</head>
<body>
  <div class='ocr_page' id='page_1' title='image "./fderaconventione01ryme_0101.png"; bbox 0 0 2560 4261; ppageno 0'>
   <div class='ocr_carea' id='block_1_1' title="bbox 0 337 121 413">
    <p class='ocr_par' dir='ltr' id='par_1_1' title="bbox 0 337 121 413">
     <span class='ocr_line' id='line_1_1' title="bbox 0 337 121 377; baseline -0.033 -3"><span class='ocrx_word' id='word_1_1' title='bbox 0 342 68 377; x_wconf 69' lang='lat' dir='ltr'>Ann.</span> <span class='ocrx_word' id='word_1_2' title='bbox 80 337 121 371; x_wconf 87' lang='lat' dir='ltr'>D·</span> 
     </span>
     <span class='ocr_line' id='line_1_2' title="bbox 18 390 104 413; baseline -0.047 0"><span class='ocrx_word' id='word_1_3' title='bbox 18 390 104 413; x_wconf 82' lang='lat'>1200.</span> 
     </span>
    </p>
   </div>
   <div class='ocr_carea' id='block_1_2' title="bbox 0 847 126 881">
    <p class='ocr_par' dir='ltr' id='par_1_2' title="bbox 0 847 126 881">
     <span class='ocr_line' id='line_1_3' title="bbox 0 847 126 881; baseline -0.032 0"><span class='ocrx_word' id='word_1_4' title='bbox 0 849 74 881; x_wconf 80' lang='lat' dir='ltr'>Arm.</span> <span class='ocrx_word' id='word_1_5' title='bbox 84 847 126 879; x_wconf 88' lang='lat' dir='ltr'>D.</span> 
     </span>
    </p>
   </div>
   <div class='ocr_carea' id='block_1_3' title="bbox 0 897 128 994">
    <p class='ocr_par' dir='ltr' id='par_1_3' title="bbox 0 897 128 994">
     <span class='ocr_line' id='line_1_4' title="bbox 17 897 104 919; baseline -0.023 0"><span class='ocrx_word' id='word_1_6' title='bbox 17 897 104 919; x_wconf 92' lang='lat'>1200.</span> 
     </span>
     <span class='ocr_line' id='line_1_5' title="bbox 0 927 128 965; baseline -0.023 -8"><span class='ocrx_word' id='word_1_7' title='bbox 0 927 128 965; x_wconf 83' lang='lat' dir='ltr'>A.2.Job.</span> 
     </span>
     <span class='ocr_line' id='line_1_6' title="bbox 0 971 109 994; baseline -0.018 0"><span class='ocrx_word' id='word_1_8' title='bbox 0 971 73 994; x_wconf 78' lang='lat' dir='ltr'>Cart.</span> <span class='ocrx_word' id='word_1_9' title='bbox 84 975 109 993; x_wconf 84' lang='lat'>2.</span> 
     </span>
    </p>
   </div>
   <div class='ocr_carea' id='block_1_4' title="bbox 704 243 1167 287">
    <p class='ocr_par' dir='ltr' id='par_1_4' title="bbox 704 243 1167 287">
     <span class='ocr_line' id='line_1_7' title="bbox 704 243 1167 287; baseline 0.006 -3"><span class='ocrx_word' id='word_1_10' title='bbox 704 243 816 285; x_wconf 92' lang='lat' dir='ltr'>ET</span> <span class='ocrx_word' id='word_1_11' title='bbox 900 244 1167 287; x_wconf 90' lang='lat' dir='ltr'>ACTA</span> 
     </span>
    </p>
   </div>
   <div class='ocr_carea' id='block_1_5' title="bbox 137 327 1204 566">
    <p class='ocr_par' dir='ltr' id='par_1_5' title="bbox 137 327 1204 566">
     <span class='ocr_line' id='line_1_8' title="bbox 141 327 1202 372; baseline -0.002 -8"><span class='ocrx_word' id='word_1_12' title='bbox 141 342 173 364; x_wconf 87' lang='lat' dir='ltr'>re</span> <span class='ocrx_word' id='word_1_13' title='bbox 193 333 317 372; x_wconf 86' lang='lat' dir='ltr'>muniat,</span> <span class='ocrx_word' id='word_1_14' title='bbox 342 331 377 364; x_wconf 90' lang='lat'>&amp;</span> <span class='ocrx_word' id='word_1_15' title='bbox 399 330 494 369; x_wconf 83' lang='lat' dir='ltr'>gratiae</span> <span class='ocrx_word' id='word_1_16' title='bbox 514 327 663 370; x_wconf 78' lang='lat' dir='ltr'>privilegio</span> <span class='ocrx_word' id='word_1_17' title='bbox 686 328 785 360; x_wconf 85' lang='lat' dir='ltr'>efferat</span> <span class='ocrx_word' id='word_1_18' title='bbox 806 329 944 370; x_wconf 73' lang='lat' dir='ltr'>specialis,</span> <span class='ocrx_word' id='word_1_19' title='bbox 969 332 1037 362; x_wconf 82' lang='lat' dir='ltr'>hine</span> <span class='ocrx_word' id='word_1_20' title='bbox 1061 331 1103 362; x_wconf 87' lang='lat' dir='ltr'>est</span> <span class='ocrx_word' id='word_1_21' title='bbox 1124 331 1202 369; x_wconf 83' lang='lat' dir='ltr'>quod</span> 
     </span>
     <span class='ocr_line' id='line_1_9' title="bbox 142 367 1204 412; baseline -0.002 -9"><span class='ocrx_word' id='word_1_22' title='bbox 142 383 211 412; x_wconf 84' lang='lat' dir='ltr'>nos,</span> <span class='ocrx_word' id='word_1_23' title='bbox 241 372 337 404; x_wconf 90' lang='lat' dir='ltr'>vestris</span> <span class='ocrx_word' id='word_1_24' title='bbox 357 370 601 407; x_wconf 79' lang='lat' dir='ltr'>supplicationibus</span> <span class='ocrx_word' id='word_1_25' title='bbox 623 367 762 406; x_wconf 85' lang='lat' dir='ltr'>inclinati,</span> <span class='ocrx_word' id='word_1_26' title='bbox 783 369 911 404; x_wconf 84' lang='lat' dir='ltr'>volentes</span> <span class='ocrx_word' id='word_1_27' title='bbox 930 371 991 408; x_wconf 86' lang='lat' dir='ltr'>jura</span> <span class='ocrx_word' id='word_1_28' title='bbox 1011 369 1102 400; x_wconf 86' lang='lat' dir='ltr'>vestra</span> <span class='ocrx_word' id='word_1_29' title='bbox 1123 371 1204 401; x_wconf 69' lang='lat' dir='ltr'>illaesa</span> 
     </span>
     <span class='ocr_line' id='line_1_10' title="bbox 142 405 1203 449; baseline -0.003 -7"><span class='ocrx_word' id='word_1_30' title='bbox 142 411 259 449; x_wconf 87' lang='lat' dir='ltr'>servari,</span> <span class='ocrx_word' id='word_1_31' title='bbox 277 409 444 440; x_wconf 80' lang='lat' dir='ltr'>universitati</span> <span class='ocrx_word' id='word_1_32' title='bbox 460 407 559 438; x_wconf 70' lang='lat' dir='ltr'>vestrae</span> <span class='ocrx_word' id='word_1_33' title='bbox 574 414 604 436; x_wconf 88' lang='lat' dir='ltr'>ut</span> <span class='ocrx_word' id='word_1_34' title='bbox 617 406 753 437; x_wconf 83' lang='lat' dir='ltr'>beneficia</span> <span class='ocrx_word' id='word_1_35' title='bbox 768 405 960 438; x_wconf 84' lang='lat' dir='ltr'>Ecclesiastica</span> <span class='ocrx_word' id='word_1_36' title='bbox 973 408 1007 438; x_wconf 91' lang='lat' dir='ltr'>ad</span> <span class='ocrx_word' id='word_1_37' title='bbox 1019 408 1203 439; x_wconf 88' lang='lat' dir='ltr'>collationem</span> 
     </span>
     <span class='ocr_line' id='line_1_11' title="bbox 142 445 1203 485; baseline -0.003 -5"><span class='ocrx_word' id='word_1_38' title='bbox 142 449 265 484; x_wconf 86' lang='lat' dir='ltr'>vestram</span> <span class='ocrx_word' id='word_1_39' title='bbox 285 447 450 485; x_wconf 62' lang='lat' dir='ltr'>spectantia,</span> <span class='ocrx_word' id='word_1_40' title='bbox 477 455 544 476; x_wconf 91' lang='lat' dir='ltr'>cum</span> <span class='ocrx_word' id='word_1_41' title='bbox 567 455 598 474; x_wconf 82' lang='lat' dir='ltr'>ea</span> <span class='ocrx_word' id='word_1_42' title='bbox 616 454 714 475; x_wconf 87' lang='lat' dir='ltr'>vacare</span> <span class='ocrx_word' id='word_1_43' title='bbox 733 445 903 484; x_wconf 85' lang='lat' dir='ltr'>contigerit,</span> <span class='ocrx_word' id='word_1_44' title='bbox 929 447 1061 477; x_wconf 78' lang='lat' dir='ltr'>conferre</span> <span class='ocrx_word' id='word_1_45' title='bbox 1080 448 1203 484; x_wconf 82' lang='lat' dir='ltr'>personis</span> 
     </span>
     <span class='ocr_line' id='line_1_12' title="bbox 141 482 1203 523; baseline -0.004 -4"><span class='ocrx_word' id='word_1_46' title='bbox 141 488 251 519; x_wconf 91' lang='lat' dir='ltr'>idoneis</span> <span class='ocrx_word' id='word_1_47' title='bbox 274 495 338 523; x_wconf 81' lang='lat' dir='ltr'>quae</span> <span class='ocrx_word' id='word_1_48' title='bbox 360 484 447 516; x_wconf 86' lang='lat' dir='ltr'>velint</span> <span class='ocrx_word' id='word_1_49' title='bbox 470 485 503 515; x_wconf 86' lang='lat'>&amp;</span> <span class='ocrx_word' id='word_1_50' title='bbox 524 482 627 521; x_wconf 82' lang='lat' dir='ltr'>poffint</span> <span class='ocrx_word' id='word_1_51' title='bbox 648 484 677 513; x_wconf 90' lang='lat' dir='ltr'>in</span> <span class='ocrx_word' id='word_1_52' title='bbox 693 483 730 513; x_wconf 84' lang='lat' dir='ltr'>eis</span> <span class='ocrx_word' id='word_1_53' title='bbox 746 483 848 513; x_wconf 81' lang='lat' dir='ltr'>utiliter</span> <span class='ocrx_word' id='word_1_54' title='bbox 863 484 1017 523; x_wconf 89' lang='lat' dir='ltr'>deservire,</span> <span class='ocrx_word' id='word_1_55' title='bbox 1035 485 1136 522; x_wconf 77' lang='lat' dir='ltr'>absque</span> <span class='ocrx_word' id='word_1_56' title='bbox 1153 496 1203 516; x_wconf 87' lang='lat' dir='ltr'>cu-</span> 
     </span>
     <span class='ocr_line' id='line_1_13' title="bbox 137 521 1204 566; baseline -0.002 -10"><span class='ocrx_word' id='word_1_57' title='bbox 137 525 250 566; x_wconf 86' lang='lat' dir='ltr'>jussibet</span> <span class='ocrx_word' id='word_1_58' title='bbox 269 522 500 554; x_wconf 67' lang='lat' dir='ltr'>contradiffionis</span> <span class='ocrx_word' id='word_1_59' title='bbox 522 521 688 558; x_wconf 77' lang='lat' dir='ltr'>obstaculo,</span> <span class='ocrx_word' id='word_1_60' title='bbox 707 521 812 558; x_wconf 82' lang='lat' dir='ltr'>libere,</span> <span class='ocrx_word' id='word_1_61' title='bbox 830 531 914 558; x_wconf 86' lang='lat' dir='ltr'>prout</span> <span class='ocrx_word' id='word_1_62' title='bbox 936 522 971 553; x_wconf 89' lang='lat' dir='ltr'>ad</span> <span class='ocrx_word' id='word_1_63' title='bbox 999 533 1051 554; x_wconf 92' lang='lat' dir='ltr'>vos</span> <span class='ocrx_word' id='word_1_64' title='bbox 1066 525 1204 562; x_wconf 79' lang='lat' dir='ltr'>pertinet,</span> 
     </span>
    </p>
   </div>
   <div class='ocr_carea' id='block_1_6' title="bbox 138 559 851 639">
    <p class='ocr_par' dir='ltr' id='par_1_6' title="bbox 138 559 851 639">
     <span class='ocr_line' id='line_1_14' title="bbox 138 559 851 600; baseline -0.007 -6"><span class='ocrx_word' id='word_1_65' title='bbox 138 563 269 600; x_wconf 69' lang='lat' dir='ltr'>valeatis,</span> <span class='ocrx_word' id='word_1_66' title='bbox 286 562 453 592; x_wconf 70' lang='lat' dir='ltr'>auctoritate</span> <span class='ocrx_word' id='word_1_67' title='bbox 468 560 646 598; x_wconf 73' lang='lat' dir='ltr'>praesentium</span> <span class='ocrx_word' id='word_1_68' title='bbox 662 559 851 598; x_wconf 76' lang='lat' dir='ltr'>indulgemus.</span> 
     </span>
     <span class='ocr_line' id='line_1_15' title="bbox 179 600 447 639; baseline -0.011 -7"><span class='ocrx_word' id='word_1_69' title='bbox 179 600 267 632; x_wconf 84' lang='lat' dir='ltr'>Nulli</span> <span class='ocrx_word' id='word_1_70' title='bbox 281 610 369 639; x_wconf 89' lang='lat' dir='ltr'>ergo,</span> <span class='ocrx_word' id='word_1_71' title='bbox 387 601 447 632; x_wconf 86' lang='lat' dir='ltr'>&amp;c.</span> 
     </span>
    </p>
   </div>
   <div class='ocr_carea' id='block_1_7' title="bbox 144 674 1210 962">
    <p class='ocr_par' dir='ltr' id='par_1_7' title="bbox 144 674 1210 962">
     <span class='ocr_line' id='line_1_16' title="bbox 159 674 1207 724; baseline -0.001 -16"><span class='ocrx_word' id='word_1_72' title='bbox 159 677 248 724; x_wconf 33' lang='lat' dir='ltr'>„Dan</span> <span class='ocrx_word' id='word_1_73' title='bbox 268 676 401 715; x_wconf 86' lang='lat' dir='ltr'>Lugdun.</span> <span class='ocrx_word' id='word_1_74' title='bbox 420 674 471 706; x_wconf 85' lang='grc' dir='ltr'><strong>ΙΙΙ.</strong></span> <span class='ocrx_word' id='word_1_75' title='bbox 489 674 574 706; x_wconf 85' lang='lat' dir='ltr'>Non.</span> <span class='ocrx_word' id='word_1_76' title='bbox 593 675 732 714; x_wconf 84' lang='lat' dir='ltr'>Augusti,</span> <span class='ocrx_word' id='word_1_77' title='bbox 751 675 937 708; x_wconf 76' lang='lat' dir='ltr'>Pontificatfis</span> <span class='ocrx_word' id='word_1_78' title='bbox 952 676 1039 707; x_wconf 86' lang='lat' dir='ltr'>nostri</span> <span class='ocrx_word' id='word_1_79' title='bbox 1053 686 1129 707; x_wconf 86' lang='lat' dir='ltr'>anno</span> <span class='ocrx_word' id='word_1_80' title='bbox 1150 685 1207 708; x_wconf 88' lang='lat' dir='ltr'>ter-</span> 
     </span>
     <span class='ocr_line' id='line_1_17' title="bbox 144 724 195 749; baseline -0.059 0"><span class='ocrx_word' id='word_1_81' title='bbox 144 724 195 749; x_wconf 85' lang='lat' dir='ltr'>tio.</span> 
     </span>
     <span class='ocr_line' id='line_1_18' title="bbox 345 837 1015 885; baseline 0.004 -14"><span class='ocrx_word' id='word_1_82' title='bbox 345 838 459 872; x_wconf 72' lang='lat' dir='ltr'>Salvus</span> <span class='ocrx_word' id='word_1_83' title='bbox 479 837 636 871; x_wconf 50' lang='lat' dir='ltr'>conductus</span> <span class='ocrx_word' id='word_1_84' title='bbox 650 849 706 885; x_wconf 89' lang='lat' dir='ltr'>pro</span> <span class='ocrx_word' id='word_1_85' title='bbox 727 837 849 885; x_wconf 83' lang='lat' dir='ltr'>Griffino</span> <span class='ocrx_word' id='word_1_86' title='bbox 856 839 923 885; x_wconf 88' lang='lat' dir='ltr'>filio</span> <span class='ocrx_word' id='word_1_87' title='bbox 940 840 1015 883; x_wconf 73' lang='lat' dir='ltr'>Refi.</span> 
     </span>
     <span class='ocr_line' id='line_1_19' title="bbox 213 921 1210 962; baseline -0.003 -8"><span class='ocrx_word' id='word_1_88' title='bbox 213 921 289 962; x_wconf 88' lang='lat' dir='ltr'>EX,</span> <span class='ocrx_word' id='word_1_89' title='bbox 307 925 367 955; x_wconf 66' lang='grc' dir='ltr'>ὅτε.</span> <span class='ocrx_word' id='word_1_90' title='bbox 387 922 532 961; x_wconf 77' lang='lat' dir='ltr'>Griffino,</span> <span class='ocrx_word' id='word_1_91' title='bbox 551 922 610 954; x_wconf 86' lang='lat' dir='ltr'>filio</span> <span class='ocrx_word' id='word_1_92' title='bbox 626 922 711 962; x_wconf 88' lang='lat' dir='ltr'>Resi,</span> <span class='ocrx_word' id='word_1_93' title='bbox 729 922 852 954; x_wconf 88' lang='lat' dir='ltr'>salutem.</span> <span class='ocrx_word' id='word_1_94' title='bbox 872 924 1048 954; x_wconf 84' lang='lat' dir='ltr'>Mandamus</span> <span class='ocrx_word' id='word_1_95' title='bbox 1063 922 1113 954; x_wconf 89' lang='lat' dir='ltr'>tibi</span> <span class='ocrx_word' id='word_1_96' title='bbox 1131 921 1210 959; x_wconf 90' lang='lat' dir='ltr'>quod</span> 
     </span>
    </p>
   </div>
   <div class='ocr_carea' id='block_1_8' title="bbox 150 959 1212 1038">
    <p class='ocr_par' dir='ltr' id='par_1_8' title="bbox 150 959 1212 1038">
     <span class='ocr_line' id='line_1_20' title="bbox 230 959 1210 1000; baseline -0.003 -8"><span class='ocrx_word' id='word_1_97' title='bbox 230 962 325 992; x_wconf 90' lang='lat' dir='ltr'>secure</span> <span class='ocrx_word' id='word_1_98' title='bbox 343 962 437 993; x_wconf 89' lang='lat' dir='ltr'>venias</span> <span class='ocrx_word' id='word_1_99' title='bbox 458 961 493 991; x_wconf 87' lang='lat' dir='ltr'>ad</span> <span class='ocrx_word' id='word_1_100' title='bbox 508 971 577 1000; x_wconf 90' lang='lat' dir='ltr'>nos,</span> <span class='ocrx_word' id='word_1_101' title='bbox 598 965 661 1000; x_wconf 85' lang='lat' dir='ltr'>quia</span> <span class='ocrx_word' id='word_1_102' title='bbox 683 963 840 999; x_wconf 82' lang='lat' dir='ltr'>recepimus</span> <span class='ocrx_word' id='word_1_103' title='bbox 863 971 891 992; x_wconf 91' lang='lat' dir='ltr'>te</span> <span class='ocrx_word' id='word_1_104' title='bbox 912 964 940 992; x_wconf 91' lang='lat' dir='ltr'>in</span> <span class='ocrx_word' id='word_1_105' title='bbox 962 962 1036 992; x_wconf 90' lang='lat' dir='ltr'>salvo</span> <span class='ocrx_word' id='word_1_106' title='bbox 1063 959 1210 991; x_wconf 66' lang='lat' dir='ltr'>condu&amp;u</span> 
     </span>
     <span class='ocr_line' id='line_1_21' title="bbox 150 998 1212 1038; baseline -0.003 -8"><span class='ocrx_word' id='word_1_107' title='bbox 150 1000 249 1031; x_wconf 88' lang='lat' dir='ltr'>nostro</span> <span class='ocrx_word' id='word_1_108' title='bbox 266 1001 295 1029; x_wconf 89' lang='lat' dir='ltr'>in</span> <span class='ocrx_word' id='word_1_109' title='bbox 313 999 408 1030; x_wconf 90' lang='lat' dir='ltr'>eundo</span> <span class='ocrx_word' id='word_1_110' title='bbox 430 1001 463 1031; x_wconf 66' lang='grc' dir='ltr'>ὃς</span> <span class='ocrx_word' id='word_1_111' title='bbox 485 1000 630 1031; x_wconf 90' lang='lat' dir='ltr'>redeundo</span> <span class='ocrx_word' id='word_1_112' title='bbox 656 1000 691 1031; x_wconf 87' lang='lat' dir='ltr'>ad</span> <span class='ocrx_word' id='word_1_113' title='bbox 711 1011 772 1031; x_wconf 86' lang='lat' dir='ltr'>nos.</span> <span class='ocrx_word' id='word_1_114' title='bbox 809 1000 900 1032; x_wconf 89' lang='lat' dir='ltr'>Teste</span> <span class='ocrx_word' id='word_1_115' title='bbox 910 1000 1018 1038; x_wconf 88' lang='lat' dir='ltr'>meipso</span> <span class='ocrx_word' id='word_1_116' title='bbox 1033 998 1107 1037; x_wconf 83' lang='lat' dir='ltr'>apud</span> <span class='ocrx_word' id='word_1_117' title='bbox 1121 998 1212 1028; x_wconf 88' lang='lat' dir='ltr'>Chel-</span> 
     </span>
    </p>
   </div>
   <div class='ocr_carea' id='block_1_9' title="bbox 121 1037 533 1071">
    <p class='ocr_par' dir='ltr' id='par_1_9' title="bbox 121 1037 533 1071">
     <span class='ocr_line' id='line_1_22' title="bbox 121 1037 533 1071; baseline -0.007 0"><span class='ocrx_word' id='word_1_118' title='bbox 121 1062 128 1070; x_wconf 80' lang='grc'><strong>.</strong></span> <span class='ocrx_word' id='word_1_119' title='bbox 149 1039 251 1071; x_wconf 87' lang='lat' dir='ltr'>wurth.</span> <span class='ocrx_word' id='word_1_120' title='bbox 270 1048 310 1068; x_wconf 94' lang='lat'>22</span> <span class='ocrx_word' id='word_1_121' title='bbox 323 1038 369 1069; x_wconf 92' lang='lat' dir='ltr'>die</span> <span class='ocrx_word' id='word_1_122' title='bbox 384 1037 533 1069; x_wconf 64' lang='lat' dir='ltr'>Odiobris.</span> 
     </span>
    </p>
   </div>
   <div class='ocr_carea' id='block_1_10' title="bbox 151 1111 1204 1124">
    <p class='ocr_par' dir='ltr' id='par_1_10' title="bbox 151 1111 1204 1124">
     <span class='ocr_line' id='line_1_23' title="bbox 151 1111 1204 1124; baseline 0 3137"><span class='ocrx_word' id='word_1_123' title='bbox 151 1111 1204 1124; x_wconf 95' lang='lat' dir='ltr'> </span> 
     </span>
    </p>
   </div>
   <div class='ocr_carea' id='block_1_11' title="bbox 324 1158 1037 1209">
    <p class='ocr_par' dir='ltr' id='par_1_11' title="bbox 324 1158 1037 1209">
     <span class='ocr_line' id='line_1_24' title="bbox 324 1158 1037 1209; baseline -0.003 -14"><span class='ocrx_word' id='word_1_124' title='bbox 324 1158 352 1187; x_wconf 51' lang='lat' dir='ltr'>³ss</span> <span class='ocrx_word' id='word_1_125' title='bbox 377 1161 490 1195; x_wconf 71' lang='lat' dir='ltr'>Salvus</span> <span class='ocrx_word' id='word_1_126' title='bbox 513 1160 671 1195; x_wconf 57' lang='lat' dir='ltr'>conditer-us</span> <span class='ocrx_word' id='word_1_127' title='bbox 690 1174 745 1209; x_wconf 88' lang='lat' dir='ltr'>pro</span> <span class='ocrx_word' id='word_1_128' title='bbox 768 1165 845 1209; x_wconf 82' lang='lat' dir='ltr'>Rege</span> <span class='ocrx_word' id='word_1_129' title='bbox 867 1165 1037 1195; x_wconf 81' lang='lat' dir='ltr'>Scotorum.</span> 
     </span>
    </p>
   </div>
   <div class='ocr_carea' id='block_1_12' title="bbox 125 1245 1032 1308">
    <p class='ocr_par' dir='ltr' id='par_1_12' title="bbox 125 1245 1032 1308">
     <span class='ocr_line' id='line_1_25' title="bbox 125 1245 1032 1308; baseline -0.002 -31"><span class='ocrx_word' id='word_1_130' title='bbox 125 1283 132 1289; x_wconf 34' lang='lat'><strong>⁶</strong></span> <span class='ocrx_word' id='word_1_131' title='bbox 153 1246 276 1308; x_wconf 82' lang='lat' dir='ltr'>REX</span> <span class='ocrx_word' id='word_1_132' title='bbox 312 1247 372 1278; x_wconf 90' lang='lat' dir='ltr'>&amp;c.</span> <span class='ocrx_word' id='word_1_133' title='bbox 391 1245 444 1276; x_wconf 90' lang='lat' dir='ltr'>W.</span> <span class='ocrx_word' id='word_1_134' title='bbox 462 1247 562 1278; x_wconf 89' lang='lat' dir='ltr'>eadem</span> <span class='ocrx_word' id='word_1_135' title='bbox 577 1246 663 1284; x_wconf 75' lang='lat' dir='ltr'>gratia</span> <span class='ocrx_word' id='word_1_136' title='bbox 677 1245 754 1283; x_wconf 85' lang='lat' dir='ltr'>Regi</span> <span class='ocrx_word' id='word_1_137' title='bbox 768 1245 890 1284; x_wconf 83' lang='lat' dir='ltr'>Scotiae‚</span> <span class='ocrx_word' id='word_1_138' title='bbox 909 1245 1032 1276; x_wconf 89' lang='lat' dir='ltr'>salutem.</span> 
     </span>
    </p>
   </div>
   <div class='ocr_carea' id='block_1_13' title="bbox 152 1271 1216 1400">
    <p class='ocr_par' dir='ltr' id='par_1_13' title="bbox 152 1271 1216 1400">
     <span class='ocr_line' id='line_1_26' title="bbox 254 1271 1216 1321; baseline -0.002 -6"><span class='ocrx_word' id='word_1_139' title='bbox 254 1271 420 1315; x_wconf 75' lang='lat' dir='ltr'>Miseramus</span> <span class='ocrx_word' id='word_1_140' title='bbox 441 1287 523 1316; x_wconf 92' lang='lat' dir='ltr'>vobis</span> <span class='ocrx_word' id='word_1_141' title='bbox 544 1283 722 1315; x_wconf 58' lang='lat' dir='ltr'>conduistum</span> <span class='ocrx_word' id='word_1_142' title='bbox 745 1284 857 1321; x_wconf 81' lang='lat' dir='ltr'>qualem</span> <span class='ocrx_word' id='word_1_143' title='bbox 880 1283 1007 1314; x_wconf 86' lang='lat' dir='ltr'>sufficere</span> <span class='ocrx_word' id='word_1_144' title='bbox 1030 1283 1216 1314; x_wconf 81' lang='lat' dir='ltr'>credebamus</span> 
     </span>
     <span class='ocr_line' id='line_1_27' title="bbox 152 1321 1216 1360; baseline -0.003 -6"><span class='ocrx_word' id='word_1_145' title='bbox 152 1323 188 1353; x_wconf 90' lang='lat' dir='ltr'>ad</span> <span class='ocrx_word' id='word_1_146' title='bbox 204 1334 256 1354; x_wconf 89' lang='lat' dir='ltr'>vos</span> <span class='ocrx_word' id='word_1_147' title='bbox 268 1322 488 1360; x_wconf 63' lang='lat' dir='ltr'>conducendos,</span> <span class='ocrx_word' id='word_1_148' title='bbox 507 1330 627 1359; x_wconf 84' lang='lat' dir='ltr'>verum,</span> <span class='ocrx_word' id='word_1_149' title='bbox 645 1322 726 1358; x_wconf 82' lang='lat' dir='ltr'>quia,</span> <span class='ocrx_word' id='word_1_150' title='bbox 745 1322 814 1351; x_wconf 84' lang='lat' dir='ltr'>ficut</span> <span class='ocrx_word' id='word_1_151' title='bbox 824 1331 875 1359; x_wconf 83' lang='lat' dir='ltr'>pei·</span> <span class='ocrx_word' id='word_1_152' title='bbox 886 1321 1022 1352; x_wconf 85' lang='lat' dir='ltr'>Nuncios</span> <span class='ocrx_word' id='word_1_153' title='bbox 1035 1322 1145 1352; x_wconf 91' lang='lat' dir='ltr'>vestros</span> <span class='ocrx_word' id='word_1_154' title='bbox 1168 1332 1216 1352; x_wconf 83' lang='lat' dir='ltr'>ac-</span> 
     </span>
     <span class='ocr_line' id='line_1_28' title="bbox 152 1358 1215 1400; baseline -0.003 -8"><span class='ocrx_word' id='word_1_155' title='bbox 152 1363 297 1400; x_wconf 81' lang='lat' dir='ltr'>cepimus,</span> <span class='ocrx_word' id='word_1_156' title='bbox 315 1361 417 1392; x_wconf 89' lang='lat' dir='ltr'>scilicet</span> <span class='ocrx_word' id='word_1_157' title='bbox 429 1360 574 1390; x_wconf 86' lang='lat' dir='ltr'>Abbatem</span> <span class='ocrx_word' id='word_1_158' title='bbox 586 1359 622 1389; x_wconf 91' lang='lat' dir='ltr'>de</span> <span class='ocrx_word' id='word_1_159' title='bbox 634 1358 851 1397; x_wconf 89' lang='lat' dir='ltr'>Aberbrothot,</span> <span class='ocrx_word' id='word_1_160' title='bbox 869 1359 1061 1390; x_wconf 91' lang='lat' dir='ltr'>Willielmum</span> <span class='ocrx_word' id='word_1_161' title='bbox 1086 1359 1215 1399; x_wconf 89' lang='lat' dir='ltr'>Cumin,</span> 
     </span>
    </p>
   </div>
   <div class='ocr_carea' id='block_1_14' title="bbox 69 1396 1219 1556">
    <p class='ocr_par' dir='ltr' id='par_1_14' title="bbox 69 1396 1219 1556">
     <span class='ocr_line' id='line_1_29' title="bbox 69 1396 1217 1442; baseline -0.003 -10"><span class='ocrx_word' id='word_1_162' title='bbox 69 1436 74 1442; x_wconf 47' lang='grc'><em>,</em></span> <span class='ocrx_word' id='word_1_163' title='bbox 107 1435 113 1441; x_wconf 55' lang='grc'><strong>,</strong></span> <span class='ocrx_word' id='word_1_164' title='bbox 154 1401 188 1432; x_wconf 87' lang='lat'>&amp;</span> <span class='ocrx_word' id='word_1_165' title='bbox 203 1400 392 1430; x_wconf 89' lang='lat' dir='ltr'>Willielmum</span> <span class='ocrx_word' id='word_1_166' title='bbox 410 1396 542 1441; x_wconf 70' lang='lat' dir='ltr'>Giffard,</span> <span class='ocrx_word' id='word_1_167' title='bbox 559 1396 704 1441; x_wconf 64' lang='lat' dir='ltr'>ignorastis</span> <span class='ocrx_word' id='word_1_168' title='bbox 721 1396 799 1435; x_wconf 84' lang='lat' dir='ltr'>quod</span> <span class='ocrx_word' id='word_1_169' title='bbox 807 1397 994 1441; x_wconf 32' lang='lat' dir='ltr'>&#39;conductum</span> <span class='ocrx_word' id='word_1_170' title='bbox 1008 1399 1091 1429; x_wconf 85' lang='lat' dir='ltr'>vobis</span> <span class='ocrx_word' id='word_1_171' title='bbox 1106 1398 1217 1429; x_wconf 91' lang='lat' dir='ltr'>misera-</span> 
     </span>
     <span class='ocr_line' id='line_1_30' title="bbox 92 1435 1219 1514; baseline 0 -8"><span class='ocrx_word' id='word_1_172' title='bbox 92 1469 103 1474; x_wconf 94' lang='lat'>·</span> <span class='ocrx_word' id='word_1_173' title='bbox 154 1448 237 1506; x_wconf 70' lang='lat' dir='ltr'>“¹¹¹⁵i}</span> <span class='ocrx_word' id='word_1_174' title='bbox 252 1435 775 1506; x_wconf 45' lang='lat' dir='ltr'>‘ss&#39;s‘cohaffln‘saaffinasdAlfisse‘AEms‘Ziffir</span> <span class='ocrx_word' id='word_1_175' title='bbox 785 1435 964 1514; x_wconf 53' lang='grc' dir='ltr'>Ἓῗᾶᾅῗιιῇἳ</span> <span class='ocrx_word' id='word_1_176' title='bbox 982 1436 1219 1507; x_wconf 47' lang='grc' dir='ltr'>ᾗέῗζθεοῖἰᾟοέἐ</span> 
     </span>
     <span class='ocr_line' id='line_1_31' title="bbox 103 1476 1218 1556; baseline 0.001 -12"><span class='ocrx_word' id='word_1_177' title='bbox 103 1513 109 1518; x_wconf 83' lang='grc'>’</span> <span class='ocrx_word' id='word_1_178' title='bbox 127 1549 134 1556; x_wconf 36' lang='lat'>⁶</span> <span class='ocrx_word' id='word_1_179' title='bbox 152 1476 359 1551; x_wconf 44' lang='lat' dir='ltr'>ilstl&#39;oreffillfisc</span> <span class='ocrx_word' id='word_1_180' title='bbox 378 1511 538 1542; x_wconf 86' lang='lat' dir='ltr'>Ricardum</span> <span class='ocrx_word' id='word_1_181' title='bbox 561 1498 731 1550; x_wconf 66' lang='lat' dir='ltr'>Mallassiffi,</span> <span class='ocrx_word' id='word_1_182' title='bbox 756 1522 806 1550; x_wconf 90' lang='lat' dir='ltr'>per</span> <span class='ocrx_word' id='word_1_183' title='bbox 828 1513 900 1550; x_wconf 88' lang='lat' dir='ltr'>ipsos</span> <span class='ocrx_word' id='word_1_184' title='bbox 923 1515 956 1545; x_wconf 67' lang='grc' dir='ltr'>ὃς</span> <span class='ocrx_word' id='word_1_185' title='bbox 972 1500 1026 1551; x_wconf 62' lang='lat' dir='ltr'>³per</span> <span class='ocrx_word' id='word_1_186' title='bbox 1048 1485 1095 1543; x_wconf 54' lang='lat' dir='ltr'>ligas</span> <span class='ocrx_word' id='word_1_187' title='bbox 1117 1515 1218 1545; x_wconf 82' lang='lat' dir='ltr'>litteras</span> 
     </span>
    </p>
   </div>
   <div class='ocr_carea' id='block_1_15' title="bbox 149 1550 1219 1668">
    <p class='ocr_par' dir='ltr' id='par_1_15' title="bbox 149 1550 1219 1668">
     <span class='ocr_line' id='line_1_32' title="bbox 151 1550 1219 1590; baseline 0.001 -8"><span class='ocrx_word' id='word_1_188' title='bbox 151 1552 259 1583; x_wconf 89' lang='lat' dir='ltr'>nostras</span> <span class='ocrx_word' id='word_1_189' title='bbox 272 1559 395 1589; x_wconf 90' lang='lat' dir='ltr'>patentes</span> <span class='ocrx_word' id='word_1_190' title='bbox 409 1550 516 1581; x_wconf 88' lang='lat' dir='ltr'>salvum</span> <span class='ocrx_word' id='word_1_191' title='bbox 531 1550 614 1581; x_wconf 87' lang='lat' dir='ltr'>vobis</span> <span class='ocrx_word' id='word_1_192' title='bbox 629 1551 663 1581; x_wconf 66' lang='grc' dir='ltr'>ὃς</span> <span class='ocrx_word' id='word_1_193' title='bbox 677 1551 745 1588; x_wconf 75' lang='lat' dir='ltr'>hiis,</span> <span class='ocrx_word' id='word_1_194' title='bbox 764 1561 836 1588; x_wconf 91' lang='lat' dir='ltr'>quos</span> <span class='ocrx_word' id='word_1_195' title='bbox 850 1552 1001 1583; x_wconf 89' lang='lat' dir='ltr'>vobiscum</span> <span class='ocrx_word' id='word_1_196' title='bbox 1014 1552 1138 1590; x_wconf 83' lang='lat' dir='ltr'>ducetis,</span> <span class='ocrx_word' id='word_1_197' title='bbox 1147 1563 1219 1583; x_wconf 85' lang='lat' dir='ltr'>con-</span> 
     </span>
     <span class='ocr_line' id='line_1_33' title="bbox 152 1588 1219 1628; baseline 0.002 -8"><span class='ocrx_word' id='word_1_198' title='bbox 152 1590 276 1622; x_wconf 65' lang='lat' dir='ltr'>ductum</span> <span class='ocrx_word' id='word_1_199' title='bbox 291 1589 450 1628; x_wconf 75' lang='lat' dir='ltr'>praestantes</span> <span class='ocrx_word' id='word_1_200' title='bbox 464 1588 499 1618; x_wconf 90' lang='lat' dir='ltr'>ad</span> <span class='ocrx_word' id='word_1_201' title='bbox 512 1598 565 1619; x_wconf 93' lang='lat' dir='ltr'>nos</span> <span class='ocrx_word' id='word_1_202' title='bbox 580 1588 712 1619; x_wconf 88' lang='lat' dir='ltr'>veniendi</span> <span class='ocrx_word' id='word_1_203' title='bbox 727 1590 761 1620; x_wconf 67' lang='grc' dir='ltr'>ὅ(</span> <span class='ocrx_word' id='word_1_204' title='bbox 775 1591 804 1618; x_wconf 89' lang='lat' dir='ltr'>in</span> <span class='ocrx_word' id='word_1_205' title='bbox 820 1588 908 1621; x_wconf 87' lang='lat' dir='ltr'>Curia</span> <span class='ocrx_word' id='word_1_206' title='bbox 923 1590 1018 1622; x_wconf 89' lang='lat' dir='ltr'>nostra</span> <span class='ocrx_word' id='word_1_207' title='bbox 1045 1600 1159 1622; x_wconf 86' lang='lat' dir='ltr'>moram</span> <span class='ocrx_word' id='word_1_208' title='bbox 1179 1591 1219 1623; x_wconf 78' lang='lat' dir='ltr'>fa-</span> 
     </span>
     <span class='ocr_line' id='line_1_34' title="bbox 149 1626 869 1668; baseline -0.004 -8"><span class='ocrx_word' id='word_1_209' title='bbox 149 1628 243 1661; x_wconf 88' lang='lat' dir='ltr'>ciendi</span> <span class='ocrx_word' id='word_1_210' title='bbox 252 1653 262 1668; x_wconf 87' lang='lat'>,</span> <span class='ocrx_word' id='word_1_211' title='bbox 280 1630 314 1660; x_wconf 89' lang='lat'>&amp;</span> <span class='ocrx_word' id='word_1_212' title='bbox 326 1627 402 1659; x_wconf 80' lang='lat' dir='ltr'>salvo</span> <span class='ocrx_word' id='word_1_213' title='bbox 415 1628 449 1659; x_wconf 75' lang='grc' dir='ltr'>δε</span> <span class='ocrx_word' id='word_1_214' title='bbox 464 1627 561 1658; x_wconf 81' lang='lat' dir='ltr'>secure</span> <span class='ocrx_word' id='word_1_215' title='bbox 575 1628 605 1658; x_wconf 88' lang='lat' dir='ltr'>in</span> <span class='ocrx_word' id='word_1_216' title='bbox 618 1635 709 1666; x_wconf 86' lang='lat' dir='ltr'>partes</span> <span class='ocrx_word' id='word_1_217' title='bbox 724 1626 869 1658; x_wconf 85' lang='lat' dir='ltr'>redeundi.</span> 
     </span>
    </p>
   </div>
   <div class='ocr_carea' id='block_1_16' title="bbox 140 1703 1055 1753">
    <p class='ocr_par' dir='ltr' id='par_1_16' title="bbox 140 1703 1055 1753">
     <span class='ocr_line' id='line_1_35' title="bbox 140 1703 1055 1753; baseline -0.002 -15"><span class='ocrx_word' id='word_1_218' title='bbox 140 1749 144 1753; x_wconf 37' lang='grc'><em>“</em></span> <span class='ocrx_word' id='word_1_219' title='bbox 189 1706 281 1738; x_wconf 84' lang='lat' dir='ltr'>Teste</span> <span class='ocrx_word' id='word_1_220' title='bbox 295 1704 336 1738; x_wconf 88' lang='lat' dir='ltr'>G.</span> <span class='ocrx_word' id='word_1_221' title='bbox 355 1704 415 1735; x_wconf 90' lang='lat' dir='ltr'>filio</span> <span class='ocrx_word' id='word_1_222' title='bbox 427 1704 506 1736; x_wconf 85' lang='lat' dir='ltr'>Petri</span> <span class='ocrx_word' id='word_1_223' title='bbox 519 1703 593 1742; x_wconf 82' lang='lat' dir='ltr'>apud</span> <span class='ocrx_word' id='word_1_224' title='bbox 608 1703 774 1735; x_wconf 85' lang='lat' dir='ltr'>Gloucestr.</span> <span class='ocrx_word' id='word_1_225' title='bbox 796 1714 833 1744; x_wconf 85' lang='lat'>30</span> <span class='ocrx_word' id='word_1_226' title='bbox 849 1704 894 1735; x_wconf 88' lang='lat' dir='ltr'>die</span> <span class='ocrx_word' id='word_1_227' title='bbox 907 1704 1055 1736; x_wconf 60' lang='lat' dir='ltr'>Odiobris.</span> 
     </span>
    </p>
   </div>
   <div class='ocr_carea' id='block_1_17' title="bbox 9 1991 142 2027">
    <p class='ocr_par' dir='ltr' id='par_1_17' title="bbox 9 1991 142 2027">
     <span class='ocr_line' id='line_1_36' title="bbox 9 1991 142 2027; baseline -0.023 -3"><span class='ocrx_word' id='word_1_228' title='bbox 9 1994 89 2027; x_wconf 78' lang='lat' dir='ltr'>&#39;Ann.</span> <span class='ocrx_word' id='word_1_229' title='bbox 100 1991 142 2023; x_wconf 93' lang='lat' dir='ltr'>D.</span> 
     </span>
    </p>
   </div>
   <div class='ocr_carea' id='block_1_18' title="bbox 7 2040 142 2292">
    <p class='ocr_par' dir='ltr' id='par_1_18' title="bbox 7 2040 142 2292">
     <span class='ocr_line' id='line_1_37' title="bbox 31 2040 116 2064; baseline -0.047 0"><span class='ocrx_word' id='word_1_230' title='bbox 31 2040 116 2064; x_wconf 86' lang='lat'>1200.</span> 
     </span>
     <span class='ocr_line' id='line_1_38' title="bbox 9 2077 123 2101; baseline -0.035 0"><span class='ocrx_word' id='word_1_231' title='bbox 9 2077 85 2101; x_wconf 72' lang='lat' dir='ltr'>Cart.</span> <span class='ocrx_word' id='word_1_232' title='bbox 97 2081 123 2098; x_wconf 90' lang='lat'>2.</span> 
     </span>
     <span class='ocr_line' id='line_1_39' title="bbox 10 2111 109 2149; baseline -0.01 -11"><span class='ocrx_word' id='word_1_233' title='bbox 10 2111 109 2149; x_wconf 81' lang='lat' dir='ltr'>Johan-</span> 
     </span>
     <span class='ocr_line' id='line_1_40' title="bbox 10 2151 141 2186; baseline -0.023 -8"><span class='ocrx_word' id='word_1_234' title='bbox 10 2151 64 2181; x_wconf 75' lang='lat' dir='ltr'>nis,</span> <span class='ocrx_word' id='word_1_235' title='bbox 76 2155 102 2186; x_wconf 88' lang='lat' dir='ltr'>p.</span> <span class='ocrx_word' id='word_1_236' title='bbox 118 2157 141 2175; x_wconf 90' lang='lat'>1.</span> 
     </span>
     <span class='ocr_line' id='line_1_41' title="bbox 12 2186 142 2221; baseline -0.008 -7"><span class='ocrx_word' id='word_1_237' title='bbox 12 2186 48 2221; x_wconf 67' lang='grc' dir='ltr'>ό·</span> <span class='ocrx_word' id='word_1_238' title='bbox 63 2196 88 2214; x_wconf 87' lang='lat'>2.</span> <span class='ocrx_word' id='word_1_239' title='bbox 103 2187 142 2214; x_wconf 81' lang='lat' dir='ltr'>in-</span> 
     </span>
     <span class='ocr_line' id='line_1_42' title="bbox 7 2224 142 2263; baseline 0 -11"><span class='ocrx_word' id='word_1_240' title='bbox 7 2224 97 2263; x_wconf 74' lang='lat' dir='ltr'>fimul.</span> <span class='ocrx_word' id='word_1_241' title='bbox 106 2235 142 2254; x_wconf 87' lang='lat' dir='ltr'>m.</span> 
     </span>
     <span class='ocr_line' id='line_1_43' title="bbox 14 2263 86 2292; baseline 0.028 -2"><span class='ocrx_word' id='word_1_242' title='bbox 14 2263 43 2292; x_wconf 84' lang='lat'>8.</span> <span class='ocrx_word' id='word_1_243' title='bbox 60 2264 86 2292; x_wconf 80' lang='lat' dir='ltr'>d.</span> 
     </span>
    </p>
   </div>
   <div class='ocr_carea' id='block_1_19' title="bbox 43 3501 169 3530">
    <p class='ocr_par' dir='ltr' id='par_1_19' title="bbox 43 3501 169 3530">
     <span class='ocr_line' id='line_1_44' title="bbox 43 3501 169 3530; baseline -0.016 0"><span class='ocrx_word' id='word_1_244' title='bbox 43 3501 92 3530; x_wconf 64' lang='lat'>91.</span> <span class='ocrx_word' id='word_1_245' title='bbox 109 3509 169 3529; x_wconf 72' lang='grc' dir='ltr'>ιη.</span> 
     </span>
    </p>
   </div>
   <div class='ocr_carea' id='block_1_20' title="bbox 44 3691 175 3883">
    <p class='ocr_par' dir='ltr' id='par_1_20' title="bbox 44 3691 175 3883">
     <span class='ocr_line' id='line_1_45' title="bbox 45 3691 173 3728; baseline -0.031 0"><span class='ocrx_word' id='word_1_246' title='bbox 45 3691 124 3728; x_wconf 75' lang='lat' dir='ltr'>Ann.</span> <span class='ocrx_word' id='word_1_247' title='bbox 132 3692 173 3726; x_wconf 94' lang='lat' dir='ltr'>D.</span> 
     </span>
     <span class='ocr_line' id='line_1_46' title="bbox 72 3739 156 3766; baseline -0.024 -1"><span class='ocrx_word' id='word_1_248' title='bbox 72 3739 156 3766; x_wconf 64' lang='lat'>1²09.</span> 
     </span>
     <span class='ocr_line' id='line_1_47' title="bbox 44 3772 157 3802; baseline 0.009 -2"><span class='ocrx_word' id='word_1_249' title='bbox 44 3772 117 3800; x_wconf 70' lang='lat' dir='ltr'>Cart.</span> <span class='ocrx_word' id='word_1_250' title='bbox 132 3781 157 3802; x_wconf 75' lang='lat' dir='ltr'>a.</span> 
     </span>
     <span class='ocr_line' id='line_1_48' title="bbox 45 3806 143 3843; baseline 0.02 -9"><span class='ocrx_word' id='word_1_251' title='bbox 45 3806 143 3843; x_wconf 77' lang='lat' dir='ltr'>Johan-</span> 
     </span>
     <span class='ocr_line' id='line_1_49' title="bbox 47 3845 175 3883; baseline 0 -7"><span class='ocrx_word' id='word_1_252' title='bbox 47 3845 102 3881; x_wconf 57' lang='lat' dir='ltr'>nis.)</span> <span class='ocrx_word' id='word_1_253' title='bbox 115 3852 139 3883; x_wconf 72' lang='lat' dir='ltr'>P·</span> <span class='ocrx_word' id='word_1_254' title='bbox 152 3857 162 3876; x_wconf 66' lang='grc' dir='ltr'><strong>Χ</strong></span> <span class='ocrx_word' id='word_1_255' title='bbox 169 3869 175 3876; x_wconf 83' lang='grc'><em>.</em></span> 
     </span>
    </p>
   </div>
   <div class='ocr_carea' id='block_1_21' title="bbox 48 3880 174 3915">
    <p class='ocr_par' dir='ltr' id='par_1_21' title="bbox 48 3880 174 3915">
     <span class='ocr_line' id='line_1_50' title="bbox 48 3880 174 3915; baseline 0 0"><span class='ocrx_word' id='word_1_256' title='bbox 48 3880 83 3915; x_wconf 71' lang='grc'>(7·</span> <span class='ocrx_word' id='word_1_257' title='bbox 98 3887 174 3915; x_wconf 57' lang='lat' dir='ltr'>Lin-</span> 
     </span>
    </p>
   </div>
   <div class='ocr_carea' id='block_1_22' title="bbox 43 3919 177 3956">
    <p class='ocr_par' dir='ltr' id='par_1_22' title="bbox 43 3919 177 3956">
     <span class='ocr_line' id='line_1_51' title="bbox 43 3919 177 3956; baseline -0.022 0"><span class='ocrx_word' id='word_1_258' title='bbox 43 3919 123 3956; x_wconf 54' lang='grc' dir='ltr'>[νηὶ</span> <span class='ocrx_word' id='word_1_259' title='bbox 139 3934 177 3954; x_wconf 84' lang='lat' dir='ltr'>m.</span> 
     </span>
    </p>
   </div>
   <div class='ocr_carea' id='block_1_23' title="bbox 156 1838 1226 2014">
    <p class='ocr_par' dir='ltr' id='par_1_23' title="bbox 156 1838 1226 2014">
     <span class='ocr_line' id='line_1_52' title="bbox 156 1838 1226 1887; baseline -0.003 -12"><span class='ocrx_word' id='word_1_260' title='bbox 156 1843 277 1876; x_wconf 82' lang='lat' dir='ltr'>Littera</span> <span class='ocrx_word' id='word_1_261' title='bbox 307 1840 456 1876; x_wconf 70' lang='lat' dir='ltr'>Vicecom.</span> <span class='ocrx_word' id='word_1_262' title='bbox 482 1838 615 1875; x_wconf 81' lang='lat' dir='ltr'>Thoarc.</span> <span class='ocrx_word' id='word_1_263' title='bbox 639 1839 676 1873; x_wconf 86' lang='lat' dir='ltr'>de</span> <span class='ocrx_word' id='word_1_264' title='bbox 703 1840 852 1874; x_wconf 86' lang='lat' dir='ltr'>Alienora</span> <span class='ocrx_word' id='word_1_265' title='bbox 884 1841 996 1874; x_wconf 74' lang='lat' dir='ltr'>Mure</span> <span class='ocrx_word' id='word_1_266' title='bbox 1022 1843 1110 1887; x_wconf 74' lang='lat' dir='ltr'>Regis</span> <span class='ocrx_word' id='word_1_267' title='bbox 1138 1853 1226 1887; x_wconf 75' lang='lat' dir='ltr'>‹egro-</span> 
     </span>
     <span class='ocr_line' id='line_1_53' title="bbox 235 1973 1226 2014; baseline 0 -8"><span class='ocrx_word' id='word_1_268' title='bbox 235 1975 377 2006; x_wconf 88' lang='lat' dir='ltr'>Enerabili</span> <span class='ocrx_word' id='word_1_269' title='bbox 389 1974 524 2007; x_wconf 88' lang='lat' dir='ltr'>Domino</span> <span class='ocrx_word' id='word_1_270' title='bbox 537 1974 588 2006; x_wconf 90' lang='lat' dir='ltr'>suo</span> <span class='ocrx_word' id='word_1_271' title='bbox 598 1974 723 2013; x_wconf 86' lang='lat' dir='ltr'>Johanni</span> <span class='ocrx_word' id='word_1_272' title='bbox 735 1973 794 2004; x_wconf 91' lang='lat' dir='ltr'>Dei</span> <span class='ocrx_word' id='word_1_273' title='bbox 808 1976 911 2014; x_wconf 86' lang='lat' dir='ltr'>gratia,</span> <span class='ocrx_word' id='word_1_274' title='bbox 929 1975 989 2006; x_wconf 66' lang='grc' dir='ltr'>ὅτε.</span> <span class='ocrx_word' id='word_1_275' title='bbox 1009 1975 1160 2006; x_wconf 82' lang='lat' dir='ltr'>Americus</span> <span class='ocrx_word' id='word_1_276' title='bbox 1174 1975 1226 2006; x_wconf 91' lang='lat' dir='ltr'>Vi-</span> 
     </span>
    </p>
   </div>
   <div class='ocr_carea' id='block_1_24' title="bbox 161 1898 1246 3326">
    <p class='ocr_par' dir='ltr' id='par_1_24' title="bbox 161 1898 1227 2089">
     <span class='ocr_line' id='line_1_54' title="bbox 647 1898 743 1923; baseline 0 -1"><span class='ocrx_word' id='word_1_277' title='bbox 647 1898 743 1923; x_wconf 80' lang='lat' dir='ltr'>tante.</span> 
     </span>
     <span class='ocr_line' id='line_1_55' title="bbox 161 1974 1227 2053; baseline 0.002 -9"><span class='ocrx_word' id='word_1_278' title='bbox 161 1974 225 2036; x_wconf 87' lang='lat' dir='ltr'><strong>V</strong></span> <span class='ocrx_word' id='word_1_279' title='bbox 245 2024 380 2045; x_wconf 70' lang='lat' dir='ltr'>cecomes</span> <span class='ocrx_word' id='word_1_280' title='bbox 400 2014 529 2045; x_wconf 90' lang='lat' dir='ltr'>Thoarc.</span> <span class='ocrx_word' id='word_1_281' title='bbox 547 2014 609 2044; x_wconf 91' lang='lat' dir='ltr'>suus</span> <span class='ocrx_word' id='word_1_282' title='bbox 630 2014 723 2043; x_wconf 90' lang='lat' dir='ltr'>homo</span> <span class='ocrx_word' id='word_1_283' title='bbox 743 2012 830 2044; x_wconf 87' lang='lat' dir='ltr'>fidelis</span> <span class='ocrx_word' id='word_1_284' title='bbox 849 2024 899 2051; x_wconf 90' lang='lat' dir='ltr'>per</span> <span class='ocrx_word' id='word_1_285' title='bbox 918 2015 1032 2053; x_wconf 89' lang='lat' dir='ltr'>omnia,</span> <span class='ocrx_word' id='word_1_286' title='bbox 1060 2014 1175 2046; x_wconf 85' lang='lat' dir='ltr'>salutem</span> <span class='ocrx_word' id='word_1_287' title='bbox 1193 2015 1227 2046; x_wconf 65' lang='grc' dir='ltr'>ὃς</span> 
     </span>
     <span class='ocr_line' id='line_1_56' title="bbox 163 2049 787 2089; baseline -0.008 -5"><span class='ocrx_word' id='word_1_288' title='bbox 163 2050 306 2084; x_wconf 88' lang='lat' dir='ltr'>servitium</span> <span class='ocrx_word' id='word_1_289' title='bbox 321 2061 381 2083; x_wconf 86' lang='lat' dir='ltr'>tam</span> <span class='ocrx_word' id='word_1_290' title='bbox 393 2052 534 2082; x_wconf 90' lang='lat' dir='ltr'>devotum</span> <span class='ocrx_word' id='word_1_291' title='bbox 548 2060 634 2089; x_wconf 86' lang='lat' dir='ltr'>quarn</span> <span class='ocrx_word' id='word_1_292' title='bbox 649 2049 787 2080; x_wconf 88' lang='lat' dir='ltr'>debitum.</span> 
     </span>
    </p>

    <p class='ocr_par' dir='ltr' id='par_1_25' title="bbox 162 2088 1229 2352">
     <span class='ocr_line' id='line_1_57' title="bbox 198 2088 1226 2131; baseline 0.002 -11"><span class='ocrx_word' id='word_1_293' title='bbox 198 2089 329 2122; x_wconf 83' lang='lat' dir='ltr'>Noverit</span> <span class='ocrx_word' id='word_1_294' title='bbox 342 2089 432 2121; x_wconf 85' lang='lat' dir='ltr'>vestra</span> <span class='ocrx_word' id='word_1_295' title='bbox 446 2089 598 2120; x_wconf 85' lang='lat' dir='ltr'>sublimitas</span> <span class='ocrx_word' id='word_1_296' title='bbox 615 2088 694 2128; x_wconf 89' lang='lat' dir='ltr'>quod</span> <span class='ocrx_word' id='word_1_297' title='bbox 709 2088 842 2119; x_wconf 88' lang='lat' dir='ltr'>Alienora</span> <span class='ocrx_word' id='word_1_298' title='bbox 856 2088 983 2129; x_wconf 83' lang='lat' dir='ltr'>Regina,</span> <span class='ocrx_word' id='word_1_299' title='bbox 1002 2090 1132 2122; x_wconf 85' lang='lat' dir='ltr'>Domina</span> <span class='ocrx_word' id='word_1_300' title='bbox 1145 2101 1226 2131; x_wconf 89' lang='lat' dir='ltr'>mea,</span> 
     </span>
     <span class='ocr_line' id='line_1_58' title="bbox 163 2126 1229 2168; baseline 0.003 -9"><span class='ocrx_word' id='word_1_301' title='bbox 163 2137 253 2160; x_wconf 87' lang='lat' dir='ltr'>mater</span> <span class='ocrx_word' id='word_1_302' title='bbox 270 2127 362 2159; x_wconf 83' lang='lat' dir='ltr'>vestra</span> <span class='ocrx_word' id='word_1_303' title='bbox 375 2151 385 2168; x_wconf 92' lang='lat'>,</span> <span class='ocrx_word' id='word_1_304' title='bbox 417 2127 579 2159; x_wconf 84' lang='lat' dir='ltr'>infirmitate</span> <span class='ocrx_word' id='word_1_305' title='bbox 596 2126 726 2166; x_wconf 87' lang='lat' dir='ltr'>oppressa</span> <span class='ocrx_word' id='word_1_306' title='bbox 745 2127 819 2165; x_wconf 87' lang='lat' dir='ltr'>apud</span> <span class='ocrx_word' id='word_1_307' title='bbox 849 2127 973 2159; x_wconf 87' lang='lat' dir='ltr'>Fontem</span> <span class='ocrx_word' id='word_1_308' title='bbox 1001 2128 1126 2161; x_wconf 88' lang='lat' dir='ltr'>Ebraudi</span> <span class='ocrx_word' id='word_1_309' title='bbox 1139 2155 1148 2168; x_wconf 88' lang='lat'>,</span> <span class='ocrx_word' id='word_1_310' title='bbox 1180 2141 1229 2162; x_wconf 88' lang='lat' dir='ltr'>me</span> 
     </span>
     <span class='ocr_line' id='line_1_59' title="bbox 164 2165 1228 2208; baseline 0.002 -10"><span class='ocrx_word' id='word_1_311' title='bbox 164 2166 308 2199; x_wconf 80' lang='lat' dir='ltr'>mandavit</span> <span class='ocrx_word' id='word_1_312' title='bbox 321 2175 369 2206; x_wconf 89' lang='lat' dir='ltr'>ut,</span> <span class='ocrx_word' id='word_1_313' title='bbox 388 2166 424 2197; x_wconf 87' lang='lat' dir='ltr'>ad</span> <span class='ocrx_word' id='word_1_314' title='bbox 438 2176 502 2198; x_wconf 80' lang='lat' dir='ltr'>earn</span> <span class='ocrx_word' id='word_1_315' title='bbox 516 2166 682 2198; x_wconf 80' lang='lat' dir='ltr'>,visitandam</span> <span class='ocrx_word' id='word_1_316' title='bbox 693 2167 723 2197; x_wconf 89' lang='lat' dir='ltr'>in</span> <span class='ocrx_word' id='word_1_317' title='bbox 735 2165 791 2196; x_wconf 79' lang='lat' dir='ltr'>suae</span> <span class='ocrx_word' id='word_1_318' title='bbox 805 2165 971 2198; x_wconf 87' lang='lat' dir='ltr'>infirmitatis</span> <span class='ocrx_word' id='word_1_319' title='bbox 985 2170 1165 2208; x_wconf 80' lang='lat' dir='ltr'>gravamine,</span> <span class='ocrx_word' id='word_1_320' title='bbox 1179 2169 1228 2200; x_wconf 89' lang='lat' dir='ltr'>de-</span> 
     </span>
     <span class='ocr_line' id='line_1_60' title="bbox 162 2204 1228 2244; baseline 0.003 -8"><span class='ocrx_word' id='word_1_321' title='bbox 162 2214 235 2237; x_wconf 91' lang='lat' dir='ltr'>voto</span> <span class='ocrx_word' id='word_1_322' title='bbox 256 2206 354 2236; x_wconf 88' lang='lat' dir='ltr'>animo</span> <span class='ocrx_word' id='word_1_323' title='bbox 373 2205 501 2236; x_wconf 87' lang='lat' dir='ltr'>feffinavi</span> <span class='ocrx_word' id='word_1_324' title='bbox 522 2214 622 2236; x_wconf 87' lang='lat' dir='ltr'>coram</span> <span class='ocrx_word' id='word_1_325' title='bbox 643 2204 717 2244; x_wconf 81' lang='lat' dir='ltr'>ipsa,</span> <span class='ocrx_word' id='word_1_326' title='bbox 735 2214 784 2235; x_wconf 88' lang='lat' dir='ltr'>me</span> <span class='ocrx_word' id='word_1_327' title='bbox 797 2204 952 2244; x_wconf 83' lang='lat' dir='ltr'>affistente,</span> <span class='ocrx_word' id='word_1_328' title='bbox 970 2206 997 2237; x_wconf 92' lang='lat' dir='ltr'>se</span> <span class='ocrx_word' id='word_1_329' title='bbox 1012 2208 1135 2238; x_wconf 89' lang='lat' dir='ltr'>nimium</span> <span class='ocrx_word' id='word_1_330' title='bbox 1150 2208 1228 2239; x_wconf 82' lang='lat' dir='ltr'>exhi-</span> 
     </span>
     <span class='ocr_line' id='line_1_61' title="bbox 162 2243 1228 2286; baseline 0.003 -12"><span class='ocrx_word' id='word_1_331' title='bbox 162 2243 275 2283; x_wconf 86' lang='lat' dir='ltr'>laravit;</span> <span class='ocrx_word' id='word_1_332' title='bbox 293 2245 327 2275; x_wconf 65' lang='grc' dir='ltr'>ὃς</span> <span class='ocrx_word' id='word_1_333' title='bbox 337 2267 347 2284; x_wconf 85' lang='grc'>,</span> <span class='ocrx_word' id='word_1_334' title='bbox 359 2243 396 2275; x_wconf 91' lang='lat' dir='ltr'>de</span> <span class='ocrx_word' id='word_1_335' title='bbox 409 2244 492 2275; x_wconf 88' lang='lat' dir='ltr'>vobis</span> <span class='ocrx_word' id='word_1_336' title='bbox 504 2244 578 2275; x_wconf 87' lang='lat' dir='ltr'>inter</span> <span class='ocrx_word' id='word_1_337' title='bbox 590 2245 684 2286; x_wconf 31' lang='lat' dir='ltr'>meq&amp;</span> <span class='ocrx_word' id='word_1_338' title='bbox 697 2243 782 2282; x_wconf 86' lang='lat' dir='ltr'>ipsam</span> <span class='ocrx_word' id='word_1_339' title='bbox 795 2243 874 2274; x_wconf 57' lang='lat' dir='ltr'>fatto</span> <span class='ocrx_word' id='word_1_340' title='bbox 887 2245 1052 2285; x_wconf 87' lang='lat' dir='ltr'>colloquio,</span> <span class='ocrx_word' id='word_1_341' title='bbox 1066 2246 1146 2284; x_wconf 88' lang='lat' dir='ltr'>super</span> <span class='ocrx_word' id='word_1_342' title='bbox 1161 2257 1228 2277; x_wconf 85' lang='lat' dir='ltr'>om-</span> 
     </span>
     <span class='ocr_line' id='line_1_62' title="bbox 162 2282 1228 2325; baseline 0.004 -12"><span class='ocrx_word' id='word_1_343' title='bbox 162 2282 244 2314; x_wconf 87' lang='lat' dir='ltr'>nibus</span> <span class='ocrx_word' id='word_1_344' title='bbox 263 2292 333 2313; x_wconf 84' lang='lat' dir='ltr'>curn</span> <span class='ocrx_word' id='word_1_345' title='bbox 353 2293 384 2313; x_wconf 89' lang='lat' dir='ltr'>ea</span> <span class='ocrx_word' id='word_1_346' title='bbox 405 2282 546 2321; x_wconf 82' lang='lat' dir='ltr'>conveni,</span> <span class='ocrx_word' id='word_1_347' title='bbox 565 2283 616 2321; x_wconf 83' lang='lat'>&amp;,</span> <span class='ocrx_word' id='word_1_348' title='bbox 632 2284 702 2313; x_wconf 73' lang='lat' dir='ltr'>sicut</span> <span class='ocrx_word' id='word_1_349' title='bbox 722 2282 804 2314; x_wconf 90' lang='lat' dir='ltr'>vobis</span> <span class='ocrx_word' id='word_1_350' title='bbox 820 2292 869 2321; x_wconf 87' lang='lat' dir='ltr'>per</span> <span class='ocrx_word' id='word_1_351' title='bbox 881 2283 972 2315; x_wconf 81' lang='lat' dir='ltr'>literas</span> <span class='ocrx_word' id='word_1_352' title='bbox 987 2284 1045 2315; x_wconf 85' lang='lat' dir='ltr'>suas</span> <span class='ocrx_word' id='word_1_353' title='bbox 1058 2284 1171 2325; x_wconf 78' lang='lat' dir='ltr'>scribit,</span> <span class='ocrx_word' id='word_1_354' title='bbox 1190 2286 1228 2318; x_wconf 80' lang='lat' dir='ltr'>iic</span> 
     </span>
     <span class='ocr_line' id='line_1_63' title="bbox 164 2319 742 2352; baseline -0.003 0"><span class='ocrx_word' id='word_1_355' title='bbox 164 2319 282 2352; x_wconf 78' lang='lat' dir='ltr'>extitisse</span> <span class='ocrx_word' id='word_1_356' title='bbox 296 2321 416 2352; x_wconf 80' lang='lat' dir='ltr'>notifico</span> <span class='ocrx_word' id='word_1_357' title='bbox 432 2320 598 2352; x_wconf 86' lang='lat' dir='ltr'>testimonio</span> <span class='ocrx_word' id='word_1_358' title='bbox 612 2321 742 2352; x_wconf 88' lang='lat' dir='ltr'>veritatis.</span> 
     </span>
    </p>

    <p class='ocr_par' dir='ltr' id='par_1_26' title="bbox 165 2359 1232 2545">
     <span class='ocr_line' id='line_1_64' title="bbox 210 2359 1230 2401; baseline 0.004 -11"><span class='ocrx_word' id='word_1_359' title='bbox 210 2359 325 2399; x_wconf 86' lang='lat' dir='ltr'>Sciatis,</span> <span class='ocrx_word' id='word_1_360' title='bbox 352 2359 486 2391; x_wconf 90' lang='lat' dir='ltr'>Domine</span> <span class='ocrx_word' id='word_1_361' title='bbox 526 2359 606 2399; x_wconf 90' lang='lat' dir='ltr'>quod</span> <span class='ocrx_word' id='word_1_362' title='bbox 626 2360 736 2399; x_wconf 82' lang='lat' dir='ltr'>semper</span> <span class='ocrx_word' id='word_1_363' title='bbox 757 2360 828 2398; x_wconf 87' lang='lat' dir='ltr'>patri</span> <span class='ocrx_word' id='word_1_364' title='bbox 847 2360 945 2391; x_wconf 89' lang='lat' dir='ltr'>vestro</span> <span class='ocrx_word' id='word_1_365' title='bbox 965 2360 1054 2392; x_wconf 89' lang='lat' dir='ltr'>fidelis</span> <span class='ocrx_word' id='word_1_366' title='bbox 1076 2363 1170 2401; x_wconf 79' lang='lat' dir='ltr'>extiti,</span> <span class='ocrx_word' id='word_1_367' title='bbox 1196 2365 1230 2395; x_wconf 74' lang='grc' dir='ltr'>δε</span> 
     </span>
     <span class='ocr_line' id='line_1_65' title="bbox 165 2398 1231 2441; baseline 0.002 -11"><span class='ocrx_word' id='word_1_368' title='bbox 165 2398 240 2430; x_wconf 81' lang='lat' dir='ltr'>fratr&#39;</span> <span class='ocrx_word' id='word_1_369' title='bbox 260 2399 355 2430; x_wconf 88' lang='lat' dir='ltr'>vestro</span> <span class='ocrx_word' id='word_1_370' title='bbox 391 2398 468 2436; x_wconf 84' lang='lat' dir='ltr'>Regi</span> <span class='ocrx_word' id='word_1_371' title='bbox 516 2398 637 2438; x_wconf 84' lang='lat' dir='ltr'>icardo,</span> <span class='ocrx_word' id='word_1_372' title='bbox 655 2400 684 2429; x_wconf 93' lang='lat' dir='ltr'>in</span> <span class='ocrx_word' id='word_1_373' title='bbox 705 2398 757 2429; x_wconf 82' lang='lat' dir='ltr'>suis</span> <span class='ocrx_word' id='word_1_374' title='bbox 780 2399 896 2429; x_wconf 83' lang='lat' dir='ltr'>servitiis</span> <span class='ocrx_word' id='word_1_375' title='bbox 909 2409 958 2430; x_wconf 89' lang='lat' dir='ltr'>me</span> <span class='ocrx_word' id='word_1_376' title='bbox 972 2400 1085 2431; x_wconf 89' lang='lat' dir='ltr'>fidelem</span> <span class='ocrx_word' id='word_1_377' title='bbox 1099 2402 1231 2441; x_wconf 82' lang='lat' dir='ltr'>exhibui,</span> 
     </span>
     <span class='ocr_line' id='line_1_66' title="bbox 165 2423 1232 2478; baseline 0.004 -10"><span class='ocrx_word' id='word_1_378' title='bbox 165 2437 250 2468; x_wconf 87' lang='lat' dir='ltr'>vobis</span> <span class='ocrx_word' id='word_1_379' title='bbox 272 2447 343 2468; x_wconf 89' lang='lat' dir='ltr'>vero</span> <span class='ocrx_word' id='word_1_380' title='bbox 363 2423 511 2476; x_wconf 74' lang='lat' dir='ltr'>liucusque</span> <span class='ocrx_word' id='word_1_381' title='bbox 524 2439 554 2468; x_wconf 91' lang='lat' dir='ltr'>in</span> <span class='ocrx_word' id='word_1_382' title='bbox 569 2439 686 2469; x_wconf 89' lang='lat' dir='ltr'>veritate</span> <span class='ocrx_word' id='word_1_383' title='bbox 700 2438 734 2468; x_wconf 70' lang='grc' dir='ltr'>δε</span> <span class='ocrx_word' id='word_1_384' title='bbox 748 2438 777 2467; x_wconf 88' lang='lat' dir='ltr'>in</span> <span class='ocrx_word' id='word_1_385' title='bbox 793 2437 869 2468; x_wconf 87' lang='lat' dir='ltr'>fideli</span> <span class='ocrx_word' id='word_1_386' title='bbox 883 2437 994 2469; x_wconf 89' lang='lat' dir='ltr'>servitio</span> <span class='ocrx_word' id='word_1_387' title='bbox 1009 2449 1070 2470; x_wconf 88' lang='lat' dir='ltr'>non</span> <span class='ocrx_word' id='word_1_388' title='bbox 1086 2439 1180 2478; x_wconf 78' lang='lat' dir='ltr'>defui,</span> <span class='ocrx_word' id='word_1_389' title='bbox 1198 2442 1232 2472; x_wconf 90' lang='lat'>&amp;</span> 
     </span>
     <span class='ocr_line' id='line_1_67' title="bbox 166 2475 1232 2545; baseline 0.005 -38"><span class='ocrx_word' id='word_1_390' title='bbox 166 2477 240 2545; x_wconf 56' lang='lat' dir='ltr'>{nter</span> <span class='ocrx_word' id='word_1_391' title='bbox 254 2485 303 2507; x_wconf 90' lang='lat' dir='ltr'>me</span> <span class='ocrx_word' id='word_1_392' title='bbox 316 2477 350 2508; x_wconf 91' lang='lat'>&amp;</span> <span class='ocrx_word' id='word_1_393' title='bbox 365 2487 417 2507; x_wconf 90' lang='lat' dir='ltr'>vos</span> <span class='ocrx_word' id='word_1_394' title='bbox 433 2476 473 2506; x_wconf 91' lang='lat' dir='ltr'>nil</span> <span class='ocrx_word' id='word_1_395' title='bbox 484 2477 686 2508; x_wconf 84' lang='lat' dir='ltr'>contrarietatis</span> <span class='ocrx_word' id='word_1_396' title='bbox 700 2475 816 2514; x_wconf 82' lang='lat' dir='ltr'>incidit,</span> <span class='ocrx_word' id='word_1_397' title='bbox 834 2485 934 2515; x_wconf 86' lang='lat' dir='ltr'>praeter</span> <span class='ocrx_word' id='word_1_398' title='bbox 949 2477 1080 2517; x_wconf 78' lang='lat' dir='ltr'>quaedam</span> <span class='ocrx_word' id='word_1_399' title='bbox 1093 2480 1232 2512; x_wconf 85' lang='lat' dir='ltr'>verbecu-</span> 
     </span>
    </p>

    <p class='ocr_par' dir='ltr' id='par_1_27' title="bbox 179 2523 263 2544">
     <span class='ocr_line' id='line_1_68' title="bbox 179 2523 263 2544; baseline 0 0"><span class='ocrx_word' id='word_1_400' title='bbox 179 2523 193 2544; x_wconf 89' lang='lat' dir='ltr'>a</span> <span class='ocrx_word' id='word_1_401' title='bbox 206 2524 263 2544; x_wconf 83' lang='lat' dir='ltr'>irae.</span> 
     </span>
    </p>

    <p class='ocr_par' dir='ltr' id='par_1_28' title="bbox 170 2552 1235 2706">
     <span class='ocr_line' id='line_1_69' title="bbox 204 2552 1235 2593; baseline 0.004 -10"><span class='ocrx_word' id='word_1_402' title='bbox 204 2552 285 2583; x_wconf 83' lang='lat' dir='ltr'>Sicut</span> <span class='ocrx_word' id='word_1_403' title='bbox 298 2562 394 2584; x_wconf 90' lang='lat' dir='ltr'>autern</span> <span class='ocrx_word' id='word_1_404' title='bbox 407 2553 517 2592; x_wconf 88' lang='lat' dir='ltr'>semper</span> <span class='ocrx_word' id='word_1_405' title='bbox 531 2554 614 2584; x_wconf 84' lang='lat' dir='ltr'>vobis</span> <span class='ocrx_word' id='word_1_406' title='bbox 629 2553 662 2584; x_wconf 89' lang='lat'>&amp;</span> <span class='ocrx_word' id='word_1_407' title='bbox 686 2552 801 2591; x_wconf 83' lang='lat' dir='ltr'>vestris,</span> <span class='ocrx_word' id='word_1_408' title='bbox 819 2562 955 2593; x_wconf 86' lang='lat' dir='ltr'>tanquam</span> <span class='ocrx_word' id='word_1_409' title='bbox 974 2554 1068 2586; x_wconf 90' lang='lat' dir='ltr'>homo</span> <span class='ocrx_word' id='word_1_410' title='bbox 1089 2556 1181 2586; x_wconf 90' lang='lat' dir='ltr'>vester</span> <span class='ocrx_word' id='word_1_411' title='bbox 1202 2556 1235 2587; x_wconf 92' lang='lat' dir='ltr'>li-</span> 
     </span>
     <span class='ocr_line' id='line_1_70' title="bbox 170 2590 1234 2631; baseline 0.004 -10"><span class='ocrx_word' id='word_1_412' title='bbox 170 2591 250 2629; x_wconf 81' lang='lat' dir='ltr'>gius,</span> <span class='ocrx_word' id='word_1_413' title='bbox 268 2590 354 2622; x_wconf 87' lang='lat' dir='ltr'>fidelis</span> <span class='ocrx_word' id='word_1_414' title='bbox 368 2591 459 2631; x_wconf 83' lang='lat' dir='ltr'>adfui,</span> <span class='ocrx_word' id='word_1_415' title='bbox 477 2593 513 2622; x_wconf 90' lang='lat' dir='ltr'>ita</span> <span class='ocrx_word' id='word_1_416' title='bbox 528 2591 621 2622; x_wconf 88' lang='lat' dir='ltr'>adhuc</span> <span class='ocrx_word' id='word_1_417' title='bbox 637 2590 752 2622; x_wconf 89' lang='lat' dir='ltr'>fidelem</span> <span class='ocrx_word' id='word_1_418' title='bbox 767 2601 815 2622; x_wconf 91' lang='lat' dir='ltr'>me</span> <span class='ocrx_word' id='word_1_419' title='bbox 829 2593 912 2624; x_wconf 88' lang='lat' dir='ltr'>vobis</span> <span class='ocrx_word' id='word_1_420' title='bbox 928 2593 1065 2631; x_wconf 84' lang='lat' dir='ltr'>exhibeo,</span> <span class='ocrx_word' id='word_1_421' title='bbox 1080 2595 1112 2624; x_wconf 88' lang='lat'>&amp;</span> <span class='ocrx_word' id='word_1_422' title='bbox 1130 2603 1234 2625; x_wconf 87' lang='lat' dir='ltr'>terram</span> 
     </span>
     <span class='ocr_line' id='line_1_71' title="bbox 173 2629 1235 2669; baseline 0.006 -10"><span class='ocrx_word' id='word_1_423' title='bbox 173 2638 288 2667; x_wconf 68' lang='lat' dir='ltr'>meam,</span> <span class='ocrx_word' id='word_1_424' title='bbox 308 2631 343 2661; x_wconf 92' lang='lat'>&amp;</span> <span class='ocrx_word' id='word_1_425' title='bbox 363 2638 458 2660; x_wconf 88' lang='lat' dir='ltr'>totum</span> <span class='ocrx_word' id='word_1_426' title='bbox 476 2629 557 2667; x_wconf 84' lang='lat' dir='ltr'>poffe</span> <span class='ocrx_word' id='word_1_427' title='bbox 579 2639 697 2669; x_wconf 81' lang='lat' dir='ltr'>meum,</span> <span class='ocrx_word' id='word_1_428' title='bbox 715 2631 749 2663; x_wconf 85' lang='lat'>&amp;</span> <span class='ocrx_word' id='word_1_429' title='bbox 761 2631 870 2662; x_wconf 89' lang='lat' dir='ltr'>amicos</span> <span class='ocrx_word' id='word_1_430' title='bbox 884 2641 966 2661; x_wconf 88' lang='lat' dir='ltr'>meos</span> <span class='ocrx_word' id='word_1_431' title='bbox 980 2631 1120 2663; x_wconf 81' lang='lat' dir='ltr'>voluntati</span> <span class='ocrx_word' id='word_1_432' title='bbox 1134 2633 1235 2665; x_wconf 78' lang='lat' dir='ltr'>vestrae</span> 
     </span>
     <span class='ocr_line' id='line_1_72' title="bbox 171 2667 578 2706; baseline -0.007 -6"><span class='ocrx_word' id='word_1_433' title='bbox 171 2668 210 2700; x_wconf 89' lang='lat'>&amp;</span> <span class='ocrx_word' id='word_1_434' title='bbox 221 2667 317 2699; x_wconf 88' lang='lat' dir='ltr'>vestro</span> <span class='ocrx_word' id='word_1_435' title='bbox 330 2668 442 2699; x_wconf 87' lang='lat' dir='ltr'>servitio</span> <span class='ocrx_word' id='word_1_436' title='bbox 454 2677 578 2706; x_wconf 82' lang='lat' dir='ltr'>expono.</span> 
     </span>
    </p>

    <p class='ocr_par' dir='ltr' id='par_1_29' title="bbox 173 2705 1236 2822">
     <span class='ocr_line' id='line_1_73' title="bbox 211 2705 1236 2748; baseline 0.005 -13"><span class='ocrx_word' id='word_1_437' title='bbox 211 2705 321 2736; x_wconf 88' lang='lat' dir='ltr'>Interea</span> <span class='ocrx_word' id='word_1_438' title='bbox 339 2706 423 2737; x_wconf 90' lang='lat' dir='ltr'>vobis</span> <span class='ocrx_word' id='word_1_439' title='bbox 441 2705 561 2737; x_wconf 85' lang='lat' dir='ltr'>notifico</span> <span class='ocrx_word' id='word_1_440' title='bbox 573 2730 583 2744; x_wconf 85' lang='lat'>,</span> <span class='ocrx_word' id='word_1_441' title='bbox 601 2705 750 2744; x_wconf 81' lang='lat' dir='ltr'>Domine,</span> <span class='ocrx_word' id='word_1_442' title='bbox 767 2715 817 2744; x_wconf 90' lang='lat' dir='ltr'>per</span> <span class='ocrx_word' id='word_1_443' title='bbox 838 2705 913 2737; x_wconf 89' lang='lat' dir='ltr'>illam</span> <span class='ocrx_word' id='word_1_444' title='bbox 935 2708 1121 2747; x_wconf 89' lang='lat' dir='ltr'>petitionem,</span> <span class='ocrx_word' id='word_1_445' title='bbox 1149 2719 1236 2748; x_wconf 88' lang='lat' dir='ltr'>quam</span> 
     </span>
     <span class='ocr_line' id='line_1_74' title="bbox 173 2743 1236 2784; baseline 0.005 -9"><span class='ocrx_word' id='word_1_446' title='bbox 173 2744 257 2776; x_wconf 88' lang='lat' dir='ltr'>vobis</span> <span class='ocrx_word' id='word_1_447' title='bbox 276 2744 313 2775; x_wconf 90' lang='lat' dir='ltr'>de</span> <span class='ocrx_word' id='word_1_448' title='bbox 332 2744 391 2775; x_wconf 89' lang='lat' dir='ltr'>filio</span> <span class='ocrx_word' id='word_1_449' title='bbox 411 2754 480 2775; x_wconf 89' lang='lat' dir='ltr'>meo</span> <span class='ocrx_word' id='word_1_450' title='bbox 499 2745 620 2775; x_wconf 87' lang='lat' dir='ltr'>homine</span> <span class='ocrx_word' id='word_1_451' title='bbox 639 2743 736 2774; x_wconf 88' lang='lat' dir='ltr'>vestro</span> <span class='ocrx_word' id='word_1_452' title='bbox 750 2744 898 2784; x_wconf 81' lang='lat' dir='ltr'>proposui,</span> <span class='ocrx_word' id='word_1_453' title='bbox 916 2745 935 2776; x_wconf 87' lang='lat' dir='ltr'>si</span> <span class='ocrx_word' id='word_1_454' title='bbox 949 2747 1122 2778; x_wconf 79' lang='lat' dir='ltr'>exceuentiae</span> <span class='ocrx_word' id='word_1_455' title='bbox 1136 2748 1236 2780; x_wconf 73' lang='lat' dir='ltr'>vestrae</span> 
     </span>
     <span class='ocr_line' id='line_1_75' title="bbox 175 2783 1007 2822; baseline 0.002 -9"><span class='ocrx_word' id='word_1_456' title='bbox 175 2783 317 2821; x_wconf 89' lang='lat' dir='ltr'>compleri</span> <span class='ocrx_word' id='word_1_457' title='bbox 330 2783 414 2821; x_wconf 88' lang='lat' dir='ltr'>digna</span> <span class='ocrx_word' id='word_1_458' title='bbox 427 2783 586 2821; x_wconf 89' lang='lat' dir='ltr'>videbitur,</span> <span class='ocrx_word' id='word_1_459' title='bbox 602 2783 672 2813; x_wconf 85' lang='lat' dir='ltr'>meis</span> <span class='ocrx_word' id='word_1_460' title='bbox 692 2783 821 2821; x_wconf 87' lang='lat' dir='ltr'>precibus</span> <span class='ocrx_word' id='word_1_461' title='bbox 835 2784 1007 2822; x_wconf 88' lang='lat' dir='ltr'>compleatis.</span> 
     </span>
    </p>

    <p class='ocr_par' dir='ltr' id='par_1_30' title="bbox 176 2821 1241 3014">
     <span class='ocr_line' id='line_1_76' title="bbox 213 2821 1238 2863; baseline 0.003 -11"><span class='ocrx_word' id='word_1_462' title='bbox 213 2821 287 2853; x_wconf 88' lang='lat' dir='ltr'>Sane</span> <span class='ocrx_word' id='word_1_463' title='bbox 296 2832 357 2852; x_wconf 91' lang='lat' dir='ltr'>non</span> <span class='ocrx_word' id='word_1_464' title='bbox 373 2822 488 2860; x_wconf 74' lang='lat' dir='ltr'>possum</span> <span class='ocrx_word' id='word_1_465' title='bbox 502 2822 605 2853; x_wconf 88' lang='lat' dir='ltr'>evitare</span> <span class='ocrx_word' id='word_1_466' title='bbox 619 2821 688 2860; x_wconf 88' lang='lat' dir='ltr'>quin</span> <span class='ocrx_word' id='word_1_467' title='bbox 701 2822 754 2852; x_wconf 82' lang='lat' dir='ltr'>vos</span> <span class='ocrx_word' id='word_1_468' title='bbox 768 2830 871 2859; x_wconf 88' lang='lat' dir='ltr'>rogem</span> <span class='ocrx_word' id='word_1_469' title='bbox 884 2832 937 2861; x_wconf 94' lang='lat' dir='ltr'>pro</span> <span class='ocrx_word' id='word_1_470' title='bbox 957 2824 1054 2854; x_wconf 88' lang='lat' dir='ltr'>amicis</span> <span class='ocrx_word' id='word_1_471' title='bbox 1075 2825 1163 2863; x_wconf 84' lang='lat' dir='ltr'>meis,</span> <span class='ocrx_word' id='word_1_472' title='bbox 1184 2835 1238 2856; x_wconf 90' lang='lat' dir='ltr'>un-</span> 
     </span>
     <span class='ocr_line' id='line_1_77' title="bbox 177 2859 1239 2900; baseline 0.004 -10"><span class='ocrx_word' id='word_1_473' title='bbox 177 2859 215 2890; x_wconf 90' lang='lat' dir='ltr'>de</span> <span class='ocrx_word' id='word_1_474' title='bbox 240 2871 293 2891; x_wconf 89' lang='lat' dir='ltr'>vos</span> <span class='ocrx_word' id='word_1_475' title='bbox 311 2870 382 2900; x_wconf 87' lang='lat' dir='ltr'>rogo</span> <span class='ocrx_word' id='word_1_476' title='bbox 403 2861 530 2899; x_wconf 90' lang='lat' dir='ltr'>quatinus</span> <span class='ocrx_word' id='word_1_477' title='bbox 552 2860 661 2890; x_wconf 89' lang='lat' dir='ltr'>bonam</span> <span class='ocrx_word' id='word_1_478' title='bbox 678 2868 782 2897; x_wconf 85' lang='lat' dir='ltr'>pacem</span> <span class='ocrx_word' id='word_1_479' title='bbox 802 2859 964 2892; x_wconf 84' lang='lat' dir='ltr'>confirmari</span> <span class='ocrx_word' id='word_1_480' title='bbox 983 2862 1073 2894; x_wconf 86' lang='lat' dir='ltr'>velitis</span> <span class='ocrx_word' id='word_1_481' title='bbox 1094 2864 1166 2894; x_wconf 89' lang='lat' dir='ltr'>inter</span> <span class='ocrx_word' id='word_1_482' title='bbox 1186 2874 1239 2894; x_wconf 88' lang='lat' dir='ltr'>vos</span> 
     </span>
     <span class='ocr_line' id='line_1_78' title="bbox 176 2897 1241 2938; baseline 0.002 -8"><span class='ocrx_word' id='word_1_483' title='bbox 176 2899 212 2930; x_wconf 90' lang='lat'>&amp;</span> <span class='ocrx_word' id='word_1_484' title='bbox 237 2897 278 2929; x_wconf 89' lang='lat' dir='ltr'>H.</span> <span class='ocrx_word' id='word_1_485' title='bbox 303 2898 455 2930; x_wconf 87' lang='lat' dir='ltr'>Comitem</span> <span class='ocrx_word' id='word_1_486' title='bbox 477 2898 642 2937; x_wconf 78' lang='lat' dir='ltr'>Marchiae3</span> <span class='ocrx_word' id='word_1_487' title='bbox 673 2898 708 2936; x_wconf 83' lang='lat'>&amp;</span> <span class='ocrx_word' id='word_1_488' title='bbox 732 2898 820 2929; x_wconf 84' lang='lat' dir='ltr'>sciatis</span> <span class='ocrx_word' id='word_1_489' title='bbox 838 2900 918 2938; x_wconf 84' lang='lat' dir='ltr'>quod</span> <span class='ocrx_word' id='word_1_490' title='bbox 935 2900 985 2931; x_wconf 80' lang='lat' dir='ltr'>nisi</span> <span class='ocrx_word' id='word_1_491' title='bbox 1000 2911 1069 2932; x_wconf 89' lang='lat' dir='ltr'>meo</span> <span class='ocrx_word' id='word_1_492' title='bbox 1084 2903 1241 2933; x_wconf 89' lang='lat' dir='ltr'>rationabili</span> 
     </span>
     <span class='ocr_line' id='line_1_79' title="bbox 177 2936 1239 2977; baseline 0.004 -9"><span class='ocrx_word' id='word_1_493' title='bbox 177 2937 297 2968; x_wconf 86' lang='lat' dir='ltr'>consilio</span> <span class='ocrx_word' id='word_1_494' title='bbox 310 2937 460 2971; x_wconf 89' lang='lat' dir='ltr'>vobiscum</span> <span class='ocrx_word' id='word_1_495' title='bbox 473 2937 605 2976; x_wconf 84' lang='lat' dir='ltr'>pacifice,</span> <span class='ocrx_word' id='word_1_496' title='bbox 623 2937 736 2967; x_wconf 87' lang='lat' dir='ltr'>honore</span> <span class='ocrx_word' id='word_1_497' title='bbox 750 2936 847 2968; x_wconf 89' lang='lat' dir='ltr'>vestro</span> <span class='ocrx_word' id='word_1_498' title='bbox 859 2938 952 2977; x_wconf 89' lang='lat' dir='ltr'>salvo,</span> <span class='ocrx_word' id='word_1_499' title='bbox 969 2941 1126 2971; x_wconf 87' lang='lat' dir='ltr'>convenire</span> <span class='ocrx_word' id='word_1_500' title='bbox 1138 2941 1239 2972; x_wconf 89' lang='lat' dir='ltr'>volue-</span> 
     </span>
     <span class='ocr_line' id='line_1_80' title="bbox 178 2975 1122 3014; baseline 0.003 -8"><span class='ocrx_word' id='word_1_501' title='bbox 178 2976 214 3006; x_wconf 84' lang='lat' dir='ltr'>rit</span> <span class='ocrx_word' id='word_1_502' title='bbox 248 2985 297 3006; x_wconf 86' lang='lat' dir='ltr'>me</span> <span class='ocrx_word' id='word_1_503' title='bbox 309 2985 378 3006; x_wconf 88' lang='lat' dir='ltr'>cum</span> <span class='ocrx_word' id='word_1_504' title='bbox 391 2983 456 3007; x_wconf 87' lang='lat' dir='ltr'>toto</span> <span class='ocrx_word' id='word_1_505' title='bbox 468 2975 550 3014; x_wconf 86' lang='lat' dir='ltr'>poffe</span> <span class='ocrx_word' id='word_1_506' title='bbox 563 2985 632 3006; x_wconf 90' lang='lat' dir='ltr'>meo</span> <span class='ocrx_word' id='word_1_507' title='bbox 644 2975 759 3007; x_wconf 88' lang='lat' dir='ltr'>habebit</span> <span class='ocrx_word' id='word_1_508' title='bbox 772 2976 892 3014; x_wconf 80' lang='lat' dir='ltr'>amplius</span> <span class='ocrx_word' id='word_1_509' title='bbox 906 2976 988 3009; x_wconf 86' lang='lat' dir='ltr'>suum</span> <span class='ocrx_word' id='word_1_510' title='bbox 1000 2978 1122 3009; x_wconf 84' lang='lat' dir='ltr'>hostem.</span> 
     </span>
    </p>

    <p class='ocr_par' dir='ltr' id='par_1_31' title="bbox 178 2998 1245 3247">
     <span class='ocr_line' id='line_1_81' title="bbox 215 2998 1241 3057; baseline 0.005 -13"><span class='ocrx_word' id='word_1_511' title='bbox 215 2998 329 3051; x_wconf 68' lang='lat' dir='ltr'>insuper</span> <span class='ocrx_word' id='word_1_512' title='bbox 349 3014 433 3046; x_wconf 88' lang='lat' dir='ltr'>vobis</span> <span class='ocrx_word' id='word_1_513' title='bbox 451 3014 578 3053; x_wconf 88' lang='lat' dir='ltr'>supplico</span> <span class='ocrx_word' id='word_1_514' title='bbox 599 3014 727 3053; x_wconf 83' lang='lat' dir='ltr'>quatinus</span> <span class='ocrx_word' id='word_1_515' title='bbox 743 3037 753 3052; x_wconf 85' lang='lat'>‚</span> <span class='ocrx_word' id='word_1_516' title='bbox 785 3016 935 3053; x_wconf 86' lang='lat' dir='ltr'>completis</span> <span class='ocrx_word' id='word_1_517' title='bbox 954 3017 1053 3047; x_wconf 90' lang='lat' dir='ltr'>vestris</span> <span class='ocrx_word' id='word_1_518' title='bbox 1073 3018 1192 3057; x_wconf 81' lang='lat' dir='ltr'>negotiis</span> <span class='ocrx_word' id='word_1_519' title='bbox 1211 3019 1241 3049; x_wconf 90' lang='lat' dir='ltr'>in</span> 
     </span>
     <span class='ocr_line' id='line_1_82' title="bbox 179 3050 1242 3098; baseline 0.005 -16"><span class='ocrx_word' id='word_1_520' title='bbox 179 3050 300 3097; x_wconf 78' lang='lat' dir='ltr'>Anglia,</span> <span class='ocrx_word' id='word_1_521' title='bbox 317 3052 352 3082; x_wconf 85' lang='lat' dir='ltr'>ad</span> <span class='ocrx_word' id='word_1_522' title='bbox 362 3060 468 3096; x_wconf 76' lang='lat' dir='ltr'>terram</span> <span class='ocrx_word' id='word_1_523' title='bbox 481 3052 622 3091; x_wconf 90' lang='lat' dir='ltr'>vestram,</span> <span class='ocrx_word' id='word_1_524' title='bbox 638 3061 753 3098; x_wconf 70' lang='lat' dir='ltr'>partein</span> <span class='ocrx_word' id='word_1_525' title='bbox 769 3052 867 3094; x_wconf 88' lang='lat' dir='ltr'>Regni</span> <span class='ocrx_word' id='word_1_526' title='bbox 888 3053 991 3094; x_wconf 79' lang='lat' dir='ltr'>vestri,</span> <span class='ocrx_word' id='word_1_527' title='bbox 1017 3055 1178 3087; x_wconf 82' lang='lat' dir='ltr'>festinanter</span> <span class='ocrx_word' id='word_1_528' title='bbox 1195 3067 1242 3088; x_wconf 87' lang='lat' dir='ltr'>ac-</span> 
     </span>
     <span class='ocr_line' id='line_1_83' title="bbox 178 3089 1243 3134; baseline 0.005 -14"><span class='ocrx_word' id='word_1_529' title='bbox 178 3089 302 3134; x_wconf 58' lang='lat' dir='ltr'>cedatis,</span> <span class='ocrx_word' id='word_1_530' title='bbox 320 3100 384 3134; x_wconf 74' lang='lat' dir='ltr'>quia</span> <span class='ocrx_word' id='word_1_531' title='bbox 405 3100 543 3128; x_wconf 88' lang='lat' dir='ltr'>magnum</span> <span class='ocrx_word' id='word_1_532' title='bbox 562 3101 635 3129; x_wconf 87' lang='lat' dir='ltr'>opus</span> <span class='ocrx_word' id='word_1_533' title='bbox 647 3090 725 3124; x_wconf 69' lang='lat' dir='ltr'>vesset</span> <span class='ocrx_word' id='word_1_534' title='bbox 745 3101 776 3121; x_wconf 89' lang='lat' dir='ltr'>m</span> <span class='ocrx_word' id='word_1_535' title='bbox 796 3092 919 3129; x_wconf 87' lang='lat' dir='ltr'>partibus</span> <span class='ocrx_word' id='word_1_536' title='bbox 938 3093 995 3124; x_wconf 89' lang='lat' dir='ltr'>istis</span> <span class='ocrx_word' id='word_1_537' title='bbox 1015 3094 1106 3126; x_wconf 89' lang='lat' dir='ltr'>vestra</span> <span class='ocrx_word' id='word_1_538' title='bbox 1125 3094 1243 3132; x_wconf 85' lang='lat' dir='ltr'>praesen-</span> 
     </span>
     <span class='ocr_line' id='line_1_84' title="bbox 180 3127 1244 3172; baseline 0.008 -15"><span class='ocrx_word' id='word_1_539' title='bbox 180 3136 236 3172; x_wconf 77' lang='lat' dir='ltr'>ua,</span> <span class='ocrx_word' id='word_1_540' title='bbox 253 3130 306 3168; x_wconf 73' lang='grc' dir='ltr'>ὃς,</span> <span class='ocrx_word' id='word_1_541' title='bbox 323 3137 353 3172; x_wconf 84' lang='lat' dir='ltr'>in</span> <span class='ocrx_word' id='word_1_542' title='bbox 365 3127 488 3172; x_wconf 80' lang='lat' dir='ltr'>adventu</span> <span class='ocrx_word' id='word_1_543' title='bbox 499 3129 614 3169; x_wconf 87' lang='lat' dir='ltr'>vestro,</span> <span class='ocrx_word' id='word_1_544' title='bbox 631 3129 705 3167; x_wconf 87' lang='lat' dir='ltr'>apud</span> <span class='ocrx_word' id='word_1_545' title='bbox 725 3129 854 3161; x_wconf 88' lang='lat' dir='ltr'>Thoarc.</span> <span class='ocrx_word' id='word_1_546' title='bbox 873 3130 1007 3163; x_wconf 90' lang='lat' dir='ltr'>Castrum</span> <span class='ocrx_word' id='word_1_547' title='bbox 1029 3133 1156 3165; x_wconf 85' lang='lat' dir='ltr'>vestrum</span> <span class='ocrx_word' id='word_1_548' title='bbox 1177 3133 1244 3165; x_wconf 89' lang='lat' dir='ltr'>hos-</span> 
     </span>
     <span class='ocr_line' id='line_1_85' title="bbox 183 3167 1245 3212; baseline 0.007 -16"><span class='ocrx_word' id='word_1_549' title='bbox 183 3168 265 3210; x_wconf 78' lang='lat' dir='ltr'>pitari</span> <span class='ocrx_word' id='word_1_550' title='bbox 284 3174 418 3205; x_wconf 71' lang='lat' dir='ltr'>veniatis,</span> <span class='ocrx_word' id='word_1_551' title='bbox 444 3168 478 3198; x_wconf 93' lang='lat'>&amp;</span> <span class='ocrx_word' id='word_1_552' title='bbox 499 3167 654 3204; x_wconf 84' lang='lat' dir='ltr'>adventurn</span> <span class='ocrx_word' id='word_1_553' title='bbox 675 3167 818 3208; x_wconf 80' lang='lat' dir='ltr'>vestrum,</span> <span class='ocrx_word' id='word_1_554' title='bbox 846 3180 934 3209; x_wconf 88' lang='lat' dir='ltr'>quern</span> <span class='ocrx_word' id='word_1_555' title='bbox 954 3171 1079 3202; x_wconf 88' lang='lat' dir='ltr'>multum</span> <span class='ocrx_word' id='word_1_556' title='bbox 1100 3171 1245 3212; x_wconf 80' lang='lat' dir='ltr'>desidero,</span> 
     </span>
     <span class='ocr_line' id='line_1_86' title="bbox 183 3204 1205 3247; baseline 0.007 -13"><span class='ocrx_word' id='word_1_557' title='bbox 183 3204 256 3239; x_wconf 77' lang='lat' dir='ltr'>milu</span> <span class='ocrx_word' id='word_1_558' title='bbox 269 3204 442 3244; x_wconf 74' lang='lat' dir='ltr'>significetis3</span> <span class='ocrx_word' id='word_1_559' title='bbox 461 3206 544 3245; x_wconf 70' lang='lat' dir='ltr'>qui&#39;a,</span> <span class='ocrx_word' id='word_1_560' title='bbox 562 3207 612 3238; x_wconf 91' lang='lat' dir='ltr'>ubi</span> <span class='ocrx_word' id='word_1_561' title='bbox 625 3215 673 3236; x_wconf 90' lang='lat' dir='ltr'>me</span> <span class='ocrx_word' id='word_1_562' title='bbox 687 3207 901 3247; x_wconf 81' lang='lat' dir='ltr'>mandaveritis,</span> <span class='ocrx_word' id='word_1_563' title='bbox 919 3209 1038 3241; x_wconf 82' lang='lat' dir='ltr'>obviam</span> <span class='ocrx_word' id='word_1_564' title='bbox 1052 3210 1134 3241; x_wconf 91' lang='lat' dir='ltr'>vobis</span> <span class='ocrx_word' id='word_1_565' title='bbox 1147 3211 1205 3241; x_wconf 92' lang='lat' dir='ltr'>ibo.</span> 
     </span>
    </p>

    <p class='ocr_par' dir='ltr' id='par_1_32' title="bbox 185 3241 1246 3326">
     <span class='ocr_line' id='line_1_87' title="bbox 224 3241 1246 3288; baseline 0.008 -16"><span class='ocrx_word' id='word_1_566' title='bbox 224 3241 273 3272; x_wconf 92' lang='lat' dir='ltr'>Ad</span> <span class='ocrx_word' id='word_1_567' title='bbox 284 3243 434 3283; x_wconf 90' lang='lat' dir='ltr'>ultimum,</span> <span class='ocrx_word' id='word_1_568' title='bbox 452 3253 591 3282; x_wconf 87' lang='lat' dir='ltr'>quantum</span> <span class='ocrx_word' id='word_1_569' title='bbox 612 3244 727 3283; x_wconf 86' lang='lat' dir='ltr'>poffum</span> <span class='ocrx_word' id='word_1_570' title='bbox 739 3245 936 3285; x_wconf 62' lang='lat' dir='ltr'>affectuosius,</span> <span class='ocrx_word' id='word_1_571' title='bbox 954 3258 1006 3280; x_wconf 93' lang='lat' dir='ltr'>vos</span> <span class='ocrx_word' id='word_1_572' title='bbox 1018 3248 1158 3286; x_wconf 85' lang='lat' dir='ltr'>deprecor</span> <span class='ocrx_word' id='word_1_573' title='bbox 1178 3260 1246 3288; x_wconf 90' lang='lat' dir='ltr'>qua-</span> 
     </span>
     <span class='ocr_line' id='line_1_88' title="bbox 185 3280 1245 3326; baseline 0.008 -16"><span class='ocrx_word' id='word_1_574' title='bbox 185 3288 285 3319; x_wconf 89' lang='lat' dir='ltr'>tenus,</span> <span class='ocrx_word' id='word_1_575' title='bbox 302 3280 372 3313; x_wconf 86' lang='lat' dir='ltr'>ficut</span> <span class='ocrx_word' id='word_1_576' title='bbox 383 3291 436 3316; x_wconf 87' lang='lat' dir='ltr'>vos</span> <span class='ocrx_word' id='word_1_577' title='bbox 446 3283 480 3313; x_wconf 90' lang='lat'>&amp;</span> <span class='ocrx_word' id='word_1_578' title='bbox 492 3291 597 3317; x_wconf 87' lang='lat' dir='ltr'>terram</span> <span class='ocrx_word' id='word_1_579' title='bbox 616 3282 739 3318; x_wconf 83' lang='lat' dir='ltr'>vestram</span> <span class='ocrx_word' id='word_1_580' title='bbox 758 3294 826 3319; x_wconf 87' lang='lat' dir='ltr'>vera</span> <span class='ocrx_word' id='word_1_581' title='bbox 843 3286 996 3318; x_wconf 65' lang='lat' dir='ltr'>dileiitione</span> <span class='ocrx_word' id='word_1_582' title='bbox 1018 3287 1125 3326; x_wconf 83' lang='lat' dir='ltr'>diligo,</span> <span class='ocrx_word' id='word_1_583' title='bbox 1143 3298 1192 3318; x_wconf 91' lang='lat' dir='ltr'>me</span> <span class='ocrx_word' id='word_1_584' title='bbox 1211 3290 1245 3320; x_wconf 91' lang='lat'>&amp;</span> 
     </span>
    </p>
   </div>
   <div class='ocr_carea' id='block_1_25' title="bbox 185 3319 1245 3391">
    <p class='ocr_par' dir='ltr' id='par_1_33' title="bbox 185 3319 1245 3391">
     <span class='ocr_line' id='line_1_89' title="bbox 185 3319 1245 3365; baseline 0.01 -18"><span class='ocrx_word' id='word_1_585' title='bbox 185 3327 290 3350; x_wconf 89' lang='lat' dir='ltr'>terram</span> <span class='ocrx_word' id='word_1_586' title='bbox 313 3328 411 3362; x_wconf 77' lang='lat' dir='ltr'>meam</span> <span class='ocrx_word' id='word_1_587' title='bbox 431 3319 563 3360; x_wconf 83' lang='lat' dir='ltr'>diligatis,</span> <span class='ocrx_word' id='word_1_588' title='bbox 580 3322 615 3353; x_wconf 77' lang='grc' dir='ltr'>δε</span> <span class='ocrx_word' id='word_1_589' title='bbox 638 3330 701 3353; x_wconf 83' lang='lat' dir='ltr'>eam</span> <span class='ocrx_word' id='word_1_590' title='bbox 715 3323 797 3355; x_wconf 88' lang='lat' dir='ltr'>vobis</span> <span class='ocrx_word' id='word_1_591' title='bbox 810 3325 965 3365; x_wconf 76' lang='lat' dir='ltr'>expositam</span> <span class='ocrx_word' id='word_1_592' title='bbox 976 3334 1110 3365; x_wconf 85' lang='lat' dir='ltr'>tanquam</span> <span class='ocrx_word' id='word_1_593' title='bbox 1123 3326 1245 3359; x_wconf 87' lang='lat' dir='ltr'>vestram</span> 
     </span>
     <span class='ocr_line' id='line_1_90' title="bbox 186 3356 658 3391; baseline 0.002 -3"><span class='ocrx_word' id='word_1_594' title='bbox 186 3357 224 3388; x_wconf 86' lang='lat' dir='ltr'>ab</span> <span class='ocrx_word' id='word_1_595' title='bbox 237 3366 320 3388; x_wconf 89' lang='lat' dir='ltr'>omni</span> <span class='ocrx_word' id='word_1_596' title='bbox 334 3356 481 3390; x_wconf 90' lang='lat' dir='ltr'>obstaculo</span> <span class='ocrx_word' id='word_1_597' title='bbox 494 3358 658 3391; x_wconf 88' lang='lat' dir='ltr'>defendetis.</span> 
     </span>
    </p>
   </div>
   <div class='ocr_carea' id='block_1_26' title="bbox 194 3438 399 3444">
    <p class='ocr_par' dir='ltr' id='par_1_34' title="bbox 194 3438 399 3444">
     <span class='ocr_line' id='line_1_91' title="bbox 194 3438 399 3444; baseline 0 0"><span class='ocrx_word' id='word_1_598' title='bbox 194 3438 399 3444; x_wconf 95' lang='lat' dir='ltr'> </span> 
     </span>
    </p>
   </div>
   <div class='ocr_carea' id='block_1_27' title="bbox 400 3440 1246 3469">
    <p class='ocr_par' dir='ltr' id='par_1_35' title="bbox 400 3440 1246 3469">
     <span class='ocr_line' id='line_1_92' title="bbox 400 3440 1246 3469; baseline -0.001 -16"><span class='ocrx_word' id='word_1_599' title='bbox 400 3440 1246 3469; x_wconf 33' lang='lat' dir='ltr'><strong>ffi——ss—</strong></span> 
     </span>
    </p>
   </div>
   <div class='ocr_carea' id='block_1_28' title="bbox 191 3486 1250 3591">
    <p class='ocr_par' dir='ltr' id='par_1_36' title="bbox 191 3486 1250 3591">
     <span class='ocr_line' id='line_1_93' title="bbox 191 3486 1248 3544; baseline 0.009 -23"><span class='ocrx_word' id='word_1_600' title='bbox 191 3486 220 3514; x_wconf 37' lang='grc' dir='ltr'><em>ᾗ</em></span> <span class='ocrx_word' id='word_1_601' title='bbox 245 3489 393 3523; x_wconf 77' lang='lat' dir='ltr'>Alienora</span> <span class='ocrx_word' id='word_1_602' title='bbox 415 3494 548 3538; x_wconf 83' lang='lat' dir='ltr'>Regina,</span> <span class='ocrx_word' id='word_1_603' title='bbox 572 3504 712 3539; x_wconf 73' lang='lat' dir='ltr'>agrotans</span> <span class='ocrx_word' id='word_1_604' title='bbox 734 3495 817 3541; x_wconf 78' lang='lat' dir='ltr'>apud</span> <span class='ocrx_word' id='word_1_605' title='bbox 838 3498 960 3530; x_wconf 84' lang='lat' dir='ltr'>Fontem</span> <span class='ocrx_word' id='word_1_606' title='bbox 983 3494 1126 3532; x_wconf 77' lang='lat' dir='ltr'>Ebraudi</span> <span class='ocrx_word' id='word_1_607' title='bbox 1138 3526 1147 3540; x_wconf 90' lang='lat'>‚</span> <span class='ocrx_word' id='word_1_608' title='bbox 1166 3498 1248 3544; x_wconf 76' lang='lat' dir='ltr'>firi-</span> 
     </span>
     <span class='ocr_line' id='line_1_94' title="bbox 236 3535 1250 3591; baseline 0.009 -21"><span class='ocrx_word' id='word_1_609' title='bbox 236 3535 283 3571; x_wconf 81' lang='lat' dir='ltr'>bit</span> <span class='ocrx_word' id='word_1_610' title='bbox 313 3540 391 3575; x_wconf 81' lang='lat' dir='ltr'>Filio</span> <span class='ocrx_word' id='word_1_611' title='bbox 414 3541 473 3586; x_wconf 67' lang='lat' dir='ltr'>fico</span> <span class='ocrx_word' id='word_1_612' title='bbox 503 3538 644 3587; x_wconf 81' lang='lat' dir='ltr'>Johanm&#39;</span> <span class='ocrx_word' id='word_1_613' title='bbox 667 3545 741 3590; x_wconf 71' lang='lat' dir='ltr'>Regi</span> <span class='ocrx_word' id='word_1_614' title='bbox 764 3543 801 3578; x_wconf 78' lang='lat' dir='ltr'>dc</span> <span class='ocrx_word' id='word_1_615' title='bbox 822 3547 954 3579; x_wconf 78' lang='lat' dir='ltr'>Servitia</span> <span class='ocrx_word' id='word_1_616' title='bbox 972 3545 1104 3591; x_wconf 62' lang='lat' dir='ltr'>praedic‘li</span> <span class='ocrx_word' id='word_1_617' title='bbox 1129 3549 1250 3581; x_wconf 79' lang='lat' dir='ltr'>Viceco-</span> 
     </span>
    </p>
   </div>
   <div class='ocr_carea' id='block_1_29' title="bbox 194 3589 1255 4185">
    <p class='ocr_par' dir='ltr' id='par_1_37' title="bbox 195 3589 1252 3762">
     <span class='ocr_line' id='line_1_95' title="bbox 212 3589 333 3621; baseline 0.017 -2"><span class='ocrx_word' id='word_1_618' title='bbox 212 3611 217 3614; x_wconf 94' lang='lat'>-</span> <span class='ocrx_word' id='word_1_619' title='bbox 238 3589 333 3621; x_wconf 71' lang='lat' dir='ltr'>mitis.</span> 
     </span>
     <span class='ocr_line' id='line_1_96' title="bbox 195 3673 1252 3737; baseline 0.012 -32"><span class='ocrx_word' id='word_1_620' title='bbox 195 3673 404 3737; x_wconf 85' lang='lat' dir='ltr'>KAriffimo</span> <span class='ocrx_word' id='word_1_621' title='bbox 424 3678 484 3723; x_wconf 63' lang='lat' dir='ltr'>{isso</span> <span class='ocrx_word' id='word_1_622' title='bbox 502 3679 568 3717; x_wconf 87' lang='lat' dir='ltr'>suo,</span> <span class='ocrx_word' id='word_1_623' title='bbox 592 3679 653 3711; x_wconf 87' lang='lat' dir='ltr'>&amp;c.</span> <span class='ocrx_word' id='word_1_624' title='bbox 670 3678 796 3726; x_wconf 73' lang='lat' dir='ltr'>Johanni</span> <span class='ocrx_word' id='word_1_625' title='bbox 815 3682 876 3728; x_wconf 85' lang='lat' dir='ltr'>Dei</span> <span class='ocrx_word' id='word_1_626' title='bbox 896 3683 1013 3723; x_wconf 84' lang='lat' dir='ltr'>Gratia,</span> <span class='ocrx_word' id='word_1_627' title='bbox 1037 3685 1189 3724; x_wconf 83' lang='lat' dir='ltr'>Alienora,</span> <span class='ocrx_word' id='word_1_628' title='bbox 1207 3695 1252 3717; x_wconf 86' lang='lat' dir='ltr'>ea-</span> 
     </span>
     <span class='ocr_line' id='line_1_97' title="bbox 208 3714 1043 3762; baseline 0.012 -18"><span class='ocrx_word' id='word_1_629' title='bbox 208 3740 211 3741; x_wconf 20' lang='lat'>.</span> <span class='ocrx_word' id='word_1_630' title='bbox 275 3714 473 3760; x_wconf 33' lang='lat' dir='ltr'>dem-Gratia,</span> <span class='ocrx_word' id='word_1_631' title='bbox 490 3719 550 3762; x_wconf 71' lang='lat' dir='ltr'>&amp;e</span> <span class='ocrx_word' id='word_1_632' title='bbox 569 3718 603 3749; x_wconf 88' lang='lat'>&amp;</span> <span class='ocrx_word' id='word_1_633' title='bbox 619 3717 677 3762; x_wconf 82' lang='lat' dir='ltr'>Del</span> <span class='ocrx_word' id='word_1_634' title='bbox 695 3718 896 3756; x_wconf 68' lang='lat' dir='ltr'>benedictione</span> <span class='ocrx_word' id='word_1_635' title='bbox 908 3733 976 3755; x_wconf 88' lang='lat' dir='ltr'>cum</span> <span class='ocrx_word' id='word_1_636' title='bbox 990 3724 1043 3754; x_wconf 90' lang='lat' dir='ltr'>sua.</span> 
     </span>
    </p>

    <p class='ocr_par' dir='ltr' id='par_1_38' title="bbox 194 3752 1254 4169">
     <span class='ocr_line' id='line_1_98' title="bbox 239 3752 1251 3803; baseline 0.011 -19"><span class='ocrx_word' id='word_1_637' title='bbox 239 3752 391 3786; x_wconf 89' lang='lat' dir='ltr'>Noveritis</span> <span class='ocrx_word' id='word_1_638' title='bbox 405 3779 415 3794; x_wconf 91' lang='lat'>,</span> <span class='ocrx_word' id='word_1_639' title='bbox 439 3755 579 3787; x_wconf 70' lang='lat' dir='ltr'>karissime</span> <span class='ocrx_word' id='word_1_640' title='bbox 598 3755 661 3801; x_wconf 83' lang='lat' dir='ltr'>fili,</span> <span class='ocrx_word' id='word_1_641' title='bbox 685 3756 765 3800; x_wconf 81' lang='lat' dir='ltr'>quod</span> <span class='ocrx_word' id='word_1_642' title='bbox 785 3760 978 3793; x_wconf 87' lang='lat' dir='ltr'>mandavimus</span> <span class='ocrx_word' id='word_1_643' title='bbox 1001 3761 1251 3803; x_wconf 74' lang='lat' dir='ltr'>Consimguineum</span> 
     </span>
     <span class='ocr_line' id='line_1_99' title="bbox 195 3791 1252 3839; baseline 0.009 -17"><span class='ocrx_word' id='word_1_644' title='bbox 195 3791 322 3827; x_wconf 84' lang='lat' dir='ltr'>vestrum</span> <span class='ocrx_word' id='word_1_645' title='bbox 334 3794 368 3824; x_wconf 91' lang='lat'>&amp;</span> <span class='ocrx_word' id='word_1_646' title='bbox 381 3793 513 3826; x_wconf 89' lang='lat' dir='ltr'>nostrum</span> <span class='ocrx_word' id='word_1_647' title='bbox 528 3796 696 3838; x_wconf 78' lang='lat' dir='ltr'>Americum</span> <span class='ocrx_word' id='word_1_648' title='bbox 718 3793 931 3839; x_wconf 79' lang='lat' dir='ltr'>Vicecornitem</span> <span class='ocrx_word' id='word_1_649' title='bbox 948 3801 1073 3832; x_wconf 89' lang='lat' dir='ltr'>Thoarc.</span> <span class='ocrx_word' id='word_1_650' title='bbox 1090 3811 1121 3832; x_wconf 90' lang='lat' dir='ltr'>ut</span> <span class='ocrx_word' id='word_1_651' title='bbox 1143 3803 1252 3833; x_wconf 89' lang='lat' dir='ltr'>veniret</span> 
     </span>
     <span class='ocr_line' id='line_1_100' title="bbox 194 3830 1250 3879; baseline 0.01 -19"><span class='ocrx_word' id='word_1_652' title='bbox 194 3830 268 3870; x_wconf 85' lang='lat' dir='ltr'>apud</span> <span class='ocrx_word' id='word_1_653' title='bbox 283 3831 406 3864; x_wconf 90' lang='lat' dir='ltr'>Fontem</span> <span class='ocrx_word' id='word_1_654' title='bbox 421 3832 545 3878; x_wconf 75' lang='lat' dir='ltr'>Ebraudi</span> <span class='ocrx_word' id='word_1_655' title='bbox 558 3836 666 3866; x_wconf 79' lang='lat' dir='ltr'>viiitare</span> <span class='ocrx_word' id='word_1_656' title='bbox 680 3832 749 3864; x_wconf 93' lang='lat' dir='ltr'>Nos</span> <span class='ocrx_word' id='word_1_657' title='bbox 762 3844 792 3864; x_wconf 87' lang='lat' dir='ltr'>in</span> <span class='ocrx_word' id='word_1_658' title='bbox 804 3834 961 3879; x_wconf 72' lang='lat' dir='ltr'>infirmitate</span> <span class='ocrx_word' id='word_1_659' title='bbox 971 3839 1083 3878; x_wconf 77' lang='lat' dir='ltr'>nostra,</span> <span class='ocrx_word' id='word_1_660' title='bbox 1101 3841 1134 3871; x_wconf 70' lang='grc' dir='ltr'>ὃ(</span> <span class='ocrx_word' id='word_1_661' title='bbox 1155 3841 1250 3879; x_wconf 72' lang='lat' dir='ltr'>venit,</span> 
     </span>
     <span class='ocr_line' id='line_1_101' title="bbox 195 3868 1140 3941; baseline 0.012 -43"><span class='ocrx_word' id='word_1_662' title='bbox 195 3868 288 3936; x_wconf 60' lang='lat' dir='ltr'>unld3e,</span> <span class='ocrx_word' id='word_1_663' title='bbox 305 3869 374 3901; x_wconf 88' lang='lat' dir='ltr'>Deo</span> <span class='ocrx_word' id='word_1_664' title='bbox 386 3871 518 3940; x_wconf 43' lang='grc' dir='ltr'>ξηρᾶς,</span> <span class='ocrx_word' id='word_1_665' title='bbox 535 3873 764 3941; x_wconf 53' lang='grc' dir='ltr'>εοηναὶεῑεετηὲιέ</span> <span class='ocrx_word' id='word_1_666' title='bbox 777 3873 877 3917; x_wconf 79' lang='lat' dir='ltr'>melius</span> <span class='ocrx_word' id='word_1_667' title='bbox 890 3876 977 3913; x_wconf 74' lang='lat' dir='ltr'>quam</span> <span class='ocrx_word' id='word_1_668' title='bbox 989 3877 1118 3921; x_wconf 73' lang='lat' dir='ltr'>solemus.</span> <span class='ocrx_word' id='word_1_669' title='bbox 1135 3917 1140 3923; x_wconf 31' lang='lat'>⁸</span> 
     </span>
     <span class='ocr_line' id='line_1_102' title="bbox 196 3911 1252 3994; baseline 0.009 -19"><span class='ocrx_word' id='word_1_670' title='bbox 196 3916 483 3994; x_wconf 53' lang='lat' dir='ltr'>tim‘ssi‘esffgaffffi</span> <span class='ocrx_word' id='word_1_671' title='bbox 492 3911 811 3994; x_wconf 32' lang='lat' dir='ltr'>anstasius?</span> <span class='ocrx_word' id='word_1_672' title='bbox 831 3911 1094 3985; x_wconf 48' lang='lat' dir='ltr'>3¹³5?ssssssssss</span> <span class='ocrx_word' id='word_1_673' title='bbox 1100 3915 1252 3987; x_wconf 52' lang='lat' dir='ltr'>&#39;inmase‘ss‘ii</span> 
     </span>
     <span class='ocr_line' id='line_1_103' title="bbox 197 3984 1253 4067; baseline 0.014 -19"><span class='ocrx_word' id='word_1_674' title='bbox 197 3990 240 4049; x_wconf 68' lang='lat'>{1¹2</span> <span class='ocrx_word' id='word_1_675' title='bbox 252 3984 725 4067; x_wconf 53' lang='grc' dir='ltr'>ἴέἷζοέεἷίἓὲπῑὲῗᾶῗὶὲἳέηᾞῗῗῗῖῑ</span> <span class='ocrx_word' id='word_1_676' title='bbox 734 3990 1253 4063; x_wconf 46' lang='grc' dir='ltr'>Ἥῑξὲοζὲῗὲἓέἷφῖἕπῖἒῗὲὲῗ</span> 
     </span>
     <span class='ocr_line' id='line_1_104' title="bbox 199 4067 1254 4169; baseline 0.012 -44"><span class='ocrx_word' id='word_1_677' title='bbox 199 4067 356 4169; x_wconf 39' lang='grc' dir='ltr'>Ξῗῑιίὲεσὶ</span> <span class='ocrx_word' id='word_1_678' title='bbox 370 4102 396 4132; x_wconf 88' lang='lat' dir='ltr'>ei</span> <span class='ocrx_word' id='word_1_679' title='bbox 410 4102 630 4149; x_wconf 79' lang='lat' dir='ltr'>monstravimus</span> <span class='ocrx_word' id='word_1_680' title='bbox 644 4104 722 4143; x_wconf 92' lang='lat' dir='ltr'>quod</span> <span class='ocrx_word' id='word_1_681' title='bbox 738 4114 872 4149; x_wconf 81' lang='lat' dir='ltr'>magnum</span> <span class='ocrx_word' id='word_1_682' title='bbox 886 4105 1027 4143; x_wconf 87' lang='lat' dir='ltr'>pudorem</span> <span class='ocrx_word' id='word_1_683' title='bbox 1048 4108 1082 4140; x_wconf 78' lang='grc' dir='ltr'>δε</span> <span class='ocrx_word' id='word_1_684' title='bbox 1102 4117 1254 4145; x_wconf 86' lang='lat' dir='ltr'>peccatum</span> 
     </span>
    </p>

    <p class='ocr_par' dir='ltr' id='par_1_39' title="bbox 220 4134 1255 4185">
     <span class='ocr_line' id='line_1_105' title="bbox 220 4134 1255 4185; baseline 0.006 -13"><span class='ocrx_word' id='word_1_685' title='bbox 220 4134 315 4172; x_wconf 64' lang='lat' dir='ltr'>eberet</span> <span class='ocrx_word' id='word_1_686' title='bbox 331 4137 450 4181; x_wconf 65' lang='lat' dir='ltr'>habere,</span> <span class='ocrx_word' id='word_1_687' title='bbox 467 4151 538 4181; x_wconf 74' lang='lat' dir='ltr'>quin</span> <span class='ocrx_word' id='word_1_688' title='bbox 558 4144 712 4182; x_wconf 80' lang='lat' dir='ltr'>patiebatur</span> <span class='ocrx_word' id='word_1_689' title='bbox 733 4144 801 4179; x_wconf 84' lang='lat' dir='ltr'>ahos</span> <span class='ocrx_word' id='word_1_690' title='bbox 820 4142 943 4178; x_wconf 76' lang='lat' dir='ltr'>Ramnes</span> <span class='ocrx_word' id='word_1_691' title='bbox 958 4145 1066 4180; x_wconf 81' lang='lat' dir='ltr'>vestros</span> <span class='ocrx_word' id='word_1_692' title='bbox 1078 4146 1178 4185; x_wconf 85' lang='lat' dir='ltr'>injuste</span> <span class='ocrx_word' id='word_1_693' title='bbox 1199 4147 1255 4178; x_wconf 74' lang='lat' dir='ltr'>dis-</span> 
     </span>
    </p>
   </div>
   <div class='ocr_carea' id='block_1_30' title="bbox 1251 244 2299 310">
    <p class='ocr_par' dir='ltr' id='par_1_40' title="bbox 1251 244 2299 310">
     <span class='ocr_line' id='line_1_106' title="bbox 1251 244 2299 310; baseline 0.009 -25"><span class='ocrx_word' id='word_1_694' title='bbox 1251 244 1730 295; x_wconf 84' lang='lat' dir='ltr'>PUBLICA.</span> <span class='ocrx_word' id='word_1_695' title='bbox 2246 269 2299 310; x_wconf 80' lang='lat'>39</span> 
     </span>
    </p>
   </div>
   <div class='ocr_carea' id='block_1_31' title="bbox 1242 331 2443 1284">
    <p class='ocr_par' dir='ltr' id='par_1_41' title="bbox 1242 331 2443 710">
     <span class='ocr_line' id='line_1_107' title="bbox 1242 331 2443 379; baseline 0.008 -19"><span class='ocrx_word' id='word_1_696' title='bbox 1242 331 1405 363; x_wconf 69' lang='lat' dir='ltr'>haereditare</span> <span class='ocrx_word' id='word_1_697' title='bbox 1416 343 1485 364; x_wconf 87' lang='lat' dir='ltr'>vos:</span> <span class='ocrx_word' id='word_1_698' title='bbox 1504 332 1664 379; x_wconf 34' lang='lat' dir='ltr'>Ille-autem</span> <span class='ocrx_word' id='word_1_699' title='bbox 1680 338 1824 378; x_wconf 81' lang='lat' dir='ltr'>audiebat,</span> <span class='ocrx_word' id='word_1_700' title='bbox 1840 339 1874 372; x_wconf 87' lang='lat'>&amp;</span> <span class='ocrx_word' id='word_1_701' title='bbox 1895 338 2004 371; x_wconf 77' lang='lat' dir='ltr'>insimul</span> <span class='ocrx_word' id='word_1_702' title='bbox 2023 338 2194 378; x_wconf 78' lang='lat' dir='ltr'>intelligebat</span> <span class='ocrx_word' id='word_1_703' title='bbox 2212 341 2298 371; x_wconf 86' lang='lat' dir='ltr'>verba</span> <span class='ocrx_word' id='word_1_704' title='bbox 2320 338 2393 369; x_wconf 82' lang='lat' dir='ltr'>Ann.</span> <span class='ocrx_word' id='word_1_705' title='bbox 2405 334 2443 368; x_wconf 63' lang='lat' dir='ltr'>D-</span> 
     </span>
     <span class='ocr_line' id='line_1_108' title="bbox 1243 370 2427 417; baseline 0.012 -18"><span class='ocrx_word' id='word_1_706' title='bbox 1243 370 1424 414; x_wconf 21' lang='lat' dir='ltr'>notstra;·&amp;,</span> <span class='ocrx_word' id='word_1_707' title='bbox 1442 372 1519 415; x_wconf 77' lang='lat' dir='ltr'>quod</span> <span class='ocrx_word' id='word_1_708' title='bbox 1542 384 1567 403; x_wconf 92' lang='lat' dir='ltr'>ei</span> <span class='ocrx_word' id='word_1_709' title='bbox 1586 384 1627 411; x_wconf 88' lang='lat' dir='ltr'>Jus</span> <span class='ocrx_word' id='word_1_710' title='bbox 1650 376 1683 406; x_wconf 69' lang='grc' dir='ltr'>ὃς</span> <span class='ocrx_word' id='word_1_711' title='bbox 1705 379 1842 408; x_wconf 79' lang='lat' dir='ltr'>rationem</span> <span class='ocrx_word' id='word_1_712' title='bbox 1863 379 1999 417; x_wconf 82' lang='lat' dir='ltr'>diximus,</span> <span class='ocrx_word' id='word_1_713' title='bbox 2024 379 2105 409; x_wconf 87' lang='lat' dir='ltr'>nobis</span> <span class='ocrx_word' id='word_1_714' title='bbox 2127 379 2244 410; x_wconf 88' lang='lat' dir='ltr'>libenter</span> <span class='ocrx_word' id='word_1_715' title='bbox 2260 381 2298 411; x_wconf 77' lang='lat'>⁷&amp;</span> <span class='ocrx_word' id='word_1_716' title='bbox 2343 384 2427 406; x_wconf 71' lang='lat'>1200·</span> 
     </span>
     <span class='ocr_line' id='line_1_109' title="bbox 1242 409 2299 455; baseline 0.009 -17"><span class='ocrx_word' id='word_1_717' title='bbox 1242 418 1339 439; x_wconf 90' lang='lat' dir='ltr'>ammo</span> <span class='ocrx_word' id='word_1_718' title='bbox 1352 409 1448 440; x_wconf 82' lang='lat' dir='ltr'>libenti</span> <span class='ocrx_word' id='word_1_719' title='bbox 1462 412 1616 450; x_wconf 90' lang='lat' dir='ltr'>concessit,</span> <span class='ocrx_word' id='word_1_720' title='bbox 1635 414 1712 450; x_wconf 88' lang='lat' dir='ltr'>quod</span> <span class='ocrx_word' id='word_1_721' title='bbox 1727 415 1787 453; x_wconf 84' lang='lat' dir='ltr'>ille,</span> <span class='ocrx_word' id='word_1_722' title='bbox 1806 417 1838 446; x_wconf 57' lang='grc' dir='ltr'>ἃ</span> <span class='ocrx_word' id='word_1_723' title='bbox 1852 426 1950 455; x_wconf 82' lang='lat' dir='ltr'>terrae,</span> <span class='ocrx_word' id='word_1_724' title='bbox 1967 418 1999 448; x_wconf 64' lang='grc' dir='ltr'>ὃς</span> <span class='ocrx_word' id='word_1_725' title='bbox 2015 416 2115 447; x_wconf 85' lang='lat' dir='ltr'>Castra</span> <span class='ocrx_word' id='word_1_726' title='bbox 2128 417 2171 447; x_wconf 90' lang='lat' dir='ltr'>sua</span> <span class='ocrx_word' id='word_1_727' title='bbox 2191 417 2299 447; x_wconf 85' lang='lat' dir='ltr'>amodo</span> 
     </span>
     <span class='ocr_line' id='line_1_110' title="bbox 1242 447 2304 502; baseline 0.009 -26"><span class='ocrx_word' id='word_1_728' title='bbox 1242 447 1277 477; x_wconf 89' lang='lat' dir='ltr'>ad</span> <span class='ocrx_word' id='word_1_729' title='bbox 1291 456 1467 492; x_wconf 77' lang='lat' dir='ltr'>praeceptum</span> <span class='ocrx_word' id='word_1_730' title='bbox 1480 450 1516 492; x_wconf 70' lang='grc' dir='ltr'>ὅς</span> <span class='ocrx_word' id='word_1_731' title='bbox 1530 449 1705 494; x_wconf 75' lang='lat' dir='ltr'>voluntatem</span> <span class='ocrx_word' id='word_1_732' title='bbox 1725 454 1845 484; x_wconf 79' lang='lat' dir='ltr'>vestram</span> <span class='ocrx_word' id='word_1_733' title='bbox 1858 464 1948 492; x_wconf 69' lang='lat' dir='ltr'>erant,</span> <span class='ocrx_word' id='word_1_734' title='bbox 1967 455 2102 494; x_wconf 87' lang='lat' dir='ltr'>quicquid</span> <span class='ocrx_word' id='word_1_735' title='bbox 2117 464 2196 486; x_wconf 88' lang='lat' dir='ltr'>antea</span> <span class='ocrx_word' id='word_1_736' title='bbox 2217 456 2304 502; x_wconf 46' lang='lat' dir='ltr'>fecisffi</span> 
     </span>
     <span class='ocr_line' id='line_1_111' title="bbox 1243 485 2301 531; baseline 0.009 -16"><span class='ocrx_word' id='word_1_737' title='bbox 1243 485 1296 528; x_wconf 70' lang='lat' dir='ltr'>set:</span> <span class='ocrx_word' id='word_1_738' title='bbox 1315 485 1353 530; x_wconf 70' lang='lat' dir='ltr'>Et</span> <span class='ocrx_word' id='word_1_739' title='bbox 1376 496 1459 531; x_wconf 77' lang='lat' dir='ltr'>amici</span> <span class='ocrx_word' id='word_1_740' title='bbox 1479 487 1534 525; x_wconf 82' lang='lat' dir='ltr'>sur,</span> <span class='ocrx_word' id='word_1_741' title='bbox 1553 488 1586 518; x_wconf 89' lang='lat'>&amp;</span> <span class='ocrx_word' id='word_1_742' title='bbox 1607 489 1667 526; x_wconf 84' lang='lat' dir='ltr'>alu,</span> <span class='ocrx_word' id='word_1_743' title='bbox 1687 492 1734 527; x_wconf 84' lang='lat' dir='ltr'>qui</span> <span class='ocrx_word' id='word_1_744' title='bbox 1757 499 1858 522; x_wconf 86' lang='lat' dir='ltr'>terram</span> <span class='ocrx_word' id='word_1_745' title='bbox 1883 495 1915 524; x_wconf 87' lang='lat'>&amp;</span> <span class='ocrx_word' id='word_1_746' title='bbox 1936 493 2035 524; x_wconf 90' lang='lat' dir='ltr'>Castra</span> <span class='ocrx_word' id='word_1_747' title='bbox 2056 493 2147 524; x_wconf 84' lang='lat' dir='ltr'>vestra</span> <span class='ocrx_word' id='word_1_748' title='bbox 2167 493 2301 524; x_wconf 76' lang='lat' dir='ltr'>saisierant</span> 
     </span>
     <span class='ocr_line' id='line_1_112' title="bbox 1246 524 2300 569; baseline 0.009 -16"><span class='ocrx_word' id='word_1_749' title='bbox 1246 526 1303 554; x_wconf 86' lang='lat' dir='ltr'>{ine</span> <span class='ocrx_word' id='word_1_750' title='bbox 1324 524 1434 555; x_wconf 86' lang='lat' dir='ltr'>licentia</span> <span class='ocrx_word' id='word_1_751' title='bbox 1455 526 1487 556; x_wconf 67' lang='grc' dir='ltr'>ὃς</span> <span class='ocrx_word' id='word_1_752' title='bbox 1511 526 1656 556; x_wconf 89' lang='lat' dir='ltr'>voluntate</span> <span class='ocrx_word' id='word_1_753' title='bbox 1666 527 1771 566; x_wconf 86' lang='lat' dir='ltr'>vestra,</span> <span class='ocrx_word' id='word_1_754' title='bbox 1791 530 1838 559; x_wconf 89' lang='lat' dir='ltr'>nisi</span> <span class='ocrx_word' id='word_1_755' title='bbox 1853 530 1985 569; x_wconf 84' lang='lat' dir='ltr'>placitum</span> <span class='ocrx_word' id='word_1_756' title='bbox 2000 533 2033 563; x_wconf 88' lang='lat'>&amp;</span> <span class='ocrx_word' id='word_1_757' title='bbox 2049 532 2225 563; x_wconf 87' lang='lat' dir='ltr'>voluntatem</span> <span class='ocrx_word' id='word_1_758' title='bbox 2237 542 2300 563; x_wconf 80' lang='lat' dir='ltr'>ves-</span> 
     </span>
     <span class='ocr_line' id='line_1_113' title="bbox 1245 563 2300 606; baseline 0.009 -14"><span class='ocrx_word' id='word_1_759' title='bbox 1245 570 1318 606; x_wconf 78' lang='lat' dir='ltr'>tram</span> <span class='ocrx_word' id='word_1_760' title='bbox 1338 563 1449 603; x_wconf 80' lang='lat' dir='ltr'>facere,</span> <span class='ocrx_word' id='word_1_761' title='bbox 1468 565 1501 595; x_wconf 73' lang='grc' dir='ltr'>ὃ(</span> <span class='ocrx_word' id='word_1_762' title='bbox 1524 574 1571 602; x_wconf 87' lang='lat' dir='ltr'>ea,</span> <span class='ocrx_word' id='word_1_763' title='bbox 1591 575 1655 602; x_wconf 79' lang='lat' dir='ltr'>quae</span> <span class='ocrx_word' id='word_1_764' title='bbox 1676 565 1776 603; x_wconf 85' lang='lat' dir='ltr'>injuste</span> <span class='ocrx_word' id='word_1_765' title='bbox 1790 568 1931 605; x_wconf 87' lang='lat' dir='ltr'>saisierint,</span> <span class='ocrx_word' id='word_1_766' title='bbox 1948 570 1975 598; x_wconf 92' lang='lat' dir='ltr'>in</span> <span class='ocrx_word' id='word_1_767' title='bbox 1989 580 2058 606; x_wconf 90' lang='lat' dir='ltr'>pace</span> <span class='ocrx_word' id='word_1_768' title='bbox 2070 571 2186 602; x_wconf 86' lang='lat' dir='ltr'>reddere</span> <span class='ocrx_word' id='word_1_769' title='bbox 2200 571 2300 602; x_wconf 79' lang='lat' dir='ltr'>volue-</span> 
     </span>
     <span class='ocr_line' id='line_1_114' title="bbox 1246 605 2301 673; baseline 0.009 -43"><span class='ocrx_word' id='word_1_770' title='bbox 1246 609 1318 639; x_wconf 89' lang='lat' dir='ltr'>rint,</span> <span class='ocrx_word' id='word_1_771' title='bbox 1335 610 1434 646; x_wconf 85' lang='lat' dir='ltr'>contra</span> <span class='ocrx_word' id='word_1_772' title='bbox 1455 612 1503 633; x_wconf 92' lang='lat' dir='ltr'>eos</span> <span class='ocrx_word' id='word_1_773' title='bbox 1528 612 1595 633; x_wconf 89' lang='lat' dir='ltr'>cum</span> <span class='ocrx_word' id='word_1_774' title='bbox 1610 605 1692 633; x_wconf 89' lang='lat' dir='ltr'>omni</span> <span class='ocrx_word' id='word_1_775' title='bbox 1706 605 1787 673; x_wconf 39' lang='lat' dir='ltr'>pzoffe</span> <span class='ocrx_word' id='word_1_776' title='bbox 1802 606 1850 636; x_wconf 90' lang='lat' dir='ltr'>suo</span> <span class='ocrx_word' id='word_1_777' title='bbox 1865 607 1930 642; x_wconf 87' lang='lat' dir='ltr'>erit,</span> <span class='ocrx_word' id='word_1_778' title='bbox 1948 614 2057 637; x_wconf 83' lang='lat' dir='ltr'>tantum</span> <span class='ocrx_word' id='word_1_779' title='bbox 2074 605 2103 638; x_wconf 72' lang='lat' dir='ltr'>u‘t</span> <span class='ocrx_word' id='word_1_780' title='bbox 2116 609 2214 639; x_wconf 68' lang='lat' dir='ltr'>saisitus</span> <span class='ocrx_word' id='word_1_781' title='bbox 2230 609 2301 647; x_wconf 73' lang='lat' dir='ltr'>sitis,</span> 
     </span>
     <span class='ocr_line' id='line_1_115' title="bbox 1245 640 2303 685; baseline 0.009 -16"><span class='ocrx_word' id='word_1_782' title='bbox 1245 640 1279 670; x_wconf 87' lang='lat'>&amp;</span> <span class='ocrx_word' id='word_1_783' title='bbox 1294 640 1427 684; x_wconf 79' lang='lat' dir='ltr'>amplius,</span> <span class='ocrx_word' id='word_1_784' title='bbox 1444 649 1476 671; x_wconf 91' lang='lat' dir='ltr'>ut</span> <span class='ocrx_word' id='word_1_785' title='bbox 1489 641 1572 671; x_wconf 85' lang='lat' dir='ltr'>frater</span> <span class='ocrx_word' id='word_1_786' title='bbox 1592 642 1685 683; x_wconf 87' lang='lat' dir='ltr'>vester</span> <span class='ocrx_word' id='word_1_787' title='bbox 1740 644 1847 675; x_wconf 81' lang='lat' dir='ltr'>icardus</span> <span class='ocrx_word' id='word_1_788' title='bbox 1868 643 1934 673; x_wconf 83' lang='lat' dir='ltr'>Rex</span> <span class='ocrx_word' id='word_1_789' title='bbox 1954 644 2067 682; x_wconf 78' lang='lat' dir='ltr'>Angliae</span> <span class='ocrx_word' id='word_1_790' title='bbox 2088 647 2158 685; x_wconf 83' lang='lat' dir='ltr'>suit,</span> <span class='ocrx_word' id='word_1_791' title='bbox 2174 647 2220 677; x_wconf 91' lang='lat' dir='ltr'>die</span> <span class='ocrx_word' id='word_1_792' title='bbox 2242 656 2303 685; x_wconf 88' lang='lat' dir='ltr'>quo</span> 
     </span>
     <span class='ocr_line' id='line_1_116' title="bbox 1245 677 1572 710; baseline 0.009 -3"><span class='ocrx_word' id='word_1_793' title='bbox 1245 677 1381 709; x_wconf 82' lang='lat' dir='ltr'>laboraVit</span> <span class='ocrx_word' id='word_1_794' title='bbox 1394 689 1422 708; x_wconf 86' lang='lat' dir='ltr'>in</span> <span class='ocrx_word' id='word_1_795' title='bbox 1436 681 1572 710; x_wconf 78' lang='lat' dir='ltr'>extremis.</span> 
     </span>
    </p>

    <p class='ocr_par' dir='ltr' id='par_1_42' title="bbox 1247 715 2310 984">
     <span class='ocr_line' id='line_1_117' title="bbox 1279 715 2302 761; baseline 0.007 -15"><span class='ocrx_word' id='word_1_796' title='bbox 1279 715 1326 760; x_wconf 28' lang='lat' dir='ltr'>*Et*</span> <span class='ocrx_word' id='word_1_797' title='bbox 1336 718 1399 755; x_wconf 88' lang='lat' dir='ltr'>quia</span> <span class='ocrx_word' id='word_1_798' title='bbox 1413 717 1495 761; x_wconf 78' lang='lat' dir='ltr'>nobis</span> <span class='ocrx_word' id='word_1_799' title='bbox 1507 718 1631 756; x_wconf 88' lang='lat' dir='ltr'>benigne</span> <span class='ocrx_word' id='word_1_800' title='bbox 1642 719 1780 750; x_wconf 86' lang='lat' dir='ltr'>concessit</span> <span class='ocrx_word' id='word_1_801' title='bbox 1792 730 1823 750; x_wconf 82' lang='lat' dir='ltr'>ea</span> <span class='ocrx_word' id='word_1_802' title='bbox 1841 729 1904 759; x_wconf 85' lang='lat' dir='ltr'>quae</span> <span class='ocrx_word' id='word_1_803' title='bbox 1918 721 2096 759; x_wconf 85' lang='lat' dir='ltr'>rogavimus,</span> <span class='ocrx_word' id='word_1_804' title='bbox 2108 721 2211 753; x_wconf 87' lang='lat' dir='ltr'>scilicet</span> <span class='ocrx_word' id='word_1_805' title='bbox 2223 722 2302 761; x_wconf 84' lang='lat' dir='ltr'>quod</span> 
     </span>
     <span class='ocr_line' id='line_1_118' title="bbox 1247 755 2301 798; baseline 0.008 -14"><span class='ocrx_word' id='word_1_806' title='bbox 1247 764 1298 785; x_wconf 88' lang='lat' dir='ltr'>erit</span> <span class='ocrx_word' id='word_1_807' title='bbox 1320 765 1348 784; x_wconf 92' lang='lat' dir='ltr'>in</span> <span class='ocrx_word' id='word_1_808' title='bbox 1369 755 1480 786; x_wconf 76' lang='lat' dir='ltr'>serVitio</span> <span class='ocrx_word' id='word_1_809' title='bbox 1498 756 1592 787; x_wconf 86' lang='lat' dir='ltr'>vestro</span> <span class='ocrx_word' id='word_1_810' title='bbox 1607 758 1680 788; x_wconf 88' lang='lat' dir='ltr'>bene</span> <span class='ocrx_word' id='word_1_811' title='bbox 1695 759 1727 789; x_wconf 69' lang='grc' dir='ltr'>ὅς</span> <span class='ocrx_word' id='word_1_812' title='bbox 1743 757 1859 788; x_wconf 85' lang='lat' dir='ltr'>fideliter</span> <span class='ocrx_word' id='word_1_813' title='bbox 1872 768 1971 789; x_wconf 89' lang='lat' dir='ltr'>contra</span> <span class='ocrx_word' id='word_1_814' title='bbox 1984 769 2085 789; x_wconf 90' lang='lat' dir='ltr'>omnes</span> <span class='ocrx_word' id='word_1_815' title='bbox 2097 761 2242 798; x_wconf 73' lang='lat' dir='ltr'>mortales,</span> <span class='ocrx_word' id='word_1_816' title='bbox 2260 761 2301 792; x_wconf 83' lang='lat' dir='ltr'>E-</span> 
     </span>
     <span class='ocr_line' id='line_1_119' title="bbox 1247 793 2306 837; baseline 0.007 -16"><span class='ocrx_word' id='word_1_817' title='bbox 1247 803 1305 830; x_wconf 79' lang='lat' dir='ltr'>go,</span> <span class='ocrx_word' id='word_1_818' title='bbox 1331 802 1396 837; x_wconf 58' lang='lat' dir='ltr'>quae</span> <span class='ocrx_word' id='word_1_819' title='bbox 1418 793 1509 824; x_wconf 86' lang='lat' dir='ltr'>vestra</span> <span class='ocrx_word' id='word_1_820' title='bbox 1532 804 1620 826; x_wconf 88' lang='lat' dir='ltr'>mater</span> <span class='ocrx_word' id='word_1_821' title='bbox 1641 796 1722 835; x_wconf 83' lang='lat' dir='ltr'>sum,</span> <span class='ocrx_word' id='word_1_822' title='bbox 1748 797 1781 827; x_wconf 71' lang='grc' dir='ltr'>ὃ(</span> <span class='ocrx_word' id='word_1_823' title='bbox 1802 795 1888 827; x_wconf 80' lang='lat' dir='ltr'>fidelis</span> <span class='ocrx_word' id='word_1_824' title='bbox 1908 797 2000 827; x_wconf 84' lang='lat' dir='ltr'>vester</span> <span class='ocrx_word' id='word_1_825' title='bbox 2022 797 2132 828; x_wconf 85' lang='lat' dir='ltr'>Gwido</span> <span class='ocrx_word' id='word_1_826' title='bbox 2152 798 2187 828; x_wconf 90' lang='lat' dir='ltr'>de</span> <span class='ocrx_word' id='word_1_827' title='bbox 2212 799 2306 837; x_wconf 75' lang='lat' dir='ltr'>Dina,</span> 
     </span>
     <span class='ocr_line' id='line_1_120' title="bbox 1248 833 2306 874; baseline 0.006 -14"><span class='ocrx_word' id='word_1_828' title='bbox 1248 841 1459 874; x_wconf 81' lang='lat' dir='ltr'>manucepimus</span> <span class='ocrx_word' id='word_1_829' title='bbox 1475 833 1553 870; x_wconf 90' lang='lat' dir='ltr'>quod</span> <span class='ocrx_word' id='word_1_830' title='bbox 1568 834 1659 864; x_wconf 85' lang='lat' dir='ltr'>versus</span> <span class='ocrx_word' id='word_1_831' title='bbox 1672 844 1739 864; x_wconf 90' lang='lat' dir='ltr'>eum</span> <span class='ocrx_word' id='word_1_832' title='bbox 1753 836 1843 873; x_wconf 88' lang='lat' dir='ltr'>eritis,</span> <span class='ocrx_word' id='word_1_833' title='bbox 1862 844 1892 865; x_wconf 90' lang='lat' dir='ltr'>ut</span> <span class='ocrx_word' id='word_1_834' title='bbox 1908 835 2051 866; x_wconf 81' lang='lat' dir='ltr'>Dominus</span> <span class='ocrx_word' id='word_1_835' title='bbox 2072 835 2164 866; x_wconf 89' lang='lat' dir='ltr'>versus</span> <span class='ocrx_word' id='word_1_836' title='bbox 2185 836 2306 873; x_wconf 83' lang='lat' dir='ltr'>legalem</span> 
     </span>
     <span class='ocr_line' id='line_1_121' title="bbox 1250 869 2307 912; baseline 0.007 -14"><span class='ocrx_word' id='word_1_837' title='bbox 1250 869 1398 912; x_wconf 80' lang='lat' dir='ltr'>hominem</span> <span class='ocrx_word' id='word_1_838' title='bbox 1412 870 1492 900; x_wconf 85' lang='lat' dir='ltr'>suurn</span> <span class='ocrx_word' id='word_1_839' title='bbox 1505 871 1621 901; x_wconf 87' lang='lat' dir='ltr'>existere</span> <span class='ocrx_word' id='word_1_840' title='bbox 1634 872 1735 911; x_wconf 71' lang='lat' dir='ltr'>debet,</span> <span class='ocrx_word' id='word_1_841' title='bbox 1754 875 1787 904; x_wconf 59' lang='grc' dir='ltr'>ὃς</span> <span class='ocrx_word' id='word_1_842' title='bbox 1801 884 1855 911; x_wconf 62' lang='lat' dir='ltr'>ego</span> <span class='ocrx_word' id='word_1_843' title='bbox 1869 875 1901 904; x_wconf 73' lang='grc' dir='ltr'>δε</span> <span class='ocrx_word' id='word_1_844' title='bbox 1917 873 2003 904; x_wconf 79' lang='lat' dir='ltr'>fidelis</span> <span class='ocrx_word' id='word_1_845' title='bbox 2023 873 2133 912; x_wconf 88' lang='lat' dir='ltr'>vester,</span> <span class='ocrx_word' id='word_1_846' title='bbox 2152 873 2253 905; x_wconf 91' lang='lat' dir='ltr'>Guido</span> <span class='ocrx_word' id='word_1_847' title='bbox 2271 875 2307 905; x_wconf 90' lang='lat' dir='ltr'>de</span> 
     </span>
     <span class='ocr_line' id='line_1_122' title="bbox 1250 906 2310 950; baseline 0.006 -13"><span class='ocrx_word' id='word_1_848' title='bbox 1250 906 1344 945; x_wconf 83' lang='lat' dir='ltr'>Dina,</span> <span class='ocrx_word' id='word_1_849' title='bbox 1362 907 1444 947; x_wconf 85' lang='lat' dir='ltr'>plegii</span> <span class='ocrx_word' id='word_1_850' title='bbox 1456 909 1549 940; x_wconf 88' lang='lat' dir='ltr'>sumus</span> <span class='ocrx_word' id='word_1_851' title='bbox 1563 912 1642 948; x_wconf 90' lang='lat' dir='ltr'>quod</span> <span class='ocrx_word' id='word_1_852' title='bbox 1654 910 1736 942; x_wconf 85' lang='lat' dir='ltr'>faciet</span> <span class='ocrx_word' id='word_1_853' title='bbox 1752 912 1885 950; x_wconf 85' lang='lat' dir='ltr'>quicquid</span> <span class='ocrx_word' id='word_1_854' title='bbox 1901 913 1983 943; x_wconf 86' lang='lat' dir='ltr'>vobis</span> <span class='ocrx_word' id='word_1_855' title='bbox 1997 913 2159 943; x_wconf 83' lang='lat' dir='ltr'>mandamus</span> <span class='ocrx_word' id='word_1_856' title='bbox 2172 913 2310 944; x_wconf 78' lang='lat' dir='ltr'>&amp;literae</span> 
     </span>
     <span class='ocr_line' id='line_1_123' title="bbox 1250 944 1592 984; baseline 0.012 -9"><span class='ocrx_word' id='word_1_857' title='bbox 1250 944 1305 976; x_wconf 81' lang='lat' dir='ltr'>suae</span> <span class='ocrx_word' id='word_1_858' title='bbox 1319 955 1385 984; x_wconf 87' lang='lat' dir='ltr'>quas</span> <span class='ocrx_word' id='word_1_859' title='bbox 1400 947 1483 977; x_wconf 87' lang='lat' dir='ltr'>vobis</span> <span class='ocrx_word' id='word_1_860' title='bbox 1499 949 1592 979; x_wconf 88' lang='lat' dir='ltr'>mittit.</span> 
     </span>
    </p>

    <p class='ocr_par' dir='ltr' id='par_1_43' title="bbox 1251 982 2316 1284">
     <span class='ocr_line' id='line_1_124' title="bbox 1288 982 2311 1029; baseline 0.006 -15"><span class='ocrx_word' id='word_1_861' title='bbox 1288 982 1437 1027; x_wconf 76' lang='lat' dir='ltr'>Rogamus</span> <span class='ocrx_word' id='word_1_862' title='bbox 1456 987 1540 1022; x_wconf 85' lang='lat' dir='ltr'>igitur</span> <span class='ocrx_word' id='word_1_863' title='bbox 1557 997 1610 1017; x_wconf 90' lang='lat' dir='ltr'>vos</span> <span class='ocrx_word' id='word_1_864' title='bbox 1629 988 1757 1018; x_wconf 84' lang='lat' dir='ltr'>attentius</span> <span class='ocrx_word' id='word_1_865' title='bbox 1778 989 1812 1019; x_wconf 89' lang='lat'>&amp;</span> <span class='ocrx_word' id='word_1_866' title='bbox 1830 989 1971 1019; x_wconf 85' lang='lat' dir='ltr'>salubriter</span> <span class='ocrx_word' id='word_1_867' title='bbox 1991 999 2142 1020; x_wconf 88' lang='lat' dir='ltr'>monemus</span> <span class='ocrx_word' id='word_1_868' title='bbox 2164 990 2311 1029; x_wconf 83' lang='lat' dir='ltr'>quatinus,</span> 
     </span>
     <span class='ocr_line' id='line_1_125' title="bbox 1251 1020 2314 1064; baseline 0.006 -12"><span class='ocrx_word' id='word_1_869' title='bbox 1251 1020 1328 1052; x_wconf 84' lang='lat' dir='ltr'>salvis</span> <span class='ocrx_word' id='word_1_870' title='bbox 1348 1024 1467 1061; x_wconf 81' lang='lat' dir='ltr'>negotiis</span> <span class='ocrx_word' id='word_1_871' title='bbox 1488 1024 1586 1053; x_wconf 86' lang='lat' dir='ltr'>vestris</span> <span class='ocrx_word' id='word_1_872' title='bbox 1605 1025 1635 1054; x_wconf 91' lang='lat' dir='ltr'>in</span> <span class='ocrx_word' id='word_1_873' title='bbox 1653 1025 1757 1061; x_wconf 83' lang='lat' dir='ltr'>Anglia</span> <span class='ocrx_word' id='word_1_874' title='bbox 1772 1050 1782 1063; x_wconf 93' lang='lat'>,</span> <span class='ocrx_word' id='word_1_875' title='bbox 1808 1026 1842 1055; x_wconf 89' lang='lat' dir='ltr'>ad</span> <span class='ocrx_word' id='word_1_876' title='bbox 1864 1036 1951 1064; x_wconf 81' lang='lat' dir='ltr'>partes</span> <span class='ocrx_word' id='word_1_877' title='bbox 1970 1027 2160 1058; x_wconf 79' lang='lat' dir='ltr'>Normanniae</span> <span class='ocrx_word' id='word_1_878' title='bbox 2180 1027 2314 1058; x_wconf 83' lang='lat' dir='ltr'>festinetis</span> 
     </span>
     <span class='ocr_line' id='line_1_126' title="bbox 1253 1059 2315 1103; baseline 0.008 -15"><span class='ocrx_word' id='word_1_879' title='bbox 1253 1059 1448 1103; x_wconf 75' lang='lat' dir='ltr'>transfretare,</span> <span class='ocrx_word' id='word_1_880' title='bbox 1480 1061 1514 1090; x_wconf 90' lang='lat'>&amp;</span> <span class='ocrx_word' id='word_1_881' title='bbox 1535 1071 1654 1091; x_wconf 88' lang='lat' dir='ltr'>omnem</span> <span class='ocrx_word' id='word_1_882' title='bbox 1674 1063 1851 1093; x_wconf 85' lang='lat' dir='ltr'>voluntatem</span> <span class='ocrx_word' id='word_1_883' title='bbox 1873 1065 1994 1095; x_wconf 80' lang='lat' dir='ltr'>vestram</span> <span class='ocrx_word' id='word_1_884' title='bbox 2015 1067 2097 1096; x_wconf 87' lang='lat' dir='ltr'>nobis</span> <span class='ocrx_word' id='word_1_885' title='bbox 2120 1067 2153 1097; x_wconf 90' lang='lat'>&amp;</span> <span class='ocrx_word' id='word_1_886' title='bbox 2176 1066 2315 1103; x_wconf 55' lang='lat' dir='ltr'>praediolo</span> 
     </span>
     <span class='ocr_line' id='line_1_127' title="bbox 1254 1096 2314 1142; baseline 0.007 -14"><span class='ocrx_word' id='word_1_887' title='bbox 1254 1096 1430 1129; x_wconf 89' lang='lat' dir='ltr'>Vicecomiti</span> <span class='ocrx_word' id='word_1_888' title='bbox 1449 1097 1578 1142; x_wconf 83' lang='lat' dir='ltr'>Thoarc.</span> <span class='ocrx_word' id='word_1_889' title='bbox 1599 1098 1750 1139; x_wconf 85' lang='lat' dir='ltr'>significare</span> <span class='ocrx_word' id='word_1_890' title='bbox 1769 1101 1876 1139; x_wconf 72' lang='lat' dir='ltr'>velitis3</span> <span class='ocrx_word' id='word_1_891' title='bbox 1895 1105 1977 1141; x_wconf 88' lang='lat' dir='ltr'>quia,</span> <span class='ocrx_word' id='word_1_892' title='bbox 1995 1114 2026 1134; x_wconf 88' lang='lat' dir='ltr'>ut</span> <span class='ocrx_word' id='word_1_893' title='bbox 2046 1104 2240 1142; x_wconf 64' lang='lat' dir='ltr'>praediximus,</span> <span class='ocrx_word' id='word_1_894' title='bbox 2258 1105 2314 1142; x_wconf 90' lang='lat' dir='ltr'>ipse</span> 
     </span>
     <span class='ocr_line' id='line_1_128' title="bbox 1255 1135 2316 1182; baseline 0.007 -16"><span class='ocrx_word' id='word_1_895' title='bbox 1255 1144 1363 1174; x_wconf 85' lang='lat' dir='ltr'>paratus</span> <span class='ocrx_word' id='word_1_896' title='bbox 1377 1135 1418 1167; x_wconf 92' lang='lat' dir='ltr'>est</span> <span class='ocrx_word' id='word_1_897' title='bbox 1432 1135 1625 1176; x_wconf 88' lang='lat' dir='ltr'>adquiescere,</span> <span class='ocrx_word' id='word_1_898' title='bbox 1643 1139 1672 1168; x_wconf 91' lang='lat' dir='ltr'>in</span> <span class='ocrx_word' id='word_1_899' title='bbox 1686 1139 1835 1177; x_wconf 86' lang='lat' dir='ltr'>omnibus,</span> <span class='ocrx_word' id='word_1_900' title='bbox 1850 1140 1982 1170; x_wconf 89' lang='lat' dir='ltr'>mandato</span> <span class='ocrx_word' id='word_1_901' title='bbox 1994 1142 2088 1172; x_wconf 88' lang='lat' dir='ltr'>vestro</span> <span class='ocrx_word' id='word_1_902' title='bbox 2103 1144 2136 1173; x_wconf 90' lang='lat'>&amp;</span> <span class='ocrx_word' id='word_1_903' title='bbox 2159 1143 2316 1182; x_wconf 63' lang='lat' dir='ltr'>voluntatig</span> 
     </span>
     <span class='ocr_line' id='line_1_129' title="bbox 1255 1174 2314 1219; baseline 0.007 -13"><span class='ocrx_word' id='word_1_904' title='bbox 1255 1175 1306 1214; x_wconf 86' lang='lat'>&amp;,</span> <span class='ocrx_word' id='word_1_905' title='bbox 1323 1174 1358 1205; x_wconf 87' lang='lat' dir='ltr'>ad</span> <span class='ocrx_word' id='word_1_906' title='bbox 1377 1174 1540 1219; x_wconf 82' lang='lat' dir='ltr'>mandatum</span> <span class='ocrx_word' id='word_1_907' title='bbox 1562 1175 1706 1215; x_wconf 84' lang='lat' dir='ltr'>vestrum,</span> <span class='ocrx_word' id='word_1_908' title='bbox 1720 1176 1755 1207; x_wconf 85' lang='lat' dir='ltr'>ad</span> <span class='ocrx_word' id='word_1_909' title='bbox 1774 1187 1827 1207; x_wconf 89' lang='lat' dir='ltr'>vos</span> <span class='ocrx_word' id='word_1_910' title='bbox 1850 1178 1984 1208; x_wconf 86' lang='lat' dir='ltr'>accedere</span> <span class='ocrx_word' id='word_1_911' title='bbox 1999 1180 2027 1208; x_wconf 88' lang='lat' dir='ltr'>in</span> <span class='ocrx_word' id='word_1_912' title='bbox 2043 1180 2189 1219; x_wconf 79' lang='lat' dir='ltr'>Angliam,</span> <span class='ocrx_word' id='word_1_913' title='bbox 2207 1181 2264 1212; x_wconf 85' lang='lat' dir='ltr'>five</span> <span class='ocrx_word' id='word_1_914' title='bbox 2285 1183 2314 1213; x_wconf 88' lang='lat' dir='ltr'>in</span> 
     </span>
     <span class='ocr_line' id='line_1_130' title="bbox 1254 1212 2312 1256; baseline 0.007 -13"><span class='ocrx_word' id='word_1_915' title='bbox 1254 1212 1488 1252; x_wconf 88' lang='lat' dir='ltr'>Normanniam,</span> <span class='ocrx_word' id='word_1_916' title='bbox 1503 1222 1551 1244; x_wconf 85' lang='lat' dir='ltr'>aut</span> <span class='ocrx_word' id='word_1_917' title='bbox 1569 1215 1743 1253; x_wconf 88' lang='lat' dir='ltr'>ubicumque</span> <span class='ocrx_word' id='word_1_918' title='bbox 1761 1215 1862 1246; x_wconf 66' lang='lat' dir='ltr'>vestrae</span> <span class='ocrx_word' id='word_1_919' title='bbox 1882 1217 2016 1254; x_wconf 82' lang='lat' dir='ltr'>placuerit</span> <span class='ocrx_word' id='word_1_920' title='bbox 2038 1219 2192 1256; x_wconf 81' lang='lat' dir='ltr'>voluntati,</span> <span class='ocrx_word' id='word_1_921' title='bbox 2209 1220 2243 1249; x_wconf 88' lang='lat'>&amp;</span> <span class='ocrx_word' id='word_1_922' title='bbox 2263 1219 2312 1251; x_wconf 86' lang='lat' dir='ltr'>ad-</span> 
     </span>
     <span class='ocr_line' id='line_1_131' title="bbox 1255 1251 1812 1284; baseline 0.004 -2"><span class='ocrx_word' id='word_1_923' title='bbox 1255 1260 1376 1283; x_wconf 89' lang='lat' dir='ltr'>ventum</span> <span class='ocrx_word' id='word_1_924' title='bbox 1392 1251 1519 1283; x_wconf 83' lang='lat' dir='ltr'>vestrum</span> <span class='ocrx_word' id='word_1_925' title='bbox 1533 1253 1655 1284; x_wconf 86' lang='lat' dir='ltr'>multum</span> <span class='ocrx_word' id='word_1_926' title='bbox 1670 1253 1812 1284; x_wconf 87' lang='lat' dir='ltr'>desiderat.</span> 
     </span>
    </p>
   </div>
   <div class='ocr_carea' id='block_1_32' title="bbox 1254 1290 2317 1362">
    <p class='ocr_par' dir='ltr' id='par_1_44' title="bbox 1254 1290 2317 1362">
     <span class='ocr_line' id='line_1_132' title="bbox 1295 1290 2317 1326; baseline 0.006 -6"><span class='ocrx_word' id='word_1_927' title='bbox 1295 1290 1342 1320; x_wconf 84' lang='lat' dir='ltr'>Ad</span> <span class='ocrx_word' id='word_1_928' title='bbox 1355 1290 1419 1321; x_wconf 72' lang='lat' dir='ltr'>haec</span> <span class='ocrx_word' id='word_1_929' title='bbox 1433 1298 1527 1320; x_wconf 90' lang='lat' dir='ltr'>autern</span> <span class='ocrx_word' id='word_1_930' title='bbox 1541 1291 1675 1321; x_wconf 83' lang='lat' dir='ltr'>audienda</span> <span class='ocrx_word' id='word_1_931' title='bbox 1688 1293 1721 1322; x_wconf 89' lang='lat'>&amp;</span> <span class='ocrx_word' id='word_1_932' title='bbox 1733 1291 1859 1322; x_wconf 82' lang='lat' dir='ltr'>facienda</span> <span class='ocrx_word' id='word_1_933' title='bbox 1871 1293 1996 1323; x_wconf 82' lang='lat' dir='ltr'>interfuit</span> <span class='ocrx_word' id='word_1_934' title='bbox 2009 1292 2096 1323; x_wconf 81' lang='lat' dir='ltr'>fidelis</span> <span class='ocrx_word' id='word_1_935' title='bbox 2109 1293 2201 1325; x_wconf 83' lang='lat' dir='ltr'>vester</span> <span class='ocrx_word' id='word_1_936' title='bbox 2216 1294 2317 1326; x_wconf 82' lang='lat' dir='ltr'>Guido</span> 
     </span>
     <span class='ocr_line' id='line_1_133' title="bbox 1254 1328 1834 1362; baseline 0.002 -3"><span class='ocrx_word' id='word_1_937' title='bbox 1254 1328 1292 1359; x_wconf 88' lang='lat' dir='ltr'>de</span> <span class='ocrx_word' id='word_1_938' title='bbox 1306 1329 1383 1360; x_wconf 86' lang='lat' dir='ltr'>Dina</span> <span class='ocrx_word' id='word_1_939' title='bbox 1397 1328 1627 1362; x_wconf 85' lang='lat' dir='ltr'>Constabularius</span> <span class='ocrx_word' id='word_1_940' title='bbox 1639 1330 1676 1360; x_wconf 89' lang='lat' dir='ltr'>de</span> <span class='ocrx_word' id='word_1_941' title='bbox 1691 1330 1834 1361; x_wconf 87' lang='lat' dir='ltr'>Alvernia.</span> 
     </span>
    </p>
   </div>
   <div class='ocr_carea' id='block_1_33' title="bbox 1295 1404 2196 1445">
    <p class='ocr_par' dir='ltr' id='par_1_45' title="bbox 1295 1404 2196 1445">
     <span class='ocr_line' id='line_1_134' title="bbox 1295 1404 2196 1445; baseline 0.003 -10"><span class='ocrx_word' id='word_1_942' title='bbox 1295 1404 1385 1436; x_wconf 89' lang='lat' dir='ltr'>Teste</span> <span class='ocrx_word' id='word_1_943' title='bbox 1398 1405 1502 1444; x_wconf 88' lang='lat' dir='ltr'>meipsa</span> <span class='ocrx_word' id='word_1_944' title='bbox 1517 1406 1551 1437; x_wconf 90' lang='lat'>&amp;</span> <span class='ocrx_word' id='word_1_945' title='bbox 1566 1405 1671 1436; x_wconf 88' lang='lat' dir='ltr'>eodem</span> <span class='ocrx_word' id='word_1_946' title='bbox 1686 1406 1824 1438; x_wconf 86' lang='lat' dir='ltr'>Guidone</span> <span class='ocrx_word' id='word_1_947' title='bbox 1837 1406 1911 1445; x_wconf 88' lang='lat' dir='ltr'>apud</span> <span class='ocrx_word' id='word_1_948' title='bbox 1924 1406 2049 1438; x_wconf 87' lang='lat' dir='ltr'>Fontem</span> <span class='ocrx_word' id='word_1_949' title='bbox 2063 1406 2196 1439; x_wconf 89' lang='lat' dir='ltr'>Ebraudi.</span> 
     </span>
    </p>
   </div>
   <div class='ocr_carea' id='block_1_34' title="bbox 1258 1531 2477 2858">
    <p class='ocr_par' dir='ltr' id='par_1_46' title="bbox 1258 1531 2474 1727">
     <span class='ocr_line' id='line_1_135' title="bbox 1258 1531 2323 1578; baseline 0.002 -15"><span class='ocrx_word' id='word_1_950' title='bbox 1258 1533 1377 1571; x_wconf 80' lang='lat' dir='ltr'>Favere</span> <span class='ocrx_word' id='word_1_951' title='bbox 1393 1531 1450 1578; x_wconf 74' lang='lat' dir='ltr'>fito</span> <span class='ocrx_word' id='word_1_952' title='bbox 1477 1534 1559 1578; x_wconf 67' lang='lat' dir='ltr'>Papa</span> <span class='ocrx_word' id='word_1_953' title='bbox 1580 1534 1765 1565; x_wconf 71' lang='lat' dir='ltr'>Innocentius</span> <span class='ocrx_word' id='word_1_954' title='bbox 1786 1532 1976 1578; x_wconf 60' lang='lat' dir='ltr'>prosequitur</span> <span class='ocrx_word' id='word_1_955' title='bbox 2003 1535 2138 1566; x_wconf 80' lang='lat' dir='ltr'>Priorem</span> <span class='ocrx_word' id='word_1_956' title='bbox 2163 1535 2199 1571; x_wconf 62' lang='grc' dir='ltr'>ὠ·</span> <span class='ocrx_word' id='word_1_957' title='bbox 2228 1535 2323 1566; x_wconf 78' lang='lat' dir='ltr'>Cano-</span> 
     </span>
     <span class='ocr_line' id='line_1_136' title="bbox 1472 1579 2100 1627; baseline 0.003 -14"><span class='ocrx_word' id='word_1_958' title='bbox 1472 1585 1550 1613; x_wconf 79' lang='lat' dir='ltr'>nicos</span> <span class='ocrx_word' id='word_1_959' title='bbox 1566 1581 1678 1616; x_wconf 69' lang='lat' dir='ltr'>SanHae</span> <span class='ocrx_word' id='word_1_960' title='bbox 1691 1582 1852 1614; x_wconf 77' lang='lat' dir='ltr'>Trinitatis</span> <span class='ocrx_word' id='word_1_961' title='bbox 1867 1579 1950 1627; x_wconf 76' lang='lat' dir='ltr'>apud</span> <span class='ocrx_word' id='word_1_962' title='bbox 1967 1580 2100 1615; x_wconf 78' lang='lat' dir='ltr'>London.</span> 
     </span>
     <span class='ocr_line' id='line_1_137' title="bbox 1261 1665 2474 1727; baseline 0.002 -31"><span class='ocrx_word' id='word_1_963' title='bbox 1261 1665 1483 1727; x_wconf 84' lang='lat' dir='ltr'>INnocentius</span> <span class='ocrx_word' id='word_1_964' title='bbox 1504 1665 1658 1704; x_wconf 87' lang='lat' dir='ltr'>Episcopus</span> <span class='ocrx_word' id='word_1_965' title='bbox 1684 1665 1776 1696; x_wconf 87' lang='lat' dir='ltr'>servus</span> <span class='ocrx_word' id='word_1_966' title='bbox 1804 1666 1950 1697; x_wconf 91' lang='lat' dir='ltr'>servorum</span> <span class='ocrx_word' id='word_1_967' title='bbox 1978 1666 2059 1706; x_wconf 85' lang='lat' dir='ltr'>Dei,</span> <span class='ocrx_word' id='word_1_968' title='bbox 2098 1666 2218 1698; x_wconf 65' lang='lat' dir='ltr'>Dflestis</span> <span class='ocrx_word' id='word_1_969' title='bbox 2247 1665 2323 1697; x_wconf 86' lang='lat' dir='ltr'>Filiis</span> <span class='ocrx_word' id='word_1_970' title='bbox 2345 1668 2418 1699; x_wconf 85' lang='lat' dir='ltr'>Ann.</span> <span class='ocrx_word' id='word_1_971' title='bbox 2434 1666 2474 1698; x_wconf 82' lang='lat' dir='ltr'>D.</span> 
     </span>
    </p>

    <p class='ocr_par' dir='ltr' id='par_1_47' title="bbox 1263 1704 2477 2091">
     <span class='ocr_line' id='line_1_138' title="bbox 1311 1704 2451 1738; baseline 0.001 -3"><span class='ocrx_word' id='word_1_972' title='bbox 1311 1721 1361 1726; x_wconf 76' lang='lat'>——</span> <span class='ocrx_word' id='word_1_973' title='bbox 1375 1705 1515 1736; x_wconf 85' lang='lat' dir='ltr'>Priori&amp;</span> <span class='ocrx_word' id='word_1_974' title='bbox 1532 1704 1687 1735; x_wconf 83' lang='lat' dir='ltr'>Canonicis</span> <span class='ocrx_word' id='word_1_975' title='bbox 1701 1705 1813 1736; x_wconf 60' lang='lat' dir='ltr'>Sanetae</span> <span class='ocrx_word' id='word_1_976' title='bbox 1827 1705 1971 1736; x_wconf 83' lang='lat' dir='ltr'>Trinitatis</span> <span class='ocrx_word' id='word_1_977' title='bbox 1996 1705 2132 1736; x_wconf 88' lang='lat' dir='ltr'>London.</span> <span class='ocrx_word' id='word_1_978' title='bbox 2152 1706 2268 1737; x_wconf 86' lang='lat' dir='ltr'>salutern</span> <span class='ocrx_word' id='word_1_979' title='bbox 2290 1708 2323 1738; x_wconf 66' lang='grc' dir='ltr'>ὃ(</span> <span class='ocrx_word' id='word_1_980' title='bbox 2367 1715 2451 1737; x_wconf 71' lang='lat'>1201.</span> 
     </span>
     <span class='ocr_line' id='line_1_139' title="bbox 1263 1742 2448 1782; baseline -0.001 -9"><span class='ocrx_word' id='word_1_981' title='bbox 1263 1742 1462 1782; x_wconf 87' lang='lat' dir='ltr'>Apostolicam</span> <span class='ocrx_word' id='word_1_982' title='bbox 1475 1743 1714 1774; x_wconf 64' lang='lat' dir='ltr'>benedidiionem.</span> <span class='ocrx_word' id='word_1_983' title='bbox 2345 1750 2397 1774; x_wconf 81' lang='lat' dir='ltr'>An.</span> <span class='ocrx_word' id='word_1_984' title='bbox 2418 1755 2448 1775; x_wconf 90' lang='lat'>2.</span> 
     </span>
     <span class='ocr_line' id='line_1_140' title="bbox 1300 1781 2477 1822; baseline -0.002 -10"><span class='ocrx_word' id='word_1_985' title='bbox 1300 1781 1436 1813; x_wconf 89' lang='lat' dir='ltr'>Annuere</span> <span class='ocrx_word' id='word_1_986' title='bbox 1449 1782 1595 1812; x_wconf 85' lang='lat' dir='ltr'>consuevit</span> <span class='ocrx_word' id='word_1_987' title='bbox 1609 1781 1694 1812; x_wconf 89' lang='lat' dir='ltr'>Sedes</span> <span class='ocrx_word' id='word_1_988' title='bbox 1706 1781 1872 1818; x_wconf 80' lang='lat' dir='ltr'>Apostolica</span> <span class='ocrx_word' id='word_1_989' title='bbox 1895 1783 1944 1820; x_wconf 87' lang='lat' dir='ltr'>piis</span> <span class='ocrx_word' id='word_1_990' title='bbox 1969 1783 2060 1821; x_wconf 77' lang='lat' dir='ltr'>votis,</span> <span class='ocrx_word' id='word_1_991' title='bbox 2079 1783 2112 1813; x_wconf 88' lang='lat'>&amp;</span> <span class='ocrx_word' id='word_1_992' title='bbox 2130 1782 2256 1813; x_wconf 84' lang='lat' dir='ltr'>honestis</span> <span class='ocrx_word' id='word_1_993' title='bbox 2277 1792 2327 1821; x_wconf 84' lang='lat' dir='ltr'>pe-</span> <span class='ocrx_word' id='word_1_994' title='bbox 2347 1784 2409 1822; x_wconf 71' lang='lat' dir='ltr'>Jal).</span> <span class='ocrx_word' id='word_1_995' title='bbox 2437 1788 2477 1810; x_wconf 70' lang='lat' dir='ltr'>Ex</span> 
     </span>
     <span class='ocr_line' id='line_1_141' title="bbox 1264 1820 2461 1860; baseline -0.003 -10"><span class='ocrx_word' id='word_1_996' title='bbox 1264 1822 1386 1851; x_wconf 79' lang='lat' dir='ltr'>rentium</span> <span class='ocrx_word' id='word_1_997' title='bbox 1407 1821 1536 1858; x_wconf 87' lang='lat' dir='ltr'>precibus</span> <span class='ocrx_word' id='word_1_998' title='bbox 1558 1820 1687 1851; x_wconf 80' lang='lat' dir='ltr'>favorem</span> <span class='ocrx_word' id='word_1_999' title='bbox 1708 1821 1877 1851; x_wconf 88' lang='lat' dir='ltr'>benivolum</span> <span class='ocrx_word' id='word_1_1000' title='bbox 1899 1822 2052 1859; x_wconf 70' lang='lat' dir='ltr'>impartiri,</span> <span class='ocrx_word' id='word_1_1001' title='bbox 2081 1831 2113 1851; x_wconf 91' lang='lat' dir='ltr'>ea</span> <span class='ocrx_word' id='word_1_1002' title='bbox 2133 1831 2266 1860; x_wconf 85' lang='lat' dir='ltr'>propter,</span> <span class='ocrx_word' id='word_1_1003' title='bbox 2286 1821 2329 1852; x_wconf 87' lang='lat' dir='ltr'>di-</span> <span class='ocrx_word' id='word_1_1004' title='bbox 2349 1827 2461 1858; x_wconf 55' lang='lat' dir='ltr'>Auta-gr.</span> 
     </span>
     <span class='ocr_line' id='line_1_142' title="bbox 1265 1858 2329 1897; baseline 0 -7"><span class='ocrx_word' id='word_1_1005' title='bbox 1265 1859 1332 1890; x_wconf 63' lang='lat' dir='ltr'>leeti</span> <span class='ocrx_word' id='word_1_1006' title='bbox 1348 1860 1376 1889; x_wconf 92' lang='lat' dir='ltr'>in</span> <span class='ocrx_word' id='word_1_1007' title='bbox 1392 1859 1527 1890; x_wconf 89' lang='lat' dir='ltr'>Domino</span> <span class='ocrx_word' id='word_1_1008' title='bbox 1544 1858 1622 1896; x_wconf 84' lang='lat' dir='ltr'>Filii,</span> <span class='ocrx_word' id='word_1_1009' title='bbox 1642 1858 1739 1889; x_wconf 84' lang='lat' dir='ltr'>vestris</span> <span class='ocrx_word' id='word_1_1010' title='bbox 1750 1859 1882 1895; x_wconf 86' lang='lat' dir='ltr'>precibus</span> <span class='ocrx_word' id='word_1_1011' title='bbox 1896 1868 2067 1897; x_wconf 84' lang='lat' dir='ltr'>annuentes,</span> <span class='ocrx_word' id='word_1_1012' title='bbox 2085 1859 2242 1890; x_wconf 81' lang='lat' dir='ltr'>Eccleliam</span> <span class='ocrx_word' id='word_1_1013' title='bbox 2266 1871 2329 1892; x_wconf 84' lang='lat' dir='ltr'>ves-</span> 
     </span>
     <span class='ocr_line' id='line_1_143' title="bbox 1266 1897 2328 1937; baseline 0.001 -9"><span class='ocrx_word' id='word_1_1014' title='bbox 1266 1906 1338 1929; x_wconf 86' lang='lat' dir='ltr'>tram</span> <span class='ocrx_word' id='word_1_1015' title='bbox 1361 1907 1431 1928; x_wconf 91' lang='lat' dir='ltr'>cum</span> <span class='ocrx_word' id='word_1_1016' title='bbox 1451 1897 1584 1928; x_wconf 89' lang='lat' dir='ltr'>omnibus</span> <span class='ocrx_word' id='word_1_1017' title='bbox 1606 1897 1690 1928; x_wconf 86' lang='lat' dir='ltr'>bonis</span> <span class='ocrx_word' id='word_1_1018' title='bbox 1705 1921 1714 1935; x_wconf 84' lang='lat'>,</span> <span class='ocrx_word' id='word_1_1019' title='bbox 1740 1898 1800 1926; x_wconf 70' lang='lat' dir='ltr'>timi</span> <span class='ocrx_word' id='word_1_1020' title='bbox 1822 1897 2028 1935; x_wconf 87' lang='lat' dir='ltr'>ecclesiasticis,</span> <span class='ocrx_word' id='word_1_1021' title='bbox 2055 1897 2141 1935; x_wconf 77' lang='lat' dir='ltr'>quam</span> <span class='ocrx_word' id='word_1_1022' title='bbox 2165 1898 2328 1937; x_wconf 76' lang='lat' dir='ltr'>mundanis,</span> 
     </span>
     <span class='ocr_line' id='line_1_144' title="bbox 1265 1934 2328 1975; baseline 0.001 -9"><span class='ocrx_word' id='word_1_1023' title='bbox 1265 1947 1331 1975; x_wconf 66' lang='lat' dir='ltr'>quae</span> <span class='ocrx_word' id='word_1_1024' title='bbox 1350 1936 1600 1975; x_wconf 81' lang='lat' dir='ltr'>impraesentiarum</span> <span class='ocrx_word' id='word_1_1025' title='bbox 1622 1936 1822 1966; x_wconf 85' lang='lat' dir='ltr'>rationabiliter</span> <span class='ocrx_word' id='word_1_1026' title='bbox 1843 1934 1980 1974; x_wconf 75' lang='lat' dir='ltr'>possidet,</span> <span class='ocrx_word' id='word_1_1027' title='bbox 1998 1944 2045 1966; x_wconf 88' lang='lat' dir='ltr'>aut</span> <span class='ocrx_word' id='word_1_1028' title='bbox 2065 1938 2093 1965; x_wconf 91' lang='lat' dir='ltr'>in</span> <span class='ocrx_word' id='word_1_1029' title='bbox 2114 1936 2242 1967; x_wconf 86' lang='lat' dir='ltr'>futurum</span> <span class='ocrx_word' id='word_1_1030' title='bbox 2257 1947 2328 1967; x_wconf 88' lang='lat' dir='ltr'>con-</span> 
     </span>
     <span class='ocr_line' id='line_1_145' title="bbox 1266 1973 2328 2013; baseline 0.001 -8"><span class='ocrx_word' id='word_1_1031' title='bbox 1266 1974 1390 2005; x_wconf 82' lang='lat' dir='ltr'>cessione</span> <span class='ocrx_word' id='word_1_1032' title='bbox 1404 1973 1595 2013; x_wconf 81' lang='lat' dir='ltr'>Pontificum,</span> <span class='ocrx_word' id='word_1_1033' title='bbox 1614 1974 1653 2003; x_wconf 85' lang='lat' dir='ltr'>lar</span> <span class='ocrx_word' id='word_1_1034' title='bbox 1674 1975 1760 2004; x_wconf 88' lang='lat' dir='ltr'>itione</span> <span class='ocrx_word' id='word_1_1035' title='bbox 1774 1973 1893 2011; x_wconf 83' lang='lat' dir='ltr'>Regum</span> <span class='ocrx_word' id='word_1_1036' title='bbox 1909 1974 1927 1993; x_wconf 65' lang='lat'>²*</span> <span class='ocrx_word' id='word_1_1037' title='bbox 1944 1974 1989 2004; x_wconf 92' lang='lat' dir='ltr'>vel</span> <span class='ocrx_word' id='word_1_1038' title='bbox 2004 1974 2188 2013; x_wconf 88' lang='lat' dir='ltr'>Principum,</span> <span class='ocrx_word' id='word_1_1039' title='bbox 2206 1974 2328 2006; x_wconf 81' lang='lat' dir='ltr'>oblatio-</span> 
     </span>
     <span class='ocr_line' id='line_1_146' title="bbox 1266 2011 2329 2053; baseline 0 -9"><span class='ocrx_word' id='word_1_1040' title='bbox 1266 2024 1303 2043; x_wconf 89' lang='lat' dir='ltr'>ne</span> <span class='ocrx_word' id='word_1_1041' title='bbox 1319 2013 1463 2053; x_wconf 80' lang='lat' dir='ltr'>fidelium,</span> <span class='ocrx_word' id='word_1_1042' title='bbox 1481 2014 1527 2044; x_wconf 94' lang='lat' dir='ltr'>vel</span> <span class='ocrx_word' id='word_1_1043' title='bbox 1541 2013 1597 2043; x_wconf 88' lang='lat' dir='ltr'>aliis</span> <span class='ocrx_word' id='word_1_1044' title='bbox 1608 2012 1639 2051; x_wconf 89' lang='lat' dir='ltr'>ju</span> <span class='ocrx_word' id='word_1_1045' title='bbox 1668 2013 1688 2042; x_wconf 91' lang='lat' dir='ltr'>is</span> <span class='ocrx_word' id='word_1_1046' title='bbox 1702 2011 1814 2051; x_wconf 85' lang='lat' dir='ltr'>modis,</span> <span class='ocrx_word' id='word_1_1047' title='bbox 1833 2012 1980 2050; x_wconf 69' lang='lat' dir='ltr'>praestante</span> <span class='ocrx_word' id='word_1_1048' title='bbox 2004 2013 2155 2051; x_wconf 88' lang='lat' dir='ltr'>Domino,</span> <span class='ocrx_word' id='word_1_1049' title='bbox 2174 2015 2279 2052; x_wconf 89' lang='lat' dir='ltr'>poterit</span> <span class='ocrx_word' id='word_1_1050' title='bbox 2300 2024 2329 2044; x_wconf 89' lang='lat' dir='ltr'>a—</span> 
     </span>
     <span class='ocr_line' id='line_1_147' title="bbox 1267 2051 2166 2091; baseline -0.002 -9"><span class='ocrx_word' id='word_1_1051' title='bbox 1267 2051 1378 2091; x_wconf 83' lang='lat' dir='ltr'>dipisci,</span> <span class='ocrx_word' id='word_1_1052' title='bbox 1397 2052 1446 2082; x_wconf 89' lang='lat' dir='ltr'>sub</span> <span class='ocrx_word' id='word_1_1053' title='bbox 1462 2052 1536 2082; x_wconf 84' lang='lat' dir='ltr'>beati</span> <span class='ocrx_word' id='word_1_1054' title='bbox 1550 2051 1627 2082; x_wconf 89' lang='lat' dir='ltr'>Petri</span> <span class='ocrx_word' id='word_1_1055' title='bbox 1642 2052 1675 2082; x_wconf 61' lang='grc' dir='ltr'>ὃς</span> <span class='ocrx_word' id='word_1_1056' title='bbox 1691 2051 1787 2081; x_wconf 84' lang='lat' dir='ltr'>nostra</span> <span class='ocrx_word' id='word_1_1057' title='bbox 1802 2051 1981 2090; x_wconf 71' lang='lat' dir='ltr'>proteffione</span> <span class='ocrx_word' id='word_1_1058' title='bbox 1997 2051 2166 2090; x_wconf 87' lang='lat' dir='ltr'>suscipimus.</span> 
     </span>
    </p>

    <p class='ocr_par' dir='ltr' id='par_1_48' title="bbox 1266 2089 2333 2401">
     <span class='ocr_line' id='line_1_148' title="bbox 1302 2089 2332 2130; baseline 0.001 -9"><span class='ocrx_word' id='word_1_1059' title='bbox 1302 2090 1462 2129; x_wconf 85' lang='lat' dir='ltr'>Specialiter</span> <span class='ocrx_word' id='word_1_1060' title='bbox 1484 2099 1580 2121; x_wconf 85' lang='lat' dir='ltr'>autem</span> <span class='ocrx_word' id='word_1_1061' title='bbox 1603 2089 1640 2119; x_wconf 91' lang='lat' dir='ltr'>de</span> <span class='ocrx_word' id='word_1_1062' title='bbox 1663 2089 1784 2128; x_wconf 83' lang='lat' dir='ltr'>Lesnes,</span> <span class='ocrx_word' id='word_1_1063' title='bbox 1808 2089 1844 2120; x_wconf 88' lang='lat' dir='ltr'>de</span> <span class='ocrx_word' id='word_1_1064' title='bbox 1866 2089 2023 2130; x_wconf 88' lang='lat' dir='ltr'>Braching,</span> <span class='ocrx_word' id='word_1_1065' title='bbox 2049 2089 2085 2120; x_wconf 85' lang='lat' dir='ltr'>de</span> <span class='ocrx_word' id='word_1_1066' title='bbox 2105 2090 2264 2129; x_wconf 86' lang='lat' dir='ltr'>Foreham,</span> <span class='ocrx_word' id='word_1_1067' title='bbox 2295 2090 2332 2122; x_wconf 88' lang='lat' dir='ltr'>de</span> 
     </span>
     <span class='ocr_line' id='line_1_149' title="bbox 1266 2127 2333 2168; baseline 0.001 -9"><span class='ocrx_word' id='word_1_1068' title='bbox 1266 2129 1530 2168; x_wconf 86' lang='lat' dir='ltr'>Welcurnstrowe,</span> <span class='ocrx_word' id='word_1_1069' title='bbox 1556 2128 1593 2159; x_wconf 88' lang='lat' dir='ltr'>de</span> <span class='ocrx_word' id='word_1_1070' title='bbox 1615 2127 1779 2167; x_wconf 88' lang='lat' dir='ltr'>Bromfeld,</span> <span class='ocrx_word' id='word_1_1071' title='bbox 1805 2128 1841 2159; x_wconf 90' lang='lat' dir='ltr'>de</span> <span class='ocrx_word' id='word_1_1072' title='bbox 1863 2128 2006 2168; x_wconf 79' lang='lat' dir='ltr'>Alfiswic,</span> <span class='ocrx_word' id='word_1_1073' title='bbox 2031 2128 2067 2159; x_wconf 90' lang='lat' dir='ltr'>de</span> <span class='ocrx_word' id='word_1_1074' title='bbox 2090 2128 2217 2167; x_wconf 85' lang='lat' dir='ltr'>Niitele,</span> <span class='ocrx_word' id='word_1_1075' title='bbox 2236 2129 2333 2160; x_wconf 66' lang='lat' dir='ltr'>Sancti</span> 
     </span>
     <span class='ocr_line' id='line_1_150' title="bbox 1267 2166 2331 2206; baseline -0.001 -7"><span class='ocrx_word' id='word_1_1076' title='bbox 1267 2167 1402 2206; x_wconf 85' lang='lat' dir='ltr'>Botulphi</span> <span class='ocrx_word' id='word_1_1077' title='bbox 1416 2176 1491 2199; x_wconf 79' lang='lat' dir='ltr'>extra</span> <span class='ocrx_word' id='word_1_1078' title='bbox 1506 2176 1619 2205; x_wconf 88' lang='lat' dir='ltr'>portam</span> <span class='ocrx_word' id='word_1_1079' title='bbox 1636 2177 1700 2205; x_wconf 80' lang='lat' dir='ltr'>quae</span> <span class='ocrx_word' id='word_1_1080' title='bbox 1715 2166 1833 2205; x_wconf 86' lang='lat' dir='ltr'>Alegate</span> <span class='ocrx_word' id='word_1_1081' title='bbox 1848 2176 1985 2205; x_wconf 90' lang='lat' dir='ltr'>vocatur,</span> <span class='ocrx_word' id='word_1_1082' title='bbox 2003 2168 2137 2198; x_wconf 85' lang='lat' dir='ltr'>omnium</span> <span class='ocrx_word' id='word_1_1083' title='bbox 2158 2168 2331 2199; x_wconf 57' lang='lat' dir='ltr'>Sannorum</span> 
     </span>
     <span class='ocr_line' id='line_1_151' title="bbox 1268 2205 2333 2245; baseline -0.001 -7"><span class='ocrx_word' id='word_1_1084' title='bbox 1268 2208 1348 2245; x_wconf 87' lang='lat' dir='ltr'>super</span> <span class='ocrx_word' id='word_1_1085' title='bbox 1361 2217 1459 2238; x_wconf 87' lang='lat' dir='ltr'>muros</span> <span class='ocrx_word' id='word_1_1086' title='bbox 1475 2205 1605 2237; x_wconf 88' lang='lat' dir='ltr'>Civitatis</span> <span class='ocrx_word' id='word_1_1087' title='bbox 1622 2205 1766 2244; x_wconf 87' lang='lat' dir='ltr'>London,</span> <span class='ocrx_word' id='word_1_1088' title='bbox 1782 2205 1879 2236; x_wconf 68' lang='lat' dir='ltr'>Sanffi</span> <span class='ocrx_word' id='word_1_1089' title='bbox 1894 2206 2044 2236; x_wconf 83' lang='lat' dir='ltr'>Michaelis</span> <span class='ocrx_word' id='word_1_1090' title='bbox 2059 2207 2087 2236; x_wconf 89' lang='lat' dir='ltr'>in</span> <span class='ocrx_word' id='word_1_1091' title='bbox 2103 2208 2147 2237; x_wconf 86' lang='lat' dir='ltr'>via</span> <span class='ocrx_word' id='word_1_1092' title='bbox 2161 2217 2226 2245; x_wconf 69' lang='lat' dir='ltr'>quse</span> <span class='ocrx_word' id='word_1_1093' title='bbox 2246 2216 2333 2237; x_wconf 83' lang='lat' dir='ltr'>voca·</span> 
     </span>
     <span class='ocr_line' id='line_1_152' title="bbox 1268 2243 2331 2286; baseline -0.002 -9"><span class='ocrx_word' id='word_1_1094' title='bbox 1268 2255 1314 2277; x_wconf 89' lang='lat' dir='ltr'>tur</span> <span class='ocrx_word' id='word_1_1095' title='bbox 1331 2245 1448 2286; x_wconf 80' lang='lat' dir='ltr'>Algate,</span> <span class='ocrx_word' id='word_1_1096' title='bbox 1467 2247 1500 2277; x_wconf 84' lang='lat'>&amp;</span> <span class='ocrx_word' id='word_1_1097' title='bbox 1516 2245 1551 2275; x_wconf 90' lang='lat' dir='ltr'>de</span> <span class='ocrx_word' id='word_1_1098' title='bbox 1567 2244 1644 2275; x_wconf 80' lang='lat' dir='ltr'>Bixle</span> <span class='ocrx_word' id='word_1_1099' title='bbox 1658 2243 1814 2282; x_wconf 85' lang='lat' dir='ltr'>Ecclesias,</span> <span class='ocrx_word' id='word_1_1100' title='bbox 1832 2254 1901 2275; x_wconf 90' lang='lat' dir='ltr'>cum</span> <span class='ocrx_word' id='word_1_1101' title='bbox 1916 2245 2051 2276; x_wconf 88' lang='lat' dir='ltr'>omnibus</span> <span class='ocrx_word' id='word_1_1102' title='bbox 2071 2255 2167 2275; x_wconf 87' lang='lat' dir='ltr'>earum</span> <span class='ocrx_word' id='word_1_1103' title='bbox 2190 2246 2331 2284; x_wconf 78' lang='lat' dir='ltr'>pertinen-</span> 
     </span>
     <span class='ocr_line' id='line_1_153' title="bbox 1271 2283 2331 2325; baseline -0.002 -9"><span class='ocrx_word' id='word_1_1104' title='bbox 1271 2286 1313 2316; x_wconf 86' lang='lat' dir='ltr'>tiis</span> <span class='ocrx_word' id='word_1_1105' title='bbox 1323 2309 1333 2325; x_wconf 91' lang='lat'>,</span> <span class='ocrx_word' id='word_1_1106' title='bbox 1351 2285 1421 2316; x_wconf 87' lang='lat' dir='ltr'>sicut</span> <span class='ocrx_word' id='word_1_1107' title='bbox 1434 2295 1478 2315; x_wconf 84' lang='lat' dir='ltr'>eas</span> <span class='ocrx_word' id='word_1_1108' title='bbox 1489 2284 1563 2324; x_wconf 84' lang='lat' dir='ltr'>juste</span> <span class='ocrx_word' id='word_1_1109' title='bbox 1577 2294 1609 2315; x_wconf 88' lang='lat' dir='ltr'>ac</span> <span class='ocrx_word' id='word_1_1110' title='bbox 1625 2283 1741 2322; x_wconf 74' lang='lat' dir='ltr'>pacifice</span> <span class='ocrx_word' id='word_1_1111' title='bbox 1755 2283 1914 2323; x_wconf 77' lang='lat' dir='ltr'>possidetiS,</span> <span class='ocrx_word' id='word_1_1112' title='bbox 1932 2284 2015 2315; x_wconf 87' lang='lat' dir='ltr'>vobis</span> <span class='ocrx_word' id='word_1_1113' title='bbox 2024 2308 2034 2324; x_wconf 92' lang='lat'>,</span> <span class='ocrx_word' id='word_1_1114' title='bbox 2051 2285 2084 2316; x_wconf 87' lang='lat'>&amp;</span> <span class='ocrx_word' id='word_1_1115' title='bbox 2100 2294 2150 2322; x_wconf 88' lang='lat' dir='ltr'>per</span> <span class='ocrx_word' id='word_1_1116' title='bbox 2164 2295 2216 2315; x_wconf 92' lang='lat' dir='ltr'>vos</span> <span class='ocrx_word' id='word_1_1117' title='bbox 2229 2284 2331 2315; x_wconf 88' lang='lat' dir='ltr'>Eccle-</span> 
     </span>
     <span class='ocr_line' id='line_1_154' title="bbox 1271 2322 2333 2369; baseline -0.001 -15"><span class='ocrx_word' id='word_1_1118' title='bbox 1271 2324 1317 2369; x_wconf 81' lang='lat' dir='ltr'>siae</span> <span class='ocrx_word' id='word_1_1119' title='bbox 1333 2323 1433 2356; x_wconf 64' lang='lat' dir='ltr'>vestrae</span> <span class='ocrx_word' id='word_1_1120' title='bbox 1448 2325 1614 2355; x_wconf 60' lang='lat' dir='ltr'>aufloritate</span> <span class='ocrx_word' id='word_1_1121' title='bbox 1631 2323 1797 2362; x_wconf 70' lang='lat' dir='ltr'>Apostolicfi</span> <span class='ocrx_word' id='word_1_1122' title='bbox 1812 2322 2036 2363; x_wconf 83' lang='lat' dir='ltr'>confirmamus,</span> <span class='ocrx_word' id='word_1_1123' title='bbox 2050 2324 2083 2356; x_wconf 88' lang='lat'>&amp;</span> <span class='ocrx_word' id='word_1_1124' title='bbox 2098 2323 2237 2362; x_wconf 75' lang='lat' dir='ltr'>praesentis</span> <span class='ocrx_word' id='word_1_1125' title='bbox 2249 2324 2333 2362; x_wconf 86' lang='lat' dir='ltr'>scrip-</span> 
     </span>
     <span class='ocr_line' id='line_1_155' title="bbox 1270 2372 1705 2401; baseline -0.005 -7"><span class='ocrx_word' id='word_1_1126' title='bbox 1270 2372 1292 2395; x_wconf 89' lang='lat' dir='ltr'>ti</span> <span class='ocrx_word' id='word_1_1127' title='bbox 1306 2373 1466 2401; x_wconf 85' lang='lat' dir='ltr'>patrocinio</span> <span class='ocrx_word' id='word_1_1128' title='bbox 1480 2372 1705 2394; x_wconf 87' lang='lat' dir='ltr'>communimus.</span> 
     </span>
    </p>

    <p class='ocr_par' dir='ltr' id='par_1_49' title="bbox 1271 2399 2335 2521">
     <span class='ocr_line' id='line_1_156' title="bbox 1309 2399 2334 2440; baseline -0.003 -7"><span class='ocrx_word' id='word_1_1129' title='bbox 1309 2401 1488 2433; x_wconf 65' lang='lat' dir='ltr'>Aiieloritare</span> <span class='ocrx_word' id='word_1_1130' title='bbox 1508 2402 1686 2440; x_wconf 66' lang='lat' dir='ltr'>praesentium</span> <span class='ocrx_word' id='word_1_1131' title='bbox 1708 2401 1865 2432; x_wconf 86' lang='lat' dir='ltr'>inhibentes</span> <span class='ocrx_word' id='word_1_1132' title='bbox 1888 2411 1925 2432; x_wconf 90' lang='lat' dir='ltr'>ne</span> <span class='ocrx_word' id='word_1_1133' title='bbox 1944 2403 2005 2439; x_wconf 87' lang='lat' dir='ltr'>quis</span> <span class='ocrx_word' id='word_1_1134' title='bbox 2027 2402 2056 2431; x_wconf 91' lang='lat' dir='ltr'>in</span> <span class='ocrx_word' id='word_1_1135' title='bbox 2078 2411 2130 2432; x_wconf 89' lang='lat' dir='ltr'>vos</span> <span class='ocrx_word' id='word_1_1136' title='bbox 2144 2400 2191 2432; x_wconf 90' lang='lat' dir='ltr'>vel</span> <span class='ocrx_word' id='word_1_1137' title='bbox 2206 2399 2334 2430; x_wconf 82' lang='lat' dir='ltr'>Vicarios</span> 
     </span>
     <span class='ocr_line' id='line_1_157' title="bbox 1273 2440 2335 2480; baseline -0.002 -9"><span class='ocrx_word' id='word_1_1138' title='bbox 1273 2440 1383 2472; x_wconf 86' lang='lat' dir='ltr'>vestros</span> <span class='ocrx_word' id='word_1_1139' title='bbox 1424 2440 1481 2471; x_wconf 90' lang='lat' dir='ltr'>sine</span> <span class='ocrx_word' id='word_1_1140' title='bbox 1501 2440 1646 2471; x_wconf 76' lang='lat' dir='ltr'>manifesta</span> <span class='ocrx_word' id='word_1_1141' title='bbox 1669 2441 1702 2471; x_wconf 91' lang='lat'>&amp;</span> <span class='ocrx_word' id='word_1_1142' title='bbox 1723 2440 1879 2471; x_wconf 90' lang='lat' dir='ltr'>rationabili</span> <span class='ocrx_word' id='word_1_1143' title='bbox 1900 2441 1979 2471; x_wconf 87' lang='lat' dir='ltr'>causa</span> <span class='ocrx_word' id='word_1_1144' title='bbox 1991 2463 2002 2480; x_wconf 87' lang='lat'>,</span> <span class='ocrx_word' id='word_1_1145' title='bbox 2029 2440 2335 2471; x_wconf 80' lang='lat' dir='ltr'>excommunicationis</span> 
     </span>
     <span class='ocr_line' id='line_1_158' title="bbox 1271 2466 2298 2521; baseline -0.002 -11"><span class='ocrx_word' id='word_1_1146' title='bbox 1271 2479 1371 2511; x_wconf 87' lang='lat' dir='ltr'>audeat</span> <span class='ocrx_word' id='word_1_1147' title='bbox 1385 2466 1560 2511; x_wconf 58' lang='lat' dir='ltr'>sententiam</span> <span class='ocrx_word' id='word_1_1148' title='bbox 1575 2479 1762 2518; x_wconf 81' lang='lat' dir='ltr'>promulgare.</span> <span class='ocrx_word' id='word_1_1149' title='bbox 2291 2515 2298 2521; x_wconf 91' lang='lat'>.</span> 
     </span>
    </p>

    <p class='ocr_par' dir='ltr' id='par_1_50' title="bbox 1274 2515 2337 2633">
     <span class='ocr_line' id='line_1_159' title="bbox 1311 2515 2337 2555; baseline -0.003 -6"><span class='ocrx_word' id='word_1_1150' title='bbox 1311 2518 1392 2549; x_wconf 86' lang='lat' dir='ltr'>Cum</span> <span class='ocrx_word' id='word_1_1151' title='bbox 1414 2529 1509 2549; x_wconf 87' lang='lat' dir='ltr'>autem</span> <span class='ocrx_word' id='word_1_1152' title='bbox 1532 2518 1661 2555; x_wconf 69' lang='lat' dir='ltr'>generale</span> <span class='ocrx_word' id='word_1_1153' title='bbox 1684 2517 1866 2547; x_wconf 60' lang='lat' dir='ltr'>interdiffflm</span> <span class='ocrx_word' id='word_1_1154' title='bbox 1888 2526 1971 2547; x_wconf 81' lang='lat' dir='ltr'>terrae</span> <span class='ocrx_word' id='word_1_1155' title='bbox 1993 2517 2076 2547; x_wconf 87' lang='lat' dir='ltr'>fuerit</span> <span class='ocrx_word' id='word_1_1156' title='bbox 2089 2541 2099 2554; x_wconf 91' lang='lat'>,</span> <span class='ocrx_word' id='word_1_1157' title='bbox 2125 2517 2207 2547; x_wconf 88' lang='lat' dir='ltr'>liceat</span> <span class='ocrx_word' id='word_1_1158' title='bbox 2228 2515 2312 2547; x_wconf 83' lang='lat' dir='ltr'>vobis</span> <span class='ocrx_word' id='word_1_1159' title='bbox 2326 2539 2337 2553; x_wconf 87' lang='lat'>,</span> 
     </span>
     <span class='ocr_line' id='line_1_160' title="bbox 1274 2554 2337 2596; baseline -0.004 -8"><span class='ocrx_word' id='word_1_1160' title='bbox 1274 2557 1369 2588; x_wconf 83' lang='lat' dir='ltr'>clausis</span> <span class='ocrx_word' id='word_1_1161' title='bbox 1380 2558 1469 2595; x_wconf 86' lang='lat' dir='ltr'>januis</span> <span class='ocrx_word' id='word_1_1162' title='bbox 1479 2581 1489 2596; x_wconf 89' lang='lat'>,</span> <span class='ocrx_word' id='word_1_1163' title='bbox 1507 2557 1622 2587; x_wconf 75' lang='lat' dir='ltr'>exclusis</span> <span class='ocrx_word' id='word_1_1164' title='bbox 1634 2557 1886 2587; x_wconf 81' lang='lat' dir='ltr'>excommunicatis</span> <span class='ocrx_word' id='word_1_1165' title='bbox 1901 2557 1934 2587; x_wconf 69' lang='grc' dir='ltr'>ὅ(</span> <span class='ocrx_word' id='word_1_1166' title='bbox 1957 2555 2127 2593; x_wconf 71' lang='grc' dir='ltr'>ἱηῑεῑάἰξῒίε,</span> <span class='ocrx_word' id='word_1_1167' title='bbox 2145 2565 2206 2585; x_wconf 89' lang='lat' dir='ltr'>non</span> <span class='ocrx_word' id='word_1_1168' title='bbox 2228 2554 2337 2592; x_wconf 82' lang='lat' dir='ltr'>pulsatis</span> 
     </span>
     <span class='ocr_line' id='line_1_161' title="bbox 1276 2593 2084 2633; baseline -0.004 -7"><span class='ocrx_word' id='word_1_1169' title='bbox 1276 2596 1434 2633; x_wconf 87' lang='lat' dir='ltr'>campanis,</span> <span class='ocrx_word' id='word_1_1170' title='bbox 1451 2594 1589 2633; x_wconf 84' lang='lat' dir='ltr'>suppressa</span> <span class='ocrx_word' id='word_1_1171' title='bbox 1605 2605 1698 2632; x_wconf 86' lang='lat' dir='ltr'>voce,</span> <span class='ocrx_word' id='word_1_1172' title='bbox 1716 2594 1810 2624; x_wconf 90' lang='lat' dir='ltr'>divina</span> <span class='ocrx_word' id='word_1_1173' title='bbox 1824 2593 1920 2624; x_wconf 90' lang='lat' dir='ltr'>officia</span> <span class='ocrx_word' id='word_1_1174' title='bbox 1935 2594 2084 2624; x_wconf 78' lang='lat' dir='ltr'>celebrare.</span> 
     </span>
    </p>

    <p class='ocr_par' dir='ltr' id='par_1_51' title="bbox 1274 2631 2340 2741">
     <span class='ocr_line' id='line_1_162' title="bbox 1312 2631 2340 2672; baseline -0.003 -8"><span class='ocrx_word' id='word_1_1175' title='bbox 1312 2634 1503 2664; x_wconf 85' lang='lat' dir='ltr'>Decernimus</span> <span class='ocrx_word' id='word_1_1176' title='bbox 1516 2643 1584 2672; x_wconf 81' lang='lat' dir='ltr'>ergo</span> <span class='ocrx_word' id='word_1_1177' title='bbox 1597 2643 1628 2664; x_wconf 89' lang='lat' dir='ltr'>ut</span> <span class='ocrx_word' id='word_1_1178' title='bbox 1642 2633 1711 2663; x_wconf 87' lang='lat' dir='ltr'>nulli</span> <span class='ocrx_word' id='word_1_1179' title='bbox 1724 2634 1847 2662; x_wconf 86' lang='lat' dir='ltr'>omniuo</span> <span class='ocrx_word' id='word_1_1180' title='bbox 1862 2633 2015 2662; x_wconf 83' lang='lat' dir='ltr'>hominum</span> <span class='ocrx_word' id='word_1_1181' title='bbox 2029 2632 2110 2662; x_wconf 86' lang='lat' dir='ltr'>liceat</span> <span class='ocrx_word' id='word_1_1182' title='bbox 2123 2631 2195 2662; x_wconf 88' lang='lat' dir='ltr'>hanc</span> <span class='ocrx_word' id='word_1_1183' title='bbox 2208 2632 2340 2671; x_wconf 84' lang='lat' dir='ltr'>paginam</span> 
     </span>
     <span class='ocr_line' id='line_1_163' title="bbox 1274 2669 2338 2710; baseline -0.003 -8"><span class='ocrx_word' id='word_1_1184' title='bbox 1274 2671 1379 2703; x_wconf 74' lang='lat' dir='ltr'>nostrae</span> <span class='ocrx_word' id='word_1_1185' title='bbox 1393 2672 1594 2710; x_wconf 60' lang='lat' dir='ltr'>protestionis,</span> <span class='ocrx_word' id='word_1_1186' title='bbox 1612 2671 1836 2702; x_wconf 80' lang='lat' dir='ltr'>confirmationis</span> <span class='ocrx_word' id='word_1_1187' title='bbox 1852 2672 1886 2702; x_wconf 70' lang='grc' dir='ltr'>δε</span> <span class='ocrx_word' id='word_1_1188' title='bbox 1908 2671 2081 2701; x_wconf 85' lang='lat' dir='ltr'>inhibitionis</span> <span class='ocrx_word' id='word_1_1189' title='bbox 2103 2670 2274 2709; x_wconf 85' lang='lat' dir='ltr'>infringere,</span> <span class='ocrx_word' id='word_1_1190' title='bbox 2292 2669 2338 2701; x_wconf 90' lang='lat' dir='ltr'>vel</span> 
     </span>
     <span class='ocr_line' id='line_1_164' title="bbox 1276 2711 1711 2741; baseline -0.005 0"><span class='ocrx_word' id='word_1_1191' title='bbox 1276 2712 1302 2741; x_wconf 90' lang='lat' dir='ltr'>ei</span> <span class='ocrx_word' id='word_1_1192' title='bbox 1314 2711 1378 2741; x_wconf 86' lang='lat' dir='ltr'>ausu</span> <span class='ocrx_word' id='word_1_1193' title='bbox 1394 2712 1544 2741; x_wconf 86' lang='lat' dir='ltr'>temerario</span> <span class='ocrx_word' id='word_1_1194' title='bbox 1560 2711 1711 2741; x_wconf 89' lang='lat' dir='ltr'>contraire.</span> 
     </span>
    </p>

    <p class='ocr_par' dir='ltr' id='par_1_52' title="bbox 1276 2745 2341 2858">
     <span class='ocr_line' id='line_1_165' title="bbox 1314 2745 2339 2787; baseline -0.003 -8"><span class='ocrx_word' id='word_1_1195' title='bbox 1314 2749 1344 2780; x_wconf 92' lang='lat' dir='ltr'>Si</span> <span class='ocrx_word' id='word_1_1196' title='bbox 1359 2750 1420 2787; x_wconf 90' lang='lat' dir='ltr'>quis</span> <span class='ocrx_word' id='word_1_1197' title='bbox 1433 2758 1529 2779; x_wconf 85' lang='lat' dir='ltr'>autem</span> <span class='ocrx_word' id='word_1_1198' title='bbox 1544 2749 1602 2779; x_wconf 91' lang='lat' dir='ltr'>hoc</span> <span class='ocrx_word' id='word_1_1199' title='bbox 1616 2757 1783 2786; x_wconf 89' lang='lat' dir='ltr'>attemptare</span> <span class='ocrx_word' id='word_1_1200' title='bbox 1798 2747 2001 2786; x_wconf 65' lang='lat' dir='ltr'>praesumpserit</span> <span class='ocrx_word' id='word_1_1201' title='bbox 2008 2745 2250 2785; x_wconf 65' lang='lat' dir='ltr'>,indicnationem</span> <span class='ocrx_word' id='word_1_1202' title='bbox 2262 2746 2339 2776; x_wconf 88' lang='lat' dir='ltr'>Om-</span> 
     </span>
     <span class='ocr_line' id='line_1_166' title="bbox 1276 2770 2341 2825; baseline -0.004 -7"><span class='ocrx_word' id='word_1_1203' title='bbox 1276 2788 1428 2825; x_wconf 88' lang='lat' dir='ltr'>nipotentis</span> <span class='ocrx_word' id='word_1_1204' title='bbox 1449 2787 1509 2818; x_wconf 90' lang='lat' dir='ltr'>Dei</span> <span class='ocrx_word' id='word_1_1205' title='bbox 1530 2789 1564 2819; x_wconf 89' lang='lat'>&amp;</span> <span class='ocrx_word' id='word_1_1206' title='bbox 1583 2789 1733 2819; x_wconf 90' lang='lat' dir='ltr'>beatorum</span> <span class='ocrx_word' id='word_1_1207' title='bbox 1755 2785 1833 2818; x_wconf 90' lang='lat' dir='ltr'>Petri</span> <span class='ocrx_word' id='word_1_1208' title='bbox 1852 2787 1886 2817; x_wconf 87' lang='lat'>&amp;</span> <span class='ocrx_word' id='word_1_1209' title='bbox 1909 2786 1987 2816; x_wconf 92' lang='lat' dir='ltr'>Pauli</span> <span class='ocrx_word' id='word_1_1210' title='bbox 2010 2770 2220 2823; x_wconf 54' lang='lat' dir='ltr'>Apostolorum</span> <span class='ocrx_word' id='word_1_1211' title='bbox 2242 2786 2299 2824; x_wconf 86' lang='lat' dir='ltr'>ejus</span> <span class='ocrx_word' id='word_1_1212' title='bbox 2313 2784 2341 2814; x_wconf 84' lang='lat' dir='ltr'>se</span> 
     </span>
     <span class='ocr_line' id='line_1_167' title="bbox 1279 2826 1594 2858; baseline 0 -1"><span class='ocrx_word' id='word_1_1213' title='bbox 1279 2828 1393 2858; x_wconf 89' lang='lat' dir='ltr'>noverit</span> <span class='ocrx_word' id='word_1_1214' title='bbox 1407 2826 1594 2857; x_wconf 88' lang='lat' dir='ltr'>incursurum.</span> 
     </span>
    </p>
   </div>
   <div class='ocr_carea' id='block_1_35' title="bbox 2351 1976 2475 2009">
    <p class='ocr_par' dir='ltr' id='par_1_53' title="bbox 2351 1976 2475 2009">
     <span class='ocr_line' id='line_1_168' title="bbox 2351 1976 2475 2009; baseline -0.024 -6"><span class='ocrx_word' id='word_1_1215' title='bbox 2351 1976 2475 2009; x_wconf 73' lang='lat'>*1.123.</span> 
     </span>
    </p>
   </div>
   <div class='ocr_carea' id='block_1_36' title="bbox 1316 2899 2240 2941">
    <p class='ocr_par' dir='ltr' id='par_1_54' title="bbox 1316 2899 2240 2941">
     <span class='ocr_line' id='line_1_169' title="bbox 1316 2899 2240 2941; baseline -0.006 -7"><span class='ocrx_word' id='word_1_1216' title='bbox 1316 2901 1384 2934; x_wconf 74' lang='lat' dir='ltr'>Dat‚</span> <span class='ocrx_word' id='word_1_1217' title='bbox 1404 2901 1535 2934; x_wconf 86' lang='lat' dir='ltr'>Lateran.</span> <span class='ocrx_word' id='word_1_1218' title='bbox 1553 2911 1572 2933; x_wconf 92' lang='lat'>2</span> <span class='ocrx_word' id='word_1_1219' title='bbox 1589 2901 1631 2934; x_wconf 91' lang='lat' dir='ltr'>Id.</span> <span class='ocrx_word' id='word_1_1220' title='bbox 1645 2901 1785 2941; x_wconf 88' lang='lat' dir='ltr'>Januarii,</span> <span class='ocrx_word' id='word_1_1221' title='bbox 1803 2899 1990 2932; x_wconf 71' lang='lat' dir='ltr'>Pontificatfis</span> <span class='ocrx_word' id='word_1_1222' title='bbox 2004 2899 2093 2930; x_wconf 84' lang='lat' dir='ltr'>nostri</span> <span class='ocrx_word' id='word_1_1223' title='bbox 2107 2899 2196 2930; x_wconf 89' lang='lat' dir='ltr'>Anno</span> <span class='ocrx_word' id='word_1_1224' title='bbox 2213 2908 2240 2939; x_wconf 84' lang='lat'>3.</span> 
     </span>
    </p>
   </div>
   <div class='ocr_carea' id='block_1_37' title="bbox 1701 2975 2211 3018">
    <p class='ocr_par' dir='ltr' id='par_1_55' title="bbox 1701 2975 2211 3018">
     <span class='ocr_line' id='line_1_170' title="bbox 1701 2975 2211 3018; baseline -0.006 -10"><span class='ocrx_word' id='word_1_1225' title='bbox 1701 2978 1769 3009; x_wconf 71' lang='lat' dir='ltr'>filis</span> <span class='ocrx_word' id='word_1_1226' title='bbox 1781 2977 1861 3018; x_wconf 72' lang='lat' dir='ltr'>serie.</span> <span class='ocrx_word' id='word_1_1227' title='bbox 1876 2978 1956 3017; x_wconf 86' lang='lat' dir='ltr'>flavi</span> <span class='ocrx_word' id='word_1_1228' title='bbox 1970 2976 2095 3017; x_wconf 80' lang='lat' dir='ltr'>rubeique</span> <span class='ocrx_word' id='word_1_1229' title='bbox 2109 2975 2211 3006; x_wconf 76' lang='lat' dir='ltr'>coloris.</span> 
     </span>
    </p>
   </div>
   <div class='ocr_carea' id='block_1_38' title="bbox 1436 3113 2190 3162">
    <p class='ocr_par' dir='ltr' id='par_1_56' title="bbox 1436 3113 2190 3162">
     <span class='ocr_line' id='line_1_171' title="bbox 1436 3113 2190 3162; baseline 0 -13"><span class='ocrx_word' id='word_1_1230' title='bbox 1436 3117 1486 3149; x_wconf 85' lang='lat' dir='ltr'>De</span> <span class='ocrx_word' id='word_1_1231' title='bbox 1499 3113 1642 3161; x_wconf 67' lang='lat' dir='ltr'>fiaperbia</span> <span class='ocrx_word' id='word_1_1232' title='bbox 1663 3116 1751 3161; x_wconf 82' lang='lat' dir='ltr'>Regis</span> <span class='ocrx_word' id='word_1_1233' title='bbox 1768 3115 1900 3147; x_wconf 82' lang='lat' dir='ltr'>Franciae</span> <span class='ocrx_word' id='word_1_1234' title='bbox 1918 3117 1954 3153; x_wconf 74' lang='lat'><em>&amp;</em></span> <span class='ocrx_word' id='word_1_1235' title='bbox 1964 3125 2039 3162; x_wconf 85' lang='lat' dir='ltr'>pace</span> <span class='ocrx_word' id='word_1_1236' title='bbox 2061 3116 2190 3149; x_wconf 72' lang='lat' dir='ltr'>violam.</span> 
     </span>
    </p>
   </div>
   <div class='ocr_carea' id='block_1_39' title="bbox 1284 3198 2287 3261">
    <p class='ocr_par' dir='ltr' id='par_1_57' title="bbox 1284 3198 2287 3261">
     <span class='ocr_line' id='line_1_172' title="bbox 1284 3198 2287 3261; baseline -0.005 -29"><span class='ocrx_word' id='word_1_1237' title='bbox 1284 3200 1424 3261; x_wconf 86' lang='lat' dir='ltr'>REX,</span> <span class='ocrx_word' id='word_1_1238' title='bbox 1443 3200 1504 3231; x_wconf 46' lang='lat' dir='ltr'>&amp;a</span> <span class='ocrx_word' id='word_1_1239' title='bbox 1524 3198 1670 3230; x_wconf 88' lang='lat' dir='ltr'>Omnibus</span> <span class='ocrx_word' id='word_1_1240' title='bbox 1686 3209 1737 3238; x_wconf 90' lang='lat' dir='ltr'>per</span> <span class='ocrx_word' id='word_1_1241' title='bbox 1755 3199 1784 3229; x_wconf 94' lang='lat' dir='ltr'><strong>R</strong></span> <span class='ocrx_word' id='word_1_1242' title='bbox 1822 3209 1892 3230; x_wconf 90' lang='lat' dir='ltr'>num</span> <span class='ocrx_word' id='word_1_1243' title='bbox 1908 3200 2020 3240; x_wconf 78' lang='lat' dir='ltr'>Angliae</span> <span class='ocrx_word' id='word_1_1244' title='bbox 2034 3199 2209 3236; x_wconf 84' lang='lat' dir='ltr'>constitutis,</span> <span class='ocrx_word' id='word_1_1245' title='bbox 2227 3198 2287 3228; x_wconf 88' lang='lat' dir='ltr'>&amp;c.</span> 
     </span>
    </p>
   </div>
   <div class='ocr_carea' id='block_1_40' title="bbox 1393 3207 2493 3269">
    <p class='ocr_par' dir='ltr' id='par_1_58' title="bbox 1393 3207 2493 3269">
     <span class='ocr_line' id='line_1_173' title="bbox 1393 3207 2493 3269; baseline -0.012 0"><span class='ocrx_word' id='word_1_1246' title='bbox 1393 3239 1536 3269; x_wconf 86' lang='lat' dir='ltr'>Mittimus</span> <span class='ocrx_word' id='word_1_1247' title='bbox 1558 3237 1592 3268; x_wconf 88' lang='lat' dir='ltr'>ad</span> <span class='ocrx_word' id='word_1_1248' title='bbox 1608 3249 1660 3269; x_wconf 91' lang='lat' dir='ltr'>vos</span> <span class='ocrx_word' id='word_1_1249' title='bbox 1676 3238 1808 3268; x_wconf 86' lang='lat' dir='ltr'>venerabi</span> <span class='ocrx_word' id='word_1_1250' title='bbox 1820 3248 1847 3268; x_wconf 87' lang='lat' dir='ltr'>es</span> <span class='ocrx_word' id='word_1_1251' title='bbox 1861 3238 1956 3269; x_wconf 85' lang='lat' dir='ltr'>Patres</span> <span class='ocrx_word' id='word_1_1252' title='bbox 1972 3239 2084 3269; x_wconf 81' lang='lat' dir='ltr'>nostros</span> <span class='ocrx_word' id='word_1_1253' title='bbox 2099 3240 2126 3267; x_wconf 90' lang='lat' dir='ltr'>in</span> <span class='ocrx_word' id='word_1_1254' title='bbox 2142 3235 2258 3266; x_wconf 87' lang='lat' dir='ltr'>Christo</span> <span class='ocrx_word' id='word_1_1255' title='bbox 2276 3236 2341 3265; x_wconf 77' lang='lat' dir='ltr'>Do·</span> <span class='ocrx_word' id='word_1_1256' title='bbox 2364 3207 2438 3239; x_wconf 58' lang='lat' dir='ltr'><strong>Arm·</strong></span> <span class='ocrx_word' id='word_1_1257' title='bbox 2455 3207 2493 3238; x_wconf 58' lang='lat' dir='ltr'>D*</span> 
     </span>
    </p>
   </div>
   <div class='ocr_carea' id='block_1_41' title="bbox 1286 3256 2470 3324">
    <p class='ocr_par' dir='ltr' id='par_1_59' title="bbox 1286 3256 2470 3324">
     <span class='ocr_line' id='line_1_174' title="bbox 1286 3256 2470 3324; baseline -0.003 -18"><span class='ocrx_word' id='word_1_1258' title='bbox 1286 3278 1399 3307; x_wconf 89' lang='lat' dir='ltr'>minum</span> <span class='ocrx_word' id='word_1_1259' title='bbox 1412 3276 1644 3307; x_wconf 89' lang='lat' dir='ltr'>Cantuariensem</span> <span class='ocrx_word' id='word_1_1260' title='bbox 1660 3276 1933 3316; x_wconf 87' lang='lat' dir='ltr'>Archiepiscopum,</span> <span class='ocrx_word' id='word_1_1261' title='bbox 1947 3279 1980 3308; x_wconf 75' lang='grc' dir='ltr'>δε</span> <span class='ocrx_word' id='word_1_1262' title='bbox 1996 3277 2169 3321; x_wconf 78' lang='lat' dir='ltr'>Episcopum</span> <span class='ocrx_word' id='word_1_1263' title='bbox 2185 3274 2345 3312; x_wconf 72' lang='lat' dir='ltr'>Elvensem,</span> <span class='ocrx_word' id='word_1_1264' title='bbox 2365 3256 2470 3324; x_wconf 39' lang='grc' dir='ltr'>Αἲξ-031]</span> 
     </span>
    </p>
   </div>
   <div class='ocr_carea' id='block_1_42' title="bbox 1286 3312 2495 3585">
    <p class='ocr_par' dir='ltr' id='par_1_60' title="bbox 1286 3312 2495 3508">
     <span class='ocr_line' id='line_1_175' title="bbox 1286 3312 2427 3384; baseline -0.003 -39"><span class='ocrx_word' id='word_1_1265' title='bbox 1286 3316 1335 3384; x_wconf 45' lang='lat' dir='ltr'>{ui</span> <span class='ocrx_word' id='word_1_1266' title='bbox 1359 3323 1541 3360; x_wconf 80' lang='lat' dir='ltr'>portaverunt</span> <span class='ocrx_word' id='word_1_1267' title='bbox 1562 3316 1649 3348; x_wconf 89' lang='lat' dir='ltr'>verba</span> <span class='ocrx_word' id='word_1_1268' title='bbox 1671 3315 1707 3346; x_wconf 90' lang='lat' dir='ltr'>de</span> <span class='ocrx_word' id='word_1_1269' title='bbox 1729 3316 1830 3354; x_wconf 89' lang='lat' dir='ltr'>quibus</span> <span class='ocrx_word' id='word_1_1270' title='bbox 1852 3316 2020 3348; x_wconf 61' lang='lat' dir='ltr'>traiftabatur</span> <span class='ocrx_word' id='word_1_1271' title='bbox 2039 3324 2111 3345; x_wconf 87' lang='lat' dir='ltr'>inter</span> <span class='ocrx_word' id='word_1_1272' title='bbox 2133 3323 2185 3343; x_wconf 89' lang='lat' dir='ltr'>nos</span> <span class='ocrx_word' id='word_1_1273' title='bbox 2204 3314 2237 3343; x_wconf 84' lang='lat'>&amp;</span> <span class='ocrx_word' id='word_1_1274' title='bbox 2251 3312 2345 3352; x_wconf 81' lang='lat' dir='ltr'>Reges</span> <span class='ocrx_word' id='word_1_1275' title='bbox 2364 3325 2427 3363; x_wconf 74' lang='lat' dir='ltr'>Joh.</span> 
     </span>
     <span class='ocr_line' id='line_1_176' title="bbox 1312 3363 2472 3390; baseline -0.003 -7"><span class='ocrx_word' id='word_1_1276' title='bbox 1312 3363 1421 3384; x_wconf 86' lang='lat' dir='ltr'>raneiae.</span> <span class='ocrx_word' id='word_1_1277' title='bbox 2365 3368 2424 3390; x_wconf 49' lang='lat' dir='ltr'>pm,</span> <span class='ocrx_word' id='word_1_1278' title='bbox 2466 3382 2472 3388; x_wconf 63' lang='grc'><strong>,</strong></span> 
     </span>
     <span class='ocr_line' id='line_1_177' title="bbox 1322 3371 2495 3431; baseline -0.003 -9"><span class='ocrx_word' id='word_1_1279' title='bbox 1322 3391 1376 3430; x_wconf 86' lang='lat' dir='ltr'>Ipsi</span> <span class='ocrx_word' id='word_1_1280' title='bbox 1397 3401 1491 3423; x_wconf 87' lang='lat' dir='ltr'>autem</span> <span class='ocrx_word' id='word_1_1281' title='bbox 1514 3392 1596 3422; x_wconf 91' lang='lat' dir='ltr'>vobis</span> <span class='ocrx_word' id='word_1_1282' title='bbox 1619 3401 1762 3431; x_wconf 73' lang='lat' dir='ltr'>exponent</span> <span class='ocrx_word' id='word_1_1283' title='bbox 1784 3401 1917 3431; x_wconf 77' lang='lat' dir='ltr'>quantam</span> <span class='ocrx_word' id='word_1_1284' title='bbox 1939 3391 2143 3427; x_wconf 85' lang='lat' dir='ltr'>humilitatem,</span> <span class='ocrx_word' id='word_1_1285' title='bbox 2162 3389 2196 3420; x_wconf 87' lang='lat'>&amp;</span> <span class='ocrx_word' id='word_1_1286' title='bbox 2213 3398 2345 3427; x_wconf 83' lang='lat' dir='ltr'>quantam</span> <span class='ocrx_word' id='word_1_1287' title='bbox 2368 3371 2495 3430; x_wconf 57' lang='lat' dir='ltr'>‘akaria-</span> 
     </span>
     <span class='ocr_line' id='line_1_178' title="bbox 1287 3428 2348 3468; baseline -0.003 -7"><span class='ocrx_word' id='word_1_1288' title='bbox 1287 3430 1446 3461; x_wconf 85' lang='lat' dir='ltr'>mensuram</span> <span class='ocrx_word' id='word_1_1289' title='bbox 1469 3432 1494 3460; x_wconf 89' lang='lat' dir='ltr'>ei</span> <span class='ocrx_word' id='word_1_1290' title='bbox 1514 3431 1683 3462; x_wconf 87' lang='lat' dir='ltr'>obtulimus:</span> <span class='ocrx_word' id='word_1_1291' title='bbox 1705 3432 1738 3462; x_wconf 84' lang='lat'>&amp;</span> <span class='ocrx_word' id='word_1_1292' title='bbox 1761 3440 1893 3468; x_wconf 81' lang='lat' dir='ltr'>quantam</span> <span class='ocrx_word' id='word_1_1293' title='bbox 1916 3430 1949 3460; x_wconf 64' lang='grc' dir='ltr'>ὃς</span> <span class='ocrx_word' id='word_1_1294' title='bbox 1964 3430 2075 3466; x_wconf 83' lang='lat' dir='ltr'>qualem</span> <span class='ocrx_word' id='word_1_1295' title='bbox 2090 3429 2119 3458; x_wconf 87' lang='lat' dir='ltr'>in</span> <span class='ocrx_word' id='word_1_1296' title='bbox 2133 3438 2168 3458; x_wconf 88' lang='lat' dir='ltr'>eo</span> <span class='ocrx_word' id='word_1_1297' title='bbox 2181 3428 2289 3466; x_wconf 80' lang='lat' dir='ltr'>semper</span> <span class='ocrx_word' id='word_1_1298' title='bbox 2304 3430 2348 3458; x_wconf 89' lang='lat' dir='ltr'>in-</span> 
     </span>
     <span class='ocr_line' id='line_1_179' title="bbox 1287 3467 2348 3508; baseline -0.003 -8"><span class='ocrx_word' id='word_1_1299' title='bbox 1287 3477 1425 3500; x_wconf 90' lang='lat' dir='ltr'>venerunt</span> <span class='ocrx_word' id='word_1_1300' title='bbox 1446 3469 1603 3506; x_wconf 89' lang='lat' dir='ltr'>superbiam</span> <span class='ocrx_word' id='word_1_1301' title='bbox 1618 3492 1628 3508; x_wconf 88' lang='lat'>,</span> <span class='ocrx_word' id='word_1_1302' title='bbox 1651 3471 1683 3501; x_wconf 82' lang='lat'>&amp;</span> <span class='ocrx_word' id='word_1_1303' title='bbox 1705 3470 1819 3507; x_wconf 83' lang='lat' dir='ltr'>qualiter</span> <span class='ocrx_word' id='word_1_1304' title='bbox 1842 3475 1941 3498; x_wconf 87' lang='lat' dir='ltr'>contra</span> <span class='ocrx_word' id='word_1_1305' title='bbox 1962 3468 2084 3497; x_wconf 84' lang='lat' dir='ltr'>formam</span> <span class='ocrx_word' id='word_1_1306' title='bbox 2104 3467 2179 3503; x_wconf 84' lang='lat' dir='ltr'>pacis</span> <span class='ocrx_word' id='word_1_1307' title='bbox 2201 3468 2274 3497; x_wconf 89' lang='lat' dir='ltr'>inter</span> <span class='ocrx_word' id='word_1_1308' title='bbox 2295 3477 2348 3497; x_wconf 90' lang='lat' dir='ltr'>nos</span> 
     </span>
    </p>

    <p class='ocr_par' dir='ltr' id='par_1_61' title="bbox 1288 3504 2347 3546">
     <span class='ocr_line' id='line_1_180' title="bbox 1288 3504 2347 3546; baseline -0.002 -8"><span class='ocrx_word' id='word_1_1309' title='bbox 1288 3508 1372 3538; x_wconf 65' lang='lat' dir='ltr'>factae</span> <span class='ocrx_word' id='word_1_1310' title='bbox 1388 3508 1422 3539; x_wconf 90' lang='lat'>&amp;</span> <span class='ocrx_word' id='word_1_1311' title='bbox 1436 3506 1572 3546; x_wconf 78' lang='lat' dir='ltr'>firmatae,</span> <span class='ocrx_word' id='word_1_1312' title='bbox 1590 3507 1737 3538; x_wconf 75' lang='lat' dir='ltr'>manifeste</span> <span class='ocrx_word' id='word_1_1313' title='bbox 1751 3508 1846 3544; x_wconf 70' lang='lat' dir='ltr'>venit,</span> <span class='ocrx_word' id='word_1_1314' title='bbox 1863 3506 1963 3543; x_wconf 87' lang='lat' dir='ltr'>quibus</span> <span class='ocrx_word' id='word_1_1315' title='bbox 1976 3504 2063 3536; x_wconf 87' lang='lat' dir='ltr'>fidem</span> <span class='ocrx_word' id='word_1_1316' title='bbox 2078 3504 2200 3536; x_wconf 75' lang='lat' dir='ltr'>habeatis</span> <span class='ocrx_word' id='word_1_1317' title='bbox 2213 3513 2347 3544; x_wconf 81' lang='lat' dir='ltr'>tanquam</span> 
     </span>
    </p>

    <p class='ocr_par' dir='ltr' id='par_1_62' title="bbox 1290 3546 1943 3585">
     <span class='ocr_line' id='line_1_181' title="bbox 1290 3546 1943 3585; baseline -0.008 -8"><span class='ocrx_word' id='word_1_1318' title='bbox 1290 3546 1391 3585; x_wconf 79' lang='lat' dir='ltr'>nobis,</span> <span class='ocrx_word' id='word_1_1319' title='bbox 1410 3547 1439 3576; x_wconf 94' lang='lat' dir='ltr'>in</span> <span class='ocrx_word' id='word_1_1320' title='bbox 1454 3546 1505 3576; x_wconf 86' lang='lat' dir='ltr'>biis</span> <span class='ocrx_word' id='word_1_1321' title='bbox 1522 3556 1586 3584; x_wconf 80' lang='lat' dir='ltr'>quae</span> <span class='ocrx_word' id='word_1_1322' title='bbox 1601 3547 1666 3576; x_wconf 90' lang='lat' dir='ltr'>inde</span> <span class='ocrx_word' id='word_1_1323' title='bbox 1679 3547 1760 3576; x_wconf 91' lang='lat' dir='ltr'>vobis</span> <span class='ocrx_word' id='word_1_1324' title='bbox 1774 3552 1943 3583; x_wconf 86' lang='lat' dir='ltr'>proponent.</span> 
     </span>
    </p>
   </div>
   <div class='ocr_carea' id='block_1_43' title="bbox 1292 3619 2497 4109">
    <p class='ocr_par' dir='ltr' id='par_1_63' title="bbox 1324 3619 2036 3661">
     <span class='ocr_line' id='line_1_182' title="bbox 1324 3619 2036 3661; baseline -0.006 -8"><span class='ocrx_word' id='word_1_1325' title='bbox 1324 3622 1365 3653; x_wconf 92' lang='lat' dir='ltr'>T.</span> <span class='ocrx_word' id='word_1_1326' title='bbox 1387 3622 1493 3660; x_wconf 86' lang='lat' dir='ltr'>meipso</span> <span class='ocrx_word' id='word_1_1327' title='bbox 1508 3622 1581 3661; x_wconf 86' lang='lat' dir='ltr'>apud</span> <span class='ocrx_word' id='word_1_1328' title='bbox 1597 3622 1722 3652; x_wconf 89' lang='lat' dir='ltr'>Pontem</span> <span class='ocrx_word' id='word_1_1329' title='bbox 1736 3621 1823 3651; x_wconf 87' lang='lat' dir='ltr'>Arch.</span> <span class='ocrx_word' id='word_1_1330' title='bbox 1845 3629 1878 3650; x_wconf 94' lang='lat'>11</span> <span class='ocrx_word' id='word_1_1331' title='bbox 1895 3619 1940 3650; x_wconf 91' lang='lat' dir='ltr'>die</span> <span class='ocrx_word' id='word_1_1332' title='bbox 1956 3619 2036 3650; x_wconf 89' lang='lat' dir='ltr'>Maii.</span> 
     </span>
    </p>

    <p class='ocr_par' dir='ltr' id='par_1_64' title="bbox 1294 3753 2497 3904">
     <span class='ocr_line' id='line_1_183' title="bbox 1337 3753 2304 3802; baseline -0.004 -11"><span class='ocrx_word' id='word_1_1333' title='bbox 1337 3761 1450 3792; x_wconf 69' lang='lat' dir='ltr'>forma</span> <span class='ocrx_word' id='word_1_1334' title='bbox 1470 3760 1555 3790; x_wconf 81' lang='lat' dir='ltr'>Pacis</span> <span class='ocrx_word' id='word_1_1335' title='bbox 1569 3767 1637 3787; x_wconf 80' lang='lat' dir='ltr'>cum</span> <span class='ocrx_word' id='word_1_1336' title='bbox 1656 3755 1780 3788; x_wconf 81' lang='lat' dir='ltr'>Leulino</span> <span class='ocrx_word' id='word_1_1337' title='bbox 1797 3766 1834 3801; x_wconf 84' lang='lat' dir='ltr'>ap</span> <span class='ocrx_word' id='word_1_1338' title='bbox 1851 3753 2014 3801; x_wconf 75' lang='lat' dir='ltr'>Jorwerth</span> <span class='ocrx_word' id='word_1_1339' title='bbox 2030 3758 2164 3802; x_wconf 82' lang='lat' dir='ltr'>Principe</span> <span class='ocrx_word' id='word_1_1340' title='bbox 2182 3756 2304 3790; x_wconf 69' lang='lat' dir='ltr'>Ithliae.</span> 
     </span>
     <span class='ocr_line' id='line_1_184' title="bbox 1294 3830 2497 3904; baseline -0.006 -30"><span class='ocrx_word' id='word_1_1341' title='bbox 1294 3853 1319 3874; x_wconf 93' lang='lat'>1.</span> <span class='ocrx_word' id='word_1_1342' title='bbox 1329 3842 1401 3904; x_wconf 89' lang='lat' dir='ltr'>H</span> <span class='ocrx_word' id='word_1_1343' title='bbox 1412 3841 1482 3872; x_wconf 86' lang='lat' dir='ltr'>AEC</span> <span class='ocrx_word' id='word_1_1344' title='bbox 1493 3839 1538 3885; x_wconf 68' lang='lat' dir='ltr'>5³.st</span> <span class='ocrx_word' id='word_1_1345' title='bbox 1552 3839 1645 3870; x_wconf 86' lang='lat' dir='ltr'>forma</span> <span class='ocrx_word' id='word_1_1346' title='bbox 1659 3841 1734 3885; x_wconf 80' lang='lat' dir='ltr'>pacis</span> <span class='ocrx_word' id='word_1_1347' title='bbox 1749 3839 1804 3884; x_wconf 70' lang='lat' dir='ltr'>qua</span> <span class='ocrx_word' id='word_1_1348' title='bbox 1819 3839 1968 3887; x_wconf 73' lang='lat' dir='ltr'>Leulinus,</span> <span class='ocrx_word' id='word_1_1349' title='bbox 1986 3839 2056 3871; x_wconf 84' lang='lat' dir='ltr'>filius</span> <span class='ocrx_word' id='word_1_1350' title='bbox 2068 3840 2185 3879; x_wconf 86' lang='lat' dir='ltr'>Jorvert</span> <span class='ocrx_word' id='word_1_1351' title='bbox 2222 3841 2299 3871; x_wconf 86' lang='lat' dir='ltr'>venit</span> <span class='ocrx_word' id='word_1_1352' title='bbox 2313 3838 2346 3869; x_wconf 72' lang='lat' dir='ltr'>nd</span> <span class='ocrx_word' id='word_1_1353' title='bbox 2367 3833 2440 3888; x_wconf 51' lang='grc' dir='ltr'>Αῐῖῐῐι</span> <span class='ocrx_word' id='word_1_1354' title='bbox 2457 3830 2497 3861; x_wconf 79' lang='lat' dir='ltr'>D-</span> 
     </span>
    </p>

    <p class='ocr_par' dir='ltr' id='par_1_65' title="bbox 1420 3864 2471 3921">
     <span class='ocr_line' id='line_1_185' title="bbox 1420 3864 2471 3921; baseline -0.004 -11"><span class='ocrx_word' id='word_1_1355' title='bbox 1420 3880 1572 3910; x_wconf 84' lang='lat' dir='ltr'>SerVitium</span> <span class='ocrx_word' id='word_1_1356' title='bbox 1580 3878 1703 3909; x_wconf 90' lang='lat' dir='ltr'>Domini</span> <span class='ocrx_word' id='word_1_1357' title='bbox 1710 3879 1798 3918; x_wconf 83' lang='lat' dir='ltr'>Regis</span> <span class='ocrx_word' id='word_1_1358' title='bbox 1805 3878 1906 3909; x_wconf 86' lang='lat' dir='ltr'>Primo</span> <span class='ocrx_word' id='word_1_1359' title='bbox 1915 3902 1924 3917; x_wconf 89' lang='lat'>,</span> <span class='ocrx_word' id='word_1_1360' title='bbox 1933 3889 2030 3910; x_wconf 88' lang='lat' dir='ltr'>coram</span> <span class='ocrx_word' id='word_1_1361' title='bbox 2038 3878 2172 3909; x_wconf 87' lang='lat' dir='ltr'>Roberto</span> <span class='ocrx_word' id='word_1_1362' title='bbox 2181 3864 2346 3921; x_wconf 50' lang='lat' dir='ltr'>&amp;ingoreiiii</span> <span class='ocrx_word' id='word_1_1363' title='bbox 2388 3882 2397 3900; x_wconf 74' lang='lat'>¹</span> <span class='ocrx_word' id='word_1_1364' title='bbox 2405 3879 2442 3900; x_wconf 61' lang='lat'>220</span> <span class='ocrx_word' id='word_1_1365' title='bbox 2450 3879 2471 3898; x_wconf 77' lang='lat'>¹·</span> 
     </span>
    </p>

    <p class='ocr_par' dir='ltr' id='par_1_66' title="bbox 1292 3914 2495 4109">
     <span class='ocr_line' id='line_1_186' title="bbox 1292 3914 2462 3955; baseline -0.007 -4"><span class='ocrx_word' id='word_1_1366' title='bbox 1292 3921 1326 3951; x_wconf 90' lang='lat'>&amp;</span> <span class='ocrx_word' id='word_1_1367' title='bbox 1349 3920 1388 3950; x_wconf 90' lang='lat' dir='ltr'>R.</span> <span class='ocrx_word' id='word_1_1368' title='bbox 1415 3918 1450 3948; x_wconf 91' lang='lat' dir='ltr'>de</span> <span class='ocrx_word' id='word_1_1369' title='bbox 1471 3917 1577 3947; x_wconf 58' lang='lat' dir='ltr'>Sandto</span> <span class='ocrx_word' id='word_1_1370' title='bbox 1596 3917 1695 3955; x_wconf 89' lang='lat' dir='ltr'>Asaph.</span> <span class='ocrx_word' id='word_1_1371' title='bbox 1723 3917 1868 3955; x_wconf 88' lang='lat' dir='ltr'>Episcopis</span> <span class='ocrx_word' id='word_1_1372' title='bbox 1911 3918 1944 3948; x_wconf 75' lang='grc' dir='ltr'>δε</span> <span class='ocrx_word' id='word_1_1373' title='bbox 1966 3916 2100 3948; x_wconf 89' lang='lat' dir='ltr'>Domino</span> <span class='ocrx_word' id='word_1_1374' title='bbox 2122 3917 2272 3954; x_wconf 78' lang='lat' dir='ltr'>Galfrido,</span> <span class='ocrx_word' id='word_1_1375' title='bbox 2290 3916 2348 3946; x_wconf 78' lang='lat' dir='ltr'>filio</span> <span class='ocrx_word' id='word_1_1376' title='bbox 2367 3914 2418 3955; x_wconf 51' lang='grc' dir='ltr'>ξψ-</span> <span class='ocrx_word' id='word_1_1377' title='bbox 2440 3919 2462 3943; x_wconf 74' lang='lat'>3·</span> 
     </span>
     <span class='ocr_line' id='line_1_187' title="bbox 1292 3940 2429 3998; baseline -0.005 -9"><span class='ocrx_word' id='word_1_1378' title='bbox 1292 3958 1387 3996; x_wconf 88' lang='lat' dir='ltr'>Petri,</span> <span class='ocrx_word' id='word_1_1379' title='bbox 1412 3953 1655 3998; x_wconf 37' lang='lat' dir='ltr'>Gemite-Effert,</span> <span class='ocrx_word' id='word_1_1380' title='bbox 1675 3955 1834 3994; x_wconf 89' lang='lat' dir='ltr'>Justiciario</span> <span class='ocrx_word' id='word_1_1381' title='bbox 1857 3940 1980 3986; x_wconf 72' lang='lat' dir='ltr'>Domini</span> <span class='ocrx_word' id='word_1_1382' title='bbox 2002 3955 2090 3995; x_wconf 85' lang='lat' dir='ltr'>Regis</span> <span class='ocrx_word' id='word_1_1383' title='bbox 2104 3980 2113 3994; x_wconf 91' lang='lat'>,</span> <span class='ocrx_word' id='word_1_1384' title='bbox 2139 3956 2173 3985; x_wconf 75' lang='grc' dir='ltr'>δε</span> <span class='ocrx_word' id='word_1_1385' title='bbox 2196 3954 2350 3985; x_wconf 79' lang='lat' dir='ltr'>Batonibus</span> <span class='ocrx_word' id='word_1_1386' title='bbox 2368 3948 2429 3984; x_wconf 49' lang='lat' dir='ltr'>Nl)-</span> 
     </span>
     <span class='ocr_line' id='line_1_188' title="bbox 1294 3992 2468 4033; baseline -0.006 -7"><span class='ocrx_word' id='word_1_1387' title='bbox 1294 3996 1405 4033; x_wconf 90' lang='lat' dir='ltr'>multis,</span> <span class='ocrx_word' id='word_1_1388' title='bbox 1422 3995 1456 4025; x_wconf 88' lang='lat'>&amp;</span> <span class='ocrx_word' id='word_1_1389' title='bbox 1472 3994 1596 4031; x_wconf 84' lang='lat' dir='ltr'>pluribus</span> <span class='ocrx_word' id='word_1_1390' title='bbox 1609 3994 1666 4024; x_wconf 83' lang='lat' dir='ltr'>aliis</span> <span class='ocrx_word' id='word_1_1391' title='bbox 1676 3995 1778 4032; x_wconf 89' lang='lat' dir='ltr'>juravit</span> <span class='ocrx_word' id='word_1_1392' title='bbox 1796 3993 1874 4024; x_wconf 87' lang='lat' dir='ltr'>idern</span> <span class='ocrx_word' id='word_1_1393' title='bbox 1897 3994 2048 4032; x_wconf 86' lang='lat' dir='ltr'>Leulinus,</span> <span class='ocrx_word' id='word_1_1394' title='bbox 2064 3995 2098 4025; x_wconf 73' lang='grc' dir='ltr'>δε</span> <span class='ocrx_word' id='word_1_1395' title='bbox 2120 3992 2246 4031; x_wconf 85' lang='lat' dir='ltr'>Majores</span> <span class='ocrx_word' id='word_1_1396' title='bbox 2267 4002 2349 4023; x_wconf 70' lang='lat' dir='ltr'>terne</span> <span class='ocrx_word' id='word_1_1397' title='bbox 2369 3992 2425 4029; x_wconf 62' lang='lat'>{²2³-</span> <span class='ocrx_word' id='word_1_1398' title='bbox 2444 3994 2468 4019; x_wconf 76' lang='lat'>3·</span> 
     </span>
     <span class='ocr_line' id='line_1_189' title="bbox 1293 4024 2495 4072; baseline -0.007 -7"><span class='ocrx_word' id='word_1_1399' title='bbox 1293 4035 1365 4072; x_wconf 84' lang='lat' dir='ltr'>suae,</span> <span class='ocrx_word' id='word_1_1400' title='bbox 1383 4032 1449 4071; x_wconf 87' lang='lat' dir='ltr'>post</span> <span class='ocrx_word' id='word_1_1401' title='bbox 1471 4041 1557 4070; x_wconf 89' lang='lat' dir='ltr'>eum,</span> <span class='ocrx_word' id='word_1_1402' title='bbox 1573 4032 1738 4071; x_wconf 83' lang='lat' dir='ltr'>juraverunt</span> <span class='ocrx_word' id='word_1_1403' title='bbox 1758 4030 1921 4063; x_wconf 85' lang='lat' dir='ltr'>fidelitatem</span> <span class='ocrx_word' id='word_1_1404' title='bbox 1942 4032 2065 4063; x_wconf 89' lang='lat' dir='ltr'>Domini</span> <span class='ocrx_word' id='word_1_1405' title='bbox 2089 4031 2177 4068; x_wconf 80' lang='lat' dir='ltr'>Regis</span> <span class='ocrx_word' id='word_1_1406' title='bbox 2196 4030 2348 4069; x_wconf 76' lang='lat' dir='ltr'>johannis,</span> <span class='ocrx_word' id='word_1_1407' title='bbox 2366 4024 2495 4060; x_wconf 59' lang='lat' dir='ltr'>folmu-3.</span> 
     </span>
     <span class='ocr_line' id='line_1_190' title="bbox 1293 4067 2349 4109; baseline -0.005 -7"><span class='ocrx_word' id='word_1_1408' title='bbox 1293 4080 1394 4102; x_wconf 88' lang='lat' dir='ltr'>contra</span> <span class='ocrx_word' id='word_1_1409' title='bbox 1408 4080 1509 4101; x_wconf 91' lang='lat' dir='ltr'>omnes</span> <span class='ocrx_word' id='word_1_1410' title='bbox 1523 4070 1671 4109; x_wconf 87' lang='lat' dir='ltr'>homines,</span> <span class='ocrx_word' id='word_1_1411' title='bbox 1689 4070 1716 4100; x_wconf 90' lang='lat' dir='ltr'>se</span> <span class='ocrx_word' id='word_1_1412' title='bbox 1729 4071 1938 4108; x_wconf 89' lang='lat' dir='ltr'>imperpetuum</span> <span class='ocrx_word' id='word_1_1413' title='bbox 1952 4071 2146 4101; x_wconf 84' lang='lat' dir='ltr'>observaturos</span> <span class='ocrx_word' id='word_1_1414' title='bbox 2158 4068 2194 4099; x_wconf 88' lang='lat' dir='ltr'>de</span> <span class='ocrx_word' id='word_1_1415' title='bbox 2208 4069 2252 4099; x_wconf 85' lang='lat' dir='ltr'>sua</span> <span class='ocrx_word' id='word_1_1416' title='bbox 2274 4067 2331 4099; x_wconf 68' lang='lat' dir='ltr'>vita</span> <span class='ocrx_word' id='word_1_1417' title='bbox 2338 4089 2349 4105; x_wconf 93' lang='lat'>,</span> 
     </span>
    </p>
   </div>
   <div class='ocr_carea' id='block_1_44' title="bbox 1293 4108 1980 4147">
    <p class='ocr_par' dir='ltr' id='par_1_67' title="bbox 1293 4108 1980 4147">
     <span class='ocr_line' id='line_1_191' title="bbox 1293 4108 1980 4147; baseline -0.001 -8"><span class='ocrx_word' id='word_1_1418' title='bbox 1293 4111 1328 4142; x_wconf 89' lang='lat'>&amp;</span> <span class='ocrx_word' id='word_1_1419' title='bbox 1342 4110 1477 4139; x_wconf 89' lang='lat' dir='ltr'>membris</span> <span class='ocrx_word' id='word_1_1420' title='bbox 1487 4108 1556 4147; x_wconf 87' lang='lat' dir='ltr'>suis,</span> <span class='ocrx_word' id='word_1_1421' title='bbox 1573 4110 1607 4140; x_wconf 91' lang='lat'>&amp;</span> <span class='ocrx_word' id='word_1_1422' title='bbox 1622 4109 1658 4139; x_wconf 89' lang='lat' dir='ltr'>de</span> <span class='ocrx_word' id='word_1_1423' title='bbox 1672 4109 1721 4139; x_wconf 89' lang='lat' dir='ltr'>suo</span> <span class='ocrx_word' id='word_1_1424' title='bbox 1734 4117 1846 4139; x_wconf 89' lang='lat' dir='ltr'>terreno</span> <span class='ocrx_word' id='word_1_1425' title='bbox 1860 4109 1980 4139; x_wconf 85' lang='lat' dir='ltr'>honore.</span> 
     </span>
    </p>
   </div>
   <div class='ocr_carea' id='block_1_45' title="bbox 1329 4140 2353 4210">
    <p class='ocr_par' dir='ltr' id='par_1_68' title="bbox 1329 4140 2353 4210">
     <span class='ocr_line' id='line_1_192' title="bbox 1329 4140 2353 4210; baseline -0.004 -31"><span class='ocrx_word' id='word_1_1426' title='bbox 1329 4157 1359 4179; x_wconf 87' lang='lat'>2.</span> <span class='ocrx_word' id='word_1_1427' title='bbox 1376 4147 1415 4179; x_wconf 89' lang='lat' dir='ltr'>Et</span> <span class='ocrx_word' id='word_1_1428' title='bbox 1429 4146 1506 4179; x_wconf 87' lang='lat' dir='ltr'>idem</span> <span class='ocrx_word' id='word_1_1429' title='bbox 1518 4146 1655 4180; x_wconf 85' lang='lat' dir='ltr'>Leulinus</span> <span class='ocrx_word' id='word_1_1430' title='bbox 1670 4147 1793 4187; x_wconf 86' lang='lat' dir='ltr'>recepit,</span> <span class='ocrx_word' id='word_1_1431' title='bbox 1809 4147 1846 4179; x_wconf 90' lang='lat' dir='ltr'>de</span> <span class='ocrx_word' id='word_1_1432' title='bbox 1861 4156 1947 4179; x_wconf 87' lang='lat' dir='ltr'>manu</span> <span class='ocrx_word' id='word_1_1433' title='bbox 1961 4146 2081 4179; x_wconf 87' lang='lat' dir='ltr'>Domini</span> <span class='ocrx_word' id='word_1_1434' title='bbox 2096 4144 2246 4184; x_wconf 85' lang='lat' dir='ltr'>Justiciarii</span> <span class='ocrx_word' id='word_1_1435' title='bbox 2253 4166 2264 4182; x_wconf 89' lang='lat'>,</span> <span class='ocrx_word' id='word_1_1436' title='bbox 2281 4140 2353 4210; x_wconf 51' lang='grc' dir='ltr'>1ξὲῗὲ</span> 
     </span>
    </p>
   </div>
  </div>
 </body>
</html>
